4060 6136
244 307 349 366 ιιτ

250 423 404 490 οὗτος
435 427 464 480 ό
492 425 735 497 δαίμων;
782 426 871 481 διά
911 425 1069 480 τοῦτό
1113 444 1172 480 σε
1205 427 1635 498 ἐκπληττόμενος
1671 429 1764 481 καὶ
1797 427 1929 480 θαυ-

254 516 443 586 μάζων
487 515 548 568 οὐ
581 515 847 586 παύομαι,
874 517 956 568 ὅτι
1006 516 1142 587 πρὸς
1179 516 1420 570 τοιοῦτον
1457 516 1758 589 κληρωθεὶς
1801 518 1930 570 ἀντ·

252 606 578 674 αγωνιστὴν.
611 606 671 658 οὐ
721 605 1040 670 κατέπεσες,
1066 591 1188 658 οὐδὲ
1225 604 1495 670 ἐξέδωκας
1527 607 1752 660 σεαυτὸν
1771 644 1786 671 ,
1815 603 1931 660 ἀλλ’

250 693 478 764 ἔμεινας
509 691 736 762 ἀκλινὴς
774 692 1085 763 μηδαμόθεν
1118 694 1604 765 περιτρεπόμενος.

325 779 378 833 ι’.
413 781 522 834 Καὶ
541 781 622 834 ὃτι
651 796 708 832 σε
739 781 799 833 οὐ
830 781 1135 834 κολακεύων
1163 782 1337 836 ταῦτα
1350 782 1500 850 λέγω
1513 781 1628 845 νῦν,
1646 783 1780 836 ἀλλά
1800 781 1934 854 ἀλη-

251 867 360 931 θῶς
394 867 464 921 τά
516 868 750 937 μέγιστα
791 869 898 921 ἀπὸ
929 869 1026 940 τῆς
1077 869 1308 938 θλίψεως
1350 869 1553 940 ταύτης
1600 869 1932 940 ὲκαρπὼσω,

249 955 488 1023 ἀνάσχου
530 953 669 1025 μετά
699 954 1012 1026 παρρησίας
1044 955 1310 1023 λεγόντων
1343 955 1501 1026 ήμῶν
1530 972 1541 984 ·
1576 956 1696 1008 οὐδὲ
1726 955 1834 1027 γὰρ
1867 956 1934 1009 ἂν

250 1041 425 1104 ἄλλως
453 1041 720 1113 δυναίμην
756 1043 948 1095 τούτου
987 1045 1290 1113 παρασχεῖν
1321 1041 1420 1113 τὴν
1450 1042 1742 1108 ἀπόδειξιν.
1764 1040 1935 1098 Οἷσθά

254 1147 356 1182 που
383 1130 478 1184 καὶ
507 1130 786 1202 μέμνησαι
812 1129 912 1202 τὴν
933 1129 1206 1203 προτέραν
1237 1146 1331 1182 σου
1361 1129 1660 1202 διαγωγὴν,
1696 1129 1794 1202 τὴν
1827 1131 1934 1202 πρὸ

248 1217 443 1270 τούτου
469 1217 612 1287 λέγω
636 1217 730 1272 τοῦ
751 1216 1059 1290 πειρασμοῦ
1076 1236 1089 1249 ο
1111 1217 1262 1291 [178]
1284 1218 1480 1272 οὐκοῦν
1509 1219 1762 1286 ἐξέτασον
1791 1218 1934 1272 ἐκεί-

249 1321 348 1375 νην
395 1306 597 1370 καλῶς,
629 1307 722 1360 καὶ
755 1307 972 1371 ἀντίθες
1000 1310 1066 1379 τῇ
1103 1306 1356 1378 παρούσῃ
1403 1309 1468 1376 τῇ
1507 1306 1648 1377 μετά
1695 1306 1787 1360 τὸν
1815 1324 1927 1360 πειο

255 1393 492 1463 ρασμὸν,
534 1395 628 1448 καὶ
657 1394 777 1447 τότε
822 1394 942 1464 ὄψει
982 1395 1043 1447 τὸ
1077 1393 1265 1465 κέρδος
1305 1395 1434 1446 ὅσον
1468 1394 1578 1447 ἀπὺ
1611 1395 1816 1465 ταύτης
1850 1412 1936 1449 σοι

251 1479 446 1548 γέγονε
489 1481 589 1552 τῆς
631 1481 971 1553 συμπλοκῆς.
1006 1481 1120 1535 Νῦν
1146 1482 1242 1552 μὲν
1280 1481 1388 1552 γάρ
1422 1481 1518 1536 καὶ
1556 1484 1614 1536 ἐν
1661 1483 1935 1554 νηστείαις

250 1571 347 1623 καὶ
381 1569 692 1641 παννυχίσι,
724 1571 819 1624 καὶ
843 1573 909 1642 τῇ
941 1571 1071 1642 περὶ
1104 1569 1202 1641 τὴν
1235 1569 1542 1638 ἀνάγνωσιν
1572 1571 1806 1642 σπουδῇ,
1839 1571 1935 1623 καὶ

247 1660 316 1728 τῇ
345 1657 473 1730 περὶ
503 1658 600 1721 τὰς
628 1658 792 1728 εὐχὰς
820 1648 1105 1730 καρτερίᾳ,
1139 1657 1309 1728 πολλὴ
1339 1657 1567 1725 γέγονεν
1593 1661 1626 1728 ή
1660 1658 1930 1723 ἐπίτασις,

247 1749 345 1800 καὶ
377 1746 439 1799 τό
483 1745 768 1816 ἀδιάχυτον
808 1747 866 1800 δὲ
915 1746 1010 1801 καὶ
1041 1746 1295 1800 ταπεινὸν
1333 1747 1452 1816 μεθ’
1497 1747 1806 1818 ὑπερϐολῆς
1853 1764 1936 1800 σοι

247 1831 636 1904 κατώρθωταν
676 1833 942 1904 πρότερον
975 1833 1033 1887 δέ
1067 1851 1151 1886 σοι
1189 1833 1410 1904 βιϐλίων
1443 1832 1599 1902 λόγος
1626 1829 1695 1905 ἦν
1739 1833 1932 1899 οὐδεὶς,

247 1921 403 1973 πᾶσα
450 1920 507 1972 δέ
540 1937 623 1974 σοι
653 1922 874 1992 φροντὶς
907 1921 1001 1974 καὶ
1035 1921 1196 1985 πόνος
1238 1923 1319 1985 εἰς
1348 1921 1449 1994 τὴν
1493 1921 1812 1991 ἐπιμέλειαν
1839 1922 1936 1974 ἀν-

245 2008 505 2078 ηλίσκετο
551 2009 662 2062 τῶν
711 2009 769 2062 ἐν
821 2008 899 2079 τῷ
934 2009 1248 2081 παραδείσῳ
1283 2008 1486 2078 φυτῶν.
1518 2008 1736 2062 Πολλῶν
1773 2009 1830 2063 δέ
1875 2026 1936 2062 σε

250 2095 351 2148 καὶ
383 2096 463 2159 εἰς
488 2096 750 2151 ἀπόνοιαν
780 2098 1137 2152 σκωπτόντων
1189 2097 1389 2168 ’ήκουον
1433 2097 1592 2163 τότε,
1627 2098 1723 2151 καὶ
1762 2097 1936 2172 ταύτῃ

246 2182 348 2254 τὴν
381 2182 478 2236 τοῦ
512 2184 704 2252 γένους
755 2177 1094 2256 αἰτιωμένων
1125 2185 1487 2258 λαμπρότητα
1508 2224 1524 2248 ,
1576 2187 1672 2240 καὶ
1703 2187 1804 2257 τὴν
1840 2188 1935 2241 τοῦ

247 2269 457 2340 πατρὸς
479 2269 658 2334 δόξαν,
698 2271 795 2324 καὶ
826 2272 888 2324 τὸ
917 2273 974 2324 ἐν
1013 2272 1231 2344 πλούτῳ
1259 2272 1560 2344 τετράφθαι
1591 2272 1771 2344 πολλῷ
1793 2290 1809 2305 ο
1836 2275 1938 2345 τὴν

245 2355 304 2408 δὲ
340 2357 401 2408 ἐν
434 2360 555 2420 ταῖς
591 2357 879 2429 παννυχίσι
911 2358 1186 2430 ρᾳθυμίαν
1217 2360 1312 2413 καὶ
1347 2360 1512 2423 αὐτὸς
1545 2355 1692 2423 οἶδας
1727 2359 1935 2428 σαφῶς.

251 2442 522 2508 Πολλάκις
556 2445 665 2516 γὰρ
689 2446 866 2501 ἀλλων
893 2449 1032 2518 μετά
1065 2447 1164 2519 τὴν
1198 2447 1420 2518 βαθεῖαν
1443 2449 1684 2520 ἑσπέραν
1715 2449 1938 2502 ἀνιστα-

249 2530 432 2600 μένων
479 2531 702 2597 εὐθέως,
739 2533 902 2598 αὐτὸς
949 2534 1142 2605 ἔμενες
1183 2535 1336 2606 ὕπνῳ
1369 2535 1730 2607 κατεχόμενος
1761 2535 1936 2604 βαθεῖ,

245 2618 344 2671 καὶ
392 2618 530 2690 πρὸς
581 2619 708 2682 τοὺς
753 2619 1118 2691 διεγείροντας
1173 2621 1574 2693 ἐδυσχέραινες.
1631 2622 1793 2675 Ἀλλά
1843 2622 1939 2677 νῦν

244 2705 429 2758 πάντα
477 2705 691 2759 λέλυται
745 2709 962 2770 ἐκεῖνα,
1016 2708 1112 2763 καὶ
1165 2709 1302 2781 πρὸς
1349 2710 1408 2762 τὸ
1452 2709 1658 2781 βέλτιον
1705 2711 1938 2781 μεταϐέ-

243 2791 475 2862 ϐληται,
517 2793 576 2858 ἐξ
623 2788 684 2848 οῦ
730 2796 830 2867 τὴν
886 2795 1066 2867 μάχην
1112 2799 1206 2852 καὶ
1263 2797 1354 2851 τὸν
1406 2798 1644 2868 πόλεμον
1705 2799 1939 2864 ἀνεδέξω

240 2879 454 2934 τοῦτον.
494 2881 556 2933 Εἰ
602 2881 658 2935 δὲ
705 2881 849 2954 ἕροιό
904 2901 993 2954 με,
1041 2885 1094 2937 τί
1128 2885 1329 2958 δήποτέ
1381 2903 1463 2939 σοι
1519 2886 1796 2958 τρυφῶντι
1845 2887 1940 2941 καὶ

243 2968 386 3037 πρὸς
433 2969 500 3022 τὰ
551 2969 644 3022 τοῦ
701 2971 906 3041 κόσμου
964 2974 1264 3044 πράγματα
1319 2975 1651 3045 ἐπτοημένῳ
1705 2977 1765 3028 οὐ
1816 2993 1941 3029 συν-

241 3053 524 3126 εχώρησεν
564 3059 882 3127 ἀντιστῆναι
917 3060 1007 3111 τὸν
1037 3059 1267 3130 δαίμονα
1299 3059 1486 3113 τοῦτον
1514 3064 1542 3114 ό
1571 3061 1725 3126 Θεὸς,
1765 3063 1942 3134 ἐκεῖνο

243 3144 316 3197 ἂν
346 3146 749 3216 ἀποκρινοίμην
787 3145 927 3215 ἐγὼ,
964 3149 1046 3201 ὅτι
1081 3148 1176 3202 καὶ
1213 3148 1375 3202 τοῦτο
1419 3150 1516 3220 τῆς
1561 3150 1728 3204 αὐτοῦ
1776 3151 1938 3222 κηδε-

245 3233 440 3304 μονίας
490 3231 598 3305 ἦν·
649 3235 766 3306 ᾔδει
813 3236 923 3308 γάρ
970 3238 1052 3290 ὅτι
1103 3255 1163 3292 σε
1195 3238 1317 3292 τότε
1348 3239 1820 3308 εὐκαταγώνιστον
1847 3241 1939 3293 εὑ-

242 3325 358 3392 ρὼν
393 3323 605 3394 ταχέως
631 3324 844 3377 ἀπολεῖ.
869 3326 968 3379 Διά
1000 3326 1161 3381 τοῦτο
1185 3327 1306 3381 οὐδὲ
1334 3327 1540 3391 εὐθέως
1565 3328 1662 3382 ἐπὶ
1691 3327 1784 3380 τὸν
1828 3327 1938 3383 τῶν

245 3409 499 3480 μοναχῶν
530 3410 753 3465 ἐλθόντα
783 3413 896 3482 βίον
919 3415 1055 3484 πρὸς
1079 3415 1177 3487 τὴν
1210 3414 1388 3486 πάλην
1417 3414 1628 3485 ταύτην
1655 3415 1934 3481 ἐκάλεσεν,

239 3497 360 3551 ἀλλ’
410 3499 622 3566 ἀφῆκεν
664 3503 1110 3574 ἐγγυμνασθῆναι
1144 3506 1238 3558 καὶ
1271 3503 1465 3576 χρόνον
1501 3506 1794 3576 ἀναμεῖναι
1827 3522 1935 3574 μα-

239 3585 403 3654 κρὸν,
432 3579 532 3637 εἷθ’
562 3587 648 3640 ὅτε
680 3591 1150 3661 καρτερικώτατος
1177 3593 1428 3662 γέγονας,
1459 3592 1763 3664 τηνικαῦτα
1799 3592 1937 3664 πρὸς

237 3672 308 3725 τὸ
367 3673 626 3728 ἐπίπονον
670 3677 829 3731 τοῦτο
872 3679 1086 3734 στάδιον
1124 3681 1396 3736 εἵλκυσεν.
1431 3683 1554 3736 Ἔτι
1591 3676 1685 3734 οῦν
1722 3681 1830 3734 τῶν
1876 3682 1935 3734 ἐν

239 3755 325 3826 τῷ
353 3756 546 3828 κόσμῳ
577 3761 965 3832 στρεφομένων
993 3767 1266 3838 μεμνήσῃ,
1296 3766 1390 3819 καὶ
1414 3764 1507 3820 τόν
1535 3765 1756 3836 οίκέτην
1782 3762 1932 3828 ἄξεις

242 3845 327 3907 εἰς
361 3844 525 3914 μέσον
567 3846 655 3900 τὸν
705 3848 828 3902 σόν-
861 3853 1071 3905 ἐκεῖνον
1122 3853 1221 3924 μὲν
1249 3854 1359 3926 γάρ
1396 3872 1455 3908 σε
1486 3849 1641 3926 οἶμαι
1697 3853 1934 3908 αἰνίττε-

245 3932 397 3998 σθαι,
451 3934 580 3988 ὅταν
637 3936 805 4010 λέγῃς
854 3939 936 3992 ὅτι
984 3941 1168 3996 πολλοὶ
1221 3943 1330 3996 τῶν
1394 3943 1664 4014 βιωτικῶν
1723 3941 1933 4012 ἀνδρῶν

242 4018 424 4094 ταύτῃ
458 4026 850 4094 περιπεσόντες
885 4030 951 4099 τῇ
981 4029 1122 4100 νόσῳ
1145 4029 1409 4103 ταχίστης
1447 4031 1544 4084 καὶ
1578 4029 1786 4092 τελείας
1815 4028 1934 4082 ἔτυ-

267 4292 402 4310 ἰι-ι..-

1152 309 1244 365 AD
1281 309 1659 368 STAGIIHUM
1697 313 1740 366 Α
1780 308 2089 369 ΒᾸΞΜΟΝΕ
2131 306 2490 367 VEXATUM.
2535 309 2666 368 LIB.
2711 312 2776 368 ll.

405 4292 3598 4325 -—-——————————_____.___.___—_________________

3621 317 3722 375 ιιε

2039 444 2129 497 χον
2155 426 2496 498 ἀπαλλαγῆς.
2544 428 2683 482 Ἀλλ’
2717 429 2746 481 ό
2779 430 3021 503 οἰκέτης,
3055 431 3101 486 ὦ
3146 433 3389 500 φίλτατε,
3436 435 3466 487 ὁ
3510 433 3604 500 εδς
3627 437 3722 490 καὶ

2033 516 2148 568 ὅσοι
2211 516 2318 569 τῶν
2362 515 2543 569 αὐτῶν
2575 515 2764 587 ἔτυχον
2815 519 3030 590 ἐκείνῳ,
3073 521 3173 574 οὐκ
3223 521 3316 574 ἐπὶ
3383 526 3497 586 τοίς
3540 525 3721 589 αὐτοῖς

2035 601 2184 673 αὐτῷ
2227 603 2709 676 προσεπλάκησαν.
2749 599 2947 680 οἷσπερ
2994 609 3089 662 καὶ
3130 610 3193 663 σὺ
3233 608 3328 663 νῦν
3355 627 3369 640 ο
3401 611 3594 684 ἐκείνῳ
3625 613 3726 684 μὲν

2033 690 2144 762 γὰρ
2172 691 2265 744 καὶ
2296 693 2407 753 τοῖς
2436 691 2692 756 τοιούτοις
2724 693 2866 766 ὑπὲρ
2899 695 2992 750 τοῦ
3021 697 3256 768 φοϐῆσαι
3297 698 3479 770 μόνον,
3518 703 3614 755 καὶ
3643 701 3724 773 τῷ

2035 774 2188 844 φόϐῳ
2238 774 2464 843 ποιῆσαι
2519 774 2782 845 βελτίους,
2834 777 2994 832 τοῦτο
3045 781 3299 851 ἐπαφῆκε
3341 783 3403 835 τὸ
3456 782 3646 855 θηρίον
3691 788 3723 840 ό

2038 863 2173 925 Θεός
2195 878 2208 891 ⁸
2243 862 2325 914 σοὶ
2357 861 2435 925 δὲ,
2468 860 2610 916 ὥστε
2649 864 3026 932 ἀγωνίσασθαι
3059 870 3342 937 γενναίως,
3381 872 3476 925 καὶ
3501 875 3722 945 νικῆσαι

2035 947 2328 1019 λαμπρῶς,
2363 949 2580 1003 καὶτὸν
2612 951 2712 1022 τῆς
2767 953 3045 1025 ὑπομονῆς
3095 957 3467 1028 ἀναδήσασθαι
3523 963 3717 1032 στέφα-

2034 1053 2144 1090 νον.
2194 1039 2339 1107 Νίκη
2363 1037 2419 1091 δέ
2462 1039 2630 1102 ἐστιν,
2661 1039 2758 1111 οὐχ
2787 1043 2914 1095 ὅταν
2950 1061 3054 1106 τις,
3090 1044 3183 1097 τοῦ
3212 1045 3442 1118 θεάτρου
3491 1047 3570 1102 ἔτι
3599 1067 3724 1104 συν-

2035 1123 2292 1188 εστῶτος,
2335 1125 2632 1179 παλαίοντα
2675 1129 2838 1182 αὑτὸν
2894 1130 3129 1192 ἑλκύσας
3163 1133 3426 1205 ἀπαγάγῃ
3461 1135 3556 1189 τοῦ
3599 1138 3726 1191 ἀντ-

2036 1213 2373 1282 αγωνιστοῦ,
2425 1214 2541 1268 ἀλλ’
2609 1215 2738 1269 ὅταν
2789 1219 2903 1290 ἀφῇ
2969 1221 3358 1292 συμπλακῆναι
3409 1222 3725 1289 διαπαντὸς,

2035 1296 2154 1354 εἷτα
2188 1301 2437 1355 παλαίων
2465 1303 2558 1355 καὶ
2589 1302 2677 1356 διὰ
2699 1305 2801 1375 τῆς
2831 1305 3072 1377 ἀθυμίας
3102 1310 3181 1369 εἰς
3201 1309 3526 1381 ἐνθυμήσεις
3549 1323 3575 1352 ⁸
3602 1313 3726 1366 ἀτό-

2035 1406 2170 1453 πους
2197 1388 2344 1457 ἄγων
2373 1389 2568 1460 ἰσχύσῃ
2599 1391 2788 1462 μηδέν.
2817 1394 2925 1445 Καὶ
2947 1395 3028 1446 ὅτι
3061 1394 3204 1448 οὑτω
3228 1397 3381 1449 ταῦτ’
3408 1398 3543 1468 ἔχει,
3585 1401 3728 1452 ἐκεῖ·

2035 1475 2126 1529 θεν
2176 1476 2561 1546 συλλογιοῦμαι
2611 1477 2812 1541 καλῶς.
2861 1481 3034 1533 Παντί
3078 1499 3182 1535 που
3230 1484 3387 1554 δῆλόν
3449 1488 3586 1551 ἐστι,
3621 1487 3726 1541 κάν

2035 1563 2200 1626 αὐτὸς
2246 1562 2561 1634 μετριάζειν
2612 1565 2824 1637 ἐθέλῃς,
2872 1569 2998 1622 ὅσον
3030 1570 3131 1641 τῆς
3181 1571 3275 1624 τοῦ
3317 1575 3530 1628 οἰκέτου
3581 1574 3728 1646 ζωῆς

2042 1649 2266 1720 βελτίων
2295 1653 2328 1721 ἡ
2363 1652 2430 1721 σὴ
2459 1652 2786 1724 διενήνοχεν.
2819 1656 3030 1710 Οὐκοῦν
3058 1661 3152 1713 καὶ
3183 1659 3342 1729 λόγος
3373 1662 3466 1715 σοῦ
3503 1661 3580 1733 τῷ
3608 1663 3728 1734 Θεῷ

2038 1738 2239 1793 πλείων
2283 1740 2376 1793 καὶ
2417 1742 2659 1809 φροντὶς,
2693 1743 2725 1813 ἢ
2768 1744 2999 1798 ἐκείνου.
3034 1747 3238 1801 Τούτου
3265 1749 3321 1802 δὲ
3364 1751 3514 1814 ιΒντος
3543 1751 3726 1823 δήλου,

2038 1829 2260 1880 κάκεῖνο
2287 1827 2490 1897 ὁμοίως
2515 1827 2668 1882 ἔσται
2703 1832 2959 1903 φανερὸν,
2989 1833 3072 1887 ὅτι
3107 1836 3158 1886 εί
3195 1836 3388 1905 μίσους
3416 1837 3555 1909 αὐτη
3595 1856 3726 1908 συγ-

2038 1913 2282 1986 χώρησις
2309 1911 2398 1986 ἦν,
2434 1916 2534 1970 οὐκ
2575 1916 2641 1971 ἂν
2677 1919 2758 1981 εἰς
2795 1919 2854 1972 ὃν
2902 1921 3104 1992 μᾶλλον
3150 1925 3343 1994 ἠγάπα
3389 1926 3594 1997 ταύτην
3637 1929 3728 1992 ἐξ·

2037 2000 2230 2065 έτεινε,
2256 2001 2349 2054 τὸν
2401 2002 2600 2073 ήττονα
2625 2003 2760 2058 πολὺ
2788 2005 2919 2060 ὄντα
2956 2009 3148 2062 τοῦτον
3173 2013 3383 2082 ταχέως
3411 2013 3507 2067 τοῦ
3536 2014 3728 2084 δαίμο-

2037 2103 2125 2150 νος
2157 2087 2493 2158 ἐξαρπάσας.
2530 2089 2638 2142 Καὶ
2664 2091 2764 2144 οὐκ
2815 2093 2924 2146 ἀπὸ
2947 2094 3140 2149 τούτου
3171 2097 3331 2166 μόνον
3365 2097 3526 2152 τοῦτο
3576 2101 3729 2170 ίσχυ-

2041 2175 2302 2246 ρισαίμην
2344 2175 2410 2229 ἀν
2445 2175 2641 2246 ἔγωγε,
2679 2178 2817 2231 ἀλλά
2854 2181 2950 2235 καὶ
2983 2182 3041 2249 ἐξ
3077 2183 3279 2250 αὐτῶν,
3306 2178 3381 2238 ὧν
3430 2187 3728 2254 ἐγκαταλε-

2037 2261 2253 2331 λεῖφθαι
2285 2263 2482 2328 δοκεῖς,
2527 2266 2592 2318 ἐκ
2641 2266 2848 2321 τούτων
2898 2269 3153 2339 μάλιστα,
3191 2273 3272 2325 ὃτι
3319 2274 3524 2346 σφόδρα
3575 2276 3728 2345 μέλει

2037 2349 2115 2420 τῷ
2147 2349 2268 2421 Θεῷ
2295 2350 2405 2404 τῶν
2435 2351 2566 2416 σῶν,
2595 2354 2873 2420 ἀποδεῖξαι
2901 2359 3260 2430 πειράσομαι.
3296 2359 3358 2414 Εἰ
3383 2362 3482 2430 μὲν
3504 2362 3613 2432 γὰρ
3653 2363 3728 2435 μὴ

2039 2437 2240 2510 πολλὴν
2267 2441 2512 2510 ἐποιήσω
2545 2442 2803 2514 σπουδήν,
2829 2445 2964 2516 μηδὲ
2994 2447 3302 2518 ἀποδημίας
3325 2449 3549 2502 ἐστείλω
3577 2449 3728 2522 [179]

2042 2526 2278 2596 μακρὰς,
2317 2526 2458 2580 ὥστε
2501 2531 2861 2599 συγγενέσθαι
2894 2534 3154 2605 ἀνδράσιν
3192 2537 3368 2604 ἀγίοις
3402 2537 3498 2590 καὶ
3525 2537 3730 2600 ἱκανοῖς

2038 2611 2106 2665 τά
2128 2612 2354 2666 τοιαῦτα
2373 2613 2520 2668 λύειν
2544 2616 2738 2687 δεσμὰ,
2755 2619 2887 2682 ἴσως
2904 2619 2970 2672 ἀν
2991 2638 3076 2684 τις
3097 2622 3345 2693 ἠπόρησε
3368 2624 3476 2676 τῶν
3495 2623 3728 2688 πολλῶν,

2039 2700 2100 2752 οὐ
2145 2699 2352 2771 σφόδρα
2397 2702 2495 2772 τῆς
2525 2703 2703 2768 αίτίας
2748 2703 2916 2778 οὔσης
2947 2709 3233 2780 ἐναργοῦς,
3266 2709 3333 2762 δι’
3375 2713 3440 2783 ήν
3472 2711 3731 2764 τοσοῦτον

2039 2788 2189 2840 εἴασε
2220 2789 2438 2859 χρόνον⁹
2467 2791 2654 2864 ἐπειδὴ
2685 2793 2742 2847 δέ
2776 2795 2871 2848 καὶ
2911 2797 3110 2861 τόπους
3154 2799 3447 2869 μαρτύρων
3493 2800 3732 2855 καταλα-

2043 2874 2175 2940 ϐὼν,
2211 2874 2340 2930 ἔνθα
2375 2878 2560 2932 πολλοὶ
2607 2881 2700 2935 καί
2730 2883 2839 2935 τῶν
2883 2883 3205 2956 ἀνθρώπους
3238 2886 3526 2942 ἐσθιόντων
3576 2887 3730 2960 ἰάθη-

2043 2979 2162 3028 σαν,
2214 2965 2308 3017 καὶ
2355 2969 2468 3029 τοῖς
2513 2967 2846 3039 θαυμαστοῖς
2893 2974 2988 3027 καὶ
3030 2974 3299 3040 γενναίοις
3351 2975 3586 3040 ἐκείνοις
3637 2978 3731 3030 καὶ

2043 3051 2313 3123 μηδέποτε
2346 3054 2749 3129 διημαρτηκόσι
2805 3061 2975 3114 πολὺν
3005 3064 3146 3134 ὑπὲρ
3179 3065 3370 3117 τούτου
3406 3065 3731 3136 συνῴκησας

2039 3138 2252 3209 χρόνον,
2304 3141 2400 3194 καὶ
2441 3143 2590 3196 οὐδὲν
2637 3145 2774 3210 ὅλως
2814 3149 3138 3220 παραλιπὼν
3181 3151 3290 3202 τῶν
3339 3153 3612 3224 φερόντων
3649 3156 3731 3220 εἰς

2038 3227 2138 3297 τὴν
2164 3224 2260 3279 τοῦ
2292 3227 2498 3293 πάθους
2532 3230 2880 3304 ἀπαλλαγὴν,
2911 3236 3214 3307 ἐπανῆλθες
3249 3238 3411 3290 πάλιν
3442 3240 3534 3292 τὸν
3570 3239 3731 3294 πολέ-

2042 3329 2165 3382 μιον
2195 3311 2335 3384 ἔχων
2373 3315 2513 3386 μετά
2553 3318 2776 3384 σαυτοῦ,
2814 3323 3056 3394 φανερὰν
3099 3325 3194 3378 καὶ
3235 3327 3438 3396 ἐναργῆ
3493 3327 3588 3378 καὶ
3619 3328 3732 3392 τοῖς

2045 3401 2252 3473 σφόδρα
2291 3404 2542 3474 ἀνοήτοις
2578 3407 2678 3477 τῆς
2715 3409 2845 3480 περὶ
2895 3411 2953 3463 σέ
2992 3411 3128 3465 Θεοῦ
3175 3413 3432 3484 προνοίας
3465 3415 3731 3485 ἐκόμισας

2043 3488 2141 3559 τὴν
2170 3489 2468 3556 ἀπόδειξιν.
2505 3492 2640 3547 Οὐδὲ
2664 3495 2774 3567 γὰρ
2813 3496 2880 3552 ἂν
2910 3499 3179 3571 τοσαύτην
3206 3501 3366 3571 χάριν
3396 3502 3728 3566 ἐνεπόδισεν,

2042 3576 2150 3628 οὐδ’
2181 3577 2246 3630 ἂν
2270 3579 2397 3642 τοὺς
2425 3580 2591 3634 αὐτοῦ
2625 3581 2853 3648 δούλους
2874 3587 3229 3658 αἰσχυνθῆναι
3260 3589 3540 3659 ἠνέσχετο,
3573 3591 3621 3642 εἰ
3655 3590 3731 3660 μὴ

2045 3662 2254 3735 σφόδρα
2281 3664 2420 3736 πρὸς
2448 3666 2549 3739 τὴν
2579 3669 2938 3743 εὐδοκίμησιν
2968 3675 3061 3728 καὶ
3099 3676 3198 3745 τὴν
3231 3676 3500 3745 ὠφέλειαν
3530 3676 3732 3747 μᾶλλον

2038 3748 2188 3821 ἐώρα
2234 3752 2334 3822 τὴν
2384 3753 2506 3824 σήν.
2560 3757 2713 3812 Ὥσθ⁸
2769 3760 2907 3832 ὅπερ
2953 3761 3102 3815 δοκεῖ
3151 3765 3380 3834 σημεῖον
3434 3759 3576 3816 εἶναι
3631 3763 3732 3832 τῆς

2039 3839 2478 3910 ἐγκαταλείψεως
2504 3843 2600 3898 τοῦ
2645 3847 2805 3912 Θεοῦ,
2834 3848 2993 3903 τοῦτο
3018 3851 3118 3917 τῆς
3150 3852 3352 3922 πολλῆς
3403 3852 3568 3905 αὐτοῦ
3602 3852 3730 3924 περὶ

2042 3927 2102 3980 σέ
2138 3927 2522 4000 φιλοστοργίας
2552 3934 2648 3988 καὶ
2681 3937 2920 4008 σπουδῆς
2950 3939 3176 4010 σημεῖόν
3204 3941 3340 3994 ἐστι.

2061 4033 2064 4036 ’
2105 4037 2133 4066 ⁸
2156 4034 2305 4086 Savil.
2333 4041 2386 4087 et
2407 4038 2544 4091 Colb.
2568 4043 2634 4099 εἰς
2659 4043 2825 4108 μυρίας
2845 4045 3136 4109 ἐνθυμήσεις.

809 4507 1108 4625 ΤΟΥ
1167 4512 1662 4629 ΑΥΤΟΥ
1741 4513 2158 4630 ΠΡΟΣ
2219 4509 3131 4625 ΣΤΑΓΕΙΡΙΟΝ

1143 4709 1265 4762 ΚΑΙ
1298 4709 1407 4762 ΟΤΙ
1456 4709 1504 4762 Η
1535 4708 1803 4763 ΑΘΥΜῙΑ
1835 4709 2301 4763 ΧΑΛΕΠΩΤΕΡΑ
2332 4707 2452 4760 ΚΑΙ
2485 4705 2860 4761 ΔΑΙΜΟΝΟΣ.

1505 4856 1875 4942 ΛῡΓΟΣ
1925 4853 2520 4943 ΔΕΥΤΕΡΟΣ.

318 5030 388 5080 α’.
408 5021 595 5076 Ταῦτα
614 5022 712 5095 μέν
727 5023 858 5095 ήμῖν
875 5021 1018 5094 ὑπὲρ
1031 5019 1238 5092 τῆςτοῦ
1254 5018 1388 5073 Θεοῦ
1408 5019 1664 5091 προνοίας
1675 5020 1937 5093 εἰρήσθω,

248 5116 346 5170 καὶ
380 5116 463 5168 ὅτι
503 5115 602 5168 οὐκ
644 5113 1123 5186 ἀποστρεφόμενος
1151 5111 1272 5165 οὐδέ
1317 5109 1512 5182 μισῶν,
1543 5111 1679 5166 ἀλλά
1700 5112 1794 5164 καὶ
1816 5111 1936 5163 λίαν

247 5203 506 5273 ἀγαπῶν,
537 5202 713 5273 τούτῳ
733 5199 1002 5273 γυμνάζει
1024 5200 1100 5273 τῷ
1125 5200 1331 5273 τρόπῳ.
1363 5199 1581 5271 Ἐπειδὴ
1610 5199 1666 5252 δὲ
1697 5199 1792 5254 καὶ
1823 5198 1941 5252 ἐτέ-

251 5309 360 5363 ρως
391 5291 598 5362 σφόδρα
631 5291 770 5363 ἔφης
785 5292 994 5361 ἀλγεῖν,
1021 5290 1097 5352 ὼς
1127 5290 1221 5343 καὶ
1246 5288 1506 5353 πολλάκις
1536 5306 1596 5342 σε
1621 5287 1938 5342 ἀναπείθειν

246 5381 340 5433 τὸν
373 5380 606 5446 δαίμονα
638 5381 717 5443 εἰς
741 5380 975 5447 πέλαγος
1004 5378 1038 5450 ἢ
1059 5378 1202 5432 κατά
1226 5375 1492 5449 κρημνῶν
1515 5375 1776 5445 ἀφανίσαι
1809 5390 1939 5428 σαυ-

247 5467 364 5530 τὸν,
399 5466 434 5542 ἦ
473 5467 620 5540 ἄλλῳ
661 5469 768 5521 τινὶ
807 5467 1032 5538 τοιούτῳ
1067 5467 1257 5536 τρόπῳ
1305 5465 1404 5536 τὴν
1448 5463 1732 5535 παροῦσαν
1768 5479 1939 5518 κατα-

249 5556 414 5611 λῦσαι
447 5556 615 5630 ζωήν,
649 5557 744 5612 καὶ
791 5558 932 5629 ὑπὲρ
969 5555 1174 5610 τούτων
1199 5554 1372 5626 μικρά
1411 5551 1756 5623 διαλεχθῆναι
1809 5548 1936 5620 βού-

246 5643 412 5714 λομαι
471 5644 582 5699 τῶν
644 5645 941 5716 λογισμῶν.
1008 5645 1082 5697 Οὐ
1144 5642 1252 5715 γὰρ
1303 5640 1516 5695 ἐκείνου
1569 5639 1726 5712 μόνον
1783 5637 1934 5692 ἐστὶν

248 5736 388 5801 αὐτη
423 5735 456 5805 ἡ
505 5734 804 5806 συμϐουλὴ,
847 5733 982 5788 ἀλλά
1031 5731 1124 5785 καὶ
1152 5731 1250 5802 τῆς
1280 5729 1516 5800 ἀθυμίας
1548 5728 1645 5799 τῆς
1681 5725 1799 5798 σῆς,
1833 5725 1931 5779 καὶ

2046 5017 2253 5089 ταύτης
2288 5016 2487 5088 μᾶλλον
2521 5015 2554 5088 ἢ
2599 5015 2831 5080 ἐκείνου,
2877 5015 3019 5087 τάχα
3053 5014 3110 5068 δὲ
3159 5015 3254 5068 καὶ
3296 5017 3468 5088 μόνης
3507 5018 3737 5091 ταύτης.

2044 5108 2154 5162 Καὶ
2181 5106 2341 5178 δῆλον
2379 5106 2440 5172 ἐξ
2473 5098 2547 5160 ὧν
2583 5105 2770 5159 πολλοὶ
2807 5105 2902 5160 καὶ
2930 5103 3040 5158 τῶν
3090 5104 3165 5176 μὴ
3198 5104 3583 5178 δαιμονῶντων
3623 5109 3741 5162 ἀπὸ

2040 5198 2136 5250 τοῦ
2181 5194 2471 5249 λυπεῖσθαι
2508 5193 2666 5264 μόνον
2705 5193 2935 5248 τοιαῦτα
2982 5192 3347 5265 βουλεύονται.
3389 5195 3606 5265 Ταύτην
3640 5191 3739 5250 οὖν

2041 5283 2236 5337 ἔκϐαλε
2268 5281 2366 5337 καὶ
2395 5281 2666 5336 ἀπέλασον
2697 5284 2796 5354 τῆς
2828 5279 3028 5352 ψυχῆς,
3063 5283 3156 5335 καὶ
3187 5281 3444 5353 οὐδεμίαν
3474 5282 3586 5348 ἓξει
3623 5282 3736 5337 λοι-

2041 5374 2142 5427 πὸν
2171 5375 2375 5436 ἐκεῖνος
2406 5371 2582 5443 ἰσχὺν,
2616 5371 2678 5425 οὐ
2711 5371 2871 5443 μόνον
2899 5371 3036 5444 πρὸς
3054 5370 3116 5424 τὸ
3148 5371 3358 5426 πείθειν
3384 5372 3454 5426 τά
3483 5371 3733 5436 τοιαῦτα,

2039 5462 2154 5516 ἀλλ’
2189 5461 2312 5515 οὐδέ
2362 5461 2500 5532 πρὸς
2547 5459 2610 5512 τὸ
2645 5462 2930 5532 παραινεῖν
2977 5459 3078 5530 τὴν
3104 5460 3300 5530 ἀρχ-ήν.
3336 5459 3450 5513 Νῦν
3483 5461 3582 5529 μὲν
3617 5459 3734 5531 γὰρ

2039 5548 2290 5618 καθάπερ
2317 5548 2368 5600 οί
2389 5547 2711 5618 τοιχωρύχοι
2736 5546 3269 5618 καταλαμϐανούσης
3291 5547 3506 5608 νυκτὸς,
3532 5545 3594 5597 τὸ
3616 5545 3735 5616 φῶς

2036 5636 2461 5700 ἀποσϐέσαντες,
2493 5636 2589 5688 καὶ
2622 5635 2914 5704 ὑφελέσθαι
2952 5633 3022 5687 τά
3051 5634 3204 5700 ὅντα,
3236 5635 3330 5688 καὶ
3357 5633 3483 5694 τοὺς
3517 5631 3730 5688 τούτων

2034 5725 2254 5797 κυρίους
2280 5722 2418 5795 μετά
2443 5722 2644 5793 πολλῆς
2662 5721 2973 5789 ἀποσφάξαι
2998 5720 3098 5791 τῆς
3118 5720 3364 5781 εὐκολίας
3379 5717 3622 5772 δύναιντ’
3645 5722 3728 5775 ἄν’
