4060 6136
376 282 483 340 HO

376 397 518 452 οὕτω
560 399 651 453 καὶ
683 393 836 463 οὗτος
878 397 1000 453 ἀντὶ
1046 399 1237 463 νυκτὸς
1274 400 1370 452 καὶ
1419 400 1645 465 σκότους
1675 399 1774 473 τὴν
1811 401 2053 472 ἀθυμίαν

377 486 813 553 κατασκεδάσας,
859 485 1069 549 πάντας
1115 485 1407 555 ὑφελέσθαι
1446 490 1703 559 πειρᾶται
1749 491 1877 553 τούς
1920 489 2055 560 πρὸς

377 575 679 644 ἀσφάλειαν
712 573 1028 644 λογισμοὺς,
1057 573 1144 627 ἵνα
1171 575 1386 646 ἐρήμην
1416 576 1510 629 καὶ
1536 576 1840 648 ἀϐοήθητον
1876 575 2057 630 λαϐὼν

379 661 479 732 τὴν
515 661 692 733 ψυχὴν
735 660 960 731 μυρίαις
1001 660 1330 734 κατατρώσῃ
1370 662 1629 733 πληγαῖς.
1667 664 1835 717 Ὅταν
1881 663 1939 717 δέ
1973 681 2060 728 τις

380 752 446 819 τῇ
478 749 615 820 πρὸς
660 750 748 800 τὸν
783 746 914 801 Θεὸν
949 746 1124 801 ἐλπίδι
1164 746 1322 801 τοῦτο
1359 749 1720 812 διασκεδάσας
1750 748 1812 802 τὸ
1843 749 2055 813 σκότος,

381 839 475 892 καὶ
503 838 638 908 πρὸς
659 837 750 895 τὸν
778 838 930 909 ἡλιον
954 837 1053 907 τῆς
1089 836 1437 908 δικαιοσύνης
1462 836 1814 908 καταφυγὼν,
1846 837 2054 909 σπεύσῃ

379 925 479 987 τάς
510 925 733 987 ἀκτῖνας
770 922 986 986 ἐκείνας
1023 923 1102 987 εἰς
1126 923 1226 995 τὴν
1259 924 1452 977 ἐαυτοῦ
1500 924 1816 978 καταθεῖναι
1855 923 2055 995 ψυχὴν,

380 1010 489 1064 ἀπὸ
526 1010 635 1065 τῶν
680 1011 897 1064 οἰκείων
938 1009 1217 1081 λογισμῶν
1261 1009 1355 1063 ἐπὶ
1383 1010 1474 1064 τὸν
1520 1011 1724 1084 λῃστὴν
1764 1011 2059 1082 μεταθήσει

380 1098 470 1152 τὸν
522 1097 776 1169 θόρυϐον·
828 1098 923 1151 καὶ
972 1097 1081 1170 γάρ
1118 1098 1167 1150 οί
1213 1098 1282 1152 τά
1330 1097 1555 1150 τοιαῦτα
1599 1096 2056 1170 κακουργοῦντες,

384 1186 535 1259 [180]
568 1188 695 1240 ὅταν
713 1186 911 1250 αὐτοὺς
936 1184 1128 1257 ἐλέγξῃ
1145 1203 1249 1250 τις,
1282 1185 1374 1239 καὶ
1402 1184 1549 1257 δείξῃ
1575 1184 1636 1239 τδ
1663 1185 1799 1254 φῶς,
1827 1185 2062 1257 τρέμου-

385 1293 493 1336 σιν,
548 1273 836 1345 ἰλιγγιῶσι,
896 1275 1273 1346 ταράττονται.
1319 1273 1431 1327 Καὶ
1484 1273 1603 1337 πῶς
1644 1274 1710 1328 ἀν
1755 1291 1860 1339 τις,
1902 1274 2056 1342 φησὶ,

383 1363 585 1439 ταύτης
608 1362 947 1433 ἀπαλλαγείη
971 1366 1070 1435 τῆς
1097 1362 1310 1433 ὀδύνης,
1339 1361 1414 1433 μὴ
1442 1362 1710 1434 πρότερον
1731 1360 1824 1415 τοῦ
1855 1361 2060 1415 κινοῦν-

382 1468 476 1517 τος
506 1451 677 1523 αὐτὴν
701 1451 955 1522 δαίμονος
982 1449 1347 1519 ἀπαλλαγείς;
1384 1449 1497 1520 Οὑχ
1537 1449 1566 1502 ὁ
1605 1449 1814 1520 δαίμων
1856 1449 2003 1503 ἐστὶν
2030 1449 2059 1501 ὁ

381 1539 482 1612 τὴν
521 1540 755 1612 ἀθυμίαν
793 1538 976 1605 κινῶν,
1011 1538 1125 1592 ἀλλ’
1151 1537 1331 1610 ἐκείνη
1364 1538 1397 1608 ἡ
1441 1537 1668 1592 ποιοῦσα
1708 1538 1802 1592 τὸν
1831 1537 2061 1609 δαίμονα

389 1631 627 1703 ἰσχυρὸν,
668 1632 763 1684 καὶ
795 1632 923 1695 τοὺς
969 1629 1263 1701 λογισμοὺς
1309 1627 1690 1682 ὑποϐάλλουσα
1728 1628 1856 1692 τοὺς
1890 1645 2061 1699 πονηο

388 1719 534 1790 ρούς.
583 1719 695 1772 Καὶ
724 1718 1125 1790 μαρτυρήσειεν
1166 1716 1233 1770 ἂν
1273 1718 1406 1787 ἡμῖν
1438 1714 1675 1769 ἐνταῦθα
1718 1716 1746 1768 ό
1793 1715 2063 1787 μακάριος

385 1807 631 1867 Παῦλος·
660 1806 720 1859 οὑ
750 1804 860 1876 γάρ
907 1804 1138 1875 δαίμονά
1174 1820 1319 1871 τινα,
1368 1802 1506 1857 ἀλλά
1542 1802 1641 1874 τὴν
1673 1801 1873 1872 ταύτης
1920 1804 2061 1872 ἀμε-

384 1895 543 1967 τρίαν
568 1892 821 1957 δεδοικὼς
866 1892 1154 1946 ἐπέστελλε
1197 1890 1504 1963 Κορινθίοις
1540 1891 1827 1959 φείσασθαι
1876 1887 2063 1944 λοιπὸν

384 1983 478 2037 τοῦ
524 1979 1051 2052 πεπλημμεληκότος
1095 1980 1181 2049 ἐφ’
1207 1973 1290 2042 οἷς
1339 1977 1633 2050 ἐξήμαρτε,
1696 1977 1924 2045 Μήπως
1986 1977 2062 2046 τῇ

386 2068 787 2138 περισσοτέρᾳ
817 2069 987 2138 λύπῃ
1022 2065 1355 2135 καταποθῇ,
1391 2066 1576 2137 φησὶν,
1607 2068 1641 2120 ὁ
1680 2065 1969 2131 τοιοῦτος.
1999 2066 2064 2119 Εἰ

385 2158 444 2211 δὲ
474 2157 671 2228 βούλει,
705 2156 786 2228 τῷ
827 2155 970 2227 λόγῳ
1005 2155 1143 2218 τέως
1183 2153 1515 2225 ὑποθώμεθα
1558 2152 1652 2207 τὸν
1694 2151 1793 2224 μὲν
1836 2153 2065 2224 δαίμονα

386 2245 715 2310 ἐπικεῖσθαι,
731 2243 828 2316 τὴν
848 2243 906 2297 δὲ
927 2242 1163 2315 ἀθυμίαν
1183 2241 1477 2314 ἐξηλάσθαι
1499 2242 1600 2313 τῆς
1627 2242 1725 2312 σῆς
1744 2240 1929 2312 ψυχῆς
1943 2257 1957 2272 ·
1980 2240 2066 2304 τίς

387 2330 538 2385 ἔσται
568 2329 740 2401 βλάϐη
784 2329 1009 2395 λοιπόν;
1053 2329 1105 2382 τί
1146 2328 1267 2382 καθ’
1310 2327 1502 2382 ἑαυτὸν
1539 2319 1755 2399 οῦτοςῆ
1806 2325 2062 2398 μικρδνῆ

390 2417 533 2487 μέγα
555 2429 580 2458 ι
609 2416 811 2472 δύναιτ’
838 2414 904 2470 ἂν
932 2415 1190 2486 ἀδικῆσαι
1215 2417 1392 2487 ἡμᾶς;
1437 2416 1649 2487 Ἐκείνη
1674 2414 1734 2468 δὲ
1760 2413 1858 2468 καὶ
1872 2414 2063 2469 τούτου

390 2505 467 2576 μὴ
496 2506 762 2577 παρόντος
795 2503 968 2558 πολλὰ
989 2503 1054 2558 ἂν
1084 2504 1378 2576 ἐργάσαιτο
1404 2503 1556 2557 δεινά
1574 2519 1587 2533 ·
1617 2502 1861 2565 καὶτοὺς
1890 2502 2068 2565 πλείοτ

387 2609 485 2656 νας
508 2593 616 2646 τῶν
646 2592 870 2665 βρόχους
898 2591 1172 2662 ἁψάντων,
1199 2592 1232 2661 ἢ
1273 2592 1418 2662 ξίφει
1446 2590 1872 2662 διαφθαρέντων,
1905 2591 1938 2661 ἢ
1971 2607 2069 2643 πο-

387 2683 581 2751 ταμοῖς
626 2679 1059 2748 ἀποπνιγέντων,
1088 2679 1123 2749 ἢ
1156 2679 1251 2733 καὶ
1297 2678 1499 2750 ἑτέρως
1536 2695 1654 2742 πως
1686 2677 2067 2731 ἀπολεσάντων

389 2768 636 2831 ἑαυτοὺς,
668 2768 775 2821 ἀπὸ
794 2767 895 2838 τῆς
922 2767 1160 2838 ἀθυμίας
1183 2766 1277 2819 ἐπὶ
1297 2766 1425 2830 τοὺς
1457 2764 1664 2836 βιαίους
1703 2764 1927 2829 τούτους
1968 2764 2068 2818 θα-

388 2855 582 2918 νάτους
639 2854 918 2919 ὼσθέντας
956 2855 1295 2926 εὑρήσομεν·
1333 2855 1384 2907 εἰ
1413 2854 1471 2907 δέ
1499 2870 1644 2917 τινες
1686 2853 1781 2907 καὶ
1817 2853 1926 2907 τῶν
1953 2852 2069 2907 δαι-

392 2940 679 3013 μονώντων
723 2936 835 2996 εἷεν
893 2944 953 2996 ἐν
996 2942 1227 3006 τούτοις,
1264 2942 1361 2996 καὶ
1408 2942 1613 2995 τούτων
1651 2941 1751 3013 τὴν
1791 2940 2067 2995 ἀπώλειαν

388 3030 451 3083 οὑ
480 3029 558 3102 τῷ
583 3029 797 3101 δαίμονι
825 3016 1121 3099 λογιστέον,
1143 3029 1279 3084 ἀλλὰ
1302 3032 1368 3101 τῇ
1396 3030 1495 3100 τῆς
1522 3029 1762 3100 ἀθυμίας
1790 3030 2069 3101 τυραννίδι

389 3118 486 3172 καὶ¹
523 3116 633 3189 βίᾳ.
666 3117 778 3171 Καὶ
822 3117 940 3182 πῶς
984 3117 1185 3182 ἔνεστι,
1218 3117 1373 3187 φησί,
1418 3117 1494 3188 μὴ
1547 3117 1812 3188 ἀθυμεῖν;
1845 3118 1942 3169 Ἂν
1969 3117 2069 3188 τῆξ

332 3256 340 3263 .
389 3204 498 3260 τῶν
552 3204 764 3258 πολλῶν
810 3206 942 3279 περί
988 3204 1082 3259 τοῦ
1125 3193 1648 3277 πράγματοξδόξης
1710 3203 1956 3266 ἀποστὰς
1999 3204 2071 3258 τά

390 3292 505 3347 ἀνω
527 3296 750 3366 φρονῇς.
768 3295 882 3349 Νῦν
910 3295 1008 3364 μὲν
1033 3294 1143 3368 γὰρ
1162 3294 1352 3365 ἐπειδὴ
1384 3296 1499 3357 τοῖς
1523 3293 1739 3357 πολλοῖς
1752 3292 1813 3345 τὸ
1836 3294 2070 3364 πρᾶγμα

390 3382 563 3438 δεινὸν
599 3378 740 3437 εἶναι
781 3383 1084 3455 νομίζεται,
1120 3385 1217 3436 καὶ
1252 3384 1334 3436 σοὶ
1360 3382 1508 3436 δοκεῖ
1535 3382 1588 3422 b'
1627 3383 1676 3434 εἰ
1719 3380 1775 3434 δὲ
1815 3379 2071 3451 θελήσαις

392 3471 526 3524 αὑτὸ
573 3470 694 3525 καθ’
733 3472 911 3538 ἐαυτδ,
941 3472 1041 3542 τῆς
1078 3472 1314 3544 ματαίας
1348 3472 1443 3525 καὶ
1482 3469 1905 3541 πεπλανημένης
1932 3485 2071 3541 προσ

392 3558 607 3630 λήψεως
632 3557 989 3627 ἀπαλλαγεὶς,
1020 3558 1157 3628 μετά
1196 3558 1483 3631 ἀκριϐείας
1525 3556 1784 3619 κατιδεῖν,
1817 3556 2071 3627 εὑρήσεις

392 3646 649 3717 οὐδεμίαν
694 3644 815 3715 ἐχον
858 3645 1095 3715 ἀθυμίας
1127 3646 1403 3718 ἀφορμὴν,
1438 3645 1514 3708 ὡς
1544 3645 1640 3698 καὶ
1680 3643 1779 3715 ήδη
1812 3643 2071 3706 πολλάκις

394 3736 526 3805 ἡμῖν
548 3734 941 3789 ἀποδέδεικται.
970 3734 1092 3787 Τῶν
1115 3734 1172 3787 δὲ
1193 3733 1472 3805 ὁμηλίκων
1498 3733 1682 3786 ἕνεκεν
1705 3732 1820 3803 (καὶ
1842 3731 1952 3801 γὰρ
1971 3731 2070 3802 τὴν

395 3821 620 3876 ἐκείνων
649 3820 987 3894 εὐφροσύνην
1027 3821 1120 3875 καὶ
1160 3820 1259 3893 τὴν
1289 3819 1423 3891 πρὸς
1465 3820 1590 3885 τοὺς
1641 3819 1899 3887 ἀδελφοὺς
1930 3821 2072 3890 παρο

399 3910 594 3980 ρησίαν
627 3909 841 3982 ὁρῶντά
867 3927 926 3964 σε
946 3908 1186 3981 ἡγοῦμαι
1211 3905 1529 3978 συγχεῖσθαι
1562 3906 1658 3959 καὶ
1687 3906 2069 3977 καταπίπτειν)

399 3999 575 4051 ἐκεῖνο
604 3996 671 4052 ἂν
721 3996 956 4068 εἴποιμι,
981 3997 1082 4059 ὅτι,
1115 3997 1162 4048 εί
1199 3995 1296 4066 μὲν
1343 3991 1547 4047 τούτων
1576 3986 1634 4046 έν
1656 3992 1951 4065 ἐγκρατείᾳ
1977 3993 2072 4047 καὶ

399 4084 719 4157 κοσμιότητι
748 4085 844 4139 καὶ
872 4088 939 4155 τῇ
972 4082 1131 4154 λοιπῇ
1167 4079 1262 4134 τοῦ
1293 4079 1407 4151 βίου
1440 4078 1728 4152 φιλοσοφίᾳ
1754 4079 2067 4148 διαγόντων,

398 4171 561 4237 αὐτὸς
617 4175 675 4226 ἐν
721 4170 1140 4244 χαμαιτυπείοις
1190 4170 1285 4223 καὶ
1339 4168 1525 4232 κύϐοις
1575 4169 1669 4222 καὶ
1725 4167 1933 4239 κώμοις
1980 4168 2072 4222 τὸν

399 4261 618 4316 ἅπαντα
647 4260 835 4333 χρόνον
864 4256 1176 4330 ἀνήλισκες,
1198 4256 1356 4327 λόγον
1386 4256 1452 4310 ἂν
1484 4250 1630 4327 εῖχεν
1660 4257 1813 4327 ἡτῆς
1834 4256 2074 4328 ἀθυμίας

398 4350 699 4421 πρόφασις·
736 4350 786 4403 εἰ
814 4348 872 4403 δέ
901 4348 1002 4420 τὴν
1039 4346 1208 4418 αὐτὴν
1239 4346 1425 4409 αὑτοῖς
1467 4344 1549 4399 ἐτι
1581 4344 1811 4416 βαδίζεις
1849 4345 1987 4411 ὁδὸν,
2020 4347 2072 4399 τί

396 4436 530 4490 ποτέ
563 4435 678 4490 ἐστί
707 4452 769 4489 σε
805 4435 864 4489 τὸ
892 4434 1096 4489 λυποῦν
1121 4452 1136 4502 ;
1174 4432 1317 4504 Ἐγὼ
1354 4432 1483 4505 γὰρ,
1520 4433 1569 4486 εἰ
1595 4432 1693 4504 μὲν
1724 4433 1861 4502 πρὸς
1888 4432 2073 4502 ἕτερόν

400 4524 490 4596 μοί
513 4541 636 4579 τινα
663 4524 774 4579 τῶν
797 4523 1034 4589 εὐκόλως
1061 4522 1439 4594 ἐπαιρομένων
1467 4523 1496 4576 ό
1519 4521 1678 4590 λόγος
1697 4515 1786 4591 ἦν,
1817 4518 1920 4573 κάν
1969 4522 2074 4574 ἀπ-

399 4611 687 4686 εσιώπησα
707 4612 903 4678 ταῦτα,
946 4612 983 4667 ά
1020 4612 1201 4684 μέλλω
1240 4611 1377 4681 πρὸς
1422 4609 1482 4662 σὲ
1518 4607 1615 4662 νῦν
1663 4611 1839 4679 ἐρεῖν·
1887 4608 2073 4680 ἐπειδὴ

394 4700 451 4755 δὲ
494 4701 699 4773 σφόδρα
749 4700 958 4774 θαρρῶ,
988 4701 1092 4765 ὄτι,
1136 4698 1240 4754 κᾶν
1292 4696 1464 4770 μυρία
1512 4697 1572 4750 σέ
1609 4714 1692 4761 τις
1733 4697 1928 4770 ἐπαινῇ
1981 4698 2076 4750 καὶ

396 4789 672 4862 θαυμάζῃ,
703 4788 795 4843 τοῦ
827 4786 1140 4860 μετριάζειν
1169 4786 1270 4840 οὐκ
1310 4785 1598 4859 ἀποστήσῃ
1626 4785 1774 4852 ποτὲ,
1807 4784 1944 4839 ἀλλὰ
1976 4801 2065 4856 με-

396 4879 506 4942 νεῖς
537 4879 633 4931 καὶ
674 4876 845 4939 οὑτως
881 4877 938 4929 ἐν
962 4878 1074 4938 τοῖς
1124 4874 1375 4944 ἐσχάτοις
1410 4872 1620 4927 τάττων
1668 4874 1884 4940 σαυτὸν,
1922 4871 2074 4926 οὐδὲν

398 4964 856 5035 ὑποστειλάμενος
882 4962 1098 5017 ἅπαντα
1126 4961 1259 5030 ἐρῶ.

468 5050 749 5121 Τοσαύτην
770 5051 878 5122 γάρ
912 5048 1097 5104 ἀκούω
1125 5048 1224 5120 τὴν
1262 5046 1502 5100 ἐπίδοσιν
1538 5048 1638 5120 τῆς
1665 5049 1951 5113 εὐλαϐείας
1981 5066 2076 5118 γε-

396 5138 658 5210 γενῆσθαι
704 5137 805 5209 τῆς
838 5137 957 5208 σῆς,
997 5136 1073 5200 ὡς
1107 5135 1307 5209 μηκέτι
1343 5152 1424 5188 σοι
1456 5134 1593 5207 πρὸς
1628 5132 1821 5190 ἐκεῖνα
1854 5136 1926 5190 τά
1957 5153 2077 5207 μει-

400 5228 587 5301 ράκια,
618 5224 755 5279 ἀλλά
778 5225 915 5297 πρὸς
936 5225 1061 5288 τοὺς
1089 5224 1359 5295 μεγάλους
1390 5223 1484 5277 καὶ
1504 5223 1847 5293 θαυμαστοὺς
1877 5223 2077 5295 ἄνδρας

399 5313 539 5371 εἶναι
562 5314 662 5387 τὴν
690 5313 944 5385 ἅμιλλαν.
972 5312 1138 5367 Οὐδὲν
1159 5311 1267 5384 γάρ
1289 5304 1512 5365 ἐκείνων
1535 5329 1595 5364 σε
1616 5310 1866 5365 ἁποδέειν
1892 5311 2065 5379 λέγου-

398 5423 505 5475 σιν,
532 5404 591 5459 οὑ
634 5404 775 5459 κατά
820 5402 911 5457 τὸν
939 5403 1038 5475 τῆς
1064 5401 1317 5474 νηστείας
1346 5400 1534 5471 λόγον·
1571 5398 1712 5470 (πῶς
1758 5400 1887 5472 γάρ,
1922 5398 2078 5454 ὑδατι

463 5632 789 5711 ξεεήρξενσῐ
811 5629 980 5682 Montf.
1004 5631 1035 5689 ἢ
1062 5647 1113 5691 μ.
1134 5630 1164 5688 ἢ
1192 5629 1365 5693 μεῖζον,
1397 5629 1517 5692 μέγα
1540 5625 1884 5690 rescripsimus
1904 5638 1935 5676 θ
1962 5626 2072 5677 Sav.

404 5701 455 5748 et
476 5697 613 5748 Colb.
641 5696 773 5744 Eon.

466 5758 492 5798 ιι
512 5758 594 5807 Sic
616 5756 701 5807 Sin
715 5760 764 5810 il.
797 5762 849 5809 el.
870 5755 1005 5811 Colb.
1029 5755 1095 5809 Al
1115 5753 1290 5836 Morel:
1314 5753 1441 5835 εἶναι,
1455 5751 1601 5805 δοκεῖ.
1626 5752 1705 5802 καὶ
1729 5751 1805 5802 σοὶ
1829 5750 1977 5802 δοκεῖ.

1159 285 1217 339 S.
1255 282 1543 341 JOANNIS
1587 283 2068 342 CIIRYSOSTOMI
2111 283 2436 342 ARCHIEP.
2471 280 3027 368 CONSTANTINOP.

3726 280 3825 338 ιςο

2159 403 2255 456 καὶ
2281 403 2431 472 ἄρτῳ
2463 401 2647 472 μόνον,
2679 401 2774 457 καὶ
2803 401 2977 454 ταῦτα
3020 397 3234 472 ἡμέραν
3262 410 3399 469 παρ’
3433 397 3647 469 ἡμέραν
3701 412 3832 467 τρε-

2153 489 2387 561 φόμενον
2413 490 2456 557 ;)
2487 489 2551 542 οὐ
2606 490 2746 543 κατά
2782 489 2873 543 τὸν
2924 489 3032 542 τῶν
3078 487 3421 558 παννυχίδων
3457 485 3669 557 καιρὸν,
3715 484 3832 538 ἀλλ’

2150 576 2354 647 ὁμοίως
2410 576 2598 638 αὐτοῖς
2653 575 2851 647 ἐφεξῆς
2899 575 3102 639 πολλὰς
3153 575 3357 637 νύκτας
3400 574 3642 635 ἀΰπνους
3693 589 3833 642 παρ-

2153 664 2333 716 έλκειν
2368 673 2417 718 ο.
2470 664 2548 734 Τῇ
2570 663 2625 716 δὲ
2676 663 2793 735 μεθ’
2824 663 3035 735 ἡμέραν
3079 663 3323 733 διαγωγῇ
3382 660 3610 724 πολλοὺς
3653 658 3836 713 αὐτῶν

2153 750 2255 820 ἡδη
2278 751 2372 804 καὶ
2394 750 2710 822 ἀποκρύψαι
2731 752 2896 821 φασί·
2923 752 3017 804 καὶ
3037 750 3146 823 γὰρ
3168 749 3275 803 τῶν
3292 748 3500 803 ἐκεῖθεν
3523 746 3833 828 ἐρχομένων

2154 837 2337 892 ἀκούω
2365 837 2754 910 διηγουμένων,
2787 838 2870 893 ὅτι
2901 855 2982 891 σοι
3026 840 3134 902 πᾶς
3162 840 3190 891 ό
3217 837 3407 909 καιρὸς
3433 838 3512 900 εἰς
3550 835 3716 905 εὐχὰς
3740 836 3835 887 καὶ

2152 924 2363 997 δάκρυα
2393 926 2778 981 ἀναλίσκεται·
2811 927 2904 981 καὶ
2930 926 3181 997 καθάπερ
3217 927 3266 978 οἱ
3315 925 3474 994 σιγὴν
3517 922 3833 987 ἀσκοῦντες,

2158 1012 2303 1086 [181]
2344 1014 2377 1086 ἢ
2428 1015 2524 1067 καί
2574 1015 2770 1085 μόνους
2815 1016 2873 1068 ἐν
2917 1015 3146 1085 οἰκίσκῳ
3197 1013 3657 1074 κατακλείσαντες
3701 1012 3837 1064 ἐαυ-

2153 1104 2299 1167 τοὺς,
2348 1102 2487 1173 πρὸς
2529 1101 2716 1156 οὐδένα
2754 1101 2905 1156 οὐδὲν
2951 1101 3300 1171 φθέγγονται,
3332 1100 3476 1154 οὑτω
3517 1100 3613 1153 καί
3655 1099 3717 1153 σέ
3746 1098 3835 1150 λέ-

2154 1205 2343 1257 γουσιν
2369 1190 2425 1241 ἐν
2452 1190 2644 1260 πλήθει
2672 1190 2908 1261 τοσούτῳ
2941 1190 3311 1261 στρεφόμενον
3331 1188 3615 1244 διατελεῖν.
3643 1186 3751 1241 Τὸν
3777 1186 3837 1241 δὲ

2155 1277 2255 1347 τῆς
2294 1277 2523 1348 καρδίας
2553 1294 2647 1330 σου
2695 1279 3053 1349 συντριμμδν,
3099 1278 3313 1331 καὶτὸν
3355 1277 3583 1348 αὐχμὸν,
3618 1275 3717 1330 καὶ
3737 1277 3835 1347 τὴν

2156 1364 2427 1436 ἀλγηδόνα
2464 1364 2559 1419 καὶ
2600 1366 2902 1437 πεφρίκασι
2949 1365 3319 1437 διηγούμενοι,
3371 1366 3465 1419 καὶ
3502 1363 3734 1426 πολλοὺς
3754 1364 3836 1417 ἐν·

2157 1453 2329 1507 ταῦθα
2357 1453 2423 1507 τά
2452 1453 2519 1506 σά
2545 1453 2841 1518 κατένυξαν
2863 1438 3299 1523 ἀπαγγέλλοντες
3317 1470 3331 1484 ·
3355 1453 3469 1507 Οὐκ
3497 1450 3832 1516 ἀντιϐλέπει,

2160 1543 2343 1613 φησὶν,
2386 1542 2563 1596 οὐδενί¹
2587 1540 2695 1595 τῶν
2722 1542 2998 1596 εἰσιόντων
3031 1544 3165 1620 ἐκεῖ,
3199 1541 3309 1595 οὐδ’
3348 1541 3533 1612 ἀνίησι
3564 1538 3674 1592 τῶν
3715 1555 3839 1592 συν-

2159 1629 2300 1699 εχῶν
2347 1628 2526 1683 πόνων
2570 1628 2763 1682 ἐαυτόν
2782 1645 2793 1657 ·
2839 1628 3101 1692 πολλάκις
3149 1629 3432 1699 ἐδείσαμεν
3478 1627 3551 1698 μὴ
3602 1628 3838 1698 πηρώσῃ

2157 1718 2283 1776 τοὺς
2317 1716 2629 1787 ὀφθαλμοὺς
2652 1718 2766 1780 τοῖς
2793 1716 3066 1788 ὀδυρμοῖς,
3119 1717 3193 1788 μὴ
3219 1716 3397 1789 πλήξῃ
3424 1717 3524 1779 τὰς
3567 1717 3838 1786 μήνιγγας

2157 1807 2224 1876 τῇ
2263 1804 2583 1874 σφοδρότητι
2609 1802 2710 1874 τῆς
2732 1804 3043 1874 ἀγρυπνίας
3070 1806 3165 1857 καὶ
3194 1806 3262 1874 τῇ
3295 1802 3562 1870 ἀνενδότῳ
3621 1802 3718 1855 καὶ
3763 1800 3838 1853 δι-

2158 1872 2346 1962 ηνεκεῖ
2381 1872 2638 1963 περίήτὴν
2669 1872 2978 1960 ἀνάγνωσιν
3012 1872 3257 1961 σπουδῇ.
3917 1872 3933 1887 ’

2236 1978 2303 2048 β’.
2328 1979 2515 2033 Ταῦτα
2534 1975 2628 2033 οὖν
2649 1996 2711 2033 σε
2739 1979 2898 2032 λυπεῖ
2922 1980 3016 2033 καὶ
3035 1978 3274 2050 θορυϐεῖ,
3302 1978 3385 2032 ὅτι
3416 1974 3674 2030 τοσοῦτον
3698 1993 3839 2047 παρα

2160 2067 2368 2139 ήλασας
2403 2068 2527 2130 τοὺς
2547 2067 2832 2139 ὁμήλικας,
2870 2068 2951 2121 ὅτι
2979 2067 3072 2121 καὶ
3111 2067 3336 2138 σφοδρὸν
3364 2067 3460 2119 καὶ
3487 2065 3840 2135 ἀναίσχυντον

2162 2155 2301 2226 ἔχων
2334 2156 2427 2209 τὸν
2450 2154 2854 2227 ἀνταγωνιστὴν
2898 2154 3079 2226 πολλῷ
3100 2155 3179 2225 τῷ
3206 2155 3390 2226 μέτρῳ
3417 2153 3545 2216 τοὺς
3576 2154 3719 2224 μετά
3748 2150 3839 2207 σοῦ

2162 2245 2454 2316 τρέχοντας
2483 2245 2938 2315 ὑπερηκόντισας.
2963 2240 3090 2316 ’Ἆρ’
3112 2244 3211 2297 οὐκ
3239 2243 3464 2306 εἰκότως
3493 2242 3683 2310 ελεγον
3709 2241 3792 2293 ὅτι
3809 2241 3843 2310 ἠ

2164 2331 2372 2404 ἀθυμία
2419 2330 2559 2402 αὑτη
2602 2330 2925 2403 προλήψεως
2964 2332 3124 2403 μόνον
3167 2332 3337 2396 ἐστὶν,
3387 2329 3746 2401 ἐρευνωμένη
3790 2329 3846 2382 δὲ

2164 2420 2260 2475 καὶ
2305 2418 2570 2489 εὐθυμίας
2600 2421 2733 2491 ἡμῖν
2763 2420 3048 2484 ὑποθέσεις
3092 2420 3323 2491 παρέχει
3366 2418 3603 2482 πολλάς;
3640 2416 3712 2469 Τί
3740 2416 3847 2486 γὰρ

2163 2508 2375 2578 ὄφελος,
2407 2507 2530 2561 εἰπέ
2562 2525 2674 2578 μοι,
2713 2507 2808 2561 τοῦ
2843 2508 2916 2580 μὴ
2948 2508 3230 2579 δαιμονᾷν,
3263 2508 3392 2561 ὅταν
3429 2508 3457 2559 ὁ
3482 2506 3595 2576 βίος
3633 2505 3849 2575 ἠμελη-

2169 2597 2329 2668 μένος
2356 2593 2425 2668 ᾖ;
2458 2598 2610 2650 ποῖον
2648 2595 2705 2648 δὲ
2751 2595 2947 2667 βλάϐος
2988 2596 3098 2650 ἀπὸ
3129 2595 3223 2649 τοῦ
3256 2592 3552 2666 δαιμονᾷν,
3600 2593 3739 2646 ὅταν
3780 2592 3848 2646 τά

2163 2683 2262 2754 τῆς
2301 2682 2581 2745 πολιτείας
2624 2681 2983 2753 ἡκριϐωμένα
3031 2681 3168 2756 τύχῃ
3211 2682 3305 2735 καὶ
3351 2678 3849 2752 συγκεκροτημένα-

2164 2769 2380 2841 καλῶς;
2425 2769 2566 2823 Ἀλλ’
2605 2768 2734 2834 ἴσως
2761 2769 2994 2844 αἰσχύνῃ
3034 2772 3129 2824 καὶ
3174 2770 3452 2842 ἐρυθριᾷς,
3485 2769 3616 2823 ὅταν
3647 2785 3714 2820 σε
3749 2785 3846 2819 κα-

2164 2858 2374 2932 ταϐάλῃ
2423 2860 2705 2931 παρόντων
2744 2860 2938 2926 τ.νῶν;
2995 2860 3153 2914 Ἀλλά
3197 2859 3355 2914 τοῦτό
3403 2877 3485 2913 σοι
3530 2859 3700 2913 πάλιν
3746 2857 3851 2911 ἀπὸ

2166 2948 2266 3018 τῆς
2295 2949 2603 3013 ὑποθέσεως
2650 2949 2932 3021 συμϐαίνει
2988 2951 3087 3021 τῆς
3126 2950 3318 3020 αὐτῆς,
3352 2950 3433 3003 ὅτι
3470 2952 3538 3021 τῇ
3566 2949 3682 3002 τῶν
3725 2948 3850 3002 πολ-

2166 3034 2275 3089 λῶν
2294 3035 2440 3109 δόξῃ,
2494 3037 2815 3109 λογισμῷδέ
2849 3038 3103 3092 οὐδέποτε
3149 3038 3210 3091 τδ
3244 3024 3475 3110 πρᾶγμα
3513 3038 3846 3108 ἐπέτρεψας.

2168 3124 2243 3176 Τὺ
2272 3125 2382 3195 γάρ
2421 3129 2753 3179 καταπεσεῖν
2784 3126 2845 3179 οὐ
2879 3125 3036 3179 τοῦτό
3069 3127 3217 3180 ἐστιν
3265 3126 3294 3178 ὃ
3344 3127 3407 3179 σὺ
3435 3124 3669 3195 πάσχειν
3724 3125 3848 3197 φὴς,

2168 3211 2306 3265 ἀλλά
2326 3211 2388 3265 τὸ
2410 3212 2654 3284 ἁμαρτίᾳ
2683 3214 3019 3284 περιπεσεῖν·
3062 3212 3154 3265 ἐπὶ
3194 3213 3368 3286 ταύτῃ
3398 3215 3464 3283 τῇ
3502 3211 3715 3264 πτώσει
3748 3228 3850 3265 κα-

2170 3299 2262 3353 λὸν
2313 3299 2664 3371 αἰσχύνεσθαι
2688 3299 2780 3352 καὶ
2821 3299 3028 3369 ἀλγεῖν.
3062 3299 3176 3353 Νῦν
3203 3299 3259 3353 δὲ
3297 3301 3391 3354 ἐπὶ
3422 3300 3520 3370 μὲν
3546 3302 3665 3364 τοῖς
3702 3299 3852 3352 οὐδεο

2172 3376 2301 3458 μίαν
2329 3386 2542 3457 ἐχουσιν
2570 3386 2832 3459 αἰσχύνην
2858 3386 3258 3457 καταδυόμεθα,
3285 3386 3351 3441 τά
3370 3388 3429 3441 δὲ
3447 3389 3617 3450 ὅντως
3643 3386 3851 3457 αἰσχρά

2170 3476 2266 3529 καὶ
2311 3474 2508 3528 πολλοῦ
2553 3474 2807 3545 γέμοντα.
2830 3474 3068 3543 γέλωτος
3109 3474 3204 3528 καί
3254 3474 3530 3538 κολάσεως
3585 3475 3851 3545 ἐσχάτης.

2169 3563 2341 3617 ταῦτα
2384 3562 2619 3632 δρῶντες
2670 3563 2819 3617 οὐδὲν
2861 3562 3147 3635 ἡγούμεθα
3203 3564 3435 3634 πάσχειν
3478 3563 3653 3616 δεινόν
3674 3581 3690 3594 ·
3719 3562 3853 3616 ἀλλά

2169 3650 2268 3722 τῆς
2320 3651 2417 3721 μὲν
2484 3651 2662 3723 ψυχῆς
2714 3652 2837 3705 καθ’
2896 3652 3133 3722 ἑκάστην
3183 3651 3395 3722 ἡμέραν
3442 3651 3548 3704 ὑπὸ
3587 3650 3700 3721 τῆς
3746 3651 3856 3704 τῶν

2171 3740 2586 3812 ἁμαρτημάτων
2631 3741 2914 3812 ἐνεργείας
2962 3739 3271 3811 πιπτούσης
3320 3739 3495 3803 οὐδεὶς
3530 3742 3560 3793 ὁ
3597 3738 3849 3793 πενθῶν·

2170 3829 2220 3880 εἰ
2242 3827 2301 3883 δέ
2328 3828 2460 3881 ποτέ
2497 3845 2551 3881 τι
2579 3828 2639 3882 τὸ
2668 3827 2828 3900 σῶμα
2860 3827 3018 3881 τοῦτο
3042 3829 3223 3889 πάθοι,
3250 3828 3420 3882 δεινὸν
3449 3828 3543 3881 καὶ
3567 3827 3850 3898 ἀφόρητον

2172 3912 2311 3970 εἶναι
2360 3916 2526 3970 δοκεῖ.
2556 3911 2703 3988 Ἀρα
2729 3917 2791 3971 οὑ
2839 3916 3000 3970 τοῦτό
3029 3919 3146 3969 ἐστι
3185 3916 3247 3969 τὸ
3285 3916 3566 3988 δαιμονᾷν,
3597 3915 3662 3968 τὸ
3713 3913 3855 3969 οὑτω

2171 4003 2475 4058 διακεῖσθαι
2518 4003 2618 4076 τὴν
2660 4004 2839 4075 ψυχὴν
2885 4005 2981 4058 καὶ
3028 4004 3158 4075 περὶ
3194 4002 3293 4075 τήν
3344 4002 3454 4057 τῶν
3504 4004 3855 4074 πραγμάτων

2176 4092 2502 4161 σφάλλεσθαι
2529 4092 2750 4165 κρίσιν;
2785 4093 2847 4145 Εἰ
2885 4092 2985 4163 μὲν
3026 4091 3133 4164 γὰρ
3165 4091 3268 4144 ὑτὼ
3316 4090 3484 4163 μέθης
3515 4090 3682 4144 τοῦτο
3723 4090 3853 4144 Em-

2175 4198 2323 4252 σχες,
2383 4181 2550 4253 ἐχρῆν
2603 4180 2964 4235 καταδύεσθαι
3014 4180 3107 4234 καὶ
3153 4179 3414 4249 ἀθυμεῖν,
3471 4179 3852 4250 προαιρέσεως

2173 4268 2283 4340 γάρ
2319 4267 2649 4338 τὸέγκλημα
2668 4264 2765 4338 ἦν·
2810 4268 2859 4319 εί
2894 4266 2950 4319 δέ
2990 4266 3088 4337 τῆς
3133 4265 3319 4338 ἐτέρου
3359 4265 3481 4337 βίας
3510 4264 3573 4319 τὺ
3616 4266 3854 4337 πρᾶγμά

2175 4356 2344 4421 ἐστιν,
2373 4355 2434 4407 οὐ
2463 4355 2555 4408 τὸν
2603 4353 3069 4425 ἐπηρεαζόμενον,
3112 4354 3233 4407 οὐδὲ
3263 4354 3355 4408 τὸν
3389 4354 3736 4426 ὑπομένοντα
3759 4353 3853 4424 τὴν

2177 4444 2319 4516 βίαν,
2370 4443 2506 4497 ἀλλά
2558 4443 2646 4497 τὸν
2690 4442 2904 4516 δρῶντα
2956 4443 3319 4517 αἰσχύνεσθιιε
3348 4443 3446 4498 δεῖ.
3489 4444 3597 4499 Καὶ
3628 4444 3743 4515 γάρ
3796 4446 3852 4498 ἐν

2175 4533 2351 4605 ἀγορᾷ
2381 4532 2433 4585 εί
2455 4549 2585 4586 ποτε
2614 4531 2914 4603 γενομένης
2939 4533 3121 4604 μάχης
3148 4532 3336 4604 ἕτερος
3372 4533 3464 4586 τὸν
3487 4533 3677 4604 ἕτερον
3707 4532 3852 4594 ὦσας

2175 4620 2460 4687 κατέϐαλε,
2494 4620 2585 4672 τὸν
2643 4619 3039 4687 καταϐαλόντα,
3083 4621 3143 4672 οὐ
3189 4621 3281 4674 τὸν
3334 4621 3568 4673 πεσόντα
3612 4620 3850 4680 ἅπαντες

2176 4706 2500 4778 αἰτιώμεθα.
2553 4706 2733 4760 Καλὸν
2794 4707 2855 4760 τὸ
2906 4708 3202 4779 ἐρυθριᾷν,
3256 4707 3371 4762 ἀλλ’
3401 4709 3529 4761 ὅταν
3581 4724 3638 4760 τι
3681 4706 3849 4779 πράτ-

2175 4815 2359 4870 τωμεν
2382 4797 2492 4851 τῶν
2522 4797 2743 4850 κόλασιν
2775 4797 3051 4868 φερόντων
3081 4799 3214 4868 ἡμῖν
3255 4797 3410 4868 παρά
3443 4796 3522 4868 τῷ
3555 4795 3681 4849 τότε
3724 4794 3849 4867 μέλ-

2175 4880 2321 4934 λοντι
2367 4884 2574 4954 κρίνειν
2626 4882 2801 4952 ἡμᾶς·
2839 4880 2941 4944 ἕως
2992 4880 3036 4933 δ’
3092 4880 3158 4934 ἂν
3212 4880 3376 4952 μηδὲν
3411 4878 3657 4933 τοιοῦτον
3704 4872 3850 4948 ὦμεν

2178 4969 2483 5037 συνειδότες
2513 4971 2745 5035 ἐαυτοῖς,
2791 4969 2935 5033 τίνος
2960 4968 3146 5022 ἕνεκεν
3181 4966 3676 5036 ἐγκαλυπτόμεθα;
3720 4964 3850 5018 Οὐδὲ

2176 5057 2305 5128 γάρ,
2335 5057 2388 5110 εἴ
2414 5056 2497 5120 τίς
2526 5074 2585 5110 σε
2625 5057 2785 5128 μόνον
2821 5054 3111 5110 ἀπολαϐὼν
3140 5055 3370 5109 ἔτυπτεν
3408 5054 3598 5118 ἀπλῶς
3624 5055 3722 5108 καὶ
3748 5070 3848 5123 μη-

2176 5144 2264 5198 δὲν
2297 5144 2435 5216 ἔχων
2468 5145 2739 5214 ἐγκαλεῖν,
2795 5144 2829 5214 ἦ
2871 5144 3032 5198 πάλιν
3077 5144 3443 5215 κατέρριπτεν
3478 5143 3560 5205 είς
3597 5142 3701 5212 τὴν
3731 5140 3847 5209 γῆν,

2180 5234 2244 5287 σύ
2269 5233 2326 5286 δὲ
2357 5233 2533 5287 πάντα
2560 5232 2748 5304 πράως
2773 5231 3011 5301 ἐνεγκὼν
3038 5231 3381 5301 ἀπηλλάγης,
3411 5231 3514 5283 οὐκ
3540 5228 3803 5299 αἰσχύνης
3822 5224 3847 5263 ἀ

2178 5321 2239 5375 τὸ
2267 5323 2497 5394 πρᾶγμα
2520 5318 2609 5395 ἦν,
2636 5322 2771 5376 ἀλλά
2797 5320 3115 5391 φιλοσοφίας
3136 5321 3232 5373 καὶ
3252 5318 3363 5372 τῶν
3395 5317 3670 5390 μεγίστων
3702 5314 3854 5368 ἐπαί-

2242 5504 2275 5567 ς
2289 5501 2505 5567 Verbum
2516 5504 2767 5567 παρέλκειν
2786 5518 2812 5552 a
2835 5506 2984 5551 texlu'
2998 5501 3238 5567 MoreAlapt
3262 5499 3412 5567 éuvil.
3439 5500 3648 5549 mutuati
3668 5505 3850 5546 sumus.

2179 5564 2313 5627 Coll).
2341 5570 2396 5627 eL
2416 5565 2522 5627 ipse
2548 5563 2696 5627 Séril.
2722 5568 2770 5614 in
2795 5578 2947 5627 marg.
2972 5564 3232 5627 παρελθεῖν.
3260 5563 3390 5611 Eon.

2241 5625 2269 5665 d
2288 5619 2449 5690 smn;
2470 5633 2523 5674 ει
2545 5626 2680 5690 ξομ),
2711 5619 2961 5690 αἰσχύνης,
2986 5619 3164 5690 omissa
3203 5627 3491 5690 negatione,
3518 5619 3848 5690 Morgl_-_V9_|'0

2180 5689 2268 5740 οὐκ
2290 5687 2532 5752 αἰσχύνης.
2548 5687 2674 5752 Ιῃίςιι
2709 5679 2881 5752 Μσὲὲι.
2910 5679 3004 5735 ⁷καὶ
3027 5688 3197 5752 φέρειν,
3223 5679 3305 5736 αιῖἰ
3336 5688 3391 5739 τὸ
3417 5679 3586 5749 φέρειν.
3612 5681 3741 5733 Ibid.
3765 5679 3852 5730 Βλ-

2183 5752 2267 5803 \‘il.
2293 5757 2343 5800 el
2363 5747 2496 5803 C011).
2519 5747 2605 5800 τοῦ
2626 5750 2676 5799 δέ
2701 5749 2881 5800 τούτων
2905 5747 3242 5810 πονηροτέρου.
3364 5758 3371 5765 ‘
