4060 6136
291 350 395 410 149

287 484 415 525 eum
452 479 551 523 sua
585 461 844 518 facilitate
868 448 1118 532 jugulare
1150 472 1377 532 possunt
1405 483 1415 517 :
1443 464 1514 518 ita
1548 474 1594 520 et
1626 466 1713 520 hic
1743 466 1861 520 vice

290 559 474 614 noctis
497 572 561 611 ac
583 554 929 610 tenebrarum
949 566 1237 609 mmrorcm
1259 554 1561 622 effundens,
1581 558 1863 628 cogitatio-

290 666 391 706 nes
415 662 627 713 omnes,
656 661 777 717 quae
799 646 865 701 ad
893 647 1167 702 munimen
1196 658 1442 703 nostrum
1470 666 1592 705 esse
1613 659 1862 721 possunt,

288 741 599 799 subducere
613 738 764 808 prius
789 753 852 794 ac
881 737 1049 792 furari
1071 740 1284 806 nititur,
1309 749 1366 794 ιιι
1386 741 1655 797 desertam
1675 752 1728 797 et
1749 744 1863 798 sino

291 833 571 904 adjmorio
616 833 855 886 animam
898 831 1162 888 invadens
1196 834 1367 904 plagis
1405 849 1522 890 eam
1564 836 1864 891 innumeris

289 925 592 982 confodiat.
628 924 699 978 At
728 939 856 979 vero
876 938 1000 979 cum
1021 925 1145 994 quis
1175 939 1270 995 spe
1294 925 1346 980 in
1379 924 1544 981 Deum
1574 926 1741 983 fultus
1769 928 1864 982 has

294 1019 555 1082 tenebras
603 1017 883 1087 disiecerit
910 1026 1072 1085 atque
1102 1017 1168 1075 ad
1210 1016 1390 1071 Solem
1419 1018 1646 1084 justitiae
1672 1019 1864 1072 confu-

291 1107 470 1178 giens,
499 1108 643 1162 illius
671 1107 939 1163 radios’in
962 1108 1142 1161 anima
1174 1122 1272 1162 sua
1303 1109 1544 1178 recipere
1571 1111 1862 1174 studuerit,

294 1201 547 1271 protinus
566 1202 953 1270 cogitationum
971 1215 1192 1256 suarum
1212 1201 1502 1256 tumultum
1526 1203 1579 1258 in
1598 1203 1862 1259 latronem

293 1293 450 1349 illum
482 1292 850 1350 transfundet.
884 1293 1018 1348 Nam
1043 1302 1095 1348 et
1119 1295 1212 1363 qui
1246 1294 1487 1350 facinora
1515 1297 1644 1350 talia
1675 1312 1864 1367 aggre-

292 1383 545 1448 diuntur,
585 1400 708 1440 cum
754 1385 878 1456 quis
920 1386 1043 1441 illos
1082 1385 1530 1454 deprehenderit,
1572 1402 1636 1441 ac
1684 1388 1863 1443 lumen

292 1474 618 1531 ostenderit.
654 1483 917 1539 tremunt,
953 1474 1220 1529 fluctuant
1255 1483 1415 1544 atque
1451 1479 1862 1543 perturbantur.

280 1558 352 1613 Et
377 1558 669 1627 quomodo,
704 1558 930 1628 inquies,
949 1558 1120 1628 possit
1147 1558 1264 1627 quis
1291 1558 1391 1612 hoc
1420 1557 1605 1612 dolore
1631 1558 1866 1623 liberart,

280 1650 385 1704 nisi
415 1650 560 1720 prius
587 1650 844 1719 eripiatur
879 1665 906 1704 a
939 1650 1182 1705 daemone
1205 1651 1464 1720 agitatore
1480 1650 1641 1704 ?-Non
1659 1651 1869 1705 daemon

278 1742 483 1811 estqui
531 1756 818 1798 maerorem
868 1750 1082 1807 movet,
1115 1743 1208 1797 sed
1256 1758 1455 1797 maeror
1502 1743 1676 1811 potius
1730 1744 1870 1796 vires

278 1831 515 1887 ἀλυσιοηί
543 1834 910 1899 administrat,
944 1835 1397 1904 cogitationesque
1428 1836 1592 1888 malas
1615 1838 1867 1905 suggerit.

280 1927 579 1981 Attestatur
620 1927 741 1982 huic
781 1929 973 1983 rationi
1020 1938 1215 1982 nostra:
1265 1928 1599 1982 beatissimus
1630 1929 1868 1983 l’aulus:

282 2030 390 2074 non
420 2021 559 2074 c'nim
584 2021 903 2086 dzemonem,
933 2021 1027 2077 sed
1057 2010 1463 2077 immoderatum
1488 2021 1724 2075 dolorem
1757 2038 1872 2076 mc-

282 2120 461 2168 tuensr
492 2111 779 2167 Corinthiis
804 2114 1007 2179 seribit,
1036 2123 1091 2168 ut
1123 2122 1342 2183 parcant
1365 2113 1580 2169 demum
1608 2115 1870 2184 peccanti,

282 2198 369 2255 Ne
388 2206 518 2273 ferte
538 2202 892 2257 abundantiori
917 2204 1118 2259 tristitia
1137 2204 1459 2259 absorbeatur
1472 2205 1558 2276 qui
1579 2206 1693 2259 talis
1709 2215 1779 2259 est
1796 2205 1872 2276 ('2.

281 2292 464 2348 C0122.
495 2293 567 2367 7),
610 2296 795 2366 inquit.
816 2295 1079 2351 Caeterum
1104 2307 1159 2351 ut
1178 2297 1533 2352 concedamus
1575 2297 1872 2352 daemonem

282 2386 460 2441 acrius
485 2386 706 2453 instare,
737 2402 800 2441 ex
828 2389 1007 2443 animo
1032 2400 1210 2443 autem
1243 2397 1332 2443 tuo
1361 2389 1567 2457 pulsum
1596 2403 1715 2443 esse
1742 2404 1876 2443 mm-

284 2486 487 2542 rorem,
521 2475 647 2547 quid
672 2476 780 2547 jam
808 2478 909 2532 erit
932 2493 997 2532 ex
1025 2477 1127 2533 hoc
1150 2477 1496 2534 detrimenti?
1516 2478 1642 2549 quid
1671 2477 1757 2533 hic
1784 2493 1877 2548 per

284 2580 347 2621 se
374 2567 523 2621 solus
544 2577 637 2621 aut
663 2583 882 2638 parvum
905 2578 996 2624 aut
1019 2580 1271 2639 magnum
1316 2570 1485 2641 possit
1523 2576 1707 2624 contra
1740 2571 1876 2625 nos?

284 2659 356 2714 At
383 2674 512 2715 vero
540 2672 760 2725 mceror,
793 2662 1016 2716 absente
1040 2661 1284 2717 daemone
1304 2704 1320 2726 ,
1350 2662 1514 2716 multa
1541 2676 1639 2732 per
1665 2675 1725 2716 se
1754 2659 1878 2716 hor-

286 2748 455 2804 renda
481 2748 680 2816 efficit,
710 2751 1071 2826 plurimosque
1098 2767 1284 2807 eorum
1317 2754 1406 2822 qui
1435 2752 1534 2807 sibi
1577 2761 1878 2808 nexuerant

288 2839 534 2910 laqueos,
566 2843 941 2898 consciverunt
968 2843 1195 2915 gladios,
1226 2844 1308 2900 vel
1332 2843 1474 2898 fluvii
1505 2860 1563 2899 se
1593 2844 1748 2898 undis
1777 2844 1875 2898 de—

285 2929 504 2999 derunt,
537 2932 614 2988 vel
643 2933 748 2988 alio
772 2935 958 3004 quovis
977 2948 1174 3004 genere
1199 2935 1482 3005 perdidere
1507 2936 1733 3004 seipsos,
1761 2935 1879 2990 solo

286 3022 476 3079 dolore
519 3024 571 3078 in
613 3025 899 3080 violentam
945 3036 1169 3081 mortem
1217 3026 1476 3095 impulsos
1528 3027 1875 3095 reperiemus.

287 3115 443 3182 Quod
470 3117 514 3171 si
546 3117 686 3172 inter
713 3132 805 3172 eos
832 3119 1094 3188 quiSpiam
1123 3119 1364 3174 fortassis
1391 3118 1550 3172 fuerit
1578 3128 1824 3188 arreptus
1849 3134 1879 3173 a

288 3206 567 3274 dmmone,
612 3206 770 3277 hujus
812 3220 1024 3278 quoque
1072 3207 1299 3277 perditio
1348 3224 1454 3262 non
1497 3208 1756 3274 damoui,
1786 3208 1878 3263 sed

289 3298 541 3354 maeroris
584 3299 849 3370 tyrannidi
897 3313 960 3353 ac
1012 3299 1281 3353 violentiae
1334 3300 1525 3354 merito
1575 3301 1882 3379 imputanda

289 3389 413 3444 erit.
446 3389 515 3442 Et
542 3389 839 3459 quomodo,
869 3388 1106 3460 inquies,
1140 3405 1356 3459 possum
1403 3405 1507 3444 non
1540 3405 1772 3444 mterore
1798 3390 1882 3444 af-

293 3480 421 3537 fici?
447 3481 505 3536 Si
531 3496 562 3536 a
586 3481 942 3537 multitudinis
971 3482 1221 3552 opinione
1250 3482 1316 3538 de
1348 3481 1648 3553 hujusmodi
1679 3497 1737 3536 re
1768 3482 1885 3536 lon-

289 3575 513 3644 gissime
538 3574 797 3630 recedens
817 3614 832 3641 ,
862 3575 974 3628 sola
1018 3589 1248 3644 superna
1295 3575 1515 3629 sentias.
1546 3570 1698 3628 Nunc
1740 3574 1882 3629 enim

292 3664 500 3721 idcirco
519 3679 581 3719 ea
609 3679 697 3719 res
721 3665 897 3734 gravis
919 3673 1080 3735 atque
1103 3663 1366 3720 horrenda
1391 3665 1484 3719 tibi
1511 3665 1741 3729 videtur,
1761 3666 1885 3735 quia

293 3756 486 3828 vulgus
513 3757 584 3811 ita
610 3757 900 3812 existimat.
929 3756 1088 3827 Atqui
1120 3756 1166 3811 si
1193 3757 1390 3811 omissa
1436 3757 1578 3811 inani
1608 3756 1885 3829 fallacique

293 3845 693 3902 existimatione
723 3846 890 3916 ipsam
931 3862 1044 3901 rem
1075 3846 1378 3917 diligentius
1421 3847 1763 3902 considerare
1796 3863 1888 3902 vo-

298 3935 484 4003 lueris,
523 3935 762 3991 invenies
797 3937 997 3991 nullam
1037 3937 1215 3992 inesse
1251 3937 1302 3992 ei
1344 3937 1611 3992 Intestina:
1650 3937 1888 3992 occasio-

296 4042 422 4083 nem
448 4045 462 4082 :
485 4028 625 4099 quod
643 4028 754 4099 jam
776 4044 918 4096 saepe
939 4029 1184 4099 superius
1202 4029 1551 4083 ostendimus.
1579 4029 1885 4098 [Equalium

296 4134 430 4175 vero
456 4129 665 4174 tuorum
709 4120 878 4189 gratia
906 4120 1068 4191 (reor
1106 4121 1247 4174 enim
1277 4128 1327 4175 te
1354 4120 1643 4174 intuentem
1674 4121 1884 4175 illorum

299 4213 540 4269 laetitiam
581 4228 645 4270 ac
685 4214 932 4268 fiduciam
968 4229 1090 4269 cum
1121 4214 1402 4279 fratribus,
1435 4216 1685 4270 confundi
1730 4226 1889 4287 atque

298 4317 371 4359 ex
397 4305 608 4360 tristitia
635 4305 952 4376 concidere)
995 4319 1095 4376 ego
1125 4305 1176 4360 id
1221 4307 1482 4361 veraciter
1509 4307 1733 4361 dixerim
1779 4326 1793 4362 :
1843 4308 1887 4362 si

297 4395 542 4467 quidem,
567 4397 673 4452 illis
702 4397 753 4451 in
772 4397 1097 4451 continentia
1119 4407 1174 4452 et
1191 4398 1477 4453 sobrietate
1504 4410 1664 4468 atque
1687 4399 1738 4454 in
1764 4400 1891 4454 reli-

300 4502 407 4559 qua
431 4489 553 4543 vita:
578 4484 911 4559 philosophia
938 4488 1270 4559 degentibus,
1300 4489 1412 4557 ipse
1441 4491 1493 4544 in
1521 4490 1886 4560 lupanaribus,

303 4580 360 4634 in
386 4580 525 4636 ludis
556 4581 688 4635 etin
714 4581 842 4635 aleis
886 4589 939 4635 et
986 4580 1465 4634 comessationibus
1500 4591 1706 4652 tempus
1732 4598 1891 4639 omne

303 4686 684 4739 consumercs,
725 4672 1055 4728 rationabilis
1101 4672 1336 4743 profecto
1379 4684 1520 4729 esset
1554 4673 1639 4729 hic
1690 4689 1893 4731 maeror

308 4775 432 4819 tuus
458 4783 473 4819 :
501 4764 585 4819 sin
611 4773 789 4820 autem
819 4765 1059 4820 eamdem
1105 4764 1306 4820 incedis
1331 4767 1468 4819 viam
1495 4807 1509 4829 ,
1554 4765 1680 4836 quid
1718 4781 1892 4822 causae

305 4865 393 4911 est
415 4856 556 4927 quod
583 4856 833 4927 auguris?
858 4856 1118 4926 Equidem
1149 4856 1194 4912 si
1223 4857 1350 4911 mihi
1382 4856 1447 4911 ad
1475 4858 1703 4928 aliquem
1731 4873 1794 4912 ex
1827 4860 1893 4913 iis

306 4964 488 5005 sermo
518 4958 681 5013 esset,
711 4949 803 5020 qui
829 4949 980 5005 facile
1004 4949 1332 5005 extolluntur
1359 4949 1605 5005 laudibus
1624 4993 1639 5017 ,
1682 4966 1742 5006 ea
1773 4967 1895 5020 qua:

304 5042 470 5097 modo
482 5039 726 5097 dicturus
753 5054 868 5097 sum
898 5043 1135 5113 profecto
1152 5045 1455 5099 tacuissem.
1483 5044 1744 5112 Quoniam
1768 5060 1894 5100 vero

304 5150 369 5191 ea
399 5132 529 5189 mihi
554 5134 622 5191 de
644 5145 696 5191 te
713 5149 835 5206 spes
854 5144 956 5203 est,
979 5136 1119 5207 quod
1144 5138 1546 5206 quamtumlibet
1568 5140 1684 5206 quis
1705 5146 1757 5192 te
1782 5137 1897 5192 lau-

307 5227 400 5281 det
425 5236 585 5296 atque
614 5228 904 5283 admiretur
924 5271 938 5295 ,
971 5244 1259 5298 numquam
1288 5227 1599 5285 modestiam
1641 5229 1856 5284 deseres
1876 5270 1892 5292 ,

305 5329 470 5390 atque
497 5320 842 5376 nihilominus
872 5323 1010 5375 inter
1035 5328 1304 5376 extremos
1349 5331 1399 5375 te
1438 5322 1607 5390 ipsum
1654 5331 1851 5376 statues
1876 5361 1892 5388 ,

306 5421 500 5467 cuncta
523 5411 653 5466 nihil
685 5423 925 5468 metuens
949 5423 1039 5467 aut
1064 5413 1406 5467 dissimulans
1427 5412 1629 5481 loquar.

383 5501 640 5573 Stagirius
678 5520 741 5557 ea:
778 5504 1020 5558 damonis
1047 5503 1312 5558 insultibus
1343 5503 1554 5556 multant
1594 5504 1893 5574 profecerat.

308 5623 381 5636 -—-
405 5595 574 5650 Tanta
617 5596 758 5652 enim
803 5595 962 5650 audio
1007 5594 1097 5649 tibi
1143 5593 1430 5648 accessisse
1477 5592 1686 5663 pietatis
1727 5593 1899 5647 incre-

312 5694 519 5754 menta,
550 5697 731 5742 utnon
755 5687 864 5757 jam
904 5699 1024 5742 cum
1050 5684 1460 5763 adolescentulis
1490 5685 1592 5739 illis
1612 5726 1627 5750 ,
1657 5685 1750 5739 sed
1778 5700 1896 5740 cum

315 5777 521 5850 magnis
566 5776 996 5845 admirandisque
1046 5776 1173 5829 viris
1220 5775 1411 5830 virtute
1465 5775 1776 5832 contendas.
1843 5781 1897 5838 In

643 5883 909 5947 Pauor.
955 5884 1065 5944 Gtt.
1116 5880 1364 5941 XLVII.

1118 348 1209 405 AD
1251 347 1625 405 STAGlmUM
1666 347 1711 401 Α
1750 330 2045 398 ΒλΕἜῙΟΝΕ
2088 328 2441 403 VEXATUM.
2482 329 2609 385 LIB.
2651 328 2715 385 11.
2770 346 2779 352 ·

3448 330 3556 388 450

1973 467 2118 521 nullo
2146 476 2194 521 lc
2234 466 2337 521 illis
2368 465 2669 522 inferiorem
2719 468 2896 535 aiunt,
2924 482 3030 524 non
3080 471 3285 529 ratione
3324 473 3555 545 jejunii:

1968 572 2073 623 quo
2101 557 2242 612 enim
2270 566 2444 627 pacto,
2491 573 2611 613 cum
2640 573 2831 628 panem
2864 568 2917 614 et
2941 576 3131 631 aquam
3172 573 3371 620 tantum
3399 568 3450 622 in
3479 569 3557 624 ci-

1970 646 2093 699 bum
2141 661 2353 712 sumas,
2402 646 2558 717 idque
2604 648 2825 702 alternis
2861 649 3085 705 dielms?
3116 667 3219 707 non
3261 655 3556 726 vigiliarum

1972 737 2302 807 prolixitate,
2335 754 2452 794 cum
2486 749 2539 793 ιιι
2570 739 2669 807 ipsi
2700 740 2876 809 plures
2907 758 3008 797 una
3055 756 3238 801 noctes
3287 748 3557 806 insomnes

1973 830 2232 900 transigas
2257 848 2270 896 ;
2305 848 2410 885 non
2441 833 2633 886 diurno
2661 833 2920 896 instituto,
2952 852 3057 906 quo
3084 847 3135 892 te
3162 853 3372 911 quoque
3395 842 3560 911 pluri-

1973 937 2090 977 mos
2116 924 2322 978 illorum
2355 912 2732 981 transcendere
2761 926 2898 981 fama
2945 939 3045 983 est.
3076 930 3247 985 Audio
3276 948 3339 987 ex
3374 934 3438 989 iis
3468 936 3558 1005 qui

1973 1012 2165 1068 isthinc
2186 1014 2471 1069 adveniunt
2491 1058 2506 1081 ,
2531 1016 2624 1070 tibi
2646 1033 2803 1073 ()llllle
2835 1028 3042 1087 tempus
3072 1020 3123 1074 in
3153 1022 3400 1094 lacrymis
3430 1040 3559 1094 per—

1974 1105 2251 1174 petuisquc
2275 1108 2607 1162 orationibus
2632 1110 2870 1163 consumi
2893 1128 2905 1173 ;
2936 1121 2989 1164 ct
3018 1113 3464 1181 quemadmodum
3489 1117 3558 1182 ii,

1972 1195 2064 1264 qui
2092 1197 2304 1251 silentio
2330 1212 2387 1251 se
2417 1197 2766 1264 devoverunt,
2794 1216 2957 1270 seque
2985 1201 3126 1271 ipsos
3164 1204 3375 1272 tugurio
3413 1204 3559 1261 brevi

1974 1284 2331 1348 incluserunt.
2364 1288 2490 1341 nihil
2531 1290 2819 1359 loquuntur
2842 1333 2856 1355 ,
2887 1295 2956 1345 ita
2981 1301 3037 1347 et
3083 1301 3133 1347 te
3162 1295 3308 1348 aiunt
3337 1296 3386 1349 in
3417 1304 3559 1351 tanta

1974 1386 2273 1431 versantem
2306 1378 2642 1434 multitudine
2669 1381 2971 1451 persistere.
3001 1382 3165 1437 Porro
3186 1386 3559 1442 coutritionem

1951 1466 2151 1520 cordis
2182 1467 2275 1532 tui,
2319 1467 2619 1538 squalorem
2661 1485 2723 1525 ac
2752 1470 2990 1526 dolorem
3021 1482 3076 1527 et
3112 1472 3164 1526 hi
3195 1476 3279 1544 qui
3311 1488 3561 1532 enarrant

1977 1556 2384 1624 eshorrescunt,
2419 1560 2784 1631 plurimosque
2829 1561 2915 1617 hic
2962 1562 3087 1619 dum
3144 1575 3229 1618 tua
3286 1577 3561 1622 narrarent

1976 1646 2213 1701 instituta
2267 1661 2716 1718 compunxerunt.
2791 1651 3007 1707 Nullum
3065 1668 3314 1724 umquam
3381 1657 3562 1726 ingre-

1977 1737 2257 1805 dientittm,
2282 1743 2447 1808 aiunt,
2476 1744 2713 1813 respicit,
2742 1744 2871 1798 nihil
2899 1760 2964 1800 ex
2990 1748 3259 1801 consuetis
3293 1726 3579 1804 laboribus

1979 1833 2182 1888 relaxat
2211 1850 2223 1886 :
2256 1834 2450 1903 sacpius
2476 1835 2629 1889 veriti
2661 1850 2842 1890 sumus
2886 1854 2953 1893 ne
2980 1838 3163 1893 oculos
3192 1843 3460 1913 perpetuis
3487 1843 3564 1896 la-

1976 1926 2172 1996 crymis
2209 1937 2519 1990 excaecaret,
2555 1942 2623 1982 ne
2659 1927 2847 1997 vigiliis
2878 1929 3075 1996 nimiis,
3110 1932 3485 2004 irremissoquc
3509 1945 3564 1989 et

1974 2017 2083 2086 iugi
2116 2018 2359 2072 lectionis
2387 2019 2563 2073 Studio
2584 2019 2862 2075 cerebrum
2893 2020 3205 2077 offenderet.

2027 2109 2080 2162 2.
2105 2110 2216 2165 lloc
2231 2125 2357 2181 ergo
2381 2119 2430 2167 te
2448 2126 2678 2168 niterore
2697 2114 2913 2169 conticit
2926 2120 3087 2185 atque
3118 2116 3402 2186 perturbat,
3424 2119 3564 2188 quod

1978 2202 2209 2271 aequales
2242 2212 2359 2256 tuos
2391 2211 2532 2256 tanta
2561 2205 2877 2260 excellentia
2906 2220 3124 2276 superas
3149 2248 3162 2273 ,
3195 2208 3334 2278 quod
3366 2211 3566 2263 acerri-

1980 2307 2125 2346 mum
2154 2301 2206 2347 et
2236 2293 2596 2362 impudentem
2630 2303 2814 2351 nactus
2843 2296 3205 2353 adversarium
3228 2339 3240 2363 ,
3271 2308 3417 2354 tanto
3446 2312 3568 2369 spa-

1980 2383 2054 2437 tio
2082 2393 2255 2439 tecum
2298 2386 2493 2453 pariter
2519 2394 2796 2441 currentes
2824 2390 3121 2445 excessisti.
3155 2391 3342 2451 Annon
3375 2391 3566 2445 merito

1979 2473 2218 2530 dicebam
2250 2490 2533 2532 mcerorem
2567 2478 2706 2534 hunc
2736 2492 3071 2549 praesumpta:
3110 2482 3280 2535 solum
3307 2496 3427 2537 esse
3453 2483 3567 2551 opi-

1981 2566 2185 2631 nionis;
2216 2568 2261 2629 si
2291 2569 2629 2622 examinctur
2653 2584 2802 2633 vero,
2836 2585 3072 2624 summas
3103 2572 3255 2626 nobis
3287 2573 3479 2626 lautitiae
3505 2588 3567 2626 ac

1983 2658 2380 2729 tranquillitatis
2406 2661 2714 2715 occasiones
2741 2661 3016 2730 praebere?
3037 2664 3164 2727 Quae
3184 2663 3325 2717 enim
3347 2664 3562 2728 utilitas,

1983 2765 2165 2819 quaeso
2196 2759 2266 2816 te,
2297 2765 2327 2804 a
2350 2749 2595 2805 dmmone
2623 2766 2729 2804 non
2769 2752 2999 2820 corripi,
3032 2753 3075 2806 si
3125 2753 3242 2806 vitae
3274 2753 3567 2817 institutum

1983 2843 2310 2913 negligatur?
2339 2842 2482 2913 quod
2509 2842 2761 2897 damnum
2793 2845 3027 2914 corripi,
3073 2844 3117 2898 si
3149 2845 3254 2898 vita
3302 2856 3447 2900 recte
3490 2845 3571 2900 in-

1982 2937 2163 2990 stituta
2188 2944 2243 2989 et
2263 2946 2510 2989 accurata
2536 2936 2643 2991 sit?
2662 2935 2733 2989 At
2754 2935 2977 2990 fortasse
3002 2937 3341 2992 confunderis
3365 2952 3427 2992 ac
3449 2953 3572 2993 eru-

1985 3026 2191 3088 bescis,
2231 3039 2350 3078 cum
2385 3035 2436 3080 te
2462 3025 2562 3080 sub
2590 3026 2760 3080 oculis
2807 3026 3158 3096 quorumdam
3204 3027 3420 3096 dejicit?
3464 3027 3568 3082 Sed

1986 3114 2089 3169 hoc
2119 3116 2210 3170 tibi
2238 3131 2301 3170 ex
2334 3115 2519 3169 eadem
2566 3115 2772 3171 ratione
2801 3117 3077 3185 contingit,
3108 3118 3246 3186 quod
3279 3118 3572 3172 multitudi-

1987 3208 2070 3262 nis
2090 3207 2341 3279 opinione
2380 3208 2647 3277 negotium
2698 3207 2832 3275 boc,
2877 3224 2981 3261 non
3023 3209 3299 3263 ratiocinio
3343 3210 3571 3266 metiris.

1986 3296 2225 3367 Namque
2250 3296 2442 3352 cadere
2470 3311 2576 3352 non
2602 3297 2651 3351 id
2680 3309 2781 3362 est,
2809 3297 2950 3367 quod
2983 3307 3037 3352 tu
3069 3307 3118 3353 te
3147 3301 3249 3368 pati
3279 3300 3412 3354 dicis
3431 3342 3445 3365 ,
3478 3304 3571 3355 sed

1988 3387 2041 3440 in
2086 3395 2360 3457 peccatum
2390 3400 2640 3442 corruere
2671 3405 2683 3440 :
2712 3387 2763 3441 in
2794 3386 2896 3441 hoc
2924 3402 3053 3442 sane
3096 3402 3224 3442 casu
3264 3389 3479 3457 dolere,
3521 3407 3573 3445 m

1988 3477 2093 3532 hoc
2132 3476 2450 3533 erubescere
2472 3478 2739 3532 convenit.
2771 3475 2879 3532 Nos
2907 3486 3090 3532 contra
3139 3479 3192 3532 in
3223 3478 3286 3534 iis
3310 3495 3428 3550 qum
3459 3482 3576 3536 nul-

1988 3570 2094 3625 lam
2127 3571 2325 3625 habent
2368 3572 2703 3626 verecundia:
2729 3574 2990 3626 rationem
3018 3570 3423 3636 confundimur;
3456 3589 3575 3644 qua:

1989 3672 2167 3719 autem
2191 3679 2375 3718 revera
2391 3673 2515 3719 sunt
2534 3664 2728 3733 turpia,
2751 3665 3223 3735 exsecrationeque
3244 3680 3304 3719 ae
3324 3681 3576 3737 supremo

1989 3754 2144 3824 digna
2174 3755 2408 3808 cruciatu
2430 3796 2445 3819 ,
2476 3770 2537 3810 ea
2564 3755 2689 3809 dum
2721 3765 3087 3825 perpetramus
3108 3798 3121 3821 ,
3151 3755 3282 3810 nihil
3328 3772 3426 3812 nos
3453 3757 3576 3812 mali

1993 3848 2097 3915 pati
2124 3846 2465 3900 arbitramur.
2497 3847 2670 3916 Atque
2694 3848 2868 3900 anima
2898 3847 3111 3917 quidem
3139 3847 3362 3918 singulis
3390 3847 3578 3904 diebus

1994 3948 2334 4008 peccatorum
2382 3939 2433 3993 vi
2474 3948 2793 4005 corr-acute,
2824 3939 2998 3993 nullus
3041 3948 3123 3993 est
3168 3940 3256 4008 qui
3289 3939 3500 4009 lugeat;
3532 3941 3579 3995 si

1992 4029 2205 4098 quando
2229 4044 2358 4084 vero
2386 4044 2580 4099 corpus
2615 4032 2715 4084 hoc
2741 4031 2937 4099 aliquid
2975 4031 3204 4099 patitur,
3249 4030 3297 4083 id
3328 4046 3457 4085 vero
3481 4032 3579 4087 du-

1993 4138 2109 4175 rum
2140 4130 2299 4191 atque
2346 4123 2681 4177 intolerabile
2710 4138 2828 4177 esse
2858 4123 3086 4178 videtur.
3110 4121 3298 4178 Nonne
3328 4123 3380 4178 id
3404 4123 3579 4193 ponus

1993 4223 2077 4266 est
2117 4229 2146 4265 a
2191 4214 2435 4267 daemone
2464 4215 2693 4283 corripi,
2725 4215 2767 4267 si
2799 4215 2933 4269 adeo
2961 4214 3333 4270 miserabiliter
3370 4217 3581 4271 animus

1994 4303 2273 4369 afficiatur,
2297 4313 2454 4373 atque
2484 4306 2553 4358 ita
2578 4307 2716 4358 circa
2748 4322 2924 4359 rerum
2943 4307 3138 4375 judicia
3172 4306 3418 4361 fallatur?
3447 4307 3577 4361 Nam

1994 4396 2039 4450 si
2069 4395 2118 4449 id
2148 4395 2362 4464 quidem
2388 4412 2452 4449 ex
2482 4397 2740 4450 ebrietate
2771 4398 3030 4464 patereris
3051 4439 3063 4460 ,
3094 4397 3343 4451 confundi
3389 4398 3581 4452 merito

1997 4503 2061 4543 ac
2092 4503 2321 4543 moerere
2367 4486 2675 4550 debuisses,
2709 4489 2903 4557 quippe
2944 4487 2994 4540 id
3046 4488 3333 4543 voluntatis
3379 4490 3579 4543 crimen

1999 4594 2180 4643 esset;
2211 4582 2292 4636 sin
2319 4590 2495 4635 autem
2535 4580 2755 4633 alterius
2796 4579 3043 4633 violentia
3077 4580 3126 4634 id
3159 4581 3250 4644 fit,
3284 4597 3388 4635 non
3420 4582 3462 4634 is
3491 4584 3580 4652 qui

2000 4686 2224 4731 vexatur
2249 4689 2405 4745 atque
2431 4689 2546 4729 eam
2576 4672 2877 4726 violentiam
2903 4672 3107 4734 tolerat,
3133 4673 3225 4727 διιά
3256 4672 3298 4725 is
3326 4674 3415 4743 qui
3439 4674 3580 4729 illam

1999 4770 2181 4833 infert,
2209 4765 2527 4821 erubescere
2555 4764 2732 4819 debet.
2765 4763 2895 4817 Nam
2929 4775 2975 4818 ct
3013 4765 3062 4817 in
3095 4765 3267 4835 platea
3299 4765 3341 4818 si
3371 4764 3584 4835 quando

1998 4872 2284 4915 ccinnnssa
2314 4873 2485 4928 pugna
2513 4858 2644 4911 alter
2668 4857 2892 4911 alterum
2926 4857 3204 4925 impellens
3230 4856 3414 4927 dejtcn
3432 4900 3448 4923 ,
3477 4876 3585 4914 non

2000 4951 2276 5005 cadentem
2295 4992 2309 5016 ,
2340 4949 2434 5004 sed
2483 4949 2837 5017 impellentem
2866 4963 3178 5003 accusamus
3206 4964 3414 5005 omnes.
3449 4950 3587 5007 Utile

2000 5043 2215 5113 quidem
2236 5051 2319 5097 cst
2342 5042 2679 5105 erubescere,
2708 5040 2801 5095 sed
2833 5050 2939 5094 tum
2976 5039 3212 5109 profecto
3238 5056 3359 5095 cum
3391 5043 3588 5113 aliquid

2002 5135 2327 5205 gesserimus
2347 5132 2487 5203 quod
2516 5133 2603 5188 ille
2630 5132 2845 5202 dignum
2876 5132 3109 5186 cruciatu
3127 5132 3346 5201 judicet.
3373 5135 3462 5204 qui
3493 5152 3589 5187 nos

1998 5226 2332 5296 judicaturus
2365 5224 2417 5278 in
2452 5224 2555 5279 fine
2585 5234 2684 5278 est.
2711 5222 2972 5291 Quamdiu
3016 5233 3193 5278 autem
3241 5226 3370 5278 nihil
3410 5227 3591 5294 hujus-

2006 5322 2146 5377 modi
2180 5321 2333 5374 nobis
2358 5319 2557 5374 conscii
2583 5316 2858 5381 fuerimus,
2884 5314 3033 5384 cujus
3064 5317 3140 5370 rei
3167 5319 3333 5386 gratia
3360 5317 3588 5371 contum.

2004 5414 2214 5469 dimur?
2243 5411 2426 5480 Neque
2451 5410 2591 5464 cnim
2637 5407 2680 5461 si
2707 5407 2824 5478 quis
2852 5408 2968 5461 siue
2995 5406 3198 5461 ratione
3228 5407 3466 5477 nihilque
3498 5408 3589 5460 la:-

2006 5521 2098 5561 sus
2128 5516 2177 5560 te
2209 5505 2439 5560 caidcret
2462 5545 2475 5568 ,
2515 5511 2601 5556 aut
2644 5502 2693 5554 in
2724 5511 2916 5555 terram
2944 5499 3224 5567 dejiceret,
3255 5509 3415 5569 tuque
3441 5498 3586 5553 omni

2007 5597 2412 5654 mansuetudine
2441 5596 2670 5650 tolerans
2695 5593 2901 5657 abires,
2933 5592 3260 5645 confusionis
3297 5607 3357 5644 ca
3386 5604 3472 5645 res
3500 5603 3588 5644 es-

2007 5706 2107 5762 set,
2136 5697 2229 5755 sed
2252 5691 2598 5766 philosopliire
2622 5688 3078 5756 maximarumque
3107 5684 3341 5739 laudum.
3367 5680 3518 5747 Quod
3539 5681 3586 5736 si

2011 5791 2312 5845 hominibus
2359 5784 2575 5854 injurias
2603 5775 2977 5843 inferentibus,
3006 5776 3056 5829 id
3104 5772 3339 5843 perferre
3381 5772 3584 5840 glorio-

3161 5875 3241 5935 26
