4060 6136
541 313 651 369 1331

551 462 668 502 sum
691 454 773 503 est
793 488 806 513 ,
830 462 973 502 eone
994 489 1008 514 ,
1040 449 1128 519 qui
1155 463 1340 505 omnes
1366 451 1597 520 nequitia
1643 449 1994 513 transcendit,
2030 449 2130 504 hoc

557 540 728 607 ipsunt
763 539 1024 605 faciente,
1053 540 1141 609 qui
1186 539 1325 594 illius
1370 541 1640 594 vesaniam
1689 542 1895 594 fortiter
1933 540 2127 604 tulerit,

557 630 705 692 quasi
753 645 868 683 rem
899 631 1284 699 vituperatione
1309 631 1518 701 dignam
1549 632 1760 696 fecerit,
1795 631 1984 686 rubore
2014 647 2133 700 pcr—

556 720 850 774 fundelur?
879 721 943 774 Et
985 721 1108 790 quid
1136 722 1235 777 hac
1264 725 1639 778 contrarietate
1665 725 1768 778 dici
1799 723 2133 778 irrationabi—

557 808 660 861 lius
690 810 852 877 possit
874 813 897 863 Ἰ
929 810 984 864 Si
1016 811 1156 864 enim
1184 827 1249 866 ex
1277 827 1400 866 casu
1425 814 1512 867 illo
1533 827 1822 884 exsurgens
1849 822 2000 883 turpe
2040 813 2135 866 ali-

559 900 685 969 quid
705 911 792 954 aut
821 902 994 957 facere
1023 903 1369 970 inducereris,
1402 913 1491 958 aut
1515 904 1678 974 loqui,
1709 921 1775 960 ne
1797 905 1907 974 ipse
1924 903 2132 974 quidem

557 1004 718 1059 super
749 992 830 1046 his
861 1003 911 1047 te
939 993 1116 1063 lugere
1145 1010 1207 1048 ac
1227 995 1408 1050 dolere
1439 995 1776 1065 prohiberem
1807 1013 1820 1046 :
1851 997 1931 1049 sin
1957 1005 2132 1050 autem

553 1086 739 1138 omnia
769 1100 886 1139 cum
917 1087 1204 1155 gratiarum
1234 1089 1444 1143 actione
1473 1089 1689 1155 toleras,
1714 1097 1870 1158 atque
1893 1089 1958 1141 ad
1980 1105 2137 1142 oran-

547 1176 686 1229 -dmn
714 1185 765 1230 te
791 1180 967 1232 statim
991 1181 1279 1245 convertis,
1311 1180 1434 1250 quid
1463 1189 1545 1235 est
1582 1181 1723 1250 quod
1753 1182 1845 1234 tibi
1876 1195 2136 1234 verecun-

561 1268 702 1321 diam
748 1278 838 1322 aut
863 1271 1229 1326 confusionem
1261 1273 1468 1342 pariat?
1499 1273 1603 1329 Sed
1647 1273 1886 1326 fortassis
1927 1273 2055 1327 dura
2087 1287 2139 1328 et

559 1358 783 1412 dolenda
801 1361 1099 1428 judicantur
1125 1361 1315 1430 probra
1344 1364 1410 1418 ab
1438 1363 1555 1418 aliis
1581 1364 1631 1416 in
1659 1377 1757 1417 nos
1783 1363 2040 1431 conjecta.

635 1450 854 1514 Quinam
880 1470 989 1507 vere
1013 1454 1329 1507 daemoniaci.
1355 1484 1426 1494 —
1451 1455 1516 1508 Et
1557 1455 1683 1524 quid
1729 1454 1988 1524 ejusmodi
2037 1453 2137 1507 ho-

564 1543 797 1598 minibus
826 1544 928 1598 dici
958 1545 1359 1616 vituperabilius
1404 1548 1602 1616 possit,
1646 1549 1732 1616 qui
1785 1563 1952 1616 neque
1981 1547 2135 1616 digna

539 1632 975 1712 exprobratione
1005 1637 1106 1691 rite
1133 1648 1350 1706 possunt
1378 1638 1722 1693 discernere?
1767 1639 1855 1692 isti
1886 1640 2026 1693 enim
2059 1654 2140 1692 rc-

572 1738 698 1776 vera
725 1725 894 1778 insani
921 1734 1064 1792 sunt,
1095 1740 1157 1780 ac
1184 1727 1447 1781 dmmonio
1471 1728 1630 1797 pleni,
1659 1730 1747 1798 qui
1783 1744 1960 1783 rerum
1991 1743 2142 1784 natu-

565 1828 677 1866 ram
712 1823 767 1867 ut
790 1828 910 1868 sese
938 1815 1130 1870 habeat
1155 1817 1349 1872 intueri
1370 1833 1655 1888 numquam
1685 1819 2024 1885 didicerunt,
2045 1820 2139 1874 sed

563 1919 624 1959 ea
655 1920 770 1975 quae
797 1917 919 1960 sunt
957 1907 1199 1962 laudibus
1226 1908 1529 1979 dignissima
1571 1911 1902 1980 vituperant,
1929 1919 1982 1964 et
2022 1925 2139 1979 qua:

565 2003 689 2049 sunt
733 1997 1100 2065 exprobranda
1145 2000 1197 2052 in
1249 1999 1586 2068 laudabilium
1636 2000 1957 2055 transferunt
1999 2000 2142 2054 ordi-

567 2101 707 2140 nem.
742 2087 988 2142 Plurimis
1019 2098 1072 2144 et
1097 2089 1390 2159 phrenetici
1419 2101 1706 2160 praesentes
1742 2091 2034 2147 maledictis
2063 2092 2142 2145 in-

565 2189 868 2243 sectantur;
899 2180 990 2234 sed
1021 2182 1110 2251 qui
1138 2182 1223 2236 illa
1249 2183 1470 2236 audiunt
1508 2184 1678 2238 nullas
1714 2198 1771 2238 se
1811 2185 1916 2253 pati
1955 2193 2142 2237 contu-

568 2269 755 2324 melias
783 2272 1108 2327 existimant.
1137 2271 1204 2326 Et
1230 2283 1282 2327 tu
1325 2274 1480 2344 igitur
1503 2288 1624 2328 cum
1655 2282 1891 2328 amentes
1923 2274 2039 2328 illos
2070 2274 2142 2328 ita

573 2360 714 2429 loqui
741 2362 893 2416 audis
916 2404 931 2428 ,
981 2363 1087 2417 noli
1112 2365 1486 2419 contumeliam
1519 2375 1607 2419 aut
1634 2365 1995 2420 confusionem
2024 2379 2140 2419 eam

565 2468 684 2508 rem
715 2455 1040 2519 existimare,
1062 2472 1126 2511 ne
1147 2472 1272 2512 vere
1293 2457 1500 2526 probris
1523 2467 1572 2513 te
1593 2457 1808 2528 dignum
1831 2458 2137 2522 constituas,

563 2547 690 2600 dum
718 2557 898 2602 contra
930 2559 980 2604 te
1011 2551 1176 2604 Deum
1204 2566 1476 2620 provocas.
1508 2551 1638 2605 Cum
1661 2551 1800 2605 enim
1828 2566 1889 2605 ea
1907 2566 2023 2620 qua:
2049 2563 2144 2619 pro

571 2647 745 2690 nostra
771 2639 1141 2694 emendatione
1161 2648 1215 2694 et
1239 2641 1459 2694 utilitate
1485 2655 1515 2693 a
1543 2640 1652 2695 Deo
1674 2639 1995 2704 inferuntur,
2023 2653 2145 2708 pro-

570 2726 666 2780 bro
697 2728 790 2781 tibi
810 2743 928 2782 esse
954 2729 1244 2795 arbitraris,
1273 2728 1390 2784 vide
1417 2745 1521 2798 quo
1537 2729 1637 2782 hoc
1663 2729 1858 2782 tnalum
1890 2737 2142 2798 emerget.

642 2817 694 2869 ‘5.
736 2817 887 2882 Quod
917 2819 959 2870 si
987 2819 1064 2872 vis
1085 2819 1171 2888 qui
1201 2822 1306 2873 sint
1331 2835 1511 2874 revera
1543 2819 1852 2874 confusione
1879 2829 1931 2874 et
1958 2835 2150 2890 expro-

576 2906 816 2962 bratione
841 2909 984 2977 digni
1017 2911 1350 2978 perspicere:
1381 2927 1575 2980 paucos
1606 2928 1635 2966 e
1665 2911 1842 2966 multis
1873 2913 1962 2966 tibi
1989 2928 2149 2967 cona-

575 3011 671 3050 DOl‘
697 2998 998 3053 ostendere.
1047 2999 1155 3054 Eos
1205 3001 1440 3070 inspice,
1492 3002 1578 3070 qui
1632 3001 1907 3055 mulierum
1964 3002 2148 3058 forma:

574 3087 718 3140 omni
745 3087 920 3142 studio
947 3089 1140 3144 addicti
1167 3101 1309 3155 sunt,
1344 3093 1430 3161 qui
1461 3095 1696 3162 pecuniis
1721 3110 1889 3164 usque
1914 3094 1978 3148 ad
2009 3095 2151 3148 insa—

572 3177 712 3231 niant
744 3178 982 3244 inhiant,
1013 3181 1102 3250 qui
1138 3183 1385 3250 potentia:
1413 3198 1474 3236 ac
1521 3183 1703 3254 glori-.e
1747 3195 1870 3237 sunt
1918 3183 2151 3253 cupidis-

557 3270 729 3334 simi,
773 3280 936 3341 utque
984 3273 1082 3326 ista
1107 3284 1531 3344 consequantur,
1573 3290 1727 3346 agere
1767 3277 1942 3329 omnia
1967 3287 2018 3330 et
2041 3276 2147 3344 pati

557 3361 854 3426 sustinent,
883 3361 970 3430 qui
1000 3363 1162 3416 livore
1192 3373 1247 3417 et
1274 3364 1465 3417 invidia
1495 3364 1791 3430 tabescunt,
1814 3366 1901 3434 qui
1933 3365 2061 3419 nihil
2092 3381 2150 3420 se

577 3447 889 3503 laedentibus
917 3450 1264 3518 insidiantur,
1314 3455 1400 3523 qui
1445 3464 1612 3508 atram
1643 3454 1802 3511 bilem
1848 3457 2148 3524 patiuntur,

572 3536 661 3603 qui
687 3538 806 3590 vita:
829 3541 1104 3606 prmsentis
1130 3544 1412 3597 vanitatem
1453 3557 1658 3598 smnma
1687 3545 1830 3599 rabie
1860 3555 2146 3600 sectantur.

559 3627 676 3678 .lsta
702 3642 886 3681 revera
916 3639 1072 3699 atque
1098 3630 1180 3684 his
1201 3632 1394 3686 similia
1423 3636 1653 3688 vesania:
1679 3647 1803 3688 sunt
1824 3650 2004 3705 opera,
2029 3649 2151 3706 stip-

558 3716 836 3786 .plicioque
877 3717 1067 3787 digna;
1126 3721 1224 3774 ista
1267 3723 1474 3790 probris
1532 3733 1688 3793 atque
1725 3727 1966 3781 irrisione
2011 3727 2152 3782 inse-

565 3805 782 3859 ctanda.
813 3807 979 3861 Porro
999 3809 1042 3862 si
1073 3810 1191 3878 quis
1217 3810 1340 3864 dum
1370 3813 1706 3880 perturbatur
1731 3829 1758 3866 a
1790 3815 2046 3880 daemone,
2073 3819 2151 3872 sic

555 3913 784 3968 quoque
810 3915 1071 3954 summam
1099 3902 1148 3954 in
1191 3902 1294 3955 vita
1323 3902 1708 3973 philosophiam
1739 3907 2018 3973 exhibeat,
2045 3924 2147 3963 non

574 3988 750 4044 solum
778 4004 881 4044 non
911 3992 1315 4060 exprobrandus
1339 4035 1353 4058 ,
1385 4009 1568 4048 verum
1613 3996 1952 4051 admirandus
1998 4014 2150 4052 coro-

577 4080 891 4148 nandusque
940 4082 1006 4134 ab
1052 4083 1297 4136 omnibus
1322 4093 1431 4146 est,
1461 4086 1548 4153 qui
1581 4095 1658 4138 tot
1707 4087 1969 4156 tantisque
2016 4104 2151 4156 prae-

559 4169 786 4236 ,pedilus
843 4171 1099 4234 vinculis,
1149 4187 1360 4227 cursum
1399 4175 1532 4229 adeo
1583 4175 1903 4232 laboriosum
1947 4180 2146 4246 currit,

573 4259 896 4329 arduamque
929 4271 982 4314 et
1006 4277 1247 4331 asperam
1271 4266 1580 4320 conscendit
1606 4269 1815 4322 virtutis
1839 4268 1996 4322 viam.
2028 4270 2146 4325 Cae—

576 4357 744 4404 terum
763 4352 943 4406 nescio
963 4367 1066 4422 quo
1085 4362 1237 4421 pacto
1253 4371 1337 4410 me
1351 4368 1490 4426 pene
1512 4367 1564 4412 et
1579 4359 1718 4414 aliud
1741 4360 2146 4431 eli‘ugerit,quod

576 4443 688 4511 ipse
715 4444 830 4513 plus
870 4446 1032 4500 habes
1073 4462 1228 4517 quam
1261 4448 1451 4504 fratres
1489 4450 1698 4520 reliqui.
1746 4452 1798 4505 id
1845 4461 2020 4506 autem
2068 4463 2148 4507 est

577 4532 876 4602 hujusmodi
899 4554 911 4588 ε
933 4535 986 4591 Si
1009 4538 1131 4606 quid
1157 4554 1184 4593 a
1214 4548 1263 4593 te
1291 4550 1565 4610 peccatmn
1587 4552 1689 4606 est,
1719 4541 1872 4595 facile
1904 4559 1996 4612 per
2015 4542 2149 4597 hanc

576 4638 876 4691 pressuram
902 4626 952 4680 id
983 4642 1140 4684 omne
1161 4629 1369 4686 deletur
1392 4646 1454 4686 ac
1481 4633 1786 4688 remittitur.
1816 4633 1990 4703 Atque
2011 4649 2041 4687 ει
2064 4649 2149 4687 me

577 4711 678 4769 hoc
705 4725 858 4770 antea
889 4726 1157 4772 ostensum
1179 4728 1280 4787 est,
1307 4735 1427 4776 cum
1449 4721 1516 4776 de
1544 4721 1761 4790 Lazaro,
1786 4730 1840 4776 et
1859 4723 1925 4777 de
1947 4723 2037 4777 illo
2059 4724 2146 4793 qui

575 4806 716 4873 apud
740 4807 1046 4864 Corinthios
1067 4809 1359 4866 fornicatus
1401 4823 1513 4879 est,
1544 4830 1845 4870 sermonem
1874 4816 2145 4871 haberem.

576 4896 681 4949 Sed
722 4901 892 4967 patri,
925 4901 1134 4970 inquies
1157 4943 1171 4968 ,
1202 4903 1362 4958 timeo
1389 4923 1401 4956 :
1433 4906 1531 4958 etsi
1560 4908 1736 4960 omnia
1768 4923 1882 4962 mea
1913 4909 2150 4963 modeste

575 5001 637 5040 ac
668 4986 858 5042 leniter
883 4991 1116 5060 perferre
1147 4994 1366 5062 possim,
1399 4997 1664 5063 quomodo
1705 4998 1842 5052 illius
1882 5015 2061 5053 casum
2087 5015 2148 5054 at:

579 5075 849 5130 vesaniam
893 5078 1091 5145 feram,
1140 5083 1186 5135 si
1229 5083 1441 5153 quando
1471 5086 1596 5153 quid
1650 5087 1835 5140 horum
1890 5089 2148 5142 senserit?

581 5171 848 5228 Hactenus
873 5175 1083 5242 quidem
1112 5177 1241 5231 nihil
1274 5180 1550 5247 persensit.
1580 5180 1671 5234 Est
1698 5191 1872 5234 autent
1905 5184 2149 5237 maximae

581 5261 1026 5330 pusillanimitatis
1047 5280 1229 5321 eorum
1263 5271 1449 5339 gratia,
1480 5287 1598 5340 qua:
1627 5281 1805 5341 postea
1837 5274 2144 5343 aliquando,

580 5352 664 5407 vel
698 5352 857 5408 etiam
896 5357 1114 5412 omnino
1167 5374 1270 5413 non
1320 5371 1570 5416 eventura
1600 5372 1740 5427 sunt,
1770 5380 1998 5421 maerore
2040 5367 2148 5436 jam

581 5458 679 5497 nos
729 5457 792 5498 ac
835 5443 1022 5502 dolore
1063 5449 1344 5505 conficere.
1375 5451 1525 5507 Unde
1568 5455 1708 5509 enim
1757 5457 1908 5510 nobis
1947 5469 2152 5514 constet

582 5535 695 5590 haec
732 5534 797 5589 ad
827 5535 966 5592 illius
1001 5550 1312 5609 perventura
1360 5545 1634 5600 notitiam?
1674 5547 1782 5602 lmo
1811 5563 1936 5603 vero
1958 5550 2152 5606 sithoc

577 5629 738 5698 plane
769 5631 1101 5702 perspicuum
1125 5671 1142 5700 ,
1195 5635 1651 5708 concedanmsque
1677 5680 1689 5700 ,
1723 5639 1766 5692 si
1804 5640 1914 5704 vis,
1963 5651 2150 5696 cuncta

576 5719 729 5776 illum
763 5723 1122 5791 nosciturum,
1167 5724 1494 5798 plurimaque
1543 5731 1792 5786 atrociter
1843 5729 2146 5786 facturum:

1289 319 1347 373 S.
1387 314 1661 373 JOANNIS
1699 314 2168 373 CHRYSOSTOMI
2207 315 2517 372 ARCHIEP.
2561 315 3084 374 CONSTANTINOP.

3703 310 3808 367 ιω

2245 428 2398 484 laudo
2431 440 2479 484 te
2521 431 2784 499 equidem,
2811 431 2854 484 si
2907 430 3044 482 illius
3087 427 3272 482 doleas
3318 425 3523 487 vicem..
3552 437 3806 481 caeterum

2242 519 2364 573 nolo
2391 520 2440 573 id
2467 536 2586 573 cum
2618 529 2705 574 tuo
2740 520 3060 574 detrimento
3105 516 3286 571 facias.
3335 515 3540 584 Quippe
3581 529 3674 570 eos
3718 518 3809 584 qui

2238 626 2298 665 ea
2329 626 2446 679 quae
2474 627 2683 665 sursum
2712 621 2834 664 sunt
2859 612 3100 680 sapiunt,
3141 619 3192 663 et
3221 623 3325 662 non
3351 623 3473 677 quze
3499 621 3661 676 super
3706 615 3815 660 ter-

2252 717 2373 768 ‘am,
2407 717 2510 756 non
2534 703 2703 756 solum
2734 702 2802 756 ab
2831 703 2904 755 ira
2935 711 2987 756 et
3027 698 3452 768 concupiscentia
3495 697 3814 766 exterisque

2242 793 2743 863 portet-bubonibus,
2771 791 2863 847 sed
2886 808 2914 845 a
2945 805 3174 846 maerore
3205 790 3364 844 etiam
3387 789 3658 842 abstinere
3688 803 3819 841 con-

2240 884 2400 940 venit.
2432 884 2530 938 llic
2557 885 2698 938 enim
2733 884 2886 953 longe
2916 881 3174 950 pluribus,
3201 896 3358 950 quam
3389 890 3512 933 sunt
3538 879 3821 948 perturba-

2241 975 2410 1028 tiones
2438 975 2570 1037 ill.e,
2605 989 2703 1028 nos
2742 971 3090 1027 incommodis
3115 971 3306 1034 afficit;
3349 984 3674 1039 prorsusque
3723 983 3823 1022 ne-

2239 1080 2386 1118 cesse
2412 1074 2494 1119 est
2539 1065 2792 1118 adversus
2843 1064 2988 1116 illum
3031 1079 3128 1116 nos
3175 1062 3458 1116 fortissime
3506 1061 3817 1130 insurgere,

2242 1154 2339 1207 nisi
2367 1157 2584 1209 omnino
2612 1154 2785 1223 perire
2811 1154 3050 1207 velimus.
3082 1151 3212 1205 Nam
3259 1153 3302 1205 si
3336 1151 3546 1220 quidem
3582 1155 3697 1222 ipse
3721 1151 3822 1204 hu-

2237 1244 2471 1314 jusmodi
2491 1245 2850 1298 calamitatum
2879 1244 3013 1312 patri
3040 1251 3227 1296 auctor
3249 1241 3452 1296 futurus
3481 1257 3648 1307 esses,
3672 1252 3821 1296 recte

2250 1348 2369 1387 iane
2399 1333 2689 1402 trepidares
2723 1349 2784 1387 ac
2807 1343 3084 1397 tremeres,
3113 1333 3200 1402 qui
3231 1341 3387 1386 tanta:
3411 1333 3481 1385 illi
3510 1333 3823 1401 perditionis

2241 1437 2399 1476 causa
2425 1437 2606 1486 esses;
2637 1425 2718 1476 sin
2747 1433 2922 1476 autem
2968 1424 3190 1490 ipsemet
3231 1423 3452 1476 summis
3479 1422 3635 1475 malis
3661 1433 3822 1490 atque

2243 1513 2592 1568 incommodis
2621 1512 2758 1567 affici
2789 1513 2916 1580 vult,
2943 1513 3072 1566 nihil
3102 1523 3153 1567 te
3181 1513 3368 1567 horum
3393 1514 3602 1582 penitus
3631 1513 3820 1580 tangit,

2244 1607 2342 1658 nisi
2365 1607 2417 1659 in
2444 1617 2696 1675 quantum
2727 1606 2861 1672 patri
2890 1606 2973 1674 pie
2999 1605 3391 1659 cendolendum
3420 1613 3520 1658 est.
3551 1604 3820 1657 Praeterea

2243 1698 2508 1752 nescimus
2535 1698 2800 1767 quomodo
2847 1697 3145 1767 hujusmodi
3189 1697 3428 1750 nuntium
3479 1696 3566 1749 ille
3621 1696 3825 1749 laturus

2243 1787 2344 1852 sit;
2368 1787 2586 1856 plurima
2601 1787 2742 1842 enim
2764 1802 2904 1856 sazpc
2925 1796 3106 1842 contra
3122 1801 3277 1856 quam
3305 1786 3632 1854 sperabatur,
3654 1800 3824 1839 emer-

2243 1888 2449 1932 serunt.
2481 1877 2610 1932 Nam
2642 1889 2696 1932 et
2723 1878 2849 1932 illud
2878 1893 3036 1932 unum
3062 1887 3144 1931 est
3171 1892 3237 1931 ex
3268 1877 3350 1941 iis,
3383 1891 3500 1945 qua:
3530 1891 3654 1928 raro
3684 1877 3824 1929 acci-

2245 1970 2406 2035 dunt;
2437 1979 2493 2024 at
2535 1969 2637 2024 hoc
2658 1970 2929 2039 probabile
2953 1978 3033 2024 est
3051 2011 3065 2035 ,
3105 1984 3167 2023 ac
3192 1969 3503 2038 plerumque
3531 1969 3672 2022 solet
3700 1983 3823 2022 eve-

2245 2063 2377 2118 nire.
2410 2061 2567 2118 Unde
2595 2062 2646 2116 id
2674 2062 2848 2133 colligi
2874 2062 3081 2132 potest?
3107 2062 3275 2116 Habet
3301 2061 3627 2115 adulterinos
3653 2060 3790 2114 ﬁlios
3808 2101 3822 2124 ,

2244 2173 2376 2226 quos
2404 2165 2458 2212 et
2489 2157 2700 2226 plurimi
2743 2155 2900 2221 facit;
2951 2171 3110 2228 porro
3155 2156 3271 2210 iure
3315 2155 3456 2209 illius
3496 2155 3699 2208 amoris
3751 2153 3824 2206 vis

2245 2249 2502 2316 ejusmodi
2532 2265 2815 2304 maerorem
2854 2248 3098 2303 facillime
3125 2248 3288 2303 lenire
3321 2247 3529 2316 poterit.
3559 2245 3638 2300 Ne
3669 2245 3828 2315 igitur

2247 2340 2438 2394 frustra
2471 2341 2694 2410 teipsutn
2722 2342 2861 2396 curis
2886 2342 3175 2395 excrucies.
3231 2339 3362 2395 Nam
3405 2341 3446 2394 si
3477 2340 3640 2408 patris
3671 2352 3828 2392 causa

2246 2431 2530 2486 dolendum
2558 2441 2670 2499 est,
2699 2433 2812 2501 ejus
2842 2433 3078 2502 profecto
3104 2433 3180 2488 rei
3206 2432 3370 2502 gratia
3401 2431 3692 2486 dolendum
3715 2439 3828 2497 est,

2247 2521 2386 2592 quod
2402 2523 2841 2578 irrationabilibus
2857 2523 3316 2594 suntptibus,quod
3329 2523 3828 2590 comessationibus,

2248 2615 2388 2684 quod
2420 2616 2554 2670 fastu
2575 2626 2628 2670 et
2658 2617 2931 2688 tyrannide
2953 2660 2967 2683 ,
2995 2617 3133 2688 quod
3165 2618 3408 2687 praesenti
3439 2617 3710 2671 adulterio
3735 2616 3824 2671 ἀυ-

2248 2706 2389 2761 ditus
2413 2707 2499 2760 sit.
2528 2709 2605 2760 An
2637 2717 2690 2761 tu
2721 2708 2984 2762 modicum
3009 2708 3180 2762 scelus
3201 2708 3470 2762 existimas
3501 2721 3690 2773 uxore,
3725 2722 3830 2760 ma-

2251 2805 2330 2852 tre
2355 2807 2547 2864 veslra,
2577 2799 2844 2864 incolumi,
2876 2799 3088 2854 alterius
3120 2799 3306 2867 puella:
3345 2798 3597 2852 maculari
3625 2813 3831 2852 concu-

2250 2889 2381 2952 bitu,
2413 2890 2648 2959 ﬁliosque
2676 2907 2740 2946 ex
2788 2891 2970 2944 illicito
3000 2905 3279 2960 procreare
3324 2889 3702 2944 matrimonio?
3735 2890 3832 2946 Ista

2251 2983 2418 3047 luctu,
2452 2981 2550 3036 ista
2583 2983 2828 3053 lacrymis
2853 2982 3034 3052 digna,
3063 2997 3179 3053 qua:
3200 2993 3380 3051 aperta
3409 2993 3531 3036 sunt
3558 2983 3725 3048 mala,
3751 2995 3832 3036 at-

2251 3090 2354 3144 que
2401 3073 2453 3128 in
2484 3075 2642 3129 finem
2670 3075 2920 3143 perducta
2951 3089 2964 3130 :
2994 3089 3110 3144 quae
3163 3090 3290 3127 vero
3337 3075 3407 3128 tui
3449 3089 3607 3128 causa
3658 3073 3832 3128 futura

2251 3178 2392 3232 sunt,
2413 3169 2522 3223 fieri
2546 3177 2719 3238 potest
2743 3177 2798 3222 ut
2826 3168 3001 3238 gravia
3030 3169 3154 3232 sint,
3181 3167 3293 3232 fieri
3324 3168 3470 3233 item,
3499 3176 3555 3220 ut
3579 3167 3835 3235 opinione

2251 3259 2483 3324 leviora;
2517 3274 2736 3312 summa:
2767 3273 2895 3312 vero
2931 3268 3072 3312 esset
3107 3258 3353 3312 amentia:
3392 3257 3446 3310 in
3488 3256 3649 3310 rebus
3675 3273 3678 3276 ·
3701 3255 3834 3310 adeo

2254 3352 2472 3406 incertis
2503 3361 2649 3405 certo
2691 3365 2750 3405 se
2787 3350 2897 3420 jam
2935 3351 3169 3404 cruciatu
3212 3348 3494 3404 conficere.
3545 3350 3612 3403 ω
3654 3358 3832 3402 autem

2252 3444 2608 3499 concedamus
2639 3445 2848 3497 interim
2899 3443 3042 3496 illum
3074 3441 3536 3497 vehementissima
3587 3441 3834 3509 indigna-

2255 3537 2396 3590 tione
2425 3535 2796 3590 coneitandutn
2819 3575 2832 3600 ,
2864 3544 2916 3586 at
2945 3533 3199 3588 citissime
3231 3532 3499 3586 sedabitur
3521 3573 3535 3594 ,
3587 3540 3644 3584 et
3681 3539 3836 3584 ante-

2252 3643 2408 3696 quam
2437 3626 2590 3696 plane
2618 3626 2947 3691 incendatur,
2973 3624 3356 3692 exstinguelur.
3385 3622 3553 3675 llomo
3583 3621 3730 3674 enim
3761 3630 3836 3674 tot

2253 3718 2454 3772 deliciis
2483 3717 2711 3782 deditus,
2745 3717 3206 3784 maximarumque
3231 3728 3408 3768 rerum
3435 3715 3578 3765 curis
3603 3710 3804 3779 implici
3822 3742 3838 3751 ο

2256 3820 2356 3876 tus,
2387 3809 2645 3878 parasitos
2681 3819 2735 3862 et
2760 3817 3115 3862 assentatores
3141 3807 3378 3860 nutriens
3399 3848 3412 3868 ,
3445 3804 3744 3874 puellaeque
3772 3803 3836 3855 il-

2254 3903 2354 3958 lius
2379 3918 2564 3956 amore
2590 3903 2836 3956 incensus
2857 3941 2871 3966 ,
2901 3916 2965 3955 ex
2995 3914 3096 3969 qua
3126 3899 3271 3954 vobis
3314 3913 3383 3951 ex
3414 3895 3703 3950 medietate
3729 3894 3835 3947 fra-

2255 4004 2363 4049 tres
2392 3993 2567 4057 habet,
2597 3994 2755 4047 etiam
2786 3993 2828 4046 si
2871 4002 2986 4044 tuos
3032 4004 3188 4044 casus
3235 3988 3524 4058 perceperit
3545 4028 3559 4049 ,
3591 3986 3835 4040 dolorem

2253 4088 2529 4142 minimum
2551 4095 2606 4140 et
2635 4085 2784 4139 nihili
2812 4084 3106 4139 faciendum
3139 4083 3329 4151 capiet.
3364 4081 3527 4149 hique
3545 4095 3652 4134 non
3685 4079 3835 4134 exiis

2253 4178 2423 4231 solum
2443 4193 2561 4246 qme
2583 4177 2712 4239 dixi,
2733 4175 2822 4230 sed
2846 4191 2910 4228 ex
2930 4174 3204 4243 praeteritis
3223 4172 3466 4241 conjicio.
3497 4171 3644 4225 Nosti
3670 4171 3835 4233 enim,

2254 4272 2407 4339 plane
2439 4268 2599 4332 nosti,
2628 4283 2747 4321 cum
2777 4277 2826 4320 te
2855 4267 2938 4320 ille
2961 4266 3178 4319 nimimn
3202 4272 3357 4318 antea
3385 4263 3653 4331 diligeret,
3682 4271 3834 4329 teque

2251 4360 2486 4413 omnium
2514 4359 2632 4413 loco
2658 4359 2896 4420 haberet,
2926 4373 2990 4412 ex
3036 4371 3142 4426 quo
3167 4367 3218 4410 te
3257 4355 3321 4408 ad
3347 4356 3733 4408 monachorum
3761 4352 3835 4403 vi-

2254 4465 2357 4507 tam
2389 4450 2732 4513 transtulisti,
2765 4448 2986 4502 affectus
3024 4449 3196 4501 omnis
3225 4447 3312 4500 illc
3352 4460 3509 4514 quam
3542 4438 3834 4498 exStinctus

2251 4545 2336 4597 sit.
2357 4542 2484 4596 Rem
2507 4542 2647 4596 enim
2679 4540 2767 4594 ille
2794 4549 2846 4593 te
2868 4539 3043 4594 facere
3069 4548 3296 4605 turpem,
3329 4550 3391 4588 ac
3417 4533 3680 4602 majorum
3710 4545 3835 4585 suo-

2251 4650 2367 4690 rutn
2394 4633 2676 4704 splendore
2704 4632 2967 4700 indignam
2988 4671 3003 4693 ,
3045 4629 3369 4697 gloriamque
3395 4640 3543 4678 suam
3574 4633 3624 4676 te
3655 4622 3832 4685 detur-

2253 4740 2376 4795 pare
2402 4723 2644 4778 dicebat:
2673 4731 2726 4779 et
2747 4722 2846 4775 nisi
2870 4729 3070 4775 naturae
3091 4719 3236 4773 illum
3264 4717 3552 4771 necessitas
3569 4711 3828 4767 cohibuis-

2251 4826 2350 4876 set.
2384 4825 2434 4870 te
2460 4815 2676 4868 forsitan
2719 4813 3030 4867 abdicasset.
3078 4810 3280 4878 Itaque,
3321 4807 3420 4859 nisi
3451 4816 3624 4859 tamen
3684 4801 3833 4856 nimis

2253 4914 2486 4976 .‘ueptum
2505 4906 2642 4977 quod
2658 4905 2831 4959 dicam
2847 4899 3334 4965 videatur,arbitror
3346 4897 3492 4951 illum
3510 4910 3621 4949 rem
3636 4902 3830 4964 gestam

2251 5014 2372 5054 cum
2398 4998 2664 5067 voluptate
2690 4995 3010 5056 auditurum,
3037 4990 3184 5060 quasi
3211 5001 3395 5058 poenas
3426 4985 3662 5050 dederis,
3699 4979 3830 5051 quod

2253 5098 2437 5144 orante
2468 5088 2554 5141 illo
2581 5087 2794 5156 saepius,
2816 5094 2972 5153 atque
2996 5099 3026 5135 a
3053 5083 3173 5135 vita:
3202 5080 3352 5133 istius
3382 5076 3654 5131 tolerantia
3680 5081 3731 5128 te
3755 5087 3832 5124 re-

2255 5196 2466 5236 movere
2480 5179 2743 5248 cupiente,
2763 5175 3036 5230 consilium
3057 5173 3220 5242 ipsius
3236 5183 3522 5240 numquam
3537 5166 3828 5222 admiseris.

2325 5275 2378 5328 4.
2410 5273 2476 5326 Ει
2503 5272 2570 5326 de
2611 5280 2758 5340 patre
2788 5268 3000 5339 quidem
3042 5282 3102 5320 ac
3134 5265 3321 5319 timore
3362 5272 3482 5325 tuo,
3512 5276 3616 5330 quo
3643 5260 3710 5312 de
3747 5256 3832 5308 illo

2256 5365 2484 5419 maxime
2511 5363 2773 5417 sollicitus
2802 5376 2859 5415 es
2879 5402 2893 5424 ,
2934 5360 3032 5413 ista
3065 5357 3218 5412 habui
3247 5371 3367 5426 qua:
3393 5354 3656 5416 dicerem,
3685 5347 3829 5402 sufli-

2256 5457 2446 5511 cientia
2471 5495 2484 5517 ,
2516 5465 2576 5508 ut
2606 5469 2745 5518 reor,
2780 5451 2842 5505 ad
2871 5464 3081 5504 omnem
3114 5444 3476 5516 hujuscemodi
3512 5453 3706 5497 metum
3739 5453 3798 5490 ex
3818 5463 3830 5472 -

2257 5548 2590 5603 cludendum.
2613 5546 2872 5614 Quoniam
2901 5557 3030 5608 vero
3056 5539 3314 5599 malorum
3343 5547 3550 5590 tuorum
3579 5542 3826 5586 summam

2257 5657 2377 5698 esse
2415 5639 2722 5703 asserebas,
2753 5636 2891 5706 quod
2935 5649 3105 5704 neque
3131 5632 3196 5686 de
3228 5631 3415 5684 futuris
3455 5642 3636 5697 posses
3668 5619 3828 5677 confi-

2262 5732 2409 5799 dere,
2439 5746 2606 5801 neque
2633 5731 2796 5786 scires
2827 5725 3194 5796 lmjusmodinc
3219 5735 3465 5791 umquam
3493 5715 3708 5772 vinculis
3729 5711 3827 5767 soi-
