4060 6136
279 303 382 367 481

282 442 411 482 νων.
444 418 577 480 Εἶτα
606 422 908 495 ἀνθρώπων
957 422 1056 495 μὲν
1089 423 1526 496 ἐπηρεαζόντων,
1556 424 1618 478 τὸ
1651 423 1837 495 φέρειν
1857 420 1957 493 τὴν

281 514 551 586 ἐπήρειαν
584 513 807 577 ἔπαινος
826 530 839 544 ο
863 512 959 567 τοῦ
998 513 1054 567 δὲ
1078 513 1296 568 πάντων
1329 513 1696 584 πονηροτέρου
1725 511 1788 565 τὸ
1826 510 1960 565 αὐτὸ

282 600 443 656 τοῦτο
464 600 767 665 ποιοῦντος,
793 601 821 654 δ
844 601 943 672 τὴν
978 600 1188 654 ἐκείνου
1215 600 1414 672 μανίαν
1434 600 1699 669 γενναίως
1722 596 1961 667 ἐνεγκὼν

283 688 740 753 καταδύσεταιώς
768 689 1027 760 ἐπίψογον
1051 691 1286 760 πρᾶγμα
1315 688 1518 754 ποιῶν;
1544 688 1656 742 Καὶ
1674 688 1726 742 τί
1756 684 1961 756 ταύτης

280 777 384 848 τῆς
409 775 781 839 ἐναντιώσεως
802 775 1139 848 ἀλογώτερον
1160 776 1358 847 γένοιτ’
1379 778 1481 842 ἀν;
1509 777 1572 830 El
1603 777 1702 847 μὲν
1727 775 1837 847 γὰρ
1853 774 1963 829 ἀπο»

282 871 383 942 τῆς
414 867 678 933 πτώσεως
704 867 857 941 [182]
896 868 1136 933 ἀναστὰς
1180 868 1416 939 ἐκείνης,
1448 869 1647 923 ἄτοπόν
1675 887 1729 922 τι
1759 870 1963 938 πρᾶξαι

285 956 571 1029 προήχθης
595 956 628 1029 ἢ
667 957 864 1022 εἰπεῖν,
893 956 1016 1010 οὐδὲ
1037 956 1200 1022 αὐτὸς
1218 955 1286 1010 ἂν
1317 955 1565 1010 ἐκώλυσα
1594 956 1733 1029 ὑπὲρ
1759 958 1964 1011 τούτων

282 1038 736 1121 κατακόπτεσθαι
799 1041 896 1098 καὶ
940 1045 1154 1114 ἀλγείν’
1227 1046 1277 1098 εἰ
1320 1045 1379 1098 δὲ
1439 1043 1577 1115 μετά
1613 1046 1965 1118 εὐχαριστίας

285 1132 505 1187 ἅπαντα
537 1131 747 1202 φέρεις,
770 1132 866 1186 καὶ
899 1133 980 1197 εἰς
1013 1131 1324 1204 προσευχάς
1345 1130 1548 1195 εὐθέως
1577 1131 1800 1203 τρέπεις
1831 1148 1964 1186 σαυ-

285 1222 399 1288 τὸν,
429 1222 483 1276 τί
516 1222 634 1275 ποτ’
656 1218 750 1275 οῦν
782 1223 898 1275 ἐστι
916 1220 979 1275 τὸ
1008 1222 1198 1275 ποιοῦν
1214 1216 1312 1292 τήν
1334 1220 1638 1294 αἰσχύνην;
1669 1220 1812 1274 Ἀλλ’
1836 1222 1965 1285 ἴσως

286 1309 513 1381 ἀλγεινά
543 1309 611 1364 τά
644 1309 797 1385 παρά
825 1310 934 1364 τῶν
962 1309 1137 1365 ἄλλων
1165 1306 1365 1382 ὀνείδη.

357 1436 470 1490 Καὶ
516 1434 571 1488 τί
624 1435 831 1489 τούτων
864 1418 1355 1505 ἐπονείδιστότερον
1381 1433 1580 1501 γένοιτ’
1620 1431 1708 1498 ἂν,
1748 1431 1799 1484 οἳ
1834 1430 1967 1501 μηδέ

288 1524 434 1596 άπερ
458 1523 736 1588 ὀνειδίζειν
752 1523 859 1596 χρή
876 1523 1107 1577 δύναιντ’
1128 1521 1194 1577 ἂν
1220 1521 1419 1575 εἰδέναι
1452 1520 1633 1585 καλῶς
1650 1540 1664 1587 ;
1683 1512 1845 1573 υῦτοι
1860 1517 1969 1591 γάρ

286 1602 507 1683 ἀληθῶς
528 1613 666 1665 εἰσιν
686 1612 735 1665 οἰ
762 1611 1077 1682 μαινόμενοι
1116 1611 1211 1664 καὶ
1244 1609 1629 1679 δαιμονῶντες,
1654 1610 1705 1662 οἰ
1738 1607 1809 1662 τὰ
1828 1607 1971 1679 πρά-

286 1716 473 1771 γματα
507 1699 585 1763 ὡς
615 1699 728 1772 ἔχει
764 1698 980 1769 φύσεως
1023 1697 1098 1771 μὴ
1149 1696 1532 1770 μεμαθηκότες
1556 1697 1711 1768 ὀρᾷν,
1742 1692 1881 1750 ἀλλά
1902 1694 1972 1749 τά

290 1789 393 1861 μὲν
418 1788 657 1843 ἐπαίνων
702 1786 829 1852 ἄξια
864 1785 1149 1857 ψέγοντες,
1180 1785 1253 1839 τά
1280 1785 1338 1839 δέ
1380 1785 1723 1840 ἐπονείδιστα
1760 1785 1842 1848 εἰς
1870 1784 1970 1856 τὴν

286 1879 398 1932 τῶν
435 1876 844 1948 ἐπαινουμένων
882 1874 1038 1943 τάξιν
1055 1875 1456 1947 μετατιθέντες.
1472 1874 1651 1930 Πολλά
1676 1870 1771 1929 καὶ
1795 1876 1843 1927 οἰ
1870 1875 1969 1946 τὴν

289 1967 532 2039 φρενῖτιν
552 1963 835 2026 νοσοῦντες
860 1961 1079 2031 λέγουσι
1112 1963 1239 2029 τοὺς
1272 1962 1548 2036 παρόντας
1574 1962 1745 2029 κακὰ,
1770 1961 1888 2017 ἀλλ’
1921 1962 1969 2015 οἰ

290 2052 583 2116 ἀκούοντες
604 2052 702 2122 οὐχ
726 2049 985 2121 ἡγοῦνται
1013 2049 1351 2122 ὑϐρίζεσθαι.
1384 2052 1476 2123 Μὴ
1515 2050 1698 2105 τοίνυν
1742 2051 1879 2124 μηδέ
1906 2048 1970 2105 σὺ

286 2140 399 2194 τῶν
434 2136 806 2210 ἐξεστηκότων
836 2136 1061 2192 ἐκείνων
1094 2137 1329 2205 ἀκούων,
1363 2138 1627 2211 αἰσχύνην
1663 2139 1761 2194 καὶ
1814 2138 1973 2212 ὓϐριν

288 2231 352 2284 τὸ
399 2230 633 2300 πρᾶγμα
672 2222 815 2280 εἰναι
843 2226 1052 2297 νόμιζε,
1089 2224 1177 2281 ἴνα
1213 2229 1287 2298 μή
1323 2242 1454 2281 ποτε
1479 2227 1695 2300 ἀληθῶς
1720 2226 1975 2281 ἐπονείδι-

291 2331 419 2373 στον
437 2318 790 2388 καταστήσῃς
817 2317 1014 2370 σαυτὸν
1043 2315 1364 2388 παροξύνων
1385 2317 1642 2374 τὸνθεόν.
1677 2319 1845 2374 Ὅταν
1862 2316 1972 2390 γάρ

289 2408 362 2461 τά
396 2407 535 2479 πρὸς
575 2405 823 2461 παιδείαν
863 2405 959 2458 καὶ
1012 2404 1281 2474 ὠφέλειαν
1338 2405 1659 2479 ἐπαγόμενα
1700 2406 1851 2479 παρὰ
1875 2402 1970 2461 τοῦ

289 2495 450 2561 Θεοῦ,
495 2492 669 2548 ταῦτα
710 2491 912 2556 δνειδος
949 2489 1087 2547 εἰναι
1112 2492 1360 2566 νομίσῃς,
1401 2494 1503 2566 δρα
1536 2491 1640 2548 ποῦ
1668 2494 1890 2565 τελευτᾷ
1913 2490 1973 2548 τὸ

290 2581 487 2636 κακόν.

364 2711 434 2777 γ’.
475 2704 538 2761 Εἰ
578 2705 688 2778 γάρ
716 2698 894 2776 βούλει
921 2701 1047 2768 τοὺς
1075 2702 1294 2777 ἀληθῶς
1323 2698 1586 2779 αἰσχύνης
1617 2706 1711 2761 καὶ
1738 2707 1973 2772 ὀνείδους

291 2796 482 2863 ἀξίους
511 2795 659 2859 ἰδεῖν,
692 2791 802 2863 ἐγώ
827 2810 907 2847 σοι
924 2795 1259 2865 πειράσομαι
1292 2796 1356 2849 ἐκ
1376 2794 1588 2849 πολλῶν
1610 2796 1823 2865 ὀλίγους
1839 2796 1973 2851 ὑπο-

289 2884 464 2950 δεῖξαι
484 2881 563 2954 τῷ
587 2880 751 2953 λόγῳ.
780 2881 985 2935 Θέασαι
1013 2881 1141 2945 τοὺς
1157 2882 1287 2953 περὶ
1313 2881 1414 2947 τὰς
1443 2884 1749 2956 εὐμορφίας
1774 2885 1973 2955 ἐπτοη·

297 2974 495 3045 μένους
523 2969 631 3027 τῶν
666 2968 962 3039 γυναικῶν,
985 2970 1112 3032 τοὺς
1145 2971 1276 3041 περὶ
1302 2970 1564 3042 χρήματα
1590 2971 1972 3042 μαινομένους,

291 3062 422 3123 τοὺς
441 3056 759 3121 δυναστείας
791 3056 887 3110 καὶ
911 3056 1068 3127 δόξης
1087 3055 1351 3128 ἐρῶντας,
1378 3059 1473 3112 καὶ
1501 3060 1679 3113 πάντα
1696 3060 1837 3131 ὑπὲρ
1850 3059 1974 3113 τού⁹

292 3166 404 3203 των
430 3147 525 3201 καὶ
551 3145 757 3220 πρᾶξαι
805 3144 899 3197 καὶ
931 3143 1126 3197 παθεῖν
1168 3144 1548 3216 αἱρουμένους,
1583 3147 1711 3210 τοὺς
1745 3147 1852 3201 ὑπὸ
1874 3146 1974 3218 βα-

296 3235 524 3297 σκανίας
562 3231 917 3303 τηκομένους,
968 3230 1095 3295 τοὺς
1134 3231 1589 3297 ἐπιϐουλεύοντας
1632 3237 1748 3300 τοῖς
1783 3236 1974 3306 ἠδικη-

295 3323 452 3377 κόσιν
484 3320 658 3384 οὐδὲν,
688 3320 815 3383 τοὺς
852 3317 1303 3390 μελαγχολῶντας
1347 3320 1554 3386 ἁπλῶς,
1590 3323 1718 3387 τοὺς
1745 3324 1874 3395 περὶ
1905 3324 1977 3378 τά

299 3412 505 3483 μάταια
535 3407 630 3463 τοῦ
661 3407 775 3479 βίου
804 3407 1113 3470 λυττῶντας
1137 3407 1257 3461 ἀεί·
1294 3407 1469 3462 ταῦτά
1506 3410 1622 3463 ἐστι
1660 3410 1846 3465 καὶτὰ
1872 3428 1979 3464 τοι·

295 3499 440 3554 αῦτα
466 3497 662 3569 μανίας
689 3495 827 3568 ἔργα
868 3495 963 3549 καὶ
995 3493 1271 3559 κολάσεως
1310 3507 1337 3536 ι
1368 3493 1515 3561 ἄξια,
1543 3497 1719 3552 ταῦτα
1740 3498 1977 3563 ὀνείδους

294 3588 395 3643 καὶ
429 3586 689 3656 αἰσχύνης
721 3584 815 3637 καὶ
855 3582 1109 3652 γέλωτος.
1144 3584 1207 3637 Εἰ
1233 3584 1292 3637 δέ
1331 3600 1416 3649 τις
1452 3586 1559 3640 ὑπὸ
1610 3586 1863 3657 δαίμονος
1889 3588 1980 3642 ἐν·

292 3673 622 3747 οχλούμενος
646 3671 963 3742 φιλοσοφίαν
996 3672 1091 3726 καὶ
1104 3669 1277 3736 οὕτως
1301 3673 1359 3726 ἐν
1386 3672 1464 3744 τῷ
1491 3673 1591 3743 βίῳ
1626 3675 1827 3748 πολλὴν
1857 3678 1976 3730 Lm-

294 3762 617 3828 δεικνύοιτο,
644 3762 706 3815 οὐ
740 3760 900 3832 μόνον
928 3760 1030 3814 οὐκ
1060 3759 1438 3828 ὀνειδίζεσθαι,
1470 3761 1607 3816 ἀλλά
1646 3763 1739 3816 καὶ
1765 3763 1974 3835 θαυμάο

297 3852 491 3919 ζεσθαι
523 3852 618 3906 καὶ
657 3848 1049 3920 στεφανοῦσθαι
1085 3848 1237 3922 παρά
1276 3849 1494 3904 πάντων
1526 3851 1592 3904 ἂν
1624 3849 1709 3921 εἴη
1744 3851 1972 3919 δίκαιος,

300 3941 444 4014 μετά
467 3939 737 3994 τοσούτων
761 3936 976 4009 δεσμῶν
1007 3936 1209 4009 δρόμον
1241 3936 1416 4002 οὓτως
1440 3938 1698 3992 ἐπίπονον
1727 3940 1940 4011 τρέχων
1959 3983 1973 4007 ,

297 4029 399 4085 καὶ
434 4028 534 4101 τὴν
572 4028 777 4100 ἀνάντη
811 4027 906 4080 καὶ
954 4027 1216 4097 τραχεῖαν
1267 4025 1371 4095 τῆς
1424 4026 1626 4098 ἀρετῆς
1670 4027 1980 4084 ἀναϐαίνων

295 4118 437 4173 ὀδόν.
475 4114 767 4187 Ἀλλάγάρ
798 4116 899 4170 οὐκ
922 4110 1039 4168 οἶδα
1070 4113 1189 4176 πῶς
1208 4114 1304 4167 καὶ
1327 4113 1515 4183 ἔτερόν
1548 4130 1614 4184 με
1642 4114 1839 4185 μικροῦ
1869 4116 1979 4170 δεῖν

300 4205 698 4278 παρελήλυθεν,
721 4196 765 4273 ᾧ
795 4203 1139 4266 πλεονεκτεῖς
1160 4199 1271 4255 τῶν
1296 4200 1542 4270 ἀδελφῶν
1558 4218 1572 4233 ’
1599 4201 1758 4256 τοῦτο
1779 4202 1839 4257 δέ
1860 4204 1979 4258 ἐστι

297 4294 362 4349 τὸ
382 4295 607 4367 ῥᾳδίως,
630 4294 679 4347 εἰ
704 4291 798 4346 καί
821 4292 875 4345 τί
898 4308 979 4345 σοι
1007 4288 1494 4361 πεπλημμέληται,
1517 4289 1604 4343 διά
1623 4290 1723 4361 τῆς
1745 4289 1980 4360 θλίψεως

298 4384 507 4454 ταύτης
540 4382 635 4436 καὶ
688 4378 862 4434 ταῦτα
899 4378 1271 4434 ἀποδύσασθαι
1311 4378 1381 4433 τὰ
1419 4379 1812 4450 ἁμαρτήματα.
1867 4380 1979 4434 Καὶ

299 4469 460 4524 τοῦτο
492 4467 683 4537 γέγονε
707 4466 865 4537 δῆλον
886 4469 1016 4538 ἡμῖν
1039 4464 1100 4531 ἐξ
1125 4458 1199 4519 ὧν
1223 4464 1394 4536 ἔφθην
1425 4465 1527 4538 ήδη
1548 4464 1870 4536 διαλεχθεὶς,
1888 4468 1979 4522 ὅτε

301 4558 433 4629 περί
456 4557 551 4611 τοῦ
580 4556 834 4628 Λαζάρου
869 4555 965 4608 καὶ
994 4554 1089 4607 τοῦ
1121 4553 1273 4625 παρά
1290 4556 1402 4618 τοῖς
1434 4552 1743 4625 Κορινθίοις
1771 4571 1980 4626 πεπορε-

302 4645 555 4710 νευκότος
587 4644 795 4714 ελεγον.
836 4643 975 4697 Ἀλλ’
1006 4643 1145 4715 ὑπὲρ
1172 4641 1268 4696 τοῦ
1302 4642 1510 4713 πατρὸς
1540 4641 1778 4705 δέδοικα,
1815 4643 1979 4714 φησί’

300 4730 407 4787 κᾶν
439 4733 549 4804 γὰρ
576 4731 646 4784 τά
668 4730 909 4802 ἐμαυτοῦ
936 4730 1123 4803 πράως
1156 4732 1400 4799 ἐνεγκεῖν
1432 4728 1667 4799 δυνηθῶ,
1708 4729 1807 4794 τάς
1842 4731 1983 4785 ἐκεί.-

302 4839 397 4876 νου
429 4819 717 4893 συμφορὰς
746 4821 841 4873 καὶ
873 4818 971 4891 τὴν
1013 4818 1213 4890 μανίαν
1264 4817 1382 4881 πῶς
1411 4817 1632 4888 οίσομεν
1670 4817 1887 4889 ῥᾳδίως,
1931 4822 1987 4873 εί

303 4929 438 4967 ποτε
464 4910 705 4983 αἴσθοιτό
725 4928 777 4964 τι
811 4909 1050 4974 τούτων;
1080 4908 1231 4972 Τέως
1262 4907 1360 4978 μὲν
1392 4908 1494 4961 οὐκ
1522 4907 1739 4979 ᾔσθετο.
1774 4908 1983 4982 Πολλῆς

302 5002 362 5056 δὲ
400 4999 767 5073 μικροψυχίας
796 4998 941 5051 ἐστὶν
966 4997 1105 5066 ὑπὲρ
1126 4996 1233 5049 τῶν
1266 4995 1492 5066 ῦστερόν
1523 5013 1654 5050 ποτε
1708 4997 1985 5069 συμϐησο-

308 5090 489 5157 μένων
522 5088 556 5159 ἢ
595 5086 731 5159 μηδὲ
763 5086 899 5149 ὅλως
950 5084 1383 5157 συμϐησομένων
1438 5084 1538 5155 τὴν
1582 5084 1823 5156 ἀθυμίαν
1880 5087 1982 5158 ήδη

306 5176 652 5249 καρποῦσθαι
680 5175 774 5229 καὶ
801 5172 1118 5228 κόπτεσθαι.
1154 5171 1324 5227 Πόθεν
1368 5173 1498 5244 γὰρ,
1548 5172 1630 5226 ὅτι
1662 5174 1758 5228 καὶ
1788 5174 1984 5247 αἰσθή-

307 5284 483 5333 σεται,
501 5266 657 5338 δῆλον
681 5266 815 5335 ἡμῖν
837 5280 852 5329 ;
888 5261 1103 5317 Μᾶλλον
1131 5260 1187 5315 δὲ
1210 5260 1350 5314 ἔστω
1371 5260 1551 5333 δῆλον,
1587 5262 1683 5314 καὶ
1704 5278 1984 5334 συγκεχω-

310 5356 521 5430 ρήσθω,
559 5354 608 5407 εἰ
655 5351 855 5423 βούλει,
899 5348 1052 5423 [185]
1104 5350 1199 5403 καὶ
1243 5348 1604 5420 αἰσθήσεσθαι
1638 5350 1836 5415 αὑτὸν,
1889 5351 1986 5406 καὶ

312 5445 527 5517 μεγάλα
575 5442 908 5516 ἐργάσεσθαι
963 5440 1148 5495 δεινά·
1194 5438 1403 5493 ἐπαινῶ
1458 5438 1559 5510 μέν
1604 5455 1665 5493 σε
1713 5439 1985 5510 ἀλγοῦντα

374 5607 400 5636 ⁸
425 5602 578 5655 Savil.
604 5607 659 5653 et
688 5602 822 5654 Colb.
863 5601 1131 5659 κολάσεων,
1175 5599 1358 5661 ΜΟΙὌΙ.
1380 5597 1645 5661 κολάσεως.
1688 5597 1845 5661 Paulo
1875 5604 1991 5661 post

310 5665 488 5718 Μαι-ει.
513 5667 652 5716 solus
671 5667 751 5713 καὶ
774 5665 929 5723 οὗτος,
952 5665 1082 5712 ma|e
1103 5661 1220 5711 ibid.
1248 5659 1624 5723 savil.e[C91b.
1652 5659 1987 5723 ἐπιδείκνυται,

310 5727 851 5780 Μοτθιλπιδεικνύοιτο.
878 5721 1029 5776 Paulo
1052 5729 1164 5788 post
1185 5722 1334 5778 Savil.
1364 5730 1414 5775 el
1441 5721 1579 5775 (ζου).
1608 5723 1727 5785 μετὰ
1744 5722 1989 5773 τοσούτων

308 5792 447 5853 δεσμ.

1174 307 1266 363 AD
1306 305 1689 364 STAGIBIUM
1731 306 1775 361 Δ
1809 302 2117 361 ΒᾹΞΜΟΝΕ
2160 303 2516 364 VEXATUM.
2557 304 2685 363 LIB.
2727 303 2788 363 II.

3632 299 3740 360 $52

2066 422 2207 494 ὑπὲρ
2227 423 2334 477 τῶν
2363 423 2574 477 ἐκείνου
2598 422 2805 486 κακῶν,
2841 421 2942 475 οὐκ
2993 419 3131 486 ἀξιῶ
3155 419 3215 474 δέ
3246 417 3386 491 μετὰ
3415 414 3515 488 τῆς
3541 413 3738 473 σαυτοῦ

2062 511 2267 584 ζημίας
2302 514 2462 568 τοῦτο
2481 517 2655 568 ποιεῖν
2673 530 2689 549 ·
2725 514 2854 578 τοὺς
2876 512 2988 585 γὰρ
3035 512 3108 566 τά
3141 510 3254 567 ἀνω
3283 507 3618 582 φρονοῦντας
3643 507 3741 563 καὶ

2065 605 2140 674 μὴ
2180 606 2248 659 τά
2274 606 2367 659 ἐπὶ
2395 606 2495 678 τῆς
2521 607 2642 677 γῆς.
2676 608 2736 660 ού
2768 606 2943 678 θυμοῦ
2978 606 3140 677 μόνον
3184 604 3278 659 καὶ
3312 600 3613 676 ἐπιθυμίας
3643 601 3741 655 καὶ

2059 696 2169 751 πῖ»)
2208 696 2382 750 ἄλλων
2412 696 2606 752 παθῶν
2625 736 2639 760 ,
2673 696 2809 752 ἀλλά
2837 696 2933 751 καὶ
2969 695 3209 769 ἀθυμίας
3246 694 3469 752 κρατεῖν
3498 692 3601 747 δεῖ.
3629 688 3740 747 Καὶ

2073 785 2172 857 γὰρ
2215 788 2310 840 καὶ
2350 787 2511 843 τοῦτο
2555 788 2782 844 πλείονα
2811 790 2958 860 ἡμᾶς
2991 789 3216 843 ἐκείνων
3245 787 3541 860 ἐργάσεται
3567 785 3738 848 δεινὰ,

2063 879 2158 931 καὶ
2187 877 2291 951 χρὴ
2310 878 2447 951 πρὸς
2483 878 2618 934 αύτδ
2656 881 2922 950 γενναίως
2955 878 3268 934 ἐνίστασθαι
3322 877 3396 951 μὴ
3451 876 3741 947 μέλλοντας

2064 975 2401 1032 ἀπόλλυσθαι
2425 977 2726 1042 παντελῶς.
2755 976 2819 1033 El
2858 979 2955 1050 μὲν
2979 977 3090 1050 γὰρ
3121 976 3283 1040 αὐτὸς
3317 972 3491 1039 αἴτιος
3516 970 3741 1045 ἔμελλες

2065 1070 2285 1127 ἔσεσθαι
2339 1073 2450 1129 τῶν
2501 1075 2581 1145 τῷ
2628 1074 2798 1147 πατρί
2832 1074 3243 1146 συμϐαινόντων
3278 1071 3538 1144 ἀνιαρῶν,
3561 1068 3743 1130 καλῶς

2064 1165 2131 1220 ἂν
2146 1164 2431 1236 ἐδεδοίκεις
2459 1168 2553 1225 καὶ
2578 1169 2827 1243 ἔτρεμες,
2852 1170 3121 1241 τοσαύτης
3154 1166 3429 1231 ἀπωλείας
3455 1165 3744 1237 γενόμενος

2065 1262 2272 1329 αίτιος⁹
2304 1268 2353 1319 εἰ
2404 1267 2461 1320 δὲ
2507 1266 2671 1332 αὐτὸς
2721 1268 2911 1322 ἑαυτὸν
2952 1267 3295 1339 περιπείρειν
3335 1262 3586 1335 βούλεται
3630 1263 3746 1323 τοῖς

2067 1360 2317 1432 ὲ’Ἶάτοιξ
2340 1366 2550 1427 κακοῖς,
2573 1365 2749 1429 οὐδεὶς
2781 1363 2919 1435 πρὸς
2948 1363 3007 1416 σὲ
3035 1362 3239 1417 τούτων
3260 1361 3438 1429 λόγος,
3458 1358 3598 1430 πλὴν
3619 1357 3748 1411 ὅσον

2069 1458 2237 1529 πατρὶ
2266 1459 2548 1529 συναλγεῖν
2574 1461 2703 1532 χρή.
2721 1460 2906 1531 Χωρὶς
2927 1459 2985 1513 δὲ
3013 1459 3218 1513 τούτων
3245 1458 3365 1512 οὐδὲ
3383 1460 3564 1529 ίσμεν,
3598 1455 3748 1518 ὅπως

2069 1555 2205 1608 οίσει
2227 1555 2433 1627 ταύτην
2456 1556 2556 1628 τὴν
2594 1558 2765 1628 ἀκοήν
2789 1573 2803 1587 '
2840 1556 3013 1611 πολλά
3050 1556 3159 1628 γάρ
3185 1558 3402 1610 ἐναντία
3429 1558 3540 1619 τοῖς
3575 1570 3748 1627 προσι

2068 1648 2375 1721 δοκηθεῖσιν
2403 1651 2563 1723 ἐξέϐη
2591 1652 2854 1717 πολλάκις
2871 1670 2886 1685 ·
2915 1655 3138 1707 κάκεῖνο
3165 1654 3263 1724 μέν
3291 1651 3401 1706 τῶν
3432 1648 3751 1725 παραδόξως

2071 1747 2166 1800 καὶ
2192 1748 2434 1812 σπανίως
2455 1749 2870 1820 συμϐαινόντων
2888 1748 3031 1816 ἐστὶ,
3057 1748 3216 1802 τοῦτο
3238 1749 3295 1803 δὲ
3326 1750 3421 1803 καὶ
3459 1748 3568 1803 τῶν
3606 1748 3752 1802 εἰκό·

2071 1856 2179 1897 των
2206 1843 2431 1900 καὶτῶν
2449 1844 2652 1919 σφόδρα
2680 1846 3065 1918 ἐνδεχομένων.
3092 1846 3265 1901 Πόθεν
3289 1846 3533 1918 δήτοῦτο
3557 1845 3751 1916 δῆλον;

2072 1941 2248 1995 Πολὺν
2279 1941 2388 1996 τῶν
2415 1942 2585 1999 νόθων
2632 1947 2867 1999 ποιεῖται
2900 1942 3079 2013 λόγον,
3111 1943 3292 1998 καὶτὸ
3327 1945 3464 2016 πρὸς
3507 1942 3752 2008 ἐκείνους

2072 2037 2295 2112 φίλτρον
2342 2040 2527 2095 ἰκανὸν
2560 2040 2766 2115 ταύτην
2793 2041 2959 2097 αὑτοῦ
2996 2043 3290 2098 συσκιάσαι
3340 2043 3441 2116 τὴν
3488 2042 3751 2114 ἀθυμίαν.

2072 2135 2165 2208 Μὴ
2188 2137 2252 2209 δὴ
2278 2137 2457 2210 μάτην
2488 2138 2649 2192 ὀδύνα
2680 2139 2876 2194 σαυτὸν
2891 2143 3014 2205 ταῖς
3039 2141 3337 2211 φροντίσιν.
3367 2140 3431 2195 Εἰ
3454 2140 3513 2194 δὲ
3541 2140 3637 2195 καὶ
3656 2140 3754 2194 ἀλα

2071 2236 2188 2304 γεῖν
2225 2234 2366 2307 ὑπὲρ
2386 2233 2481 2288 τοῦ
2508 2236 2716 2307 πατρὸς
2753 2236 2879 2309 χρὴ,
2918 2237 3012 2290 ἐπὶ
3054 2239 3175 2302 ταῖς
3206 2236 3423 2306 ἀλόγοις
3463 2235 3752 2300 δαπάναις.

2072 2330 2166 2383 ἐπὶ
2212 2333 2325 2394 τοῖς
2360 2329 2586 2402 κώμοις,
2628 2333 2722 2386 καὶ
2756 2332 2851 2386 ἐπὶ
2886 2330 2966 2404 τῷ
2993 2331 3171 2404 τύφῳ,
3203 2331 3300 2386 καὶ
3330 2333 3422 2386 ἐπὶ
3465 2334 3534 2404 τῇ
3556 2343 3756 2405 ⁶ιυρανρ

2074 2426 2197 2493 νίδι,
2230 2428 2322 2480 ἐπὶ
2353 2429 2421 2498 τῇ
2464 2426 2680 2498 μοιχείᾳ
2724 2430 2793 2499 τῇ
2836 2428 2952 2481 νῦν.
2982 2428 3056 2481 Ἦ
3095 2427 3293 2500 μικρὸν
3337 2426 3443 2481 οίει
3492 2427 3663 2481 κακὸν
3690 2426 3756 2481 τὸ

2074 2524 2332 2593 γυναικὸς
2356 2524 2503 2579 ἔνδον
2519 2524 2687 2597 οὔσης
2716 2525 2815 2597 τῆς
2844 2525 3119 2596 ὑμετέρας
3150 2524 3376 2597 μητρὸς,
3399 2523 3564 2598 ἑτέρᾳ
3585 2536 3757 2597 προσ-

2075 2619 2393 2692 φθείρεσθαι
2414 2621 2571 2694 κόρῃ,
2602 2622 2695 2675 καὶ
2724 2622 3058 2675 παιδοποιεῖν
3074 2623 3140 2675 ἐκ
3168 2621 3505 2694 παρανόμων
3526 2616 3753 2694 γάμωνς

2075 2716 2260 2772 Ταῦτα
2293 2717 2521 2782 πένθους
2558 2716 2717 2784 ἄξια,
2754 2717 2931 2773 ταῦτα
2984 2718 3261 2791 δακρύων,
3295 2718 3366 2774 τά
3399 2718 3610 2792 φανερά
3659 2723 3756 2776 καὶ

2075 2816 2158 2878 εἰς
2185 2813 2339 2880 τέλος
2388 2814 2628 2870 ἐκϐάντα
2664 2815 2842 2870 κακά’
2894 2814 2965 2869 τὰ
2989 2814 3047 2870 δὲ
3081 2815 3175 2869 ἐπὶ
3225 2810 3310 2870 σο⁶ι
3362 2816 3758 2890 συμϐησόμενα

2076 2913 2209 2977 ίσως
2240 2915 2337 2985 μὲν
2384 2913 2537 2967 ἔσται
2558 2912 2727 2981 δεινά,
2765 2912 2896 2979 ἴσως
2926 2911 2986 2967 δὲ
3022 2913 3083 2967 οὐ
3102 2912 3271 2979 δεινὰ,
3300 2914 3500 2986 πολλῆς
3537 2915 3595 2969 δὲ
3625 2914 3755 2970 ἀλο-

2074 3009 2199 3079 γίας
2225 3009 2367 3081 ὑπὲρ
2396 3009 2507 3065 τῶν
2544 3008 2717 3073 οὕτως
2742 3009 2953 3081 ἀδήλων
2996 3009 3431 3084 ὡμολογημένην
3466 3012 3757 3084 ὑπομένειν

2076 3107 2177 3179 ήδη
2202 3105 2453 3178 βάσανον.
2487 3106 2684 3179 Θῶμεν
2704 3106 2761 3160 δὲ
2783 3107 2924 3161 αύτά
2957 3107 3052 3161 καὶ
3087 3107 3227 3178 μετά
3261 3107 3464 3179 πολλῆς
3491 3107 3594 3179 τῆς
3623 3125 3758 3180 σφοο

2075 3204 2333 3277 δρότητος
2358 3204 2786 3275 ἀπαντήσεσθαι,
2816 3202 2954 3257 ἀλλά
2998 3204 3255 3275 τάχιστον
3298 3204 3412 3271 ἕξει
3454 3204 3627 3272 τέλος,
3661 3209 3757 3260 καὶ

2077 3301 2209 3371 πρὶν
2240 3300 2274 3372 ή
2308 3299 2490 3365 καλῶς
2536 3298 2838 3371 ἐξαφθῆναι
2871 3299 3257 3370 σϐεσθὴσεται.
3296 3301 3617 3375 ’Ἄνθρωπος
3647 3303 3759 3376 γὰρ

2077 3388 2315 3462 τοσαύτῃ
2335 3388 2619 3460 προσέχων
2650 3390 2855 3460 τρυφῇ,
2879 3389 2974 3442 καὶ
3001 3388 3346 3460 πραγμάτων
3386 3390 3728 3463 ἐπιμελούμε
3745 3425 3760 3433 -

2078 3493 2168 3541 νος
2216 3476 2426 3530 πολλῶν
2446 3515 2461 3541 ,
2498 3477 2593 3529 καὶ
2626 3477 2966 3547 παρασίτους
3004 3477 3222 3549 τρέφων
3244 3478 3340 3532 καὶ
3372 3478 3628 3543 κόλακας,
3661 3480 3758 3534 καὶ

2077 3564 2223 3618 οὕτω
2243 3564 2342 3635 τῆς
2366 3564 2535 3634 κόρης
2559 3565 2775 3634 ἐκείνης
2809 3563 3233 3635 περικαιόμενος
3251 3604 3267 3629 ,
3303 3564 3363 3633 ἐξ
3387 3561 3455 3638 ἦς
3488 3565 3601 3639 ἔχει
3631 3569 3760 3630 τοὺς

2078 3654 2138 3721 ἐξ
2166 3653 2429 3726 ἡμισείας
2445 3654 2474 3705 ύ
2484 3656 2576 3724 μίν
2603 3652 2894 3721 ἀδελφοὺς,
2916 3653 3020 3706 κᾶν
3036 3652 3176 3726 λάϐῃ
3206 3652 3315 3708 τῶν
3346 3653 3454 3707 σῶν
3485 3654 3774 3726 αἴσθησιν,

2080 3742 2342 3814 βραχεῖαν
2386 3739 2616 3811 λήψεται
2649 3741 2742 3794 καὶ
2778 3741 2996 3804 οὐδενὸς
3025 3740 3201 3806 ἀξίαν.
3234 3741 3346 3795 Καὶ
3368 3741 3526 3795 τοῦτο
3555 3743 3652 3814 ούχ
3676 3738 3760 3809 οἷς

2078 3827 2232 3884 εἷπον
2250 3830 2430 3902 μόνον,
2459 3829 2594 3883 ἀλλά
2619 3830 2715 3884 καὶ
2740 3832 2853 3893 τοῖς
2869 3830 2968 3901 ήδη
2999 3831 3385 3900 γεγενημένοις
3404 3833 3755 3903 στοχάζομαι·

2078 3915 2234 3974 οἶσθα
2251 3919 2381 3991 γὰρ,
2419 3914 2581 3973 οἶσθα
2598 3918 2803 3989 σαφῶς,
2839 3919 2921 3972 ὅτι
2946 3918 3150 3991 σφόδρα
3174 3935 3232 3972 σε
3259 3919 3365 3991 πρὸ
3385 3918 3588 3973 τούτων
3613 3921 3641 3961 ιι
3674 3938 3764 3992 φι..

2079 4009 2210 4078 λῶν,
2235 4010 2331 4063 καὶ
2353 4010 2531 4063 πάντα
2552 4008 2653 4081 τὴν
2681 4007 2780 4080 σὴν
2796 4008 3096 4079 ἡγούμενος
3126 4008 3389 4078 κεφαλὴν,
3409 4008 3595 4081 ἐπειδὴ
3624 4010 3763 4082 πρὸς

2078 4102 2171 4154 τὸν
2182 4100 2293 4155 τῶν
2326 4098 2577 4171 μοναχῶν
2608 4100 2873 4169 μετέστης
2890 4096 3024 4168 βίον,
3050 4097 3228 4152 πάντα
3248 4098 3339 4151 τὸν
3364 4096 3528 4153 πόθον
3554 4099 3761 4155 ἐκεῖνον

2082 4188 2272 4242 ἔσϐεσε
2296 4228 2311 4255 ,
2351 4188 2447 4242 καὶ
2479 4186 2540 4240 τὸ
2573 4188 2810 4259 πρᾶγμα
2848 4186 3071 4257 αἰσχρὸν
3095 4187 3358 4258 ἡγήσατο,
3396 4188 3492 4240 καὶ
3522 4188 3621 4259 τῆς
3650 4187 3762 4241 τῶν
3793 4191 3801 4199 ’

2083 4276 2363 4348 προγόνων
2400 4275 2787 4346 λαμπρότητος
2822 4274 3062 4340 ἀνάξιον,
3106 4275 3201 4327 καὶ
3247 4274 3348 4347 τήν
3390 4274 3556 4329 αὐτοῦ
3602 4272 3783 4347 δόξαν,

2082 4363 2463 4435 καταισχύνειν
2503 4380 2563 4417 σε
2603 4362 2758 4431 ἔλεγε
2780 4375 2793 4390 ’
2820 4363 2916 4417 καὶ
2946 4363 2995 4414 εἰ
3032 4360 3107 4433 μὴ
3139 4364 3171 4431 ὴ
3213 4361 3311 4433 τῆς
3344 4364 3556 4432 φύσεως
3596 4363 3763 4416 αὐτὸν

2084 4456 2336 4525 κατεῖχεν
2367 4450 2602 4520 ἀνάγκη,
2634 4451 2773 4521 τάχα
2812 4450 2880 4523 ἄν
2918 4465 2975 4502 σε
3024 4448 3118 4502 καὶ
3164 4449 3530 4520 ἀπεκήρυξεν.
3572 4449 3759 4516 Ὥστε,

2083 4543 2133 4595 εἰ
2165 4541 2242 4613 μὴ
2282 4539 2485 4611 σφόδρα
2511 4535 2837 4608 ἀναίσθητον
2869 4535 2929 4589 τὸ
2955 4535 3268 4606 λεγόμενον,
3294 4532 3448 4607 οἶμαι
3478 4537 3642 4590 αὐτὸν
3666 4539 3763 4594 καὶ

2084 4631 2314 4702 ἡσθῆναι
2344 4628 2421 4701 τῷ
2449 4626 2729 4697 γεγονότι,
2761 4625 2836 4688 ὡς
2874 4625 3034 4695 δίκην
3064 4640 3160 4677 σου
3190 4624 3482 4689 δεδωκότος
3517 4625 3658 4698 ὑπὲρ
3683 4620 3761 4682 ὧν

2084 4721 2345 4785 πολλάκις
2373 4715 2821 4790 παρακαλοῦντος
2838 4715 2930 4768 καὶ
2951 4715 3260 4783 ἀπαγαγεῖν
3291 4714 3616 4786 βουλομένου
3637 4717 3764 4771 ταύ-

2085 4829 2184 4883 της
2228 4808 2325 4863 τοῦ
2363 4806 2480 4880 βίου
2512 4808 2613 4877 τῆς
2659 4804 2957 4876 καρτερίας
2984 4844 2998 4868 ,
3043 4802 3165 4857 οὐδὲ
3192 4868 3204 4879 _
3224 4804 3390 4875 μέχρι
3446 4804 3708 4876 ῥημάτων
3732 4815 3757 4847 τ

2083 4902 2316 4974 ἠνέσχου
2344 4898 2445 4970 τὴν
2470 4892 2800 4966 συμϐουλήν.

2156 5061 2217 5116 δ’.
2254 5056 2364 5113 Καὶ
2378 5056 2508 5127 περὶ
2525 5053 2626 5125 μὲν
2643 5050 2738 5108 τοῦ
2761 5049 2968 5122 πατρὸς
2989 5049 3195 5106 καὶτοῦ
3210 5050 3376 5120 φόϐου
3395 5046 3457 5107 οῦ
3472 5055 3613 5128 :uxép
3626 5055 3763 5112 but-

2085 5175 2176 5213 νου
2193 5156 2456 5222 δέδοικας,
2472 5151 2643 5206 ταῦτα
2662 5149 2728 5206 ἂν
2743 5149 2920 5220 ἔχοιμι
2937 5147 3139 5217 λέγειν,
3159 5148 3321 5202 ἰκανά
3346 5166 3410 5219 γε
3433 5148 3587 5225 [184]
3611 5152 3760 5222 ὄντα,

2087 5256 2163 5320 ώς
2192 5250 2368 5326 οἶμαι,
2400 5249 2581 5304 πάντα
2612 5247 2705 5301 τὸν
2737 5246 2877 5318 ὑπὲρ
2908 5245 3117 5299 τούτων
3152 5262 3235 5299 σοι
3279 5247 3571 5319 γενόμενον
3603 5249 3763 5308 λῦσαι

2089 5354 2274 5427 φόϐον.
2312 5346 2533 5419 Ἐπειδὴ
2557 5346 2614 5400 δέ
2631 5344 2817 5413 ἔλεγες
2845 5342 2906 5396 τὸ
2937 5344 3234 5414 κεφάλαιον
3253 5342 3366 5397 τῶν
3403 5344 3590 5398 κακῶν
3622 5341 3762 5401 εἶναι

2093 5450 2150 5505 τδ
2177 5449 2310 5522 μηδὲ
2335 5446 2478 5518 ὑπὲρ
2507 5442 2619 5497 τῶν
2644 5440 2948 5513 μελλόντων
2964 5435 3109 5510 ἔχειν
3125 5438 3371 5513 θαρρεῖν,
3404 5439 3541 5513 μηδὲ
3563 5439 3762 5509 ειδέναι

2091 5551 2318 5618 πότερον
2345 5543 2497 5599 ἔσται
2522 5558 2605 5604 τις
2632 5539 2786 5602 λύσις
2806 5537 2938 5592 ποτὲ
2971 5535 3250 5607 τούτων,ἢ
3280 5536 3373 5590 καὶ
3390 5534 3553 5608 μέχρι
3573 5537 3764 5599 re).th

2156 5718 2182 5783 ἰ)
2206 5714 2341 5783 Coll).
2366 5721 2419 5783 (δι
2437 5711 2592 5783 §av_i_l.
2625 5709 2717 5783 πρὸ
2746 5707 2936 5783 τρύτου.
2966 5738 2981 5751 ι

2154 5782 2177 5812 ⁸
2199 5779 2332 5831 Coib.
2350 5781 2413 5827 et
2434 5776 2583 5826 Savil.
2612 5772 2748 5836 μέχρι
2767 5772 2991 5834 ῥήματος.
