4060 6136
266 292 373 349 455

1056 300 1113 356 S.
1156 299 1444 357 JOANNIS
1484 298 1976 357 CHRYSOSTOMI
2016 292 2335 354 ARCIHEP.
2377 290 2922 351 CONSTANTINOP.

3620 289 3732 345 454

268 419 368 488 τῆς
410 417 728 493 βουλήσεταί
769 435 849 472 σοι
891 415 1181 470 ’πυκτεύειν
1221 418 1249 470 6
1287 416 1377 469 τὸν
1411 415 1603 483 ἀγῶνά
1636 432 1719 469 σοι
1752 414 1940 469 τοῦτον
2052 417 2093 483 ἡ
2127 414 2447 485 ἀπάγουσα
2461 414 2548 477 είς
2578 409 2693 478 τὴν
2717 408 2900 478 ζωήν·
2936 408 3016 461 ὅτι
3041 406 3096 458 δὲ
3126 405 3227 459 οὐκ
3256 404 3334 458 ἔνι
3351 403 3437 458 διὰ
3471 404 3572 475 τῆς
3602 420 3732 459 στε-

254 509 405 572 ’θεὶςο
443 506 670 580 ἀκρισὲς
718 505 815 575 μὲν
855 503 1004 556 οὐδὲν
1052 502 1169 557 οὐδὲ
1201 502 1363 566 αὐτὸς
1414 503 1551 573 ὑπὲρ
1583 502 1785 556 τούτων
1834 503 1946 572 ἔχω
2051 509 2148 579 νῆς
2179 509 2236 560 ἐν
2265 502 2576 575 εὐρυχωρίᾳ
2607 500 2821 571 βαδίσαι
2868 498 3019 559 ποτὲ,
3053 496 3214 550 παντί
3244 512 3348 548 που
3379 493 3537 566 δῆλόν
3556 496 3730 549 ἐστιν.

262 597 470 666 λέγειν,
519 596 640 648 οὐδὲ
672 591 1068 662 ἀποφαίνεσθαι
1102 590 1244 661 ὑπὲρ
1272 589 1380 643 τῶν
1406 590 1733 661 μελλόντων,
1769 591 1947 642 ἐκεῖνο

272 683 459 754 μέντοι
489 677 607 735 οῖδα
647 678 855 751 σαφῶς,
912 678 1009 731 καὶ
1052 677 1213 730 αὐτὸν
1263 677 1321 730 δέ
1374 694 1433 730 σε
1466 675 1945 730 οῦτωηπεπείσθαι

272 769 429 837 ἀξιῶ.
479 770 561 823 6::
600 767 857 837 ὁπότερον
899 765 965 819 ἂν
998 765 1223 834 γένηται
1274 766 1501 829 τούτων,
1562 766 1951 835 συμφερόντως

274 857 426 911 ἔσται
453 856 545 909 καὶ
572 854 705 927 πρὸς
732 852 890 923 ήμῶν
910 868 922 881 ·
956 852 1057 906 κᾶν
1090 851 1233 905 οὕτω
1265 853 1319 905 δὲ
1365 852 1705 922 διακείμενος
1732 850 1821 926 ᾖς,
1852 869 1949 905 τα-

272 946 415 1017 χέως
453 945 546 999 καλ¹
586 943 675 996 τὸν
714 941 997 1011 κολοφῶνα
1031 940 1254 1005 τούτων,
1288 941 1363 1004 ὡς
1400 941 1599 1009 λέγεις,
1630 942 1951 1013 ἁποκρούσῃ

273 1032 383 1087 τῶν
405 1030 612 1086 κακῶν.
1299 1086 1311 1104 ,

346 1119 488 1192 Πρὸς
515 1119 571 1173 δὲ
598 1117 771 1189 τούτῳ
797 1129 823 1157 ι
842 1117 1061 1170 κάκεῖνο
1083 1114 1537 1189 λογίζεσθαιχρὴ,
1564 1117 1645 1170 ὅτι
1676 1119 1704 1169 6
1733 1118 1828 1187 μὲν
1845 1116 1953 1168 τῶν

264 1208 527 1263 ἐπάθλων
578 1207 673 1260 καὶ
718 1204 826 1258 τῶν
878 1204 1156 1274 στεφάνων
1214 1205 1404 1276 καιρὸς
1458 1206 1485 1257 6
1547 1206 1755 1276 μέλλων
1807 1207 1953 1258 ἐστὶν

276 1295 435 1359 αἰὼν,
468 1293 578 1347 τῶν
604 1293 661 1346 δὲ
701 1292 1093 1363 παλαισμάτων
1126 1293 1220 1344 καὶ
1257 1292 1365 1345 τῶν
1407 1293 1644 1363 ἱδρώτων
1682 1294 1709 1345 6
1742 1291 1951 1363 παρών.

272 1385 391 1436 Καὶ
431 1380 592 1439 τοῦτο
630 1380 856 1450 ποιῆσαι
882 1379 1040 1450 δῆλον
1074 1382 1206 1450 ἡμῖν
1248 1380 1568 1449 βουλόμενος
1612 1382 1640 1433 6
1688 1380 1956 1450 μακάριος

274 1471 489 1533 Παῦλος
507 1468 692 1537 ἔλεγεν
711 1486 724 1497 ·
756 1467 918 1520 Οὕτω
947 1466 1132 1535 τρέχω
1161 1467 1240 1532 ὡς
1256 1469 1367 1520 οὐκ
1392 1466 1650 1533 ἀδήλως,
1674 1468 1827 1520 οὕτω
1844 1481 1956 1519 πυ-

278 1560 469 1613 κτεύω
480 1559 561 1623 ὡς
580 1559 692 1612 οὐκ
707 1556 851 1626 ἀέρα
873 1555 1082 1624 δέρων,
1096 1557 1231 1609 ἀλλ’
1255 1555 1564 1616 ὑπωπιάζω
1574 1573 1694 1623 μου
1709 1556 1773 1608 τὸ
1788 1554 1959 1623 σῶμα

278 1646 379 1698 καὶ
401 1641 780 1713 δουλαγωγῶ,
809 1640 1021 1711 μήπως
1041 1641 1252 1707 ἄλλοις
1274 1642 1543 1709 κηρύξας
1563 1640 1746 1706 αὐτὸς
1768 1640 1961 1694 66:51::-

275 1750 393 1801 μος
430 1729 705 1800 γένωμαι.
755 1727 975 1797 Ἐπειδὴ
1009 1726 1065 1779 δὲ
1116 1728 1252 1799 πρὸς
1286 1729 1385 1797 τὴν
1422 1727 1679 1796 τελευτὴν
1732 1726 1956 1795 ἔφθασε,

280 1816 583 1886 τηνικαῦτα
620 1813 720 1886 τὴν
760 1814 1033 1886 μακαρίαν
1090 1813 1303 1884 ἐκείμην
1335 1812 1516 1881 ἀφῆκε
1574 1813 1791 1883 φωνήν
1852 1812 1961 1865 Τὸν

280 1902 482 1973 ἀγῶνα
533 1901 639 1955 τὸν
686 1900 877 1954 καλὸν
905 1898 1258 1971 ἠγώνισμαι.
1285 1901 1389 1954 τὸν
1415 1902 1634 1969 δρόμον
1657 1900 1957 1963 τετέλεκα,

282 1992 400 2059 τὴν
430 1991 639 2044 πίστιν
674 1988 989 2057 τετήρηκα,
1043 1989 1262 2043 λοιπὸν
1293 1989 1605 2043 ἀπόκειταί
1637 2006 1737 2057 μοι
1790 1991 1821 2041 ό
1855 1987 1963 2055 τῆς

280 2078 677 2143 δικαιοσύνης
716 2075 1050 2145 στέφανος·
1088 2075 1302 2139 δεικνὺς
1347 2078 1429 2129 ὅτι
1470 2078 1647 2129 πάντα
1706 2075 1796 2129 τὸν
1850 2076 1962 2145 βίον

282 2164 579 2235 ἐναγώνιον
610 2166 745 2235 ἡμῖν
784 2158 926 2216 εἶναι
955 2164 1038 2216 δεῖ
1078 2165 1168 2216 καὶ
1200 2163 1477 2227 ἐπίπονον,
1502 2162 1633 2231 εἴγε
1678 2162 1963 2232 μέλλοιμεν

282 2253 385 2322 τῆς
414 2250 775 2313 ἀναπαύσεως
796 2250 893 2320 τῆς
917 2250 1138 2303 αίωνίου
1158 2250 1251 2303 καὶ
1281 2248 1389 2301 τῶν
1424 2249 1632 2320 μυρίων
1661 2248 1867 2301 ἀπολαύ
1880 2264 1964 2300 σε·

286 2340 413 2395 σθαι
435 2337 677 2408 ἀγαθῶν.
726 2338 789 2392 Εί
844 2336 902 2390 δὲ
943 2336 1184 2407 βούλοιτό
1225 2354 1308 2400 τις
1339 2336 1598 2407 ῥᾳθυμῶν
1625 2338 1716 2389 καὶ
1748 2335 1855 2389 τῶν
1881 2338 1966 2389 ἐν·

280 2427 464 2482 ταῦθα
491 2426 787 2481 ἀπολαύειν
809 2424 1003 2496 ἡδέων,
1025 2425 1122 2480 καὶ
1151 2424 1259 2477 τῶν
1277 2426 1393 2477 ἐκεῖ
1423 2426 1537 2487 τοῖς
1567 2420 1819 2478 πονοῦσιν
1840 2425 1966 2477 ἀπο-

284 2515 556 2586 κειμένων
612 2512 842 2585 μισθῶν,
896 2513 1088 2565 έαυτδν
1141 2512 1553 2583 παρακρούεται
1601 2513 1696 2566 καὶ
1755 2513 1962 2582 ἀπατᾷ.

290 2602 556 2671 Καθάπερ
579 2600 687 2671 769
712 2600 806 2653 ἐπὶ
838 2600 865 2639 b
899 2599 1005 2652 τῶν
1037 2598 1287 2668 ἀθλητῶν
1314 2601 1341 2652 6
1370 2600 1468 2668 μὲν
1512 2600 1604 2651 ἐπὶ
1638 2599 1731 2653 τοῦ
1774 2599 1965 2668 καιροῦ

286 2687 399 2742 τῶν
429 2686 655 2756 ἀγώνων
682 2686 865 2740 ἄνεσιν
905 2685 1180 2755 ἐπιζητῶν
1212 2684 1475 2755 αἰσχύνην
1502 2687 1596 2738 καὶ
1629 2686 1841 2750 ἀδοξίαν
1880 2686 1967 2739 διά

290 2772 491 2836 παντὸς
526 2770 619 2825 τοῦ
657 2772 852 2843 χρόνου
909 2769 1088 2840 ἐαυτῷ
1133 2770 1413 2842 προξενεῖ,
1442 2773 1469 2824 6
1497 2772 1553 2825 δὲ
1581 2774 1639 2825 ἐν
1670 2773 1745 2845 τῷ
1771 2774 1968 2844 σταδίῳ

295 2863 472 2917 πάντα
502 2860 658 2914 πόνον
690 2859 954 2928 γενναίως
981 2859 1220 2927 ἐνεγκὼν
1244 2861 1538 2929 στεφάνους
1572 2861 1666 2914 καὶ
1692 2862 1848 2927 δόξαν
1878 2864 1969 2915 καὶ

292 2953 533 3013 ἔπαινον,
569 2948 663 3002 καὶ
682 2947 739 3000 ἐν
773 2946 956 3009 αὐτοῖς
988 2948 1099 3009 τοῖς
1134 2945 1330 3014 ἀγῶσι,
1359 2947 1454 2999 καὶ
1491 2946 1760 3001 λυθέντων
1788 2948 1969 3001 αὐτῶν

296 3035 600 3110 καρποῦται
635 3033 787 3105 παρά
834 3034 943 3087 τῶν
973 3031 1181 3087 θεατῶν
1205 3050 1218 3063 ο
1259 3031 1401 3086 οῦτω
1438 3034 1531 3087 καὶ
1584 3035 1668 3104 ἐφ’
1693 3034 1868 3106 ἡμῶν.
1912 3036 1970 3089 Ὀ

295 3127 396 3195 μὲν
426 3124 517 3178 τὸν
550 3122 741 3193 καιρὸν
777 3120 884 3174 τῶν
924 3120 1102 3174 πόνων
1131 3118 1367 3184 ἀνέσεως
1399 3121 1720 3192 ποιούμενος
1755 3123 1968 3193 καιρὸν,

216 3261 225 3268 .
276 3214 419 3266 -ὂταν
436 3208 856 3264 ἀναπαύσασθαι
875 3207 971 3281 δέῃ
997 3207 1097 3278 τὴν
1119 3207 1313 3279 ἀγήρω
1335 3208 1552 3280 ἐκείνην
1581 3208 1786 3273 ἄνεσιν,
1818 3228 1971 3281 τηνι-

297 3296 473 3354 καῦτα
505 3295 798 3367 οἰμώξεται
826 3295 920 3347 καὶ
948 3294 1134 3367 βρύξει
1154 3297 1277 3357 :06;
1294 3294 1531 3358 ὀδόντας,
1558 3297 1742 3351 καὶτὰ
1769 3297 1973 3368 ἔσχατα

300 3386 544 3438 πείσεται
568 3382 745 3436 δεινά·
778 3385 805 3435 6
822 3382 878 3435 δὲ
901 3381 1135 3436 ἐνταῦθα
1150 3382 1248 3446 τὰς
1267 3381 1475 3452 θλίψεις
1501 3374 1795 3455 προθύμως
1817 3387 1970 3455 ἐνεγ-

297 3472 427 3539 κὼν,
450 3472 546 3525 καὶ
569 3469 803 3525 ἐνταῦθα
833 3470 926 3523 καὶ
950 3472 1067 3522 ἐκεῖ
1102 3470 1353 3540 λαμπρὸς
1387 3471 1540 3524 ἔσται
1586 3474 1678 3525 καὶ
1728 3473 1973 3540 ἐπίδοξος

292 3564 450 3631 δόξαν
470 3560 567 3634 τὴν
599 3559 862 3613 ἀθάνατον
889 3559 982 3612 καὶ
1014 3558 1209 3630 ἀληθῆ.
1246 3558 1430 3631 Είγάρ
1459 3561 1553 3613 ἐπὶ
1575 3560 1683 3614 τῶν
1702 3561 1974 3632 βιωτικῶν

286 3655 322 3705 6
343 3652 442 3722 τὴν
470 3649 753 3719 εὐκαιρίαν
774 3646 881 3700 τῶν
916 3647 1260 3718 πραγμάτων
1288 3649 1531 3718 συγχέων
1563 3650 1781 3703 πάντων
1816 3652 1977 3703 ἐκπε-

296 3741 469 3793 σεῖται
491 3736 599 3790 τῶν
623 3735 999 3807 προκειμένων
1032 3734 1200 3805 αὐτῷ,
1226 3736 1320 3790 καὶ
1340 3734 1561 3806 μυρίαις
1593 3737 1784 3790 ἑαυτὸν
1819 3755 1974 3809 περι·

287 3824 451 3879 ὄαλεῖ
487 3814 817 3895 συμφοραῖς,
875 3820 1054 3892 πολλῷ
1087 3821 1287 3892 μᾶλλον
1318 3824 1414 3876 ἐπὶ
1442 3823 1550 3876 τῶν
1590 3824 1974 3894 πνευματικῶν

288 3912 451 3968 τοῦτο
494 3913 740 3966 πείσεται
779 3913 807 3964 6
867 3910 965 3982 τὴν
1006 3909 1162 3975 τάξιν
1220 3910 1329 3963 τῶν
1384 3910 1592 3981 καιρῶν
1645 3912 1745 3964 οὐκ
1796 3911 1969 3975 εἰδώς.

290 3999 464 4059 Εἶπεν
521 4003 550 4058 6
593 4001 848 4073 Χριστὸς,
906 4002 988 4053 ὅτι
1035 4000 1254 4068 Θλῖψιν
1294 4000 1461 4065 ἕξετε
1516 4002 1586 4055 ἐν
1628 4001 1708 4067 τῷ
1750 4004 1999 4073 κόσμῳ(

294 4091 462 4149 Εἶπεν
490 4094 518 4146 ὁ
544 4090 814 4163 μακάριος
852 4088 1061 4153 Παῦλος
1080 4106 1092 4119 ο
1121 4090 1229 4145 Καὶ
1257 4090 1481 4159 πάντες
1521 4092 1590 4146 δὲ
1614 4096 1666 4146 οι
1696 4093 1977 4162 θέλοντες

287 4180 405 4249 ζῇν
418 4176 684 4242 εὐσεϐῶς
710 4177 935 4244 ὲνΧριο
947 4176 1027 4242 τῷ
1062 4177 1262 4245 Ἰησοῦ
1292 4177 1730 4249 διωχθήσονται
1747 4196 1760 4210 ·
1783 4183 1845 4234 οὐ
1876 4182 1977 4248 :6;

295 4267 449 4338 πτρά
471 4264 580 4319 τῶν
611 4263 915 4335 ἀνθρώπων
954 4262 1163 4328 διώξεις
1183 4264 1357 4333 λέγων
1388 4267 1567 4338 μόνον,
1585 4267 1723 4322 ἀλλὰ
1755 4270 1849 4323 καὶ
1877 4270 1976 4334 τὰς

295 4354 448 4423 παρὰ
469 4351 578 4405 τῶν
601 4350 872 4423 δαιμόνων
901 4350 1213 4417 ἐπιϐουλάς.
1252 4350 1420 4407 Εἶπεν
1472 4354 1617 4422 Ἰὼὸ,
1660 4358 1743 4410 6::
1772 4361 2003 4427 Πειραρ“

295 4441 503 4511 τήριόν
545 4440 718 4494 ἐστιν
764 4449 787 4478 ί·
826 4438 1144 4507 ἀνθρώπου
1183 4444 1215 4495 o'
1259 4442 1401 4508 βίος
1448 4443 1545 4496 ἐπὶ
1592 4442 1704 4512 τῆς
1742 4443 1875 4515 γῆς.
1911 4445 1976 4498 Τί

295 4532 473 4585 τοίνυν
496 4528 784 4603 ἀσχάλλεις
809 4530 867 4582 ἐν
893 4528 970 4600 τῷ
986 4530 1085 4602 τῆς
1112 4529 1485 4600 ταλαιπωρίας
1508 4531 1820 4604 θλιϐόμενος
1852 4551 1975 4587 και-

298 4620 417 4694 ρῷ;
446 4621 581 4674 Τότε
607 4620 717 4691 γὰρ
758 4620 943 4688 ἀλγεῖν
979 4622 1170 4691 ἐχρῆν,
1214 4622 1263 4675 εί
1306 4621 1365 4674 ὃν
1404 4624 1712 4693 προεῖπενό
1742 4624 1976 4694 Χριστὸς

299 4709 530 4779 θλίψεως
571 4702 711 4762 εἶναι
757 4706 971 4780 χρόνον,
1015 4708 1204 4762 τοῦτον
1258 4710 1590 4780 ἐποιούμεθα
1633 4714 1845 4784 τρυφῆς
1884 4713 1976 4765 καὶ

295 4793 838 4866 ἀναπαύσεωςμ85]
863 4795 1084 4864 καιρόν
1122 4798 1172 4850 εἰ
1213 4797 1335 4851 καθ’
1362 4796 1422 4850 ὃν
1473 4799 1834 4866 ἀγωνίζεσθαι
1883 4801 1977 4853 καὶ

299 4885 480 4937 πονεῖν
526 4882 1002 4953 προσετάχθημεν,
1037 4884 1177 4937 κατά
1217 4886 1404 4939 τοῦτον
1461 4887 1970 4959 ἀνεπεπτώκειμεν·

296 4972 347 5025 εἰ
379 4968 478 5040 τὴν
503 4968 817 5039 εὐρύχωρον
845 4969 1165 5040 ἐϐαδίζομεν
1195 4972 1334 5037 ὁδὸν,
1370 4973 1534 5025 αὐτοῦ
1563 4976 1663 5045 τὴν
1680 4976 1976 5046 τεθλιμμέ-

296 5074 395 5129 νην
428 5054 803 5118 κελεύσαντος.
829 5054 989 5111 Οῦτω
1019 5059 1128 5129 γὰρ
1158 5057 1223 5113 ἂν
1253 5059 1313 5124 ἐξ
1339 5061 1582 5130 ἀνάγκης
1629 5064 1762 5133 ἡμῖν
1792 5063 1976 5116 εἵπετο

294 5148 481 5205 λοιπὸν
508 5146 570 5200 :6
592 5148 650 5199 ἐν
667 5149 778 5209 τοῖς
817 5146 1010 5202 αίῶσιν
1048 5150 1278 5214 ἐκείνοις
1317 5149 1659 5213 κολάζεσθαι.
1699 5152 1763 5203 Τί
1793 5148 1885 5207 οὖν
1910 5152 1975 5206 ἂν

295 5226 493 5299 εῖποις,
544 5234 701 5305 φησὶ,
752 5235 890 5306 πρὸς
917 5237 1044 5299 τοὺς
1089 5238 1186 5291 καὶ.
1223 5237 1457 5293 ἐνταῦθα
1486 5239 1599 5308 μετ’
1631 5240 1976 5310 εὐρυχωρίας

299 5322 632 5398 βαδίζοντας,
673 5323 767 5376 1:61
801 5323 916 5377 ἐκεῖ
944 5325 1235 5396 μέλλοντας
1274 5327 1681 5395 ἀναπαύεσθαι;
1737 5327 1849 5381 K61
1892 5327 1974 5392 τίς

295 5413 455 5480 οὗτός
495 5415 683 5480 ἐστιν;
719 5412 829 5481 ἐγὼ
859 5414 968 5485 γὰρ
995 5413 1074 5485 τῷ
1120 5414 1213 5467 τοῦ
1250 5414 1487 5486 Χριστοῦ
1528 5416 1783 5487 πείθομαι
1832 5415 1974 5487 λόγῳ

294 5505 482 5576 μόνον,
512 5500 589 5574 τῷ
618 5498 831 5571 λέγοντι
876 5503 979 5570 ὃτι,
1009 5504 1200 5572 Στενὴ
1234 5503 1333 5560 καί
1364 5504 1718 5575 τεθλιμμένη
1771 5507 1807 5576 ἡ
1834 5505 1973 5572 ὁδὸς

357 5627 388 5692 ξ
579 5630 634 5675 et
652 5625 799 5692 ξυνῇ.
826 5626 941 5692 1:96;
961 5627 1012 5692 δέ
1025 5627 1198 5692 τούτῳ,
1224 5627 1396 5692 Morel.
1418 5627 1534 5692 1:96;
1554 5629 1605 5677 δὲ
1626 5627 1785 5677 τοῦτο.

355 5687 389 5756 l3
412 5688 546 5756 ςλριι).
576 5696 630 5756 (ξι
653 5687 910 5756 Savil._1:0:1
935 5690 1143 5756 καθάπερ
1156 5687 1259 5741 έπῐ.

354 5750 387 5823 ‘_’
423 5747 555 5800 Ἐστι
575 5749 717 5800 deos:
749 5748 945 5802 inCOlb.

2058 596 2230 649 Ὅπου
2269 593 2381 662 769
2411 588 2631 644 ἐπὶτῶν
2673 587 2871 653 ἔξωθεν
2897 584 3123 654 ἀγώνων
3150 584 3326 648 οὐδεὶς
3355 581 3596 654 ἱδρώτων
3622 599 3734 652 χω-

2056 685 2141 754 91;
2169 682 2429 750 στέφανον
2470 679 2784 749 ἀνεδήσατο,
2811 674 2905 728 καὶ
2951 673 3125 728 ταῦτα
3161 672 3263 743 τῆς
3296 670 3465 741 αὐτῆς
3516 669 3738 739 φύσεως

2056 770 2193 841 ἔχων
2217 767 2605 829 κοινωνοῦντας
2627 767 2754 828 :06;
2774 761 3199 830 ἀνταγωνιστὰς,
3222 758 3352 813 ἔνθα
3378 758 3615 829 πονηραὶ
3640 755 3739 809 δυ-

2056 858 2249 929 νάμεις
2305 858 2435 926 ἡμῖν
2463 853 2799 924 ἀνταίρουσι,
2856 850 2972 913 πῶς
3005 849 3083 902 ένι
3137 847 3371 917 θλίψεως
3399 847 3492 900 καὶ
3551 862 3743 899 στενο-

2056 946 2262 1017 χωρίας
2316 944 2473 1007 ἐκτὸς
2544 939 2930 1012 περιγενέσθαι
2982 938 3081 1007 τῆς
3110 936 3307 1007 μανίας
3330 935 3589 997 ἐκείνων;

2128 1040 2187 1089 ε’.
2236 1032 2396 1086 ’Δλλὰ
2420 1028 2739 1102 μέχριτίνος
2766 1027 2871 1080 61:6
2892 1024 3167 1096 λογισμῶν
3193 1024 3366 1077 ταῦτα
3384 1021 3740 1092 ἐξετάζομεν,

2059 1124 2178 1190 ἐξὸν
2205 1125 2294 1177 ἐπὶ
2318 1124 2443 1186 :06;
2476 1119 2777 1191 μακαρίους
2802 1119 2896 1172 καὶ
2920 1115 3201 1187 γενναίους
3226 1113 3463 1185 ἀθλητὰς
3487 1128 3742 1182 καταφυ-

2060 1217 2177 1284 γεῖν
2214 1215 2339 1275 :06;
2394 1214 2487 1265 ἐπὶ
2529 1210 2639 1264 τῶν
2693 1208 2974 1281 προτέρων
3029 1205 3429 1276 γεγενημένους
3482 1203 3739 1274 χρόνωνς

2075 1303 2361 1369 Ἑξέτασον
2416 1300 2524 1372 γὰρ
2573 1300 2818 1362 ἅπαντας
2878 1298 3007 1358 τοὺς
3057 1296 3177 1348 τότε
3234 1293 3589 1364 ὀνομαστοὺς,
3648 1291 3745 1343 καὶ

2063 1392 2291 1453 πάντας,
2337 1390 2446 1443 61:6
2496 1388 2602 1442 τῶν
2653 1387 2881 1457 θλίψεων
2913 1384 3032 1454 ὕψει
3084 1382 3399 1454 παρρησίαν
3436 1380 3744 1450 ἐσχηκότας

2065 1474 2200 1544 πρὸς
2223 1474 2310 1528 τὸν
2352 1474 2503 1526 Θεόν.
2539 1472 2648 1524 K61
2700 1472 2747 1523 εἰ
2783 1468 2958 1540 βούλει
3005 1484 3090 1536 γε,
3124 1467 3216 1519 ἐπὶ
3249 1465 3341 1517 τὸν
3382 1463 3479 1517 τοῦ
3528 1479 3745 1534 πρωτο-

2064 1560 2301 1615 πλάστου
2331 1561 2543 1631 πρῶτον
2576 1557 2819 1628 ἔλθωμεν
2841 1556 3027 1616 παῖδα,
3056 1556 3118 1607 :6
3144 1554 3329 1624 ἀρνίον
3357 1553 3453 1605 τοῦ
3475 1550 3745 1623 Χριστοῦ,

2064 1652 2155 1704 τὸν
2183 1650 2367 1714 Ἀϐελ,
2394 1648 2484 1700 τὸν
2508 1646 2805 1718 ἠδικηκότα
2829 1645 2924 1714 μὲν
2950 1643 3100 1695 οὐδὲν
3119 1683 3131 1707 ,
3156 1642 3223 1695 τά
3253 1641 3309 1694 δὲ
3329 1641 3436 1693 τῶν
3461 1640 3748 1694 δεινότατα

2067 1735 2442 1807 εἰργασμένων
2489 1734 2878 1804 ὑπομείναντα.
2925 1730 3114 1800 Ἡμεῖς
3158 1731 3255 1799 μὲν
3301 1729 3410 1800 γάρ
3457 1726 3746 1807 ἁμαρτιῶν

2065 1822 2283 1891 τίνομεν
2321 1819 2473 1883 δίκας
2508 1820 2635 1881 :06;
2666 1815 3019 1887 πειρασμούς·
3050 1815 3078 1866 6
3121 1814 3177 1867 δὲ
3207 1813 3412 1875 δίκαιος
3442 1814 3647 1873 ἐκεῖνος
3676 1806 3749 1864 δι’

2067 1904 2219 1957 οὐδὲν
2263 1903 2449 1972 ἓτερον
2491 1901 2798 1964 ἐκολάζετο,
2858 1899 3036 1969 ἀλλ’ἢ
3095 1899 3177 1951 ὅτι
3230 1896 3434 1960 δίκαιος
3489 1891 3578 1967 ἦν.
3635 1896 3751 1948 K61

2068 1991 2172 2055 ἕως
2220 1992 2317 2061 μὲν
2366 1991 2517 2046 οὐδὲν
2547 1990 2690 2061 μέγα
2738 1988 3106 2049 ἐπεδείκνυτο,
3161 1985 3530 2053 ἐπεγίνωσκεν
3579 1983 3749 2037 αὐτὸν

2069 2081 2097 2131 ὁ
2144 2079 2399 2147 ἀδελφός·
2438 2078 2624 2148 ἐπειδὴ
2653 2078 2709 2131 δὲ
2732 2077 2837 2131 61:6
2860 2078 2958 2146 τῆς
3003 2075 3192 2138 θυσίας
3220 2072 3500 2143 διέλαμψε,
3529 2073 3624 2125 κα¹ι
3648 2071 3751 2141 τὴν

2071 2165 2229 2233 φύσιν
2268 2165 2436 2235 αὐτὴν
2459 2165 2722 2235 ἠγνόησεν
2751 2165 2854 2217 61:6
2892 2163 2985 2216 :06
3022 2162 3215 2232 φθόνου
3243 2160 3539 2230 πηρωθείς.
3573 2158 3750 2212 Πόθεν

2071 2249 2161 2307 οἷον
2183 2247 2327 2316 οἶδας
2354 2256 2399 2306 εί
2426 2253 2517 2305 1:21
2542 2251 2683 2323 νῦνῆ
2708 2252 2845 2323 αὐτὴ
2868 2252 3015 2304 αἰτία
3036 2251 3126 2303 τὸν
3155 2249 3398 2302 διάϐολον
3417 2250 3627 2319 ἤγειρε,
3653 2247 3753 2301 καὶ

2070 2342 2164 2395 τοῦ
2199 2342 2313 2411 βίου
2349 2359 2441 2394 σου
2471 2342 2530 2393 :6
2563 2342 2811 2411 λαμπρὸν
2850 2341 2985 2410 1:96;
3016 2339 3112 2409 τὴν
3149 2340 3327 2409 μάχην
3352 2338 3512 2390 αὐτὸν
3542 2336 3753 2405 ταύτην

1999 2498 2009 2503 ἢ
2073 2430 2462 2496 ὲξεκαλέσατο;
2491 2431 2551 2483 Εἰ
2576 2431 2632 2483 δὲ
2664 2429 2827 2499 γελᾷς
2855 2428 3024 2481 ταῦτά
3054 2445 3154 2497 μου
3187 2428 3252 2480 :6
3277 2428 3515 2498 ῥήματα,
3540 2425 3755 2479 ἐπαινῶ

2077 2519 2172 2590 μέν
2210 2536 2269 2572 σε
2297 2520 2398 2588 τῆς
2449 2516 2969 2588 ταπε-νοφροσύνης,
3009 2519 3069 2570 οὐ
3099 2517 3203 2588 μὴν
3234 2516 3328 2568 τοῦ
3368 2515 3512 2568 οῦτω
3544 2516 3757 2569 διακεῖ-

2077 2602 2196 2655 σθαι
2227 2602 2522 2671 παύσομαι.
2555 2602 2615 2652 Εί
2654 2603 2760 2671 γὰρ
2790 2599 2955 2672 στέαρ
2987 2596 3370 2669 προσενεγκίον
3399 2596 3573 2663 οὕτως
3603 2598 3755 2651 εὐδο-

2074 2689 2308 2758 κίμησεν
2342 2690 2571 2750 ἐκεῖνος.
2601 2691 2629 2742 ό
2664 2688 2831 2757 μηδὲν
2859 2686 2966 2740 τῶν
3005 2685 3226 2751 ἔξωθεν,
3255 2685 3371 2740 ἀλλ’
3392 2686 3511 2739 ὅλον
3553 2686 3752 2739 ἑαυτὸν

2074 2777 2291 2840 ἀναθεὶς
2338 2775 2416 2847 τῷ
2474 2775 2625 2845 Θεῷ,
2681 2773 2861 2845 πολλῷ
2913 2774 3111 2845 μᾶλλον
3159 2773 3224 2826 ἂν
3281 2772 3566 2845 παρώξυνε
3628 2772 3758 2826 καθ’

2076 2863 2269 2916 ἐαυτοῦ
2315 2864 2406 2916 τὸν
2462 2864 2672 2933 ἐχθρόν.
2731 2864 2790 2916 ’0
2853 2863 2910 2916 δέ
2971 2863 3103 2926 Θεὸς
3167 2861 3545 2933 συνεχώρησεν
3592 2862 3758 2915 αὐτὸν

2077 2951 2341 3005 ὲπελθεῖψ
2372 2952 2491 3005 οὐδὲ
2520 2953 2628 3023 γὰρ
2658 2952 2777 3005 τότε
2803 2950 2829 2990 ἀ
2859 2951 2950 3005 τὸν
2980 2951 3141 3021 φόνον
3174 2950 3429 3020 γενέσθαι
3455 2950 3756 3015 ἐκώλυσεν,

2076 3040 2188 3093 ἀλλ’
2220 3040 2432 3109 ἀφῆκεν
2461 3042 2539 3103 είς
2572 3039 2671 3102 :6;
2707 3038 2801 3092 :06
2860 3039 3141 3110 μιαιφόνου
3202 3042 3391 3110 χεῖρας
3424 3038 3514 3091 τὸν
3546 3037 3759 3092 δίκαιον

2078 3131 2360 3200 ἐμπεσεῖν,
2396 3130 2490 3183 καὶ
2523 3130 2623 3182 οὐκ
2661 3129 2936 3202 ἐξήρπασε
2970 3131 3060 3182 τὸν
3105 3128 3172 3182 δι’
3206 3128 3366 3182 αὐτὸν
3420 3129 3514 3182 καὶ
3544 3129 3643 3199 τὴν
3676 3131 3759 3193 είς

2078 3218 2240 3270 αὐτὸν
2290 3206 2682 3288 ἀναιρούμενον
2738 3217 2922 3287 τιμήν·
2963 3215 3095 3269 ὀὐδὲ
3139 3216 3247 3287 769
3303 3215 3554 3269 ἐϐούλετο
3600 3215 3759 3269 ἐλατ-

2078 3305 2317 3376 τωθῆναι
2351 3306 2477 3368 τοὺς
2515 3305 2813 3373 στεφάνους
2853 3305 3019 3375 αὐτῷ·
3056 3305 3141 3357 διὰ
3176 3304 3333 3357 τοῦτο
3372 3304 3532 3375 μέχρι
3567 3304 3758 3367 τέλους

2078 3395 2259 3463 ἀφῆκε
2311 3394 2539 3465 δραμεῖν
2572 3395 2751 3449 αὐτόν.
2810 3394 2918 3446 Καὶ
2972 3394 3100 3447 ποία
3154 3395 3372 3457 κόλασις
3411 3395 3440 3446 6
3490 3393 3757 3457 θάνατος;

2080 3483 2262 3552 φησίν.
2290 3483 2413 3536 Εἴθε
2438 3484 2536 3553 μὲν
2562 3480 2654 3536 οῦν
2676 3484 2830 3552 κάγὼ
2851 3483 3054 3551 ταύτην
3074 3483 3169 3553 τὴν
3191 3483 3457 3554 τιμωρίαν
3487 3482 3759 3553 ὑπέμεινα

2079 3572 2193 3627 νῦν.
2223 3570 2407 3625 Ταῦτα
2435 3571 2633 3639 λέγεις,
2667 3571 2938 3641 ἀγαπητὲ,
2984 3571 3100 3630 νῦν,
3143 3573 3405 3642 πρότερον
3449 3572 3503 3624 δὲ
3537 3573 3771 3638 ’πάντων⁴

2079 3661 2139 3713 τὸ
2164 3662 2394 3731 πρᾶγμα
2424 3660 2597 3715 ἐδόκει
2628 3657 2763 3715 εἶναι
2788 3662 3190 3732 χαλεπώτατον,
3246 3661 3338 3714 καὶ
3380 3662 3557 3730 πάσης
3587 3679 3763 3731 τιμω-

2082 3748 2203 3817 ρίας
2223 3747 2599 3819 ἐλεεινότερον;
2627 3750 2717 3803 Διὸ
2737 3750 2831 3803 καὶ
2856 3752 2912 3802 ἐν
2941 3748 3019 3819 τῷ
3045 3751 3192 3820 νόμῳ
3219 3749 3462 3811 Μωσέως
3487 3751 3533 3801 οί
3567 3749 3633 3802 τὰ
3663 3749 3764 3818 μέ-

2079 3850 2239 3901 γιστα
2269 3835 2589 3905 ἠδικηκότες
2616 3837 2711 3891 καὶ
2747 3836 3076 3908 συγγνώμης
3107 3835 3349 3907 μείζονα,
3372 3836 3575 3904 ταύτην
3611 3837 3765 3889 ὑπεῖ-

2081 3947 2172 3999 χον
2203 3928 2299 4000 τὴν
2331 3928 2570 3982 κόλασιν.
2603 3930 2713 3983 Καὶ
2743 3928 2895 4000 παρά
2930 3933 3044 3991 τοῖς
3093 3927 3288 3995 ἔξωθεν
3326 3927 3643 3999 νομοθέταις
3677 3927 3762 3980 ἔτι

2082 4018 2173 4070 καὶ
2200 4017 2295 4072 νῦν
2325 4018 2577 4089 οὐδαμῶς
2606 4016 2806 4089 ἑτέρως
2833 4016 3149 4082 κολάζονται
3182 4015 3398 4079 πάντες,
3435 4017 3661 4086 ὅσοιπερ
3692 4015 3762 4068 ἂν

2082 4104 2174 4157 ἐπὶ
2200 4105 2312 4168 τοῖς
2343 4105 2644 4174 αἰσχίστοις
2686 4114 2709 4142 ο
2742 4102 2911 4156 ἁλῶσι
2952 4106 3164 4166 κακοῖςο
3200 4101 3315 4156 ἀλλ’
3349 4103 3496 4172 ὅμως
3522 4100 3591 4154 :6
3620 4101 3764 4155 αὐτὰ

2081 4195 2190 4256 τοῖς
2215 4191 2549 4264 παρανόμοις
2578 4192 2606 4244 6
2638 4192 2845 4255 δίκαιος
2891 4190 3117 4261 ἔπασχε,
3153 4189 3349 4261 μᾶλλον
3371 4189 3426 4242 δὲ
3455 4190 3549 4241 καὶ
3579 4187 3762 4260 πολλῷ

2081 4279 2460 4350 χαλεπώτερα,
2508 4280 2617 4347 ὅσῳ
2674 4279 2768 4331 καὶ
2815 4278 2967 4350 παρά
3024 4278 3315 4348 ἀδελφικῆς
3364 4276 3546 4343 δεξιᾶς
3606 4275 3760 4349 [186]

2081 4368 2298 4437 ἐδέχετο
2323 4367 2418 4436 τὴν
2450 4366 2678 4437 πληγήν.
2708 4366 2773 4419 Τί
2805 4367 2861 4419 δὲ
2900 4369 2928 4419 6
2982 4365 3144 4430 Νῶε;
3180 4365 3291 4419 Καὶ
3329 4364 3439 4436 γάρ
3477 4365 3575 4418 καὶ
3603 4357 3665 4419 06
3679 4381 3760 4426 :0;

2080 4454 2284 4518 δίκαιος
2325 4454 2419 4508 κα)⁸
2444 4453 2645 4517 τέλειος
2669 4449 2759 4525 ἦν,
2791 4454 2884 4507 καὶ
2905 4454 3120 4508 πάντων
3161 4453 3573 4525 διεφθαρμένων
3601 4453 3761 4523 μόνος

2082 4541 2415 4612 εὐηρέστησε
2468 4540 2545 4611 τῷ
2584 4541 2721 4611 Θεῷ,
2753 4543 2967 4595 πάντων
3012 4541 3121 4594 τῶν
3174 4540 3346 4596 ἄλλων
3386 4556 3761 4610 προσκεκρου-

2082 4627 2253 4680 κότων
2283 4627 2454 4699 αὐτῷ.
2496 4628 2711 4699 Μυρίας
2752 4629 2849 4698 μὲν
2877 4625 2970 4681 οῦν
3008 4628 3215 4693 θλίψεις
3265 4628 3526 4697 ὑπέμεινε
3558 4627 3759 4691 πολλὰς

2082 4716 2174 4768 καὶ
2203 4717 2398 4780 κακάς.
2446 4717 2521 4769 Οὐ
2584 4718 2693 4788 769
2745 4717 3013 4770 ἀπέθανεν
3063 4710 3218 4780 οὗτος
3270 4715 3471 4779 εὐθέως
3504 4714 3759 4783 καθάπερ

2082 4803 2307 4867 ἐκεῖνος,
2347 4804 2467 4857 οὐδὲ
2492 4804 2660 4859 ἔπαθε
2693 4806 2872 4866 τοῦτο,
2902 4805 2931 4857 ὃ
2955 4805 3154 4872 κοῦφον
3181 4801 3318 4857 εἷναί
3368 4820 3451 4856 σοι
3482 4805 3757 4871 φαίνεται,

2083 4889 2217 4942 ἀλλὰ
2247 4893 2466 4962 μακράς
2492 4892 2738 4963 ἠνείχετο
2762 4893 2923 4962 ζωῆς,
2948 4896 3005 4945 ἐν
3032 4895 3145 4956 τοῖς
3171 4892 3444 4955 τοσούτοις
3476 4892 3621 4945 ἔτεσι
3650 4892 3758 4945 τῶν

2082 4977 2527 5049 ἀχθοφορούντων
2570 4980 2664 5033 καὶ¹
2716 4979 2999 5050 βαρυτάτῳ
3040 4981 3243 5051 φορτίῳ
3271 4980 3608 5049 πιεζομένων
3642 4981 3759 5033 δια-

2086 5065 2284 5128 παντὸς
2335 5068 2486 5120 οὐδὲν
2538 5068 2758 5138 ἄμεινον
2806 5068 3166 5138 διακείμενος.
3210 5067 3319 5121 Καὶ
3370 5066 3529 5120 τοῦτο
3560 5069 3761 5122 αὐτίκα

2085 5154 2232 5222 μάλα
2298 5157 2508 5225 ποιήσω
2558 5174 2639 5210 σοι
2694 5158 2956 5227 φανερὸν,
3015 5159 3277 5229 πρότερον
3334 5159 3509 5210 ἐκεῖνο
3565 5158 3757 5211 εἰπών.

2096 5240 2368 5296 Ἐνιαυτὸν
2392 5244 2512 5298 ὅλον
2537 5240 2689 5308 06:0;
2716 5246 3089 5316 δεσμωτήριον
3137 5244 3341 5316 ᾤκησε,
3385 5244 3760 5315 δεσμωτήριον

2082 5328 2231 5395 ξένον
2268 5331 2361 5383 καὶ
2394 5332 2642 5404 φοϐερόν.
2668 5334 2785 5386 Ἵνα
2809 5332 2917 5404 γάρ
2944 5332 3003 5385 :6
3033 5331 3236 5400 πλῆθος
3267 5331 3390 5402 ἀφῶ
3419 5333 3529 5385 τῶν
3555 5332 3759 5402 θηρίων

2081 5416 2175 5471 καὶ
2196 5416 2303 5472 τῶν
2323 5420 2588 5490 ἑρπετῶν,
2610 5414 2691 5483 οἷς
2715 5420 2967 5474 τοσοῦτον
2995 5419 3253 5491 συνέζησε
3273 5419 3461 5490 χρόνον
3483 5419 3564 5482 εἰς
3582 5417 3760 5471 τοιαύ-

2144 5514 2168 5555 d
2191 5516 2325 5586 (ἴρηξ.
2353 5522 2463 5569 οῦδὲ
2476 5522 2569 5586 γὰρ
2591 5522 2719 5579 τότε,
2759 5521 2896 5586 Mor.»
2920 5521 3085 5586 οῦᾼγὰρ
3111 5520 3246 5586 τότε,
3264 5520 3375 5586 ςίιν.
3401 5521 3474 5586 δτι
3495 5521 3607 5586 οὐδέ
3627 5520 3754 5569 τότε.

2081 5577 2351 5644 Μολροιι),
2380 5590 2433 5630 et
2464 5577 2576 5631 επ.
2602 5586 2651 5631 in
2677 5577 2825 5643 marg.
2854 5584 2936 5631 τὸν
2971 5577 3104 5644 ἅγιόν
3136 5577 3373 5643 ἐμπεσεῖν,
3397 5584 3509 5631 Sav.
3537 5585 3589 5631 in
3616 5589 3759 5631 textu

2080 5647 2133 5688 et
2150 5640 2277 5708 6191'.
2301 5643 2385 5708 τὸν
2409 5645 2593 5708 δίκαιον
2613 5640 2850 5708 ἐμπεσεῖν.

2130 5704 2168 5773 ’θ
2194 5704 2275 5776 Sic
2298 5704 2446 5779 βοτη.
2473 5705 2521 5755 in
2549 5704 2685 5756 lexiu
2707 5715 2759 5757 et
2782 5706 2915 5758 Colb.
2938 5704 3288 5756 Morel.aulem
3310 5705 3519 5755 elSavil.
3536 5709 3586 5755 in
3599 5716 3756 5768 marg.

2084 5779 2176 5819 τοις
2198 5778 2429 5828 εςχατοις.
