4060 6136
326 397 436 453 ζιεὸ

329 508 532 563 vendus
563 521 708 561 esses
727 547 741 568 ,
775 519 840 559 an
883 503 935 560 in
965 507 1122 562 linem
1155 521 1318 576 usque
1348 521 1578 576 pugnare
1618 515 1668 560 te
1697 505 1782 558 ille
1810 505 1904 558 dc-

329 600 618 666 c’revisset,
649 597 736 670 qui
779 599 870 653 tibi
911 608 1177 654 certamen
1219 599 1318 653 hoc
1363 600 1668 667 proposuit,
1701 613 1765 653 ne
1799 600 1908 668 ipse

329 691 542 760 quidem
583 689 924 760 exploratum
971 705 1032 745 ac
1074 699 1280 746 eertum
1325 689 1521 759 aliquid
1566 689 1778 754 dicere,
1821 703 1911 742 aut

333 782 628 835 futurorum
659 791 880 836 eventus
909 781 1114 852 aperire
1145 797 1356 850 possum
1383 799 1398 846 ;
1429 779 1554 835 illud
1585 791 1754 834 tamen
1797 781 1910 834 scio

332 872 631 940 manifeste,
667 873 864 944 tibique
894 889 1200 943 persuasum
1228 874 1404 942 cupio,
1436 872 1693 928 utrumvis
1723 872 1908 926 horum

331 963 634 1034 contingat,
668 979 762 1034 pro
798 973 976 1018 nostra
1011 964 1234 1018 utilitate
1267 963 1517 1018 futurum.
1547 963 1696 1029 Quod
1735 964 1778 1017 si
1811 963 1911 1018 huc

332 1053 511 1108 animo
538 1052 730 1120 fueris,
764 1055 870 1109 cito
893 1043 1198 1124 supremum
1225 1053 1365 1108 hunc
1391 1053 1648 1108 malorum
1671 1094 1686 1119 ,
1715 1063 1764 1107 ut
1795 1053 1872 1108 ais
1893 1093 1908 1119 ,

332 1143 586 1198 verticem
616 1143 710 1198 abs
740 1155 790 1199 te
817 1145 1042 1199 arcebis.

405 1231 742 1286 Prwmiorum
779 1245 850 1287 est
889 1245 1084 1305 tempus
1119 1237 1378 1304 futurum,
1409 1232 1633 1287 laborum
1670 1248 1907 1301 promens.

332 1352 404 1363 —
427 1323 507 1377 Ad
538 1323 652 1378 btec
677 1324 802 1378 illud
826 1340 1032 1396 quoque
1059 1324 1148 1379 tibi
1175 1324 1510 1394 cogitandum
1538 1332 1638 1388 est,
1667 1323 1911 1392 praemio-

333 1427 451 1467 rum
491 1421 545 1468 ct
581 1429 895 1469 coronarum
936 1424 1142 1484 tempus
1179 1430 1298 1470 esse
1342 1415 1574 1470 futurum
1617 1413 1868 1467 saeculum
1892 1453 1907 1478 ,

332 1503 764 1558 colluctationum
793 1520 918 1560 vero
941 1519 1004 1561 ac
1019 1505 1268 1574 laborum
1296 1520 1552 1576 prazscns.
1579 1503 1727 1570 Quod
1760 1504 1911 1558 nobis

313 1595 566 1665 ‘apertius
597 1595 864 1650 insinuare
894 1596 1076 1652 volens
1103 1597 1287 1652 beatus
1313 1597 1506 1652 Paulus
1535 1595 1744 1650 dicebat
1777 1614 1788 1648 :
1823 1596 1910 1650 Sic

333 1701 504 1753 curro,
533 1702 632 1740 non
658 1687 802 1755 quasi
827 1687 881 1740 in
910 1687 1190 1752 incertum;
1219 1687 1290 1741 sic
1317 1703 1504 1758 pugno,
1533 1703 1632 1739 non
1659 1687 1802 1756 quasi
1827 1701 1913 1738 ae-

331 1793 438 1830 rem
476 1776 734 1831 verberans
769 1777 902 1832 :sed
937 1779 1126 1848 castigo
1169 1794 1349 1850 corpus
1391 1794 1590 1846 meum,
1617 1787 1660 1830 et
1691 1777 1910 1831 servituti

331 1865 566 1936 subjicio,
598 1881 659 1918 ne
687 1867 815 1935 forte
838 1867 952 1920 aliis
981 1867 1280 1936 praedicans,
1310 1867 1418 1937 ipse
1450 1865 1688 1936 reprobus
1726 1865 1910 1936 cﬁiciar

333 1957 407 2026 (Ι.
439 1955 556 2012 Cor.
592 1957 646 2014 9.
676 1957 768 2012 26.
795 1957 908 2030 27).
937 1959 1006 2012 At.
1034 1973 1160 2013 vero
1189 1972 1307 2012 eum
1337 1957 1402 2012 ad
1425 1957 1584 2012 lineu‘.
1605 1955 1912 2011 certaminis

332 2049 586 2112 venisset,
613 2048 825 2102 demum
851 2048 1059 2104 beatam
1089 2047 1232 2102 illam
1265 2049 1440 2104 emisit
1463 2062 1643 2102 vocem
1670 2065 1683 2100 :
1713 2045 1908 2099 Bonum

329 2146 578 2192 certamen
618 2139 798 2192 certari
817 2181 832 2206 ,
861 2155 1062 2194 cursum
1098 2141 1462 2207 consummavi,
1492 2139 1643 2208 ﬁdem
1679 2137 1895 2201 servavi,

327 2229 434 2298 iam
464 2231 681 2298 reposita
710 2238 780 2284 est
815 2229 938 2284 mihi
963 2246 1148 2285 corona
1183 2231 1396 2301 justitia:
1424 2231 1441 2299 (
1459 2230 1513 2284 2.
1549 2229 1678 2282 Tim.
1711 2230 1762 2283 4.
1792 2227 1856 2298 7)
1889 2247 1902 2283 :

329 2319 616 2375 ostendens
644 2321 802 2374 vitam
835 2337 1044 2377 omnem
1077 2323 1128 2376 in
1154 2322 1530 2377 certaminibus
1554 2331 1606 2374 et
1641 2321 1908 2374 laboribus

328 2411 486 2466 nobis
511 2426 629 2466 esse
652 2411 930 2482 agendam,
959 2415 1000 2466 si
1028 2413 1268 2482 cupimus
1291 2423 1484 2468 arterna
1517 2411 1697 2482 requie
1725 2410 1906 2465 bonis-

331 2518 433 2574 que
460 2503 561 2557 illis
589 2503 881 2560 innumeris
911 2503 1128 2575 perfrui.
1160 2495 1252 2560 Siu
1285 2516 1460 2560 atttetn
1495 2505 1681 2574 aliquis
1711 2503 1780 2556 ita
1809 2517 1903 2555 ne-

327 2593 532 2662 gligens
553 2593 654 2660 sit,
687 2603 742 2646 ut
773 2601 918 2662 putet
943 2609 1002 2648 se
1025 2604 1078 2649 et
1105 2594 1260 2665 hujus
1286 2594 1408 2649 vita:
1436 2595 1786 2666 voluptatibus
1806 2633 1822 2660 ,
1853 2601 1907 2647 ct

331 2685 562 2754 primitiis
591 2701 652 2740 ac
678 2685 882 2755 gaudiis
911 2701 1029 2756 quae
1063 2687 1115 2740 in
1145 2687 1288 2740 cadis
1318 2696 1494 2756 parata
1531 2695 1652 2740 sunt
1687 2685 1749 2739 iis
1769 2725 1783 2752 ,
1815 2685 1902 2754 qui

329 2775 539 2832 labores
567 2777 932 2845 sustinuerint,
966 2779 1064 2833 frui
1097 2793 1270 2848 posse,
1300 2779 1383 2833 hic
1417 2779 1648 2849 scipsum
1689 2793 1904 2848 prorsus

324 2869 463 2924 fallit
497 2885 560 2926 ac
602 2869 816 2942 decipit.
859 2871 990 2926 Nam
1030 2873 1165 2928 sicut
1205 2871 1258 2926 in
1297 2871 1509 2927 athletis
1538 2871 1623 2942 qui
1667 2882 1904 2941 tempore

326 2965 676 3020 certaminum
705 2967 938 3036 requiem
969 2966 1176 3037 quierit,
1203 2965 1567 3021 confusionem
1592 2966 1688 3020 sibi
1717 2980 1904 3036 perpe-

325 3066 470 3110 tuam
497 3067 654 3126 atque
684 3057 1021 3125 ignominiam
1052 3066 1239 3128 parat;
1268 3059 1356 3128 qui
1385 3073 1513 3112 vero
1543 3058 1594 3111 in
1629 3058 1799 3113 stadio
1827 3058 1904 3111 la-

324 3147 484 3202 bores
521 3162 706 3202 omnes
747 3146 950 3202 fortiter
986 3149 1212 3217 tolerat,
1241 3163 1492 3204 coronam
1523 3157 1575 3204 ct
1601 3149 1821 3220 gloriam
1849 3159 1902 3204 et

325 3237 508 3293 laudes
537 3247 590 3292 et
615 3237 664 3290 in
697 3238 809 3308 ipso
836 3240 1142 3305 certamine,
1167 3249 1220 3294 et
1244 3249 1360 3310 post
1383 3239 1611 3294 solutum
1639 3225 1898 3294 theatrum

323 3343 354 3382 a
381 3330 765 3398 spectatoribus
789 3329 1130 3399 conSequitur
1159 3347 1172 3382 :
1200 3331 1269 3384 ita
1309 3330 1360 3384 in
1403 3331 1552 3385 nobis
1583 3345 1792 3401 quoque
1822 3331 1896 3385 fit.

322 3423 455 3477 Nam
484 3425 528 3477 is
556 3426 642 3493 qui
673 3425 912 3478 laborum
943 3437 1148 3494 tempus
1171 3427 1329 3497 quieti
1354 3426 1575 3490 dedicat,
1605 3436 1726 3480 tunc
1758 3427 1900 3496 inge-

293 3513 512 3568 -tniscct
537 3525 588 3569 et
614 3516 856 3569 stridebit
881 3517 1145 3582 dentibus,
1175 3517 1383 3588 quando
1415 3519 1463 3570 in
1495 3528 1690 3572 aitet-na
1719 3519 1898 3586 requie

321 3604 592 3660 debuisset
644 3607 798 3662 linem
852 3609 1086 3662 laborum
1138 3609 1404 3675 nancisci,
1454 3618 1610 3678 atque
1661 3617 1908 3662 extrema-

320 3695 579 3766 supplicia
617 3697 764 3752 luere
804 3708 1020 3766 cogetur
1051 3716 1064 3752 :
1092 3700 1179 3768 qui
1227 3715 1354 3754 vero
1399 3714 1671 3769 pressurus
1716 3715 1898 3754 omnes

322 3795 566 3856 prompte
591 3801 654 3842 ac
692 3787 916 3843 libenter
941 3791 1088 3856 tulit,
1116 3801 1168 3845 et
1203 3789 1288 3846 hic
1315 3789 1446 3844 etin
1489 3789 1664 3845 futuro
1705 3792 1898 3846 smculo

321 3876 647 3932 clarissimus
671 3879 770 3933 erit
789 3922 802 3942 ,
833 3896 1060 3950 veraque
1087 3893 1140 3936 et
1179 3883 1458 3936 immortali
1497 3883 1662 3952 gloria
1690 3882 1894 3937 beatus.

320 3965 453 4020 Nam
481 3967 526 4022 si
555 3969 606 4022 in
632 3971 973 4024 smcularibus
999 3973 1086 4042 qui
1119 3988 1292 4026 rerum
1326 3981 1560 4042 tempora
1589 3972 1856 4026 confundit
1879 4015 1893 4040 ,

321 4057 570 4112 omnibus
607 4059 704 4112 sibi
737 4062 1015 4130 pr0positis
1045 4063 1337 4116 commodis
1366 4064 1602 4130 excidet,
1637 4073 1790 4133 atque
1822 4067 1898 4118 in-

321 4151 560 4204 numeris
585 4166 641 4206 sc
671 4153 1052 4207 calamitatibus
1082 4164 1342 4223 exponet,
1372 4154 1526 4226 longe
1567 4156 1615 4208 id
1649 4158 1812 4226 magis
1844 4157 1895 4210 in

320 4241 482 4295 rebus
523 4243 882 4311 spiritualibus
927 4245 1184 4314 patietur,
1213 4247 1300 4316 qui
1334 4256 1626 4316 temporum
1658 4248 1894 4302 ordinem

320 4330 547 4400 ignorat.
594 4331 728 4386 Dixit
769 4334 910 4387 enim
945 4333 1186 4388 Christus
1226 4352 1237 4387 :
1277 4335 1343 4389 In
1387 4336 1572 4389 mundo
1613 4353 1898 4406 pressat-am

321 4424 561 4478 habebitis
583 4425 760 4495 (Joan.
791 4425 870 4480 l6.
895 4424 1005 4500 53).
1031 4427 1220 4480 Beatus
1243 4442 1367 4482 vero
1388 4427 1599 4494 Paulus,
1625 4427 1688 4482 Et
1707 4444 1894 4491 omnes,

319 4515 412 4577 ait,
435 4515 518 4582 qui
549 4516 630 4584 pie
653 4514 822 4568 volunt
849 4518 1007 4570 vivere
1030 4518 1082 4570 in
1105 4516 1300 4571 Christo
1318 4516 1443 4571 Jesu
1469 4521 1897 4590 persequutionem

321 4607 574 4674 patientur
603 4607 677 4678 (2.
711 4607 838 4662 Tim.
871 4610 922 4663 5.
957 4608 1078 4678 12);
1110 4624 1214 4662 non
1242 4609 1382 4666 solas
1411 4609 1682 4664 hominum
1716 4627 1893 4679 persc-

319 4698 605 4765 quutioncs
629 4699 833 4766 dicens,
861 4700 952 4754 sed
980 4709 1032 4754 et
1059 4699 1357 4754 dmmonum
1385 4700 1619 4756 insidias.
1648 4701 1746 4756 Job
1767 4718 1897 4772 quo-

317 4802 441 4857 que,
471 4785 722 4855 Tentatio,
744 4790 929 4860 inquit,
949 4802 1019 4845 est
1042 4792 1141 4845 vita
1163 4791 1378 4846 hominis
1397 4808 1548 4862 super
1569 4801 1752 4846 terram
1775 4791 1894 4863 (Job

318 4880 370 4932 7.
398 4881 476 4949 l).
497 4879 630 4946 Quid
658 4897 784 4952 ergo
807 4883 1034 4952 angcris,
1058 4883 1196 4952 quod
1226 4885 1275 4936 in
1301 4899 1550 4938 mrumnte
1574 4885 1897 4953 temporibus

317 4964 565 5018 vexeris?
587 4963 734 5020 Tunc
755 4965 899 5020 enim
916 4967 1198 5020 dolendum
1227 4978 1386 5031 esset,
1419 4967 1463 5021 si
1489 4966 1628 5038 quod
1652 4967 1895 5022 Christus

319 5067 583 5122 pressura:
606 5062 811 5124 tempus
834 5055 1122 5126 deputavit,
1147 5056 1197 5110 id
1225 5072 1320 5111 nos
1341 5057 1642 5112 deliciarum
1667 5067 1721 5113 et
1747 5059 1894 5128 quie-

319 5147 385 5201 tis
419 5145 748 5212 faceremus;
781 5147 823 5201 si
858 5165 960 5217 quo
1002 5158 1238 5218 tempore
1281 5165 1514 5220 pugnare
1555 5164 1617 5204 ac
1657 5149 1895 5204 laborare

311 5236 446 5307 iussi
491 5251 704 5304 sumus,
744 5252 808 5292 eo
847 5247 1214 5306 tot-peremtus;
1244 5238 1289 5294 si
1333 5239 1488 5292 latam
1531 5238 1896 5293 incederemus

315 5341 477 5392 Viam,
505 5343 624 5383 cum
653 5329 737 5382 ille
761 5345 856 5400 per
879 5339 1154 5400 angustam
1197 5331 1504 5400 praiceperit
1532 5331 1781 5386 eundum.
1819 5332 1891 5384 lla

313 5421 461 5477 cuitu
501 5425 801 5478 necessario
837 5423 945 5492 jam
991 5424 1144 5479 nobis
1176 5424 1419 5478 ferendus
1449 5435 1590 5478 esset
1631 5425 1894 5478 cruciatus

317 5513 411 5568 Ille
437 5515 811 5584 sempiternus.
849 5515 982 5582 Quid
1027 5531 1182 5585 ergo,
1217 5515 1453 5584 inquies,
1483 5515 1548 5569 de
1585 5515 1686 5568 illis
1721 5515 1890 5580 dicis,

315 5605 407 5674 qui
438 5613 492 5658 et
528 5603 578 5658 in
617 5605 720 5660 isto
762 5604 960 5658 sarculo
985 5605 1294 5674 gradiuntur
1334 5607 1384 5659 in
1423 5605 1725 5669 latitudine,
1760 5613 1810 5659 et
1841 5606 1890 5658 in

317 5693 496 5750 futuro
536 5695 773 5765 requiem
817 5694 1046 5748 habituri
1085 5695 1244 5748 sunt?
1271 5696 1435 5761 Quem
1479 5706 1530 5748 tu
1569 5696 1692 5749 mihi
1733 5696 1890 5750 talem

317 5784 504 5841 dabis?
531 5801 629 5854 ego
661 5786 802 5843 enim
844 5787 1007 5842 solius
1035 5786 1232 5843 Clnisti
1275 5787 1446 5844 verbis
1488 5789 1766 5857 acquiesco
1804 5787 1883 5843 di-

1170 394 1260 448 AD
1282 392 1646 450 STAGllllUtt-l
1687 394 1728 448 Α
1769 359 2068 448 mm
2109 393 2452 450 vexaret-1.
2496 395 2618 450 LIB.
2659 395 2720 450 u.
3095 435 3123 453 .

3481 403 3548 456 45
3557 403 3596 456 8‘-

2017 505 2184 558 centia
2215 523 2228 559 :
2257 505 2482 576 Angusta
2517 518 2562 561 et
2598 519 2738 561 arcta
2775 507 2855 562 uia
2891 519 2960 562 est
2980 551 2995 575 ,
3027 525 3138 578 grtia:
3163 511 3230 563 ad
3264 512 3413 566 vitam
3449 515 3596 568 ducit

2017 591 2227 664 (Matth.
2263 595 2314 650 7.
2346 598 2435 670 Μ)
2471 615 2484 648 2
2515 599 2653 668 quod
2683 608 2858 654 autem
2900 615 2994 670 per
3021 610 3291 671 angustam
3318 604 3454 658 viain
3485 605 3586 660 late

2016 683 2077 738 iri
2119 699 2223 739 non
2263 687 2448 755 possit,
2491 689 2734 745 omnibus
2770 690 3007 760 profecto
3048 690 3229 761 liquet.
3259 692 3314 748 Si
3359 694 3500 748 enim
3534 695 3586 749 in

2013 774 2366 830 exterioribus
2385 779 2759 834 certaminibus
2781 781 2952 835 nullus
2971 781 3170 852 absque
3197 781 3478 838 sudoribus
3497 799 3587 840 co-

2015 879 2198 918 ronam
2215 867 2534 932 retulit,cum
2553 877 2725 924 tamen
2743 870 2978 940 ejusdem
2997 879 3195 928 natura:
3206 883 3480 930 consortes
3496 873 3588 928 ha-

2015 955 2137 1012 beat
2155 957 2512 1014 adversarios:
2539 959 2624 1015 ubi
2653 961 2805 1016 uobis
2820 961 3042 1018 virtutes
3059 963 3163 1018 illa:
3187 979 3412 1034 nequam
3432 961 3586 1020 oblu-

2013 1057 2241 1116 ctantur,
2261 1066 2365 1122 quo
2387 1062 2538 1122 pacto
2559 1053 2672 1108 sine
2699 1055 2920 1109 summis
2935 1054 3200 1110 laboribus
3224 1056 3588 1125 pressurisque

2013 1145 2068 1193 et
2079 1140 2333 1209 angustiis
2352 1141 2550 1196 illarum
2571 1143 2826 1198 insaniam
2842 1159 3094 1214 superare
3107 1145 3433 1214 poterimus?

2084 1233 2136 1287 5.
2169 1231 2429 1304 Exemplis
2457 1245 2742 1289 sanctorum
2769 1236 2822 1289 id
2847 1237 3078 1298 ostendit.
3106 1267 3174 1276 —
3195 1235 3298 1292 Sed
3323 1236 3465 1292 enim
3489 1250 3586 1292 nos

2013 1321 2259 1390 quamdiu
2292 1325 2583 1379 rationibus
2612 1325 2722 1380 ista.
2744 1326 3060 1381 ventilamus
3079 1365 3096 1394 ,
3123 1341 3244 1382 cum
3273 1326 3584 1382 liceatcou-

2015 1410 2194 1482 lugere
2222 1412 2287 1466 ad
2329 1413 2512 1468 beatos
2543 1415 2661 1470 illos
2699 1431 2762 1470 ac
2803 1416 3150 1483 fortissimos,
3189 1417 3280 1488 qui
3323 1417 3586 1488 prioribus

2013 1500 2160 1557 fuere
2187 1505 2555 1573 temporibus?
2580 1506 2833 1561 Examina
2860 1508 3161 1579 diligentius
3185 1523 3278 1564 eos
3300 1550 3315 1576 ,
3347 1509 3440 1579 qui
3469 1508 3584 1565 fuc-

2013 1601 2133 1646 runt
2179 1595 2582 1659 nominatissitui
2608 1637 2622 1660 ,
2663 1597 2970 1668 videbisque
3009 1613 3194 1654 omnes
3238 1599 3290 1652 in
3331 1597 3585 1669 angustiis

2014 1681 2256 1737 ﬁduciam
2285 1699 2407 1754 erga
2435 1685 2596 1740 Deum
2621 1685 2886 1742 habuisse.
2910 1687 3084 1758 Atque
3107 1689 3296 1758 primo,
3318 1689 3362 1744 si
3389 1689 3582 1757 placet,

2014 1773 2168 1841 primi
2221 1775 2454 1842 parentis
2505 1776 2846 1862 inspiciamus
2899 1777 3098 1843 lilium,
3153 1793 3345 1849 agnum
3389 1778 3583 1835 Christi

2013 1863 2163 1919 Abel.
2199 1864 2248 1920 ls
2271 1881 2390 1920 cum
2419 1867 2468 1920 in
2498 1867 2640 1922 nullo
2661 1869 2746 1937 jus
2777 1869 3044 1936 violasset,
3057 1885 3129 1926 ea
3154 1885 3342 1940 passus
3367 1881 3447 1927 est
3466 1887 3584 1942 qua:

2011 1962 2283 2008 merentur
2318 1955 2386 2021 ii,
2419 1960 2505 2026 qui
2552 1958 2862 2026 gravissime
2910 1961 3264 2028 peccaverint.
3299 1961 3404 2017 Nos
3440 1963 3581 2016 enim

2011 2053 2347 2110 peccatorum
2377 2054 2675 2101 nostrorum
2705 2064 2888 2118 punias
2910 2049 3117 2114 damus,
3145 2051 3459 2108 tentationes
3481 2053 3584 2107 sci-

2011 2135 2166 2202 licet;
2190 2145 2244 2190 at
2273 2151 2396 2190 vero
2421 2137 2595 2205 justus
2621 2139 2710 2194 ille
2738 2140 2874 2196 nulla
2897 2141 2997 2196 alia
3020 2157 3175 2198 causa
3197 2145 3459 2200 cruciatus
3476 2133 3578 2213 est,

2010 2225 2110 2280 nisi
2150 2227 2270 2298 quia
2304 2227 2477 2296 justus
2505 2239 2638 2284 erat.
2681 2231 2758 2303 Ac
2791 2231 3039 2301 quamdiu
3077 2233 3277 2288 nullum
3315 2235 3581 2290 excellens

2012 2317 2222 2370 virtutis
2250 2332 2358 2372 suae
2385 2318 2754 2374 documentum
2777 2321 2940 2386 dedit,
2963 2323 3282 2394 agnoscebat
3308 2324 3448 2380 illum
3477 2324 3576 2380 fra-

2011 2417 2122 2473 ter;
2153 2407 2238 2462 ubi
2270 2423 2397 2464 vero
2421 2425 2484 2464 ex
2515 2410 2774 2466 sacriﬁcio
2802 2412 2978 2467 clarus
3003 2413 3206 2469 meritis
3233 2414 3434 2480 eluxit,
3469 2425 3576 2470 llllll

2003 2498 2112 2568 jam
2141 2508 2380 2554 naturam
2402 2517 2610 2573 quoque
2640 2503 2806 2572 ipsam
2838 2505 2927 2560 ille
2955 2505 3232 2576 ignoravit,
3260 2507 3452 2562 invidia
3478 2509 3579 2562 sci-

2008 2589 2130 2646 licet
2153 2601 2400 2647 caecatus.
2424 2591 2576 2648 Unde
2598 2608 2726 2649 vero
2747 2596 2882 2650 nosti
2903 2611 2969 2650 an
2991 2597 3148 2652 modo
3167 2613 3374 2667 quoque
3393 2597 3576 2654 eadem

2005 2695 2160 2736 causa
2187 2681 2454 2737 diabolum
2483 2682 2762 2738 adversum
2791 2684 2842 2739 te
2865 2685 3208 2742 concitaverit
3231 2687 3456 2756 vitaaque
3475 2695 3578 2742 tuae

2006 2773 2176 2846 fulgor
2206 2775 2354 2830 illum
2383 2776 2449 2831 ad
2479 2775 2617 2832 hanc
2641 2792 2869 2848 pugnam
2898 2769 3232 2834 evocaverit?
3255 2777 3408 2848 Quod
3434 2778 3478 2833 si
3503 2778 3576 2833 ri-

2005 2865 2132 2920 deas
2153 2865 2250 2920 ista
2272 2868 2594 2936 loquentem,
2621 2869 2776 2923 laudo
2799 2869 3010 2940 quidem
3039 2869 3386 2926 humilitatem
3413 2879 3574 2935 tuam,

2005 2972 2110 3012 non
2151 2967 2324 3014 tamen
2368 2959 2436 3014 ab
2476 2959 2574 3014 hac
2613 2962 2873 3016 sententia
2914 2961 3184 3017 desistam.
3215 2961 3269 3018 Si
3310 2963 3450 3018 enim
3491 2963 3576 3017 ille

2003 3049 2211 3118 adipem
2237 3047 2465 3104 oll‘erens
2491 3050 2560 3104 ita
2590 3049 2696 3104 Deo
2723 3065 2876 3106 carus
2900 3059 3252 3122 acceptusque
3280 3051 3399 3117 fuit,
3421 3052 3574 3120 isqui

2005 3140 2134 3195 nihil
2176 3141 2540 3207 extrinsecus,
2586 3142 2680 3196 sed
2722 3141 2955 3213 seipsum
2994 3151 3160 3198 totum
3203 3143 3392 3200 obtulit
3429 3143 3572 3208 Deo,

2004 3231 2169 3286 multo
2196 3231 2436 3301 profecto
2465 3233 2632 3302 magis
2660 3233 2948 3288 adversum
2967 3249 3026 3290 se
3057 3235 3366 3305 provocavit
3398 3235 3574 3290 inimi-

2001 3337 2142 3378 cum.
2171 3323 2310 3378 Deus
2338 3333 2512 3379 autem
2541 3333 2591 3378 te
2618 3325 2764 3379 illum
2791 3325 3037 3380 invadere
3063 3327 3320 3394 permisit,
3346 3326 3498 3381 sicuti
3521 3336 3574 3381 et

2003 3425 2125 3470 tunc
2147 3415 2345 3470 cmdcm
2368 3415 2506 3469 illam
2531 3415 2932 3486 haudquaquam
2956 3417 3245 3486 impedivit,
3268 3416 3362 3472 sed
3389 3431 3574 3486 passus

2000 3515 2085 3561 est
2101 3505 2302 3577 justum
2333 3506 2382 3560 in
2413 3507 2728 3577 srzngninarii
2759 3521 2943 3561 manus
2973 3507 3226 3574 incidere,
3256 3521 3426 3577 neque
3451 3522 3569 3561 cum

2001 3597 2223 3667 eripuit,
2257 3598 2344 3668 qui
2374 3609 2589 3668 preptcr
2617 3614 2674 3652 se
2703 3609 2857 3668 atque
2883 3601 2952 3662 ob
2991 3599 3247 3654 honorem
3279 3615 3430 3654 suum
3457 3614 3569 3654 ma-

2001 3689 2257 3744 ctabatur.
2295 3688 2471 3743 Noluit
2500 3689 2641 3744 enim
2688 3690 2759 3744 illi
2799 3705 3023 3745 coronas
3049 3705 3172 3745 suas
3205 3691 3368 3746 minui
3401 3707 3414 3744 :
3442 3705 3571 3760 quo-

2001 3779 2140 3834 circa
2166 3777 2232 3834 ad
2261 3779 2416 3834 finem
2447 3795 2612 3849 usque
2638 3779 2786 3834 illum
2811 3794 3028 3835 currere
3054 3781 3310 3850 permisit.
3342 3780 3408 3835 Et
3430 3781 3568 3850 quis,

2001 3871 2204 3942 inquies
2223 3913 2238 3938 ,
2265 3873 2526 3928 cruciatus
2553 3881 2635 3926 est
2664 3871 2843 3926 mors?
2875 3871 3085 3927 Utinam
3114 3873 3325 3942 quidem
3357 3873 3496 3928 hunc
3518 3885 3571 3926 et

1999 3979 2098 4034 ego
2118 3963 2349 4019 subirem
2370 3965 2688 4020 cruciatum!
2716 3964 2818 4020 Ista
2839 3980 2979 4019 nunc
2999 3965 3149 4030 dicis,
3177 3964 3568 4029 amantissime;

2000 4063 2053 4106 at
2081 4055 2224 4123 prius
2255 4070 2339 4108 res
2365 4056 2600 4110 omnium
2628 4056 2937 4126 gravissima
2967 4070 3083 4111 esse
3125 4055 3424 4126 putabatur,
3453 4071 3566 4110 om-

2001 4144 2158 4214 nique
2187 4161 2338 4215 pinna
2369 4146 2739 4201 miserabilior.
2772 4147 2972 4202 Idcirco
2999 4147 3052 4200 in
3081 4147 3194 4216 lege
3223 4147 3386 4218 Moysi
3417 4147 3451 4200 ii
3482 4148 3568 4216 qui

1999 4237 2226 4290 maxima
2253 4252 2474 4306 quaeque
2503 4237 2850 4308 deliquissent
2873 4254 2937 4293 ac
2960 4243 3113 4295 venia
3141 4239 3370 4310 indigna,
3403 4250 3569 4294 morte

1999 4325 2406 4378 nmlctabantur.
2437 4326 2540 4380 Sed
2569 4335 2621 4380 ct
2647 4327 2784 4396 apud
2815 4328 2956 4396 ipsos
2981 4344 3191 4398 quoque
3219 4337 3467 4383 externos
3492 4329 3570 4382 lc-

1998 4417 2351 4484 gumlatorcs,
2383 4415 2472 4486 qui
2514 4415 2566 4469 in
2606 4417 2850 4470 maximis
2890 4417 3309 4486 turpissimisquc
3365 4416 3572 4488 flagitiis

1999 4505 2501 4572 deprehenduntur,
2533 4521 2638 4558 non
2679 4505 3075 4574 alio\supplicio
3112 4505 3446 4572 aflicinntur,
3478 4508 3574 4560 sed

2001 4605 2174 4650 tamen
2221 4589 2692 4664 perditissimorum
2737 4594 3006 4648 hominum
3051 4595 3364 4664 supplicium
3398 4595 3566 4664 justus

1999 4687 2088 4742 ille
2117 4687 2427 4757 perpetitur,
2457 4689 2560 4741 imo
2590 4703 2714 4742 vero
2741 4702 2807 4742 eo
2829 4687 3061 4756 gravius,
3093 4687 3231 4757 quod
3259 4697 3311 4742 et
3340 4686 3569 4742 fraterna

1998 4780 2182 4834 dextra
2224 4793 2508 4848 percussus
2537 4779 2800 4834 occubuit.
2831 4779 2967 4848 Quid
3005 4789 3182 4835 autem
3211 4780 3278 4836 de
3303 4779 3568 4852 Noeﬁici-

1999 4873 2156 4927 nius?
2181 4873 2310 4926 Nam
2347 4881 2400 4926 et
2437 4872 2550 4942 ipse
2587 4871 2763 4941 justus
2793 4885 2854 4925 ac
2886 4871 3150 4941 perfectus
3195 4871 3290 4926 fuit
3317 4870 3469 4940 (Gen.
3500 4871 3559 4942 6)

1998 4963 2303 5032 cunctisque
2341 4963 2602 5029 corruptis
2636 4963 2783 5018 solus
2813 4961 3008 5032 placuit
3033 4962 3178 5028 Deo,
3209 4961 3422 5032 reliquis
3450 4977 3569 5018 om-

1999 5056 2152 5111 nibus
2185 5057 2332 5112 illum
2369 5056 2777 5112 offendentibus.
2818 5057 3124 5112 innumeras
3160 5057 3314 5127 plane
3348 5057 3569 5111 tribula-

2001 5150 2170 5208 tiones
2211 5149 2424 5218 pertulit
2459 5148 2651 5202 multas
2673 5156 2726 5202 et
2757 5147 2941 5202 malas.
2972 5145 3156 5218 Neque
3181 5148 3322 5200 enim
3353 5154 3411 5200 ut
3437 5145 3570 5200 Abel

1998 5241 2251 5295 continuo
2281 5249 2516 5294 mortuus
2541 5249 2642 5304 est,
2673 5254 2844 5309 neque
2873 5238 2922 5293 id
2956 5253 3141 5308 passus
3168 5237 3306 5308 quod
3336 5236 3452 5292 leve
3478 5236 3570 5292 tibi

1998 5333 2200 5386 videtur
2225 5373 2237 5396 ,
2269 5330 2361 5386 sed
2394 5331 2750 5400 longissimam
2787 5329 2945 5382 vitam
2979 5327 3251 5392 toleravit,
3289 5335 3367 5381 tot
3403 5340 3571 5380 annos

1999 5422 2064 5477 iis
2091 5423 2177 5493 qui
2224 5420 2396 5476 lerunt
2434 5436 2594 5475 onera
2632 5419 3046 5490 gravissimoque
3088 5432 3298 5486 semper
3338 5415 3570 5484 pondere

1999 5525 2307 5586 premuntur
2333 5513 2499 5567 nihilo
2530 5512 2696 5567 levius
2727 5521 2813 5565 aut
2833 5511 3058 5588 quietius
3083 5507 3324 5563 allectus.
3350 5507 3459 5562 line
3477 5519 3568 5556 au-

1997 5615 2103 5660 tem
2126 5605 2300 5658 statim
2323 5604 2651 5674 apertissime
2675 5601 2926 5671 probabo,
2956 5600 3079 5654 hinc
3104 5599 3306 5653 initiqu
3327 5609 3564 5653 attinens.

1997 5699 2208 5752 Annum
2237 5697 2497 5764 integrum
2525 5694 2623 5748 iste
2645 5691 2842 5746 carceri
2864 5689 3104 5744 addictus
3128 5687 3242 5751 fuit,
3267 5685 3568 5752 carceriqne

2005 5786 2284 5858 peregrino
2313 5795 2365 5842 ct
2391 5782 2674 5839 horrendo.
2716 5780 2780 5838 Ut
2811 5779 2950 5838 enim
2981 5778 3207 5836 ferarum
3255 5785 3306 5832 ct
3353 5787 3564 5844 serpen-
