4060 6136
505 417 608 476 ιω

505 530 636 587 tium
659 527 1047 585 multitudinem
1070 526 1328 591 omittam,
1348 526 1659 597 quibuscum
1685 533 1830 579 tanto
1851 532 2088 592 tempore

505 619 644 674 vnxit
683 617 737 673 in
783 618 947 673 tantis
987 617 1201 672 relictus
1238 616 1531 687 angustiis,
1572 617 1696 686 quid
1741 615 1887 670 illum
1926 613 2090 668 animi

506 710 757 766 habuisse
795 718 947 780 putas
991 711 1128 763 inter
1161 709 1295 764 adeo
1338 709 1576 777 ingentes
1621 716 1697 761 tot
1738 707 2088 761 tonitruornm

509 802 743 873 fragores
783 809 943 871 atque
987 802 1326 857 nimborum?
1366 801 1573 872 Quippe
1615 799 1834 855 inferior
1868 800 2092 870 abyssus

506 881 964 964 disrumpebatur',
998 895 1241 964 superior
1276 910 1478 949 summa
1514 894 1740 962 impetus
1767 893 1816 947 vi
1842 893 2088 948 demitte-

508 988 680 1051 batur,
709 1001 830 1041 cum
859 987 1177 1043 intrinsecus
1207 987 1294 1041 ille
1324 1002 1442 1041 cum
1476 987 1654 1041 liberis
1681 986 1895 1041 sederet
1921 986 2086 1040 solus.

510 1076 620 1131 Etsi
657 1078 798 1133 enim
830 1077 897 1132 de
924 1077 1029 1132 ﬁne
1057 1077 1383 1144 conﬁderet,
1416 1093 1508 1147 per
1543 1092 1727 1131 eorum
1770 1085 1943 1131 tamen
1974 1092 2092 1146 qu:e

510 1168 706 1223 ﬁebant
733 1168 1120 1223 vehementiam
1149 1179 1291 1223 metu
1320 1169 1427 1224 fere
1454 1177 1804 1238 pra-mortuus
1830 1177 1963 1222 erat.
1993 1167 2090 1223 Ubi

508 1262 650 1317 enim
679 1277 777 1317 nos
803 1278 922 1317 cum
956 1261 1244 1318 habeamus
1273 1262 1459 1316 domos
1502 1262 1552 1315 in
1595 1270 1735 1315 terra
1775 1260 1930 1314 altius
1971 1258 2090 1313 fun-

507 1356 691 1418 datas,
749 1357 1010 1425 urbesque
1061 1355 1451 1418 initabitentus,
1506 1362 1680 1407 tamen
1730 1356 1773 1406 si
1820 1351 2093 1406 videamus

510 1448 738 1515 pluviam
778 1448 861 1503 vel
905 1448 1058 1517 paulo
1096 1447 1461 1502 vehementius
1498 1445 1656 1501 solito
1696 1444 1936 1509 demitti,
1966 1458 2095 1497 con-

508 1540 732 1593 cidintus
782 1546 1032 1610 metuque
1079 1539 1492 1608 constringimnr
1536 1554 1549 1591 :
1591 1537 1716 1607 quid
1771 1537 1860 1591 ille
1906 1548 2093 1605 passus

509 1632 832 1697 aestimetur,
865 1646 985 1685 cum
1017 1631 1163 1684 solus
1193 1632 1335 1684 intus
1359 1639 1530 1696 esset,
1562 1629 1920 1699 abyssumque
1951 1627 2091 1680 illam

511 1720 809 1773 horrificam
831 1762 844 1784 ,
878 1736 940 1774 ac
969 1720 1111 1774 varia
1140 1734 1322 1774 eorum
1341 1761 1355 1785 ,
1388 1734 1506 1787 quae
1543 1717 1935 1772 suffocabantur
1954 1758 1968 1780 ,
1996 1730 2094 1786 ge.

509 1826 635 1863 nera
662 1810 1058 1864 consideraret?
1089 1806 1322 1879 Denique
1360 1809 1603 1865 sufficere
1637 1809 1771 1864 solet
1800 1807 1866 1861 ad
1898 1806 2094 1861 ferien-

507 1900 606 1954 dos
631 1915 838 1953 summo
867 1915 1063 1969 pavore
1090 1902 1316 1966 animos,
1347 1901 1528 1955 urbem
1559 1916 1739 1963 unam,
1773 1899 1852 1954 vel
1876 1899 2091 1953 domum

509 1991 669 2044 etiam
726 1992 773 2042 vi
827 1990 997 2061 aliqua
1061 1991 1418 2045 inundationis
1473 1991 1776 2060 absorptam
1835 1990 2094 2060 undisquc

508 2091 746 2149 opertam
786 2097 1043 2149 cernere;
1075 2091 1132 2136 at
1160 2098 1286 2137 vero
1313 2081 1525 2153 quando
1556 2081 1604 2134 id
1640 2081 1785 2136 orbis
1816 2080 2095 2134 universus

511 2185 699 2240 passus
733 2181 846 2237 est,
879 2173 982 2228 dici
1029 2188 1132 2227 non
1181 2182 1351 2242 potest
1388 2174 1476 2242 qui
1520 2171 1741 2227 allectus
1779 2172 1847 2225 sit
1886 2171 1967 2226 vir
2005 2172 2095 2228 ille

508 2278 631 2317 cum
667 2264 716 2318 in
750 2266 939 2319 mediis
979 2264 1223 2319 fluctibus
1265 2263 1717 2320 circumferretur.
1751 2263 1939 2318 Totum
1967 2278 2095 2334 ergo

509 2369 706 2408 suumn
755 2355 899 2420 illum
946 2355 998 2409 in
1047 2371 1112 2409 eo
1160 2365 1301 2410 metu
1349 2356 1487 2425 cgit.,
1522 2356 1658 2410 Cum
1707 2370 1833 2409 vero
1881 2354 2094 2409 tandem

509 2447 760 2500 diluvium
808 2456 1102 2514 cessasset,
1152 2449 1404 2518 paulatim
1454 2447 1666 2517 quidem
1710 2447 1819 2516 jam
1870 2445 2107 2525 cedebat

515 2549 718 2601 motus,
769 2538 863 2593 sed
906 2554 1106 2593 mceror
1148 2540 1478 2608 augebatur,
1534 2538 1985 2608 prodeuntemque
2028 2552 2094 2591 ex

512 2643 634 2683 arca
663 2637 950 2698 tempestas
979 2629 1080 2683 alia
1122 2630 1331 2698 excepit
1363 2630 1540 2699 priore
1580 2643 1686 2682 non
1726 2628 1929 2689 minor,
1974 2642 2094 2681 cum

516 2723 809 2776 intueretur
849 2721 1166 2776 horrendam
1208 2721 1348 2775 illam
1387 2720 1758 2785 solitudinem,
1807 2734 2097 2786 necemque

512 2811 657 2865 illam
680 2811 988 2877 violentam,
1018 2820 1177 2882 atque
1204 2810 1603 2866 interfectorum
1634 2824 1855 2887 corpora
1886 2810 2010 2863 limo
2035 2824 2098 2863 ac

512 2902 624 2957 luto
651 2902 933 2973 permixta,
957 2912 1284 2972 cunctosque
1305 2902 1504 2979 pariter
1527 2901 1789 2967 homines,
1822 2910 1875 2956 et
1894 2901 2093 2966 asinos,

508 3003 567 3046 et
604 3001 794 3048 cattera
824 2992 906 3049 his
931 2994 1090 3048 etiam
1135 2994 1445 3064 ignobiliora
1480 2994 1825 3048 animantium
1869 3007 2092 3062 genera,

511 3099 618 3138 uno
652 3099 871 3153 prorsus
914 3085 1203 3140 miserabili
1246 3086 1490 3165 sepulcro
1541 3086 1751 3141 obruta.
1814 3084 1944 3139 Nam
1996 3084 2095 3139 etsi

510 3176 794 3233 admodum
822 3186 1130 3250 peccatores
1152 3178 1363 3234 fuerant
1381 3178 1469 3249 qui
1501 3178 1625 3237 talia
1655 3177 1890 3248 perpessi
1919 3184 2092 3242 erant,

513 3265 676 3322 homo
704 3276 879 3324 tamen
904 3277 1018 3324 erat
1040 3268 1169 3335 Noe,
1201 3268 1629 3339 contribulesque
1656 3281 1783 3323 suos
1810 3282 1912 3322 non
1942 3274 2092 3337 pote-

512 3369 594 3414 rat
618 3376 723 3416 non
752 3361 1016 3418 miserari.
1040 3362 1244 3432 Quippe
1260 3372 1313 3418 et
1328 3362 1575 3426 Ezechiel
1600 3377 1718 3416 cum
1737 3360 1912 3432 justus
1930 3368 2091 3426 esset,

507 3462 668 3523 atque
696 3451 961 3508 lsraelitas
986 3454 1217 3510 maxime
1242 3455 1478 3511 omnium
1507 3439 1776 3524 improbos
1803 3470 2093 3526 cognosce-

450 3564 460 3573 ·
509 3553 612 3606 ret,
634 3543 819 3599 videns
845 3553 1020 3601 tamen
1051 3545 1170 3600 illos
1187 3545 1416 3617 jugulari
1441 3557 1493 3602 et
1519 3562 1788 3612 corruere,
1823 3547 1923 3601 hoc
1954 3546 2091 3601 idem

513 3651 701 3706 passus
728 3645 843 3702 est,
893 3646 1054 3708 atque
1083 3639 1430 3710 illacrymavit
1454 3681 1469 3704 ,
1510 3640 1717 3695 etiamsi
1755 3650 1909 3695 antea
1954 3640 2095 3696 Deus

511 3744 726 3783 omnem
777 3729 874 3798 ipsi
923 3729 1134 3784 illorum
1184 3731 1508 3800 impietatem
1555 3731 1884 3795 revelasset,
1936 3741 2096 3804 atque

515 3819 644 3889 ipsis
669 3820 836 3874 oculis
864 3820 1169 3876 intuendam
1199 3820 1531 3889 praebuisset,
1560 3828 1619 3874 ut
1641 3836 1758 3875 cum
1780 3821 1897 3874 illos
1913 3821 2092 3889 puniri

510 3910 817 3980 inspiceret,
850 3924 968 3965 eam
1017 3910 1373 3964 calamitatem
1418 3908 1628 3964 fortiter
1672 3909 1955 3979 perferret.
1989 3907 2093 3963 Sed

508 4009 685 4057 tamen
738 4016 858 4056 cum
914 4009 1062 4056 tanto
1121 4001 1468 4070 praescientize
1521 4001 1713 4055 solatio
1766 3997 2136 4072 praeparatus

505 4100 670 4157 esset,
719 4092 789 4146 ita
833 4107 1045 4162 quoque
1088 4092 1381 4161 angebatur
1421 4108 1604 4147 eorum
1647 4093 1919 4161 cladibus,
1968 4109 2093 4151 cor-

507 4196 777 4251 ruensque
804 4184 1101 4238 clamabat:
1125 4183 1240 4239 Heu
1271 4185 1420 4253 mihi,
1450 4183 1696 4252 Domine,
1727 4185 1863 4240 dates
1894 4198 1947 4240 tu
1971 4187 2093 4241 refi-

503 4273 650 4344 quias
693 4272 859 4328 Israel
901 4273 1112 4347 (Ezech.
1146 4275 1199 4332 9.
1232 4276 1327 4347 8)?
1358 4278 1469 4332 Non
1502 4279 1667 4333 semel
1701 4290 1877 4333 autem
1918 4279 2090 4335 solum

506 4379 792 4434 perpessus
812 4374 914 4431 est,
947 4366 1042 4421 sed
1069 4376 1123 4422 et
1151 4369 1386 4423 secundo
1410 4384 1529 4424 cum
1560 4369 1869 4424 Jecltoniam
1900 4386 2089 4426 cerne-

504 4463 588 4511 ret
615 4455 871 4511 occisum.
903 4458 1084 4530 Itaque
1113 4468 1166 4513 ct
1189 4459 1321 4528 Noe,
1352 4461 1558 4517 tametsi
1587 4461 1863 4517 innumera
1892 4463 2095 4518 sciebat

503 4545 716 4602 illorum
750 4563 871 4607 esse
899 4550 1125 4614 scelera,
1156 4565 1262 4604 non
1296 4561 1470 4606 tamen
1504 4552 1783 4607 Ezechiele
1808 4555 1918 4607 sive
1947 4554 2091 4608 Mose

503 4639 692 4697 fortior
713 4650 862 4697 erat:
886 4642 1084 4713 quippe
1104 4653 1158 4699 et
1183 4642 1273 4699 ille
1299 4660 1441 4714 saepe
1466 4644 1652 4699 eadem
1678 4661 1797 4716 qu:e
1834 4646 2090 4716 propheta

504 4746 691 4800 passus
736 4742 850 4799 est;
899 4744 1184 4804 peccantes
1224 4734 1436 4789 intuens
1482 4735 1764 4804 llchrzeos,
1823 4745 1947 4792 tunc
1996 4753 2092 4793 eos

504 4822 735 4879 maxime
771 4824 1153 4886 tniserabatur,
1200 4825 1413 4898 quando
1458 4827 1706 4895 puniendi
1754 4837 1936 4893 erant,
1979 4843 2092 4881 uta-

500 4912 685 4981 gisque
712 4912 824 4982 ipse
849 4929 1004 4983 quam
1032 4916 1120 4995 qui
1150 4916 1507 4995 puniebantur
1531 4919 1838 4987 angebatur.
1866 4921 1933 4972 At
1956 4927 2088 4973 lem-

504 5018 633 5073 pore
660 5003 772 5058 Noe
808 5006 1084 5063 calamitas
1126 5008 1283 5077 longe
1326 5016 1441 5064 erat
1487 5010 1730 5082 gravior,
1775 5011 1971 5078 quippe
2001 5010 2087 5065 illa

502 5094 613 5149 sola
643 5094 906 5163 ejusmodi
938 5096 1242 5151 morsillata
1261 5106 1359 5157 est.
1381 5096 1511 5151 Cum
1533 5097 1688 5168 igitur
1715 5106 1791 5152 tot
1822 5114 2090 5167 premere-

502 5200 587 5244 tur
615 5191 788 5257 malis,
817 5191 1124 5258 solitudine,
1151 5194 1365 5257 miseria
1391 5196 1564 5271 gentis
1590 5210 1719 5261 sum,
1751 5196 2085 5271 pereuntium

502 5282 859 5352 multitudine,
892 5286 1081 5341 mortis
1108 5302 1326 5358 genere,
1360 5296 1516 5350 terrae
1547 5288 1708 5347 totius
1735 5289 2082 5353 desolatione,

497 5383 660 5446 atque
702 5376 934 5446 undique
963 5393 1163 5437 mteror
1202 5378 1560 5444 incresceret,
1592 5379 1682 5452 qui
1708 5395 1767 5435 se
1797 5379 2084 5439 vehemen-

479 5467 708 5524 -tissime
734 5478 1047 5531 concuteret
1071 5509 1085 5535 ,
1117 5469 1364 5541 adjicitur
1391 5472 1643 5531 continuo
1670 5472 1778 5527 nati
1806 5483 2085 5531 contume-

498 5560 607 5628 lia,
652 5574 740 5616 res
776 5560 990 5634 quidem
1019 5561 1400 5629 intolerabilis,
1437 5563 1777 5638 turpitudinis
1804 5573 1855 5620 et
1886 5563 2087 5627 doloris

501 5651 848 5713 incredibilis.
875 5653 1085 5722 Quanto
1116 5657 1258 5715 enim
1288 5657 1580 5713 amicorum
1613 5657 1811 5727 probra
1840 5657 2086 5729 graviora

499 5761 659 5810 quam
690 5746 1023 5804 inimicorum
1053 5758 1198 5817 sunt,
1232 5759 1380 5806 tanto
1406 5750 1614 5822 injuria:
1641 5765 1671 5805 a
1705 5749 1827 5814 ﬁliis
1850 5760 2085 5820 acceptae

491 5836 602 5899 illis
646 5840 804 5900 etiam
853 5842 1298 5901 intolerabiliores
1349 5852 1491 5901 sunt.
1540 5843 1674 5905 Cum
1726 5843 1867 5901 enim
1921 5859 2078 5921 quem

1209 411 1266 467 S.
1304 409 1581 468 JOANNIS
1603 405 2074 466 CIIBYSOSTOMI
2112 406 2426 466 ARCIIIEP.
2459 409 2991 472 CONSTANTINOP.

3670 396 3772 452 456

2193 532 2481 591 genuerat,
2526 539 2683 594 quem
2726 524 3078 590 educaverat,
3122 539 3280 595 quem
3307 521 3592 589 erudierat,
3619 522 3768 593 cuius

2192 610 2359 680 gratia
2385 611 2595 667 labores
2622 613 2879 683 plurimos
2905 628 2966 669 ac
2990 614 3200 669 dolores
3227 628 3490 683 curasque
3514 612 3771 669 tolerave~

2194 712 2276 759 rat
2300 744 2314 767 ,
2358 719 2478 758 eum
2510 720 2619 776 pne
2649 707 2858 762 ca-teris
2884 705 3419 762 contumeliosissime
3452 719 3512 758 se
3550 715 3773 761 tractare

2193 804 2460 860 cerneret,
2509 812 2577 851 ne
2622 796 2765 852 ferre
2803 797 3013 866 quidem
3057 797 3220 851 animi
3266 796 3505 851 dolorem
3546 805 3769 865 poterat.

2195 885 2525 942 Contumelia
2555 891 2750 958 quippe
2792 889 2958 944 libero
2988 888 3210 954 homini,
3242 897 3353 943 tum
3381 903 3478 958 per
3502 903 3560 943 se
3585 898 3666 943 est
3693 889 3773 942 in--

2196 980 2502 1045 tolerabilis,
2552 991 2661 1035 tum
2707 983 2750 1036 si
2791 998 2820 1037 a
2870 982 2994 1038 ﬁliis
3036 983 3362 1047 manaverit,
3412 983 3463 1036 in
3504 992 3775 1052 stuporem

2194 1071 2355 1124 animi
2381 1073 2674 1138 convertit,
2706 1075 2921 1142 utpote‘
2974 1074 3327 1128 atrocissima.
3368 1073 3446 1127 Tu
3483 1074 3638 1127 velim
3668 1088 3772 1127 non

2196 1159 2246 1214 id
2275 1161 2433 1215 modo
2467 1160 2674 1218 facinus
2699 1164 3006 1218 consideres
3027 1149 3167 1228 ,‘sed
3197 1180 3259 1218 ex
3296 1179 3361 1217 eo
3387 1164 3503 1233 ipso
3527 1163 3776 1232 conjicias

2194 1267 2352 1321 quam
2386 1253 2471 1307 ille
2499 1255 2884 1309 contumeliose
2928 1255 3093 1326 priori
3126 1255 3272 1311 omni
3305 1264 3544 1325 tempore
3575 1264 3776 1324 patrem

2196 1343 2460 1398 habuerit.
2500 1345 2597 1413 Qui
2642 1347 2782 1400 enim
2831 1357 3149 1417 praesentem
3194 1347 3369 1402 adhuc
3413 1357 3571 1405 tanta:
3617 1346 3777 1403 cladis

2199 1444 2455 1490 terrorem
2488 1437 2708 1492 habebat
2730 1478 2745 1503 ,
2787 1452 2851 1493 ac
2881 1453 3049 1508 nuper
3077 1454 3141 1493 ex
3185 1453 3399 1493 carcere
3427 1439 3516 1493 illo
3545 1439 3776 1505 exierat,

2197 1526 2448 1595 orbisque
2475 1529 2634 1581 totius
2659 1529 3015 1583 calamitatem
3043 1529 3273 1594 videbat,
3293 1545 3354 1582 ac
3382 1545 3446 1583 ue
3470 1531 3548 1583 sic
3570 1528 3777 1599 quidem

2196 1617 2508 1697 emendatus
2551 1618 2755 1682 fuerat,
2803 1618 2895 1673 sed
2939 1634 3058 1673 eum
3107 1635 3265 1690 quem
3298 1619 3517 1678 minime
3542 1622 3778 1673 omnium

2198 1706 2490 1771 debuerat,
2537 1710 2873 1765 centumeliis
2913 1709 3201 1773 afficiebat,
3252 1726 3423 1780 neque
3454 1710 3781 1770 inﬁnitorum

2199 1799 2503 1852 mortalium
2554 1816 2681 1854 nece
2704 1843 2719 1866 ,
2771 1817 2942 1870 neque
2980 1802 3265 1856 solitudine
3292 1842 3306 1863 ,
3349 1816 3519 1870 neque
3551 1801 3646 1854 Dei
3675 1801 3779 1865 ira,

2198 1906 2373 1960 neque
2408 1892 2509 1945 alia
2549 1893 2649 1946 ulla
2693 1908 2875 1947 carum
2918 1910 3095 1948 rerum
3135 1909 3252 1963 qua:
3295 1902 3405 1948 tum
3450 1894 3781 1963 contigerant

2199 1981 2390 2034 melior
2431 1981 2653 2036 affectus
2682 1981 2852 2036 fuerat
2877 2000 2891 2036 :
2913 1983 3209 2051 cuiusmodi
3254 1983 3342 2037 ille
3370 1992 3493 2036 ante
3522 1982 3780 2037 diluvium

2200 2069 2327 2137 fuit,
2366 2087 2487 2126 cum
2531 2073 2789 2142 plurimos
2832 2074 3081 2140 haberet,
3129 2075 3216 2144 qui
3260 2090 3319 2130 se
3350 2075 3698 2131 hortarentur
3720 2074 3781 2129 ad

2197 2162 2362 2216 vitia?
2405 2164 2552 2219 Tunc
2579 2165 2721 2219 enim
2752 2166 3021 2236 proftcto,
3070 2176 3194 2222 tunc
3238 2167 3573 2223 molestiores
3600 2167 3785 2225 fluctus

2194 2254 2370 2325 justus
2400 2256 2487 2310 ille
2519 2258 2768 2325 pertulit,
2802 2273 2958 2328 quam
3001 2258 3199 2313 fuerint
3236 2260 3323 2330 qui
3357 2271 3476 2329 post
3506 2260 3562 2315 in
3589 2260 3786 2315 diluvio

2199 2347 2556 2418 contigerunt,
2609 2363 2728 2403 cum
2779 2365 2871 2418 per
2920 2350 3087 2404 filium
3133 2366 3307 2416 suum,
3365 2360 3475 2405 tum
3518 2367 3618 2421 per
3659 2354 3786 2406 alios

2200 2453 2407 2494 omnes.
2444 2438 2572 2493 Nam
2617 2440 2669 2494 in
2712 2440 2912 2494 diluvio
2949 2442 3159 2511 quidem
3191 2442 3303 2496 sola
3337 2442 3481 2495 illum
3513 2458 3773 2512 aquarum

2200 2533 2485 2587 multitudo
2523 2535 2871 2604 angustabat;
2914 2544 3039 2588 ante
3064 2535 3318 2588 diluvium
3351 2546 3525 2590 autem
3557 2535 3789 2603 undique

2200 2625 2450 2694 nequitiae
2472 2625 2664 2696 abysso
2680 2625 3151 2694 comprimebatur,
3170 2641 3234 2680 ac
3248 2626 3617 2683 vehementius
3635 2642 3786 2695 quam

2201 2717 2453 2772 fluctibus
2496 2718 2702 2773 insidiis
2753 2718 3197 2787 nequissimorum
3248 2717 3521 2771 hominum
3574 2718 3789 2772 collide-

2200 2809 2377 2863 batur.
2405 2809 2561 2863 Solus
2588 2809 2728 2862 enim
2751 2810 2969 2863 relictus
2992 2809 3043 2862 in
3074 2816 3219 2862 tanta
3245 2809 3598 2864 scclestorum
3626 2809 3791 2862 homi-

2201 2919 2326 2957 num
2380 2902 2872 2974 flagitiosorumque
2903 2904 3280 2972 multitudine,
3326 2905 3426 2959 etsi
3471 2905 3607 2960 nihil
3652 2907 3789 2962 aliud

2203 2996 2540 3067 patiebatur,
2598 2997 2872 3053 irrisiones
2924 3009 3098 3052 tamen
3146 2998 3401 3068 plurimas
3454 3014 3518 3053 ac
3572 3000 3789 3054 dicteria

2201 3090 2438 3161 quotidie
2486 3090 2910 3160 ferebatzidque
2950 3091 2996 3145 si
3044 3108 3149 3147 non
3179 3101 3373 3155 antea,
3419 3100 3527 3146 tum
3563 3093 3792 3147 maxime

2200 3182 2414 3252 quando
2439 3183 2545 3237 illis
2570 3183 2637 3236 de
2662 3198 2782 3237 arca
2811 3183 2956 3238 etde
3002 3181 3193 3242 futuris
3234 3183 3474 3239 cladibus
3512 3185 3676 3240 verba
3718 3185 3791 3238 fa-

2200 3273 2396 3328 ciebat.
2425 3272 2566 3328 Istud
2592 3289 2720 3331 vero
2741 3282 2990 3342 quantum
3022 3275 3125 3327 vim
3152 3273 3345 3328 habeat.
3373 3275 3436 3328 ad
3469 3275 3791 3349 perturban-

2200 3365 2298 3420 dos
2326 3366 2554 3428 animos,
2586 3375 2809 3421 testatur
2829 3365 2917 3434 qui
2945 3381 3010 3421 ex
3040 3375 3191 3419 utero
3215 3367 3400 3420 matris
3430 3366 3792 3420 sanctiﬁcatus

2199 3466 2283 3514 est
2309 3458 2589 3523 Jeremias,
2614 3459 2701 3528 qui
2728 3468 3005 3531 propterea
3032 3458 3360 3529 prophetiam
3382 3474 3596 3528 quoque
3620 3459 3789 3527 ipsam

2202 3551 2504 3621 relinquere
2532 3549 2906 3604 meditabatur.
2937 3548 3064 3603 Dixi
3092 3550 3263 3615 enim,
3299 3550 3487 3620 inquit,
3519 3565 3626 3608 ncn
3670 3568 3791 3621 pro-

2201 3640 2415 3711 phetabo
2442 3640 2572 3714 (Jer.
2602 3641 2694 3696 20.
2723 3640 2804 3712 9).
2836 3641 3100 3695 Prmterea
3135 3640 3185 3695 id
3215 3641 3410 3705 solum,
3438 3640 3585 3710 quod
3615 3641 3792 3697 nullus

2201 3733 2272 3786 illi
2299 3741 2415 3786 erat
2443 3732 2727 3797 unanimis,
2760 3733 3043 3800 nullusque
3068 3731 3178 3784 suis
3205 3730 3440 3784 moribus
3470 3730 3788 3793 conformis,

2199 3832 2454 3892 quantum
2486 3821 2559 3876 illi
2605 3822 2744 3876 tmdii
2768 3862 2783 3886 ,
2823 3830 3079 3891 quantum
3124 3832 3278 3894 putas
3307 3821 3554 3881 mmroris
3582 3820 3793 3875 offnde-

2199 3913 2316 3967 rat?
2344 3911 2526 3982 Neque
2558 3912 2677 3966 ideo
2704 3922 2907 3966 tantum
2929 3912 3240 3983 angebatur,
3267 3928 3450 3967 verum
3482 3928 3552 3966 ex
3578 3912 3791 3967 illorum

2199 4003 2538 4058 miseratione
2558 4002 2823 4058 cruciatus
2844 4003 3153 4059 innumeros
3172 4003 3486 4071 patiebatur.
3507 4002 3626 4059 Non
3650 4005 3791 4061 enim

2202 4102 2325 4148 tunc
2355 4094 2523 4148 solum
2554 4101 2780 4149 mmreut
2807 4094 2904 4148 viri
2930 4094 3095 4163 justi,
3121 4109 3241 4148 cum
3272 4108 3465 4167 pravos
3492 4096 3791 4150 morientes

2198 4186 2482 4253 aspiciunt,
2509 4185 2599 4239 sed
2629 4186 2791 4239 etiam
2818 4200 2937 4239 cum
2972 4194 3253 4254 peccantes
3282 4184 3494 4249 vident;
3524 4185 3633 4244 imo
3665 4201 3792 4240 vero

2199 4276 2365 4329 multo
2405 4275 2632 4343 amplius
2676 4275 2779 4330 hoc
2820 4291 2979 4344 quam
3030 4274 3121 4329 illo
3172 4276 3679 4346 cruciantur:un
3725 4291 3789 4331 ex

2196 4366 2472 4436 prophetis
2504 4365 2755 4423 facillime
2787 4366 3137 4422 animadverti
3178 4376 3369 4436 potest.
3413 4367 3568 4421 Alitis
3596 4368 3791 4437 quippe

2196 4458 2404 4511 illorum
2434 4473 2613 4512 amare
2645 4456 3037 4527 ingemiscens:
3068 4456 3173 4521 Vw,
3207 4458 3394 4527 inquit,
3423 4459 3626 4522 anima,
3671 4458 3790 4529 quia

2197 4551 2343 4620 periit
2376 4551 2490 4619 pius
2529 4552 2591 4604 de
2621 4561 2785 4616 terra,
2829 4568 2917 4605 nec
2962 4561 3035 4605 est
3078 4552 3130 4604 in
3179 4552 3496 4615 hominibus,
3541 4552 3631 4623 qui
3658 4552 3789 4621 quod

2193 4654 2383 4697 rectum
2418 4653 2490 4696 est
2526 4644 2681 4713 faciat
2711 4642 2898 4713 (dficit.
2928 4643 2980 4698 7.
3020 4642 3096 4715 Ξ).
3131 4642 3281 4697 Alius
3305 4642 3370 4697 ad
3402 4643 3568 4697 licunt
3599 4644 3787 4712 loque-

2195 4735 2348 4790 batur
2376 4753 2388 4788 :
2418 4735 2586 4802 Quare
2638 4734 2900 4789 ostendisti
2941 4735 3063 4787 mihi
3093 4734 3288 4786 labores
3317 4744 3363 4786 et
3395 4734 3596 4789 dolores
3624 4735 3788 4788 videre

2194 4825 2419 4894 (Habac.
2458 4828 2509 4880 l.
2543 4826 2623 4897 5).
2653 4825 2720 4879 Ει
2747 4824 2815 4880 de
2844 4825 2908 4879 iis
2935 4827 3022 4894 qui
3067 4824 3278 4894 injuriis
3308 4823 3784 4893 opprimebantur,

2193 4905 2416 4973 nimium
2464 4919 2757 4974 condoleus
2803 4918 3015 4989 lugebat
3060 4918 3242 4973 dicens
3279 4934 3292 4969 :
3328 4916 3512 4971 Facies
3561 4918 3785 4971 homines

2191 5021 2247 5065 ut
2287 5013 2445 5080 pisces
2476 5014 2630 5066 maris
2657 5030 2758 5067 non
2799 5011 3034 5066 habentes
3063 5012 3238 5065 ducem
3268 5010 3412 5080 (Ibid
3469 5011 3583 5081 H).
3633 5008 3782 5077 Quod

2191 5105 2235 5158 si
2268 5115 2391 5159 ttutc
2413 5108 2507 5160 ista
2528 5107 2929 5176 contingebant,
2949 5121 3070 5160 cum
3090 5106 3235 5174 leges
3252 5105 3557 5157 constitutae
3577 5109 3782 5165 essent,

2192 5205 2242 5251 et
2276 5198 2541 5267 principes
2563 5241 2576 5263 ,
2608 5207 2662 5253 et
2682 5198 2902 5268 judicia,
2937 5207 2991 5253 et
3016 5197 3323 5253 sacerdotes
3347 5239 3360 5258 ,
3391 5206 3440 5250 ct
3474 5195 3778 5266 prophetat,

2190 5295 2245 5342 et
2269 5288 2553 5359 supplicia,
2587 5290 2864 5345 considera
2896 5297 3091 5359 quanta
3134 5288 3474 5357 impudentia:
3514 5286 3783 5357 magnitu~

2189 5378 2315 5434 dine
2344 5381 2443 5436 sub
2469 5380 2579 5436 Noe
2615 5389 2807 5435 cuncta
2848 5380 3053 5436 scelera
3093 5379 3602 5443 committebantur,
3651 5392 3773 5431 cum

2191 5472 2336 5526 nullo
2377 5471 2565 5527 horum
2606 5472 2780 5527 adhuc
2827 5471 3071 5526 homines
3117 5471 3516 5525 cobibercntur.
3568 5469 3637 5523 Et
3681 5468 3782 5522 sub

2190 5564 2464 5634 pr0phetis
2492 5563 2706 5634 quidem
2738 5578 2843 5617 non
2883 5562 3040 5617 valde
3081 5562 3320 5633 longaeva
3361 5572 3476 5616 erat
3512 5570 3653 5625 vita,
3685 5556 3780 5612 sed

2188 5656 2523 5728 septuaginta
2558 5655 2644 5710 vel
2681 5653 2953 5726 octoginta
2996 5653 3150 5708 anuis
3193 5652 3605 5715 terminabatur;
3640 5661 3781 5723 \tuno

2252 5789 2268 5821 ¹
2306 5796 2435 5849 tunc,
2454 5793 2612 5850 utpote
2634 5787 2951 5848 atrocissima,
2975 5787 3155 5837 desunt
3176 5788 3226 5838 in
3248 5784 3375 5836 Coll).
3399 5786 3519 5850 etin
3543 5784 3789 5834 ωιωει.

2199 5850 2300 5914 \il.,
2326 5846 2676 5903 seihabcntur
2699 5864 2747 5901 tn
2770 5846 3010 5904 Morebet
3033 5850 3081 5904 in
3104 5850 3320 5914 momine
3336 5846 3480 5901 Savil.
