4060 6136
242 368 351 427 455

240 501 346 555 την
372 484 782 556 ἀπειλημμένος
832 489 1211 558 στενοχωρίαν.
1260 488 1313 541 τί
1349 489 1450 542 οἴει
1497 488 1727 558 πάσχειν
1762 485 1922 540 αὑτὸν

244 574 352 630 ὑπὸ
399 572 495 630 τοῦ
527 576 772 645 πατάγου
825 577 934 631 τῶν
988 577 1242 649 βροντῶν,
1287 579 1392 633 ὑπὸ
1443 577 1537 632 τοῦ
1576 577 1751 649 ψόφου
1814 577 1924 630 τῶν

241 660 459 730 ὑετῶν;
490 663 761 728 Ἀϐυσσος
807 666 840 735 ή
895 667 992 735 μὲν
1049 665 1294 720 κάτωθεν
1334 667 1727 738 ἀνερρήγνυτο,
1781 668 1815 737 ή
1867 664 1924 718 δέ

241 751 450 807 ἄνωθεν
481 751 812 823 κατεφέρετο
844 764 897 792 α·
950 755 978 806 6
1019 752 1078 806 δέ
1121 753 1268 807 ἔνδον
1309 754 1542 829 ἐκάθητο
1590 754 1749 824 μόνος
1787 753 1925 824 μετά

239 839 352 894 τῶν
384 840 534 895 υἱῶν.
588 840 654 893 Εἰ
683 839 791 908 γὰρ
822 840 914 893 καὶ
966 841 1108 911 ὑ-πέρ
1137 840 1231 894 τοῦ
1286 841 1475 906 τέλους
1530 837 1642 912 εἶχε
1678 840 1920 912 θαρρεῖν,

211 927 387 995 ,ἀλλά
412 928 477 998 τῇ
501 925 611 980 τῶν
638 927 941 998 γινομένων
979 927 1299 999 σφοδρότητι
1334 927 1795 1000 προαποτεθνήκει
1846 926 1925 998 τῷ

239 1014 373 1069 δέει.
402 1015 578 1067 Ὅπου
612 1014 727 1085 γὰρ
762 1015 933 1085 ἡμεῖς
957 1015 1134 1079 οἰκίας
1179 1015 1393 1087 ἔχοντες
1441 1016 1784 1088 ἡδρασμένας
1832 1015 1924 1069 ἐπὶ

239 1100 349 1171 τῆς
377 1100 499 1171 γῆς,
538 1101 632 1164 καὶ
662 1100 845 1164 πόλεις
869 1101 1167 1166 οἰκοῦντες,
1199 1103 1350 1173 ὅμως
1378 1103 1507 1156 ὅταν
1559 1102 1759 1174 ἴδωμεν
1793 1118 1924 1157 κατ-

239 1187 529 1258 ενεχθέντα
559 1188 917 1261 σφοδρότερον
940 1189 1121 1259 ὀλίγον
1144 1190 1238 1244 τοῦ
1276 1191 1539 1262 συνήθους
1561 1191 1735 1258 ὑετὸν,
1762 1208 1924 1245 κατα·

240 1278 515 1350 πίπτομεν
553 1278 646 1332 καὶ
675 1277 1095 1349 συστελλόμεθα,
1141 1278 1195 1333 τί
1239 1281 1341 1334 οὑκ
1390 1279 1456 1334 ἂν
1504 1282 1710 1344 ἐκεῖνος
1752 1280 1920 1335 ἔπαθε

243 1367 406 1438 μόνος
427 1367 571 1421 ἔνδον
603 1366 698 1431 ὣν,
731 1368 825 1421 καὶ
849 1370 946 1439 τὴν
967 1370 1407 1441 φρικωδεστάτην
1442 1370 1655 1441 ἐκείνην
1686 1369 1920 1425 ἄϐυσσον

238 1454 449 1509 ἐννοῶν
475 1456 568 1510 καὶ
590 1457 697 1510 τῶν
735 1458 1144 1526 ἀποπνιγέντων
1169 1459 1235 1514 τὰ
1256 1459 1485 1531 διάφορα
1510 1458 1641 1528 γένη
1671 1474 1685 1524 ;
1715 1458 1920 1513 Ἱκανὸν

241 1541 343 1613 μὲν
366 1538 460 1597 οῦν
491 1543 756 1614 ἐκπλῆξαι
789 1544 963 1617 ψυχὴν
988 1546 1080 1600 καὶ
1114 1546 1174 1600 τὸ
1202 1546 1355 1600 πόλιν
1403 1546 1531 1617 μίαν
1559 1545 1592 1617 ἢ
1632 1548 1725 1600 καὶ
1747 1546 1921 1599 οἰκίαν

240 1630 413 1702 μόνην
436 1631 856 1686 ἐπικλυσθεῖσαν
889 1632 1232 1704 καλυφθῆναι
1261 1636 1374 1698 τοῖς
1401 1633 1627 1705 κύμασι,
1650 1633 1711 1686 τὸ
1736 1633 1793 1686 δέ
1821 1634 1919 1706 τὴν

237 1718 569 1789 οἰκουμένην
597 1720 776 1772 πᾶσαν
797 1719 955 1772 τοῦτο
985 1721 1198 1785 παθεῖν,
1240 1720 1359 1775 οὑδέ
1401 1720 1547 1773 ἐστιν
1581 1722 1774 1784 εἰπεῖν,
1805 1720 1922 1783 πῶς

238 1806 309 1860 ἂν
329 1805 548 1879 διέθηκε
582 1807 674 1860 τὸν
729 1810 788 1862 ἐν
828 1809 977 1880 μέσῳ
1014 1809 1091 1880 τῷ
1138 1809 1417 1881 κλυδωνίῳ
1468 1809 1916 1882 περιφερόμενον.

235 1894 346 1948 Τὸν
382 1895 481 1966 μὲν
537 1891 629 1949 οῦν
669 1896 916 1948 ἐνιαυτὸν
951 1897 1157 1949 ἐκεῖνον
1208 1896 1449 1968 τοσούτῳ
1483 1896 1756 1967 συνείχετο
1789 1895 1917 1949 δέει.

249 1983 472 2056 Ἐπειδὴ
493 1984 549 2037 δέ
577 2002 704 2038 ποτε
744 1985 772 2037 ὁ
802 1984 1183 2056 κατακλυσμὸς
1227 1983 1523 2046 ἐπαύσατο.
1564 1984 1593 2036 6
1629 1985 1725 2056 μέν
1758 1982 1921 2054 φόϐος

235 2072 476 2127 ἐνεδίδου
515 2071 720 2136 λοιπὸν,
758 2073 1065 2126 ἐπετείνετο
1106 2071 1162 2126 δέ
1202 2072 1271 2125 τὰ
1318 2073 1417 2144 τῆς
1464 2072 1703 2144 ἀθυμίας
1751 2070 1919 2142 αὐτῷ,

234 2159 336 2212 καὶ
395 2164 497 2229 τῆς
548 2158 779 2212 κιϐωτοῦ
833 2159 1189 2230 προκύψαντα
1215 2159 1424 2229 χειμὼν
1453 2160 1640 2227 ἐτερος
1656 2159 1921 2229 διεδέχετο

232 2246 333 2301 τοῦ
363 2246 630 2319 προτέρου
655 2247 751 2316 οὑχ
772 2247 970 2316 ἥττων,
1020 2247 1117 2317 τὴν
1164 2246 1365 2319 πολλὴν
1405 2248 1641 2323 ἐρημίαν
1684 2246 1917 2318 ὁρῶντα,

235 2333 334 2387 καὶ
358 2334 450 2386 τὸν
479 2332 652 2402 βίαιον
703 2332 930 2386 θάνατον
959 2335 1184 2396 ἐκεῖνον,
1234 2335 1328 2388 καὶ
1370 2334 1480 2387 τῶν
1526 2332 1921 2406 ἀναιρεθέντων

232 2421 308 2475 τὰ
335 2420 563 2492 σώματα
593 2423 656 2490 τῇ
685 2421 789 2474 ίλύῖ
818 2421 1140 2491 πεφυρμένα
1168 2424 1261 2475 καὶ
1292 2421 1369 2493 τῷ
1399 2421 1576 2494 πηλῷ,
1596 2425 1688 2476 καὶ
1714 2421 1921 2485 πάντας

233 2509 377 2580 ὁμοῦ
406 2508 722 2581 ἀνθρώπους
745 2526 804 2561 τε
836 2510 932 2562 καὶ
963 2509 1118 2573 ὅνους
1155 2511 1251 2564 καὶ
1277 2510 1347 2564 τὰ
1382 2510 1589 2563 τούτων
1625 2510 1921 2582 ἀτιμότερα

233 2598 371 2668 γένη
419 2600 518 2670 μιᾷ
563 2600 629 2669 τῇ
688 2597 1025 2668 ἐλεεινοτάτῃ
1064 2598 1485 2670 καταχωσθέντα
1531 2602 1697 2670 ταφῇ.
1732 2601 1920 2674 Είγὰρ

232 2689 336 2743 καὶ
369 2689 573 2758 σφόδρα
604 2688 918 2759 ἁμαρτωλοὶ
946 2692 994 2741 οἰ
1031 2690 1203 2745 ταῦτα
1237 2691 1564 2755 πεπονθότες
1610 2687 1771 2762 ἦσαν,
1805 2691 1919 2745 ἀλλ’

234 2777 393 2846 ὅμως
419 2775 704 2848 ἅνθρωπος
742 2772 811 2847 ἦν
842 2779 871 2830 6
899 2778 1051 2841 Νῶε,
1093 2779 1185 2832 καί¹
1216 2778 1420 2849 ἔπασχέ
1448 2796 1498 2831 τι
1532 2778 1669 2850 πρὸς
1699 2778 1760 2832 τὸ
1792 2779 1921 2850 ὀμό-

233 2864 427 2933 φυλον.
458 2865 567 2917 Καὶ
604 2866 713 2937 γὰρ
740 2868 768 2918 ὁ
795 2866 1054 2937 Ἴεζεκιὴλ
1074 2868 1281 2930 δίκαιος
1312 2867 1409 2929 ῶν,
1434 2868 1529 2921 καὶ
1556 2868 1681 2930 τοὺς
1714 2869 1923 2938 Ἰσραη-

233 2950 396 3015 λίτας
446 2951 677 3022 μάλιστα
710 2954 926 3007 πάντων
970 2956 1368 3032 πονηροτάτους
1402 2955 1577 3019 εἰδὼς,
1634 2956 1721 3009 ὅτε
1751 2973 1914 3008 κατα-

239 3039 647 3110 σφαττομένους
693 3036 799 3093 εἶδε
850 3041 944 3094 καὶ
993 3043 1452 3105 καταπίπτοντας,
1476 3041 1632 3094 τοῦτο
1658 3042 1719 3094 τὸ
1746 3043 1922 3096 κοινὸν

237 3126 415 3181 ἔπαθε
448 3127 543 3180 καὶ
582 3127 869 3198 ἐδάκρυσε·
910 3130 1087 3183 καίτοι
1125 3129 1212 3183 διὰ
1242 3128 1398 3183 τοῦτο
1429 3129 1715 3200 προλαϐὼν
1738 3133 1766 3184 ό
1791 3131 1922 3195 Θεὸς

237 3214 463 3268 ἃπασαν
495 3214 642 3284 αὑτῷ
662 3214 762 3284 τὴν
792 3215 1045 3269 ἀσέϐειαν
1073 3215 1253 3271 αὑτῶν
1274 3215 1594 3286 ἐξεκάλυψε,
1623 3217 1716 3270 καὶ
1740 3217 1922 3281 αὑτοῖς

238 3301 541 3373 ὀφθαλμοῖς
588 3303 760 3372 αὑτὴν
812 3305 1145 3358 ἐποπτεῦσαι
1176 3304 1610 3377 παρεσκεύασεν,
1674 3305 1735 3357 ἵν’
1792 3306 1921 3360 ὅταν

236 3391 443 3454 αὐτοὺς
495 3391 894 3463 κολαζομένους
941 3392 1046 3465 ἰδῃ,
1097 3388 1359 3462 γενναίως
1398 3394 1601 3467 ἐνέγκῃ
1639 3393 1738 3466 τήν
1786 3412 1920 3464 συμο

239 3472 439 3551 φδράν.
482 3478 622 3533 Ἀλλ’
649 3480 800 3550 ὅμως
852 3480 945 3534 καί⁵
990 3481 1257 3554 τοσαύτης
1298 3481 1652 3553 παραμυθίας
1705 3500 1922 3555 προπα-

242 3565 717 3636 ρασκευασθείσης
741 3567 911 3638 αὑτῷ,
963 3567 1059 3621 καὶ
1104 3568 1277 3632 οὑτως
1300 3568 1583 3640 ἠλέγχετο,
1617 3568 1710 3622 καὶ
1740 3568 1923 3623 πεσὼν

238 3653 374 3707 ἐϐόα
422 3652 615 3722 λέγων·
650 3655 836 3725 Οἷμοι,
890 3654 1090 3725 Κύριε,
1126 3656 1464 3726 ἐξαλείφεις
1513 3657 1596 3711 σὺ
1634 3657 1701 3711 τὸ
1745 3656 1924 3712 κατά-

238 3745 464 3796 λοιπον
489 3741 596 3795 τοῦ
639 3742 877 3813 Ἰσραήλ
900 3762 919 3810 ;
947 3745 1059 3815 Οὐχ
1089 3744 1237 3811 ἆπαξ
1264 3746 1321 3799 δέ
1354 3745 1509 3800 τοῦτο
1537 3745 1704 3800 ἔπαθε
1736 3749 1918 3817 μόνον,

242 3829 382 3883 ἀλλὰ
405 3829 501 3882 καὶ
523 3829 684 3883 πάλιν
726 3831 816 3885 ὅτε
868 3832 958 3885 τὸν
1001 3833 1258 3903 Ἰεχονίαν
1312 3828 1451 3888 εἶδεν
1504 3835 1918 3906 ἀναιρούμενον.

240 3916 410 3969 Ὥστε
435 3918 529 3971 καὶ
558 3920 588 3971 6
616 3917 740 3972 Νῶε
763 3922 810 3973 εί
835 3922 931 3974 καὶ
959 3922 1130 3994 μυρία
1157 3922 1339 3986 αὑτοῖς
1382 3921 1598 3992 συνῄδει
1627 3923 1790 3986 κακὰ,
1820 3922 1922 3975 οὐκ

242 3999 310 4074 ἦν
336 4002 461 4057 οὔτε
489 4004 699 4069 τούτου,
726 4005 850 4059 οὔτε
910 4008 1004 4060 τοῦ
1067 4008 1314 4071 Μωσέως
1367 4008 1757 4080 ἀνδρειότερος.
1810 4009 1921 4062 Καὶ

244 4092 355 4164 γὰρ
383 4094 480 4146 καὶ
529 4092 735 4157 ἐκεῖνος
773 4095 840 4148 τὰ
870 4094 1009 4148 αὑτὰ
1061 4095 1211 4168 [I87]
1249 4094 1327 4166 τῷ
1357 4098 1608 4167 προφήτῃ
1662 4094 1921 4159 πολλάκις

244 4179 433 4244 ἐπαθε,
462 4182 557 4233 καὶ
597 4183 1006 4253 ἁμαρτάνοντας
1044 4183 1207 4255 όρῶν,
1245 4184 1334 4237 ὅτε
1388 4183 1748 4254 τιμωρεῖσθαι
1793 4183 1920 4246 ἔδει,

246 4269 420 4339 ῆλγει,
453 4269 548 4323 καὶ
586 4271 784 4340 μᾶλλον
815 4271 845 4310 1)
867 4271 1109 4324 ὠδυνᾶτο
1152 4270 1259 4324 τῶν
1307 4271 1685 4342 κολαζομένων
1719 4270 1919 4325 αὐτῶν.

256 4359 380 4411 Ἐπὶ
409 4358 465 4411 δὲ
486 4358 578 4411 τοῦ
602 4358 723 4411 Νῶε
759 4359 851 4413 καὶ
880 4361 913 4430 ή
949 4358 1204 4429 συμφορά
1243 4358 1601 4431 χαλεπωτέρα
1636 4354 1728 4430 ἦν·
1764 4360 1922 4430 μόνος

251 4446 355 4519 γὰρ
380 4449 587 4510 ἐκεῖνος
634 4447 872 4511 τοιοῦτος
901 4448 1116 4514 ἐγένετο
1146 4428 1392 4509 θάνατος.
1428 4448 1470 4499 Τ
1474 4446 1717 4510 οσούτοις
1744 4447 1922 4501 τοίνυν

245 4534 592 4604 συνεχομένῳ
633 4537 844 4597 κακοῖς,
877 4537 942 4605 τῇ
998 4534 1257 4605 μονώσει,
1279 4537 1344 4602 τῇ
1376 4533 1513 4605 πρὸς
1554 4533 1617 4587 τὸ
1651 4533 1921 4605 ὁμόφυλον

244 4622 581 4693 συμπαθείᾳ,
610 4623 687 4693 τῷ
718 4622 911 4693 πλήθει
939 4623 1047 4675 τῶν
1079 4602 1462 4682 ἀπολῶλότων,
1497 4623 1576 4695 τῷ
1607 4624 1795 4695 τρόπῳ
1824 4625 1920 4695 τῆς

241 4710 523 4781 τελευτῆς,
578 4713 644 4782 τῇ
675 4711 775 4781 τῆς
800 4711 903 4780 γῆς
943 4711 1166 4781 ἐρημίᾳ,
1203 4711 1296 4764 καὶ
1335 4711 1599 4764 πάντοθεν
1646 4711 1795 4781 αὑτῴ
1823 4712 1922 4783 τῆς

243 4799 486 4870 ἀθυμίας
509 4799 805 4870 αἰρομένης
829 4799 922 4851 καὶ
950 4797 1305 4869 ἀκμαζούσης
1340 4799 1606 4871 σφοδρῶς,
1623 4798 1922 4853 ἐπιτίθεται

242 4887 447 4950 εὐθέως
474 4890 567 4941 καὶ
595 4890 629 4958 ή
664 4887 755 4941 τοῦ
780 4888 967 4951 παιδὸς
1002 4887 1179 4959 ὕϐρις,
1212 4889 1445 4959 πρᾶγμα
1488 4889 1792 4961 ἀφόρητον,
1827 4887 1922 4940 καί⁵

241 4975 446 5044 πολλῆς
476 4976 574 5045 μὲν
606 4974 888 5046 αἰσχύνης,
925 4975 1126 5045 πολλῆς
1157 4974 1214 5028 δέ
1264 4975 1432 5045 γέμον
1482 4972 1690 5044 ὀδύνης.
1723 4984 1746 5014 ο
1773 4975 1922 5044 Ὄσῳ

241 5061 354 5135 γὰρ
375 5062 485 5116 τῶν
504 5063 608 5116 ὑπὸ
633 5063 740 5117 τῶν
780 5063 989 5134 ἐχθρῶν
1017 5063 1087 5117 τὰ
1113 5061 1265 5134 παρά
1289 5061 1397 5116 τῶν
1429 5062 1598 5133 φίλων
1619 5062 1795 5133 ὀνείδη
1824 5060 1920 5132 βα-

245 5148 471 5221 ρύτερα,
488 5150 727 5221 τοσούτῳ
751 5151 956 5205 τούτων
977 5151 1155 5205 αὑτῶν
1180 5151 1250 5205 τὰ
1284 5151 1436 5221 παρά
1473 5151 1581 5204 τῶν
1608 5149 1813 5203 παίδων
1840 5149 1920 5201 ἔτι

246 5235 447 5304 μᾶλλον
472 5237 864 5309 ἀφορητότερα.
889 5237 1057 5291 Ὅταν
1083 5237 1191 5307 γὰρ
1225 5235 1284 5290 ὃν
1326 5236 1633 5305 ἐγέννησεν,
1663 5235 1722 5287 ὃν
1769 5233 1923 5303 ἔθρε-

240 5323 364 5393 ψεν,
391 5323 451 5377 δν
483 5323 824 5388 ἐπαίδευσεν,
845 5325 984 5396 ὑπὲρ
1001 5318 1060 5377 οὗ
1097 5322 1323 5385 πολλοὺς
1348 5323 1581 5392 μόχθους
1607 5321 1703 5373 καὶ
1727 5320 1922 5382 πόνους

243 5412 338 5468 καὶ
368 5412 654 5486 φροντίδας
681 5412 955 5483 ἠνέσχετο,
981 5412 1169 5467 τοῦτον
1192 5412 1446 5467 ἁπάντων
1467 5407 1923 5482 ὑϐριστικώτερον

304 5659 337 5693 ³
362 5659 446 5708 Sic
467 5655 618 5708 Savil.
644 5664 696 5707 el
714 5655 850 5706 Colb.
888 5656 1059 5705 Morel.
1085 5668 1201 5704 vero
1219 5655 1486 5718 ἀνεφέρετο.

308 5719 505 5801 ξιςρηῆ
524 5720 648 5778 ἠλέει
680 5720 761 5767 καὶ
786 5721 980 5781 μᾶλλον,
1008 5718 1164 5767 Savil.
1196 5713 1477 5775 ἐδει,’ἠλέει,
1494 5716 1574 5764 καὶ
1597 5715 1774 5777 μᾶλλον
1790 5713 1923 5777 ἤλγει

243 5784 326 5833 καὶ
349 5783 588 5831 ὠδυνᾶτο.

308 5845 334 5877 ε
368 5843 618 5895 Nonnulla
636 5855 686 5892 ιιι
708 5839 1033 5906 sequentibus
1055 5854 1083 5893 ο
1106 5840 1289 5893 Βαγίιὶο
1307 5839 1595 5893 addidimus.
1623 5838 1760 5890 Em.

1133 372 1226 427 AD
1264 369 1655 428 STAGIRIUM'
1685 369 1730 423 A
1770 364 2091 424 DJEMONE'
2124 364 2482 422 VEXATUM.
2526 365 2654 421 LIB.
2695 366 2761 423 Ιῐ.

2028 480 2179 552 αὑτῷ
2225 483 2563 554 κεχρημένον
2601 483 2710 556 ἴδῃ,
2747 484 2871 538 οὑδέ
2916 486 3161 555 ἐνεγκεῖν
3214 485 3274 539 τὸ
3326 486 3460 541 πολὺ
3510 487 3704 566 πένθος

2025 577 2312 652 δυνήσεται
2344 582 2443 653 τῆς
2475 582 2652 654 ψυχῆς
2676 586 2704 638 6
2734 583 2895 637 τοῦτο
2922 583 3129 640 παθών.
3170 584 3234 638 Ἢ
3264 583 3373 656 γὰρ
3406 584 3563 657 ὓϐρις
3590 589 3704 651 τοῖς

2025 677 2330 751 ἐλευθέροις
2359 683 2453 735 καὶ
2486 682 2606 736 καθ’
2638 682 2836 754 ἐαυτὴν
2863 683 2961 754 μὲν
2987 682 3133 736 ἐστιν
3161 682 3453 753 ἀφόρητος,
3488 683 3615 737 ὅταν
3644 683 3704 741 δέ

2023 773 2116 826 καὶ
2161 774 2313 847 παρά
2341 773 2449 828 τῶν
2482 776 2686 832 παίδων
2710 777 2947 848 γίνηται.
2980 777 3084 832 κᾶν
3114 780 3194 841 είς
3224 777 3478 831 ἔκστασιν
3507 778 3706 847 ἀγάγοι

2024 866 2115 921 τὸν
2168 868 2471 940 πάσχοντα·
2511 868 2660 923 οὕτω
2716 869 2993 943 βαρυτάτη
3037 869 3184 923 ἐστίν
3217 868 3265 924 ἀ.
3298 870 3368 922 Σὺ
3408 868 3478 924 δέ’
3502 887 3591 939 μοι
3629 868 3702 943 μὴ

2026 959 2186 1031 μόνον
2219 963 2396 1015 ἐκεῖνο
2440 959 2502 1015 τὸ
2548 961 2803 1033 τόλμημα
2854 964 3046 1029 ἐννόει,
3074 962 3211 1018 ἀλλὰ
3251 964 3342 1018 καὶ
3374 965 3482 1019 ἀπὸ
3513 965 3702 1019 τούτου

2026 1056 2286 1127 μάνθανε,
2342 1059 2461 1124 πῶς
2498 1057 2646 1130 αὑτῷ
2669 1059 2763 1113 καὶ
2794 1057 2884 1112 τὸν
2924 1057 3234 1128 ἔμπροσθεν
3267 1057 3458 1129 χρόνον
3487 1057 3701 1112 ἅπαντα

2020 1150 2224 1229 ἐχρῆτο
2252 1142 2406 1216 οὗτος
2426 1153 2455 1205 6
2481 1151 2764 1224 ὑϐριστής.
2803 1152 2860 1205 '0
2879 1150 2988 1223 γὰρ
3010 1151 3068 1204 ἐν
3099 1150 3288 1222 χερσὶν
3321 1150 3401 1203 ἔτι
3429 1150 3520 1202 τὸν
3540 1150 3704 1219 φόϐον

2022 1247 2131 1301 τῶν
2161 1250 2543 1321 γεγενημένων
2570 1249 2731 1320 ἔχων,
2786 1251 2880 1303 καὶ
2911 1251 3036 1321 ἄρτι
3088 1254 3188 1322 τῆς
3235 1250 3458 1320 εἱρκτῆς
3488 1251 3702 1318 ἐκείνης

2023 1339 2392 1409 ἀπαλλαγεὶς,
2450 1342 2542 1394 καὶ
2607 1342 2708 1412 τῆς
2761 1341 3082 1412 οἰκουμένης
3130 1341 3228 1406 τὰς
3287 1343 3572 1415 συμφορὰς
3624 1342 3703 1395 ἔτι

2024 1428 2263 1503 θεωρῶν,
2297 1433 2393 1486 καῖ⁹
2421 1432 2558 1504 μηδὲ
2587 1431 2729 1486 οὑτω
2784 1433 3196 1503 σωφρονισθείς,
3233 1434 3346 1488 ἀλλ’
3373 1436 3603 1506 ὑϐρίσας
3624 1439 3704 1500 είς

2020 1524 2079 1578 ὂν
2115 1526 2319 1596 ἥκιστα
2371 1526 2587 1580 πάντων
2630 1526 2817 1598 ἐχρῆν,
2862 1516 2963 1580 καῖ
3010 1526 3145 1598 μηδέ
3192 1526 3269 1596 τῷ
3332 1525 3548 1598 θανάτῳ
3593 1527 3702 1580 τῶν

2021 1622 2254 1687 πολλῶν,
2284 1622 2508 1696 μηδέτῇ
2534 1624 2759 1696 ἐρημίᾳ,
2812 1625 2948 1696 μηδέ
2987 1627 3053 1695 τῇ
3083 1624 3219 1695 όργῇ
3251 1623 3341 1677 τοῦ
3379 1624 3536 1688 Θεοῦ,
3569 1624 3703 1695 μηδέ

2015 1712 2165 1786 ἄλλῳ
2193 1715 2299 1769 τινὶ
2345 1716 2454 1770 τῶν
2481 1716 2603 1769 τότε
2654 1716 3077 1789 συμϐεϐηκότων
3124 1716 3347 1788 βελτίων
3392 1718 3701 1789 γενόμενος,

2021 1812 2103 1876 τίς
2134 1807 2203 1885 ἦν
2229 1814 2332 1885 πρὸ
2359 1813 2452 1868 τοῦ
2482 1812 2895 1884 κατακλυσμοῦ,
2929 1815 3018 1868 ὅτε
3051 1814 3144 1868 καὶ
3174 1814 3403 1878 πολλοὺς
3428 1809 3542 1886 εἶχε
3575 1815 3703 1880 τοὺς

2022 1910 2475 1980 παρακαλοῦντας
2508 1911 2602 1966 ἐπὶ
2628 1911 2727 1983 τὴν
2766 1911 2964 1967 κακίαν
3009 1911 3206 1975 αὑτόν;
3253 1912 3387 1966 Τότε
3421 1912 3551 1984 γὰρ,
3581 1916 3703 1969 τότε

2022 1998 2399 2074 χαλεπώτερον
2427 1999 2715 2056 κλυδώνιον
2773 2002 3060 2074 ὑπέμεινεν
3080 2003 3107 2056 6
3136 2001 3342 2066 δίκαιος
3371 2004 3579 2067 ἐκεῖνος
3607 2002 3701 2056 τοῦ

2024 2096 2164 2168 μετά
2210 2098 2382 2152 ταῦτα
2425 2098 2520 2155 ἐπὶ
2573 2098 2669 2152 τοῦ
2722 2098 3110 2169 κατακλυσμοῦ
3153 2099 3447 2169 γενομένου
3479 2099 3573 2152 καὶ
3614 2098 3703 2153 διὰ

2021 2193 2227 2259 τοῦτον,
2266 2194 2359 2250 καὶ
2384 2195 2471 2249 διὰ
2501 2196 2626 2260 τοὺς
2655 2196 2847 2260 ἄλλους
2880 2195 3144 2261 ἅπαντας.
3180 2194 3305 2249 Ἐπὶ
3335 2195 3434 2266 μέν
3459 2195 3569 2267 γὰρ
3607 2196 3701 2250 τοῦ
3777 2215 3790 2233 ο

2022 2293 2410 2364 κατακλυσμοῦ
2466 2293 2668 2365 πλῆθος
2727 2294 2934 2348 ὑδάτων
2988 2295 3151 2348 αὑτὸν
3213 2296 3456 2365 περιεῖχε
3520 2295 3701 2365 μόνον,

2024 2391 2129 2461 πρὸ
2173 2390 2228 2443 δέ
2278 2391 2466 2444 τούτου
2502 2392 2699 2455 κακίας
2736 2391 2960 2462 ἁϐύσσῳ
2995 2391 3257 2445 πάντοθεν
3288 2391 3582 2461 συνείχετο,
3608 2392 3704 2445 καὶ

2021 2489 2130 2541 τῶν
2160 2489 2419 2559 κυμάτων
2444 2489 2594 2561 αὑτῷ
2627 2490 2984 2561 σφοδρότερον
3034 2492 3088 2543 αἰ
3132 2488 3242 2543 τῶν
3300 2489 3553 2562 πονηρῶν
3605 2494 3704 2543 ἀν·-

2020 2586 2163 2657 δρῶν
2192 2564 2505 2641 ’ἐπιϐουλαὶ
2536 2590 3030 2660 προσεῤῥήγνυντο.
3072 2587 3248 2650 Μόνος
3276 2586 3383 2658 γὰρ
3418 2589 3497 2650 εἰς
3520 2586 3708 2641 τοσοῦ-

2020 2700 2111 2738 τον
2143 2683 2346 2755 πλῆθος
2373 2684 2721 2754 ἀπολειφθεὶς
2748 2662 2955 2755 ἀνδρῶν
2986 2684 3318 2755 παρανόμων
3349 2685 3440 2737 καὶ
3469 2685 3702 2756 μιαρῶν,

2022 2783 2071 2835 εί
2119 2783 2213 2837 καὶ
2278 2783 2443 2853 μηδὲν
2492 2783 2698 2852 ἔπασχε
2748 2781 2917 2835 δεινὸν
2940 2823 2956 2848 ,
3013 2781 3127 2835 ἀλλ’
3180 2782 3331 2852 ὅμως
3380 2782 3549 2837 πολὺν
3614 2780 3706 2839 τον

2021 2875 2235 2944 γέλωτα
2284 2877 2380 2929 καὶ
2430 2875 2599 2930 πολλὰ
2652 2875 2722 2928 τά
2780 2873 3090 2946 σκώμματα
3134 2874 3348 2946 ἔφερεν,
3407 2877 3455 2929 εί
3505 2876 3598 2929 καὶ
3629 2878 3706 2947 μὴ

2023 2967 2308 3039 πρότερον,
2338 2967 2453 3021 ἀλλ’
2474 2969 2563 3021 ὅτε
2591 2986 2656 3021 πε
2667 2968 2720 3038 ρὶ
2748 2967 2850 3037 τῆς
2872 2966 3106 3021 κιϐωτοῦ
3140 2969 3234 3021 καὶ
3254 2967 3377 3021 τῶν
3399 2966 3707 3038 μελλουσῶν

2022 3066 2207 3129 αὑτοῖς
2230 3067 2499 3134 διελέγετο
2539 3064 2857 3137 συμφορῶν.
2914 3065 3085 3118 Τοῦτο
3139 3067 3196 3119 δέ
3229 3067 3362 3136 ὅσην
3397 3066 3509 3136 ἔχει
3544 3064 3708 3119 δύνα-

2026 3175 2119 3229 μιν
2144 3159 2281 3231 πρὸς
2305 3159 2367 3212 τὸ
2397 3159 2629 3231 ταράξαι
2647 3157 2845 3230 ψυχὴν,
2873 3160 3273 3230 μαρτυρήσειεν
3301 3158 3368 3213 ἂν
3397 3161 3528 3229 ἡμῖν
3568 3161 3597 3213 6
3642 3162 3708 3214 ἐκ

2025 3254 2228 3320 κοιλίας
2248 3255 2549 3325 άγιασθεὶς,
2569 3258 2596 3317 ό
2619 3255 2705 3309 διὰ
2724 3255 2882 3309 τοῦτο
2906 3255 3002 3308 καὶ
3024 3254 3122 3325 τῆς
3142 3254 3478 3327 προφητείας
3498 3253 3707 3325 μέλλων

2023 3355 2373 3426 ἀφίστασθαι.
2403 3355 2591 3409 Εἶπον
2621 3353 2790 3425 εγάρ,
2842 3354 3027 3423 φησὶν,
3059 3355 3140 3407 Οὐ
3166 3352 3250 3422 μὴ
3282 3353 3702 3422 προφητεύσω.

2023 3456 2207 3526 Χωρὶς
2236 3454 2293 3509 δὲ
2324 3454 2528 3508 τούτων
2553 3452 2685 3506 αὑτδ
2721 3434 2881 3523 μόνον
2907 3451 2976 3523 τὸ.
3009 3450 3211 3523 μηδένα
3249 3450 3541 3523 ὁμόψυχον,
3569 3450 3706 3522 μηδέ

2023 3558 2324 3630 ὁμότροπον
2339 3556 2505 3628 ἔχειν,
2524 3556 2699 3627 πόσην
2721 3554 2934 3625 ἀηδίαν,
2964 3553 3138 3624 πόσην
3166 3552 3315 3625 αὑτῷ
3336 3551 3705 3618 κατεσκεύαζε

2023 3652 2121 3723 τὴν
2178 3651 2446 3722 ἀθυμίαν;
2499 3650 2577 3704 Οὑ
2623 3649 2782 3703 τοῦτο
2809 3649 2864 3702 δέ
2898 3647 3074 3718 μόνον,
3100 3646 3234 3701 ἀλλά
3262 3648 3357 3700 καὶ
3388 3645 3466 3718 τῷ
3507 3646 3704 3700 συναλ-

2023 3747 2140 3814 γεῖν
2194 3743 2378 3807 αὑτοῖς
2408 3741 2577 3814 μυρία
2605 3740 2808 3812 ἔπασχε
2834 3740 3003 3795 δεινά.
3040 3739 3114 3793 Οὑ
3164 3739 3269 3812 γάρ
3303 3740 3473 3812 δήπου
3520 3739 3709 3794 τελευ-

2022 3836 2233 3902 τῶντας
2257 3837 2417 3909 μόνον
2442 3834 2736 3908 ἐνορῶντες
2771 3833 2945 3898 οὑτως
2979 3832 3236 3902 ἀλγοῦσιν
3262 3832 3411 3905 [188]
3434 3835 3482 3887 οί
3508 3832 3707 3888 δίκαιοι

2023 3932 2149 3995 τοὺς
2185 3931 2473 4002 πονηροὺς,
2516 3928 2930 4001 ἁμαρτάνοντας
2964 3926 3020 3979 δέ
3079 3926 3180 3979 οὑκ
3227 3926 3329 3990 ἔτι,
3362 3924 3499 3980 ἀλλὰ
3528 3927 3709 3997 πολλῷ

2029 4025 2227 4095 μᾶλλον
2263 4024 2439 4095 τούτῳ
2493 4023 2802 4083 δάκνονται.
2842 4022 2875 4092 ἢ
2932 4020 3145 4092 ἐκείνῳ·
3182 4020 3279 4074 καὶ
3318 4018 3478 4074 τοῦτο
3510 4019 3567 4072 δέ
3600 4020 3709 4074 ἀπὸ

2025 4120 2133 4173 τῶν
2184 4120 2477 4192 προφητῶν
2499 4119 2565 4174 ἄν
2585 4137 2670 4183 τις
2722 4115 2885 4189 μάθοι
2924 4115 3123 4179 καλῶς.
3177 4116 3237 4169 'O
3272 4114 3370 4186 μὲν
3422 4114 3530 4186 γὰρ
3579 4113 3710 4168 ἐϐόα

2027 4218 2242 4291 πικρόψ
2278 4218 2476 4287 Οἵμοι,
2526 4216 2722 4286 ψυχὴ,
2777 4216 2867 4270 ὅτι
2916 4215 3235 4269 ἀπόλωλεν
3278 4210 3543 4280 εὐλαϐὴς
3588 4211 3709 4265 ἀπὸ

2025 4312 2137 4381 τῆς
2186 4314 2321 4383 τῆς,
2344 4313 2441 4368 καὶ
2479 4317 2512 4368 ὁ
2557 4311 2864 4380 κατορθῶν
2908 4311 2979 4364 ἐν
3016 4309 3351 4377 ἀνθρώποις
3380 4311 3493 4379 οὐχ
3516 4309 3707 4378 ὑπάρ-

2023 4424 2134 4477 χει.
2154 4408 2382 4480 ’Έτερος
2410 4406 2467 4460 δέ
2494 4405 2648 4472 ἔλεγε
2683 4405 2822 4475 πρὸς
2842 4403 2933 4456 τὸν
2958 4402 3111 4455 Θεόν·
3145 4402 3328 4455 Ἰνατί
3352 4419 3454 4471 μοι
3472 4399 3708 4465 ἔδειξας

2025 4508 2252 4573 κόπους
2287 4506 2387 4559 καὶ
2415 4505 2643 4569 πόνους
2674 4500 3055 4564 ἐπιϐλέπειη
3101 4501 3214 4555 Καὶ
3268 4500 3405 4569 ὑπέρ
3445 4498 3553 4552 τῶν
3587 4499 3707 4552 ἁδι-

2024 4624 2120 4660 κου
2128 4605 2302 4677 μένων
2318 4604 2374 4658 δέ
2392 4603 2597 4675 σφόδρα
2609 4602 2965 4673 κοπτόμενος,
2983 4600 3202 4673 ἐθρήνει
3216 4599 3411 4668 λέγων·
3426 4597 3709 4665 Ποιήσεις

2022 4707 2165 4772 τοὺς
2191 4704 2542 4774 ἀνθρώπους
2571 4704 2652 4770 ὡς
2679 4702 2822 4769 τοὺς
2863 4703 3073 4771 ἰχθύας
3103 4701 3215 4771 τῆς
3251 4699 3573 4769 θαλάσσης
3596 4703 3708 4757 οὐκ

2023 4801 2277 4871 ἔχοντας
2313 4800 2674 4868 ἡγούμενον.
2734 4797 2797 4849 Εἰ
2844 4796 2901 4850 δὲ
2950 4796 3071 4850 τότε
3122 4794 3298 4850 ταῦτα
3335 4794 3568 4863 ἐγίνετο,
3612 4794 3707 4849 καὶ

2022 4898 2201 4967 νόμων
2252 4895 2423 4950 ὄντων
2446 4935 2461 4960 ,
2517 4897 2612 4951 καὶ
2668 4895 2947 4966 ἀρχόντων
2968 4935 2983 4959 ,
3018 4893 3113 4947 καὶ
3158 4892 3527 4965 δικαστηρίων
3546 4932 3562 4957 ,
3613 4893 3704 4946 καὶ

2026 4991 2234 5056 ἱερέων,
2286 4989 2379 5042 καὶ
2431 4987 2755 5060 προφητῶν,
2811 4988 2904 5041 καὶ
2941 4986 3235 5052 κολάσεων,
3279 4984 3540 5056 ἐννόησον
3588 4983 3704 5055 μεθ’

2022 5086 2155 5156 ὅσης
2184 5081 2490 5153 ὑπερϐολῆς
2513 5080 2731 5135 ἅπαντα
2750 5078 3016 5148 ἐτολμᾶτο
3045 5076 3140 5130 ἐπὶ
3164 5077 3258 5133 τοῦ
3290 5075 3548 5141 Νῶε,ὄτε
3582 5073 3708 5127 τού»

2022 5194 2131 5230 των
2158 5174 2311 5229 οὐδὲν
2343 5175 2593 5243 κατεῖχεν
2613 5169 2830 5235 αὑτούς.
2872 5171 2983 5224 Καὶ
3016 5170 3111 5224 ἐπὶ
3137 5168 3237 5240 μὲν
3270 5167 3381 5222 τῶν
3410 5165 3708 5239 προφητῶν

2021 5269 2143 5324 οὑδέ
2171 5268 2338 5333 πολὺς
2361 5267 2506 5338 ότῆς
2535 5266 2682 5335 ζωῆς
2714 5264 2906 5337 χρόνος
2935 5258 3025 5334 ἦν,
3060 5262 3176 5317 ἀλλ’
3203 5261 3575 5332 ἐϐδομήκοντα
3610 5257 3705 5328 ἐτη

2023 5368 2119 5420 καὶ
2140 5366 2491 5437 ὀγδοήκοντα·
2508 5364 2631 5418 τότε
2652 5362 2708 5417 δὲ
2733 5362 2827 5418 καὶ
2860 5363 2940 5426 εἰς
2960 5360 3217 5426 ἑξακόσια
3244 5359 3338 5432 ἔτη
3363 5357 3457 5413 καὶ
3483 5356 3703 5409 πλείονα

2022 5462 2051 5515 6
2074 5461 2183 5517 τῶν
2203 5461 2299 5515 ἀνθ
2309 5463 2504 5533 ρώπων
2527 5458 2760 5516 ἐτείνετο
2775 5459 2908 5529 βίος.
2930 5457 3027 5512 "lv’
3041 5453 3135 5511 οὖν
3155 5456 3331 5511 πάντα
3350 5452 3419 5507 τὰ
3440 5448 3705 5523 εἰρημένα

2086 5712 2114 5779 Α
2147 5714 2280 5779 Haec,
2302 5716 2429 5779 οὑτω
2452 5714 2688 5779 βαρυτάτη
2710 5712 2854 5779 ἐστίν,
2874 5713 3055 5779 desunt
3077 5717 3126 5779 in
3148 5712 3282 5779 Γοίἰ).
3309 5716 3359 5779 ξι
3384 5712 3430 5759 in
3453 5715 3591 5761 textu
3616 5710 3708 5763 3&-

2025 5777 2136 5833 vi|.,
2166 5778 2255 5839 sed
2275 5775 2599 5839 habepl’u‘r'inm
2618 5775 2788 5839 Morti.
2821 5776 2943 5839 el_in
2960 5778 3183 5839 margine
3210 5776 3361 5825 Savil.

2097 5842 2121 5870 ε
2156 5838 2304 5889 Savll.
2325 5844 2378 5888 ει
2396 5836 2532 5890 Colb.
2559 5837 2709 5889 εἶπον.
2737 5835 2907 5886 Morel.
2937 5836 3053 5885 εἷπι.
