4060 6136
327 324 431 379 45Ἷ

321 442 505 513 παρῶ,
533 440 677 494 πόσα
713 438 1010 510 πράγματα
1054 435 1196 507 ἔχειν
1227 437 1590 507 ἠναγκάζετο,
1619 439 1760 493 οὕτω
1793 439 2008 511 μακρὰν

323 528 524 584 ὁδεύων
560 527 699 594 ὁδὸν,
728 528 824 580 καὶ
867 525 1002 597 μηδέ
1033 524 1225 596 μικρὸν
1259 527 1317 581 ἐν
1359 526 1595 597 τοσούτῳ
1627 528 1794 598 μήκει
1828 544 2008 599 παρα-

324 617 602 688 τραπῆναι
637 612 977 678 σπουδάζων,
1025 611 1237 666 πολλῶν
1281 616 1338 667 ἐν
1376 613 1455 686 τῷ
1503 615 1706 685 μεταξύ
1752 616 2010 687 κωλυμά-

326 721 436 758 των
457 703 664 768 δντων;
695 701 804 755 Καὶ
837 701 888 754 τί
921 700 1064 770 λέγω
1094 701 1324 766 πολλῶν,
1359 704 1539 773 πάσης
1587 705 1684 773 μὲν
1713 701 1804 758 οῦν
1837 704 2010 759 διόλου

327 791 586 861 τοιαύτης
641 787 806 858 οὔσης
845 788 943 859 τῆς
968 788 1112 856 ὁδοῦ,
1153 791 1261 844 ἀπὸ
1313 790 1420 844 τῶν
1452 793 1739 864 τερμάτων
1771 794 1871 864 τῆς
1905 793 2010 862 γῆς

329 881 423 936 ἐπὶ
484 880 550 933 τὰ
605 878 853 949 τέρματα
904 879 1085 948 πάσης
1134 879 1414 933 σκοπέλων
1477 883 1571 934 καὶ
1618 881 1870 936 ἀκανθῶν
1918 885 2012 936 καὶ

331 969 536 1042 θηρίων
594 966 688 1022 καὶ
754 966 967 1037 αὐχμοῦ
1022 968 1114 1019 καὶ
1195 967 1386 1038 λοιμοῦ
1443 979 1468 1009 ι
1524 969 1620 1022 καὶ
1677 967 1887 1042 κρυμοῦ
1917 970 2013 1022 καὶ

332 1055 657 1128 κακούργων
707 1053 1172 1125 πεπληρωμένης;
1223 1056 1334 1108 Καὶ
1375 1057 1484 1128 γὰρ
1533 1057 1902 1130 εὐκολώτερον
1921 1074 2013 1111 τε-

331 1145 639 1217 τριμμένην
677 1143 918 1213 ἀτραπὸν
942 1145 998 1195 ἐν
1042 1143 1118 1213 τῷ
1146 1144 1431 1217 βαθυτάτῳ
1464 1146 1563 1216 τῆς
1594 1147 1784 1210 νυκτὸς
1811 1147 2014 1201 ὁδεύειν

333 1231 647 1297 διαπαντὸς,
700 1231 733 1302 ἦ
774 1232 870 1302 τήν
921 1231 1017 1302 τῆς
1052 1232 1254 1302 ἀρετῆς
1300 1233 1417 1287 666v
1479 1236 1599 1287 κατ’
1629 1234 1868 1297 ἐκείνους
1893 1237 2016 1299 τοὺς

335 1317 581 1390 καιρούς
635 1317 877 1370 τοσοῦτοι
931 1321 978 1371 οἱ
1034 1318 1102 1371 τὰ
1145 1319 1455 1394 διαδήματα
1489 1321 1654 1375 αὐτοῦ
1709 1320 2016 1392 βιαζόμενοι

335 1405 708 1478 παρατρέπειν
729 1401 887 1477 ἦσαν.
917 1406 1085 1460 Ὅταν
1139 1408 1247 1480 γὰρ
1286 1410 1488 1464 ἅπασιν
1523 1409 1665 1481 ἅπερ
1695 1410 1760 1464 ἂν
1793 1409 2016 1463 ἐθέλωσι

339 1498 598 1570 πράττειν
629 1496 745 1568 ἐξῇ.
801 1493 880 1561 εἷς
925 1497 981 1551 δὲ
1029 1500 1186 1569 μόνος
1221 1503 1250 1556 6
1285 1501 1382 1573 τὴν
1411 1503 1657 1557 ἐναντίαν
1693 1503 1872 1566 αὐτοῖς
1922 1503 2016 1574 βα-

337 1586 498 1651 δίζων
547 1583 602 1660 ᾗ,
640 1585 755 1649 πῶς
799 1586 1085 1670 δυνήσεται
1137 1589 1272 1661 πρὸς
1321 1591 1382 1644 τὸ
1422 1591 1574 1655 τέλος
1597 1589 1771 1644 ἐλθεῖν
1801 1591 2020 1645 πάντων

339 1673 624 1728 ὠθούντων
652 1673 827 1726 ὀπίσω
879 1675 972 1727 καὶ
1015 1676 1427 1746 ἀνακρουόντων
1463 1677 1658 1742 αὐτόνς
1709 1678 1882 1746 Ὅσην
1910 1677 2021 1748 γὰρ

341 1763 462 1834 ἔχει’
477 1762 765 1816 δυσκολίαν
813 1763 874 1814 τὸ
941 1761 1077 1832 μετὰ
1129 1762 1338 1816 πολλῶν
1365 1763 1522 1828 ὄντας
1574 1762 1890 1837 κατορθοῦν,
1929 1763 2023 1833 δη-

340 1852 524 1905 λοῦσιν
549 1851 600 1904 οί
632 1849 732 1912 τάς
785 1851 1020 1922 ἐρημίας
1075 1851 1464 1922 κατειληφότες
1518 1851 1636 1916 νῦν,
1681 1853 1768 1906 ὅτε
1827 1853 1890 1922 τῇ
1926 1850 2020 1903 τοῦ

342 1937 478 1992 Θεοῦ
509 1927 690 2008 χάριτι
729 1937 829 2008 τήν
857 1936 1088 2002 εὐζωῖαν
1129 1939 1406 2011 πανταχοῦ
1435 1939 1843 2012 διεσπαρμένην
1875 1939 2021 1993 ἔστιν

346 2028 492 2094 ἰδεῖν,
523 2027 610 2080 ὅτε
634 2029 728 2078 καὶ
750 2025 1002 2096 ὁμόνοιαν
1029 2027 1122 2080 καὶ
1153 2027 1534 2100 φιλοστοργίαν
1598 2029 1733 2098 πρὸς
1763 2027 2022 2098 ἀλλήλους

341 2118 403 2171 οὐ
449 2114 671 2185 μικράν.
711 2113 869 2168 Ἀλλά
909 2114 1022 2167 τότε
1052 2115 1254 2169 τούτων
1282 2116 1434 2169 οὐδὲν
1475 2111 1562 2188 ἦν,
1599 2115 1734 2169 ἀλλά
1792 2117 1886 2170 καὶ
1925 2115 2022 2187 θη-

345 2203 479 2275 ρίων
511 2199 843 2273 ἀγριώτερον
873 2201 1072 2265 πάντες
1099 2201 1360 2257 διέκειντο
1391 2203 1528 2276 πρὸς
1560 2203 1739 2256 αὐτόν.

417 2298 492 2357 ς’.
530 2289 595 2340 Τί
626 2285 718 2343 οῦν
747 2289 936 2344 τούτου
969 2291 1163 2358 γένοιτ’
1195 2291 1260 2345 ἂν
1285 2291 1670 2365 ὀδυνηρότερον
1695 2289 1786 2345 τοῦ
1819 2289 2026 2360 βίου;τί

344 2378 549 2450 ταύτης
597 2378 996 2450 μοχθηρότερον
1049 2378 1150 2449 τῆς
1204 2378 1385 2450 (tn-71;;
1441 2379 1582 2449 Ἐγὼ
1633 2380 1732 2452 μὲν
1775 2376 1868 2434 οὖν
1918 2380 2026 2434 τῶν

347 2466 792 2540 ἀχθοφορούντων
845 2465 1138 2530 διαπαντὸς
1197 2468 1292 2520 καὶ
1344 2468 1615 2540 μηδέποτε
1652 2467 2028 2524 ἀναπνεόντων

345 2556 762 2628 ἐπηγγειλάμην
807 2556 1002 2621 δείξειν
1034 2557 1199 2610 αὐτὸν
1225 2557 1380 2610 οὐδὲν
1409 2558 1630 2628 ἄμεινον
1663 2559 2024 2629 διακείμενον⁸

346 2642 375 2694 6
410 2640 468 2694 δέ
495 2641 652 2710 λόγος
683 2639 862 2712 πολλῷ
897 2641 1058 2694 πλέον
1087 2640 1362 2712 ἐποίησεν,
1388 2641 1448 2693 οὐ
1489 2641 1650 2712 μόνον
1691 2642 1840 2695 οὐδὲν
1869 2642 2030 2712 ἄμει-

347 2744 459 2793 νον,
491 2727 628 2782 ἀλλά
654 2729 749 2780 καὶ
775 2726 955 2797 πολλῷ
981 2725 1385 2798 φορτικώτερον
1416 2727 1640 2781 ἐκείνων
1667 2727 1860 2798 ἔχοντα
1894 2731 2032 2782 ἀπο-

351 2816 530 2885 φήνας
557 2816 711 2886 ήμῖν.
747 2816 907 2866 Δοκεῖ
937 2813 1036 2884 μὲν
1061 2808 1155 2866 οὖν
1182 2812 1396 2877 πολλοῖς
1424 2815 1452 2866 ὁ
1499 2813 1750 2886 Ἀϐραάμ
1776 2815 1835 2868 ἐν
1869 2815 2031 2868 εὐθυ-

353 2902 454 2974 μία
499 2901 591 2955 τὸν
635 2900 850 2956 ᾶπαντα
893 2899 1322 2956 διατετελεκέναι
1369 2901 1580 2974 χρόνον,
1615 2902 1737 2956 ὅθεν
1773 2903 1869 2956 καὶ
1906 2903 2032 2968 τοὺς

349 2989 758 3063 εὐημεροῦντας
783 2990 877 3044 καὶ
904 2989 1242 3060 πανταχόθεν
1269 2991 1556 3061 κομῶντας
1577 2989 1728 3060 αὐτῷ
1758 2991 2034 3063 παραϐάλ-

350 3081 462 3134 λειν
499 3079 740 3135 εἰώθασι.
790 3080 928 3151 Φέρε
982 3074 1078 3133 οὖν
1129 3079 1475 3149 ἐξετάσωμεν
1523 3077 1593 3132 τά
1647 3077 2034 3150 συμϐεϐηκότα

265 3202 268 3205 -
352 3167 523 3240 αὐτῷ.
568 3167 726 3238 Ἐμοὶ
781 3168 890 3238 γάρ
946 3159 1102 3228 οὗτος
1155 3166 1336 3238 πολλῷ
1372 3167 1467 3221 καὶ
1505 3167 1597 3220 τοῦ
1644 3165 1766 3221 Νῶε
1809 3169 1904 3222 καὶ
1937 3169 2032 3222 τοῦ

357 3257 543 3318 Ἅϐελ⁹
585 3255 785 3329 μᾶλλον
815 3256 872 3310 δὲ
903 3256 1055 3310 οὐδὲν
1080 3257 1209 3328 ἐρῶ,
1239 3255 1344 3319 ἐως
1389 3258 1455 3311 ἂν
1491 3257 1525 3329 ή
1554 3257 1664 3311 τῶν
1692 3259 2033 3330 πραγμάτων

354 3343 600 3412 ἐξέτασις
633 3343 791 3416 θῆται
814 3343 913 3415 τὴν
941 3342 1118 3414 ψῆφον
1145 3346 1299 3416 ἡμῖν.
1333 3343 1412 3398 Τά
1447 3344 1546 3415 μέν
1579 3341 1670 3398 οὖν
1705 3348 1763 3399 ἐν
1788 3345 2030 3417 Περσίδι,

356 3432 450 3486 καὶ
501 3433 554 3486 εί
595 3449 646 3484 τι
692 3431 854 3502 μέχρι
887 3430 996 3485 τῶν
1045 3431 1414 3504 ἐϐδομήκοντα
1459 3431 1598 3486 ἐτῶν
1647 3432 1795 3504 αὐτῷ
1835 3433 2031 3506 συνέϐη

355 3519 595 3590 λυπηρὸν
613 3517 663 3582 δ,
692 3518 866 3582 οὐδεὶς
893 3517 1096 3572 δύναιτ’
1121 3519 1188 3572 ἂν
1235 3519 1432 3574 εἰδέναι
1479 3520 1686 3589 σαφῶς.
1739 3521 1871 3576 Οὐδέ
1925 3521 2035 3593 γάρ

355 3607 385 3658 6
431 3604 698 3677 μακάριος
725 3604 878 3677 [189]
911 3606 1150 3677 Μωῦσῆς
1176 3606 1383 3661 ἐκείνου
1410 3606 1504 3662 τοῦ
1536 3609 1728 3680 χρόνου
1757 3609 1854 3681 τὴν
1891 3611 2036 3663 ίστο-

363 3693 484 3763 ρίαν
515 3693 646 3764 ἡμῖν
684 3691 942 3763 ἔγραψεν,
994 3693 1128 3746 ἀλλά
1177 3695 1356 3747 πᾶσαν
1414 3695 1512 3765 τὴν
1565 3696 1780 3767 ἡλικίαν
1831 3697 2036 3766 ταύτην

358 3781 537 3852 ἀφεὶς,
567 3779 675 3832 ἀπὸ
716 3778 821 3833 τῶν
857 3779 995 3850 μετά
1022 3780 1194 3834 ταῦτα
1227 3773 1520 3854 πεποίηται
1561 3783 1654 3837 τοῦ
1700 3784 2037 3856 διηγήματος

359 3869 458 3940 τὴν
483 3871 678 3942 ἀρχήν.
716 3868 837 3926 ’Ότι
863 3869 919 3923 δὲ
951 3871 1043 3924 καὶ
1070 3871 1230 3924 αὐτὸν
1265 3871 1331 3926 τά
1355 3872 1495 3926 αὐτὰ
1534 3873 1764 3942 πάσχειν
1802 3874 1881 3944 τῷ
1912 3874 2035 3927 Νῶε

327 3957 506 4022 ,εἰκὸς
537 3953 626 4030 ἦν,
657 3959 858 4028 μεταξύ
884 3959 1153 4013 τοσούτων
1187 3959 1398 4013 ἀσεϐῶν
1437 3962 1530 4014 καὶ
1557 3961 1847 4034 βαρϐάρων
1879 3962 2038 4033 μόνον

362 4041 683 4112 βουλόμενον
711 4042 975 4108 εὐσεϐεῖν,
1001 4042 1159 4096 τοῦτο
1207 4045 1308 4097 οὐκ
1353 4043 1432 4098 ἐτι
1472 4047 1584 4108 τοῖς
1616 4045 1797 4109 ἄλλοις
1838 4046 2038 4117 ὁμοίως

359 4128 555 4199 ἄδηλόν
589 4130 755 4188 ἐστιν,
781 4129 916 4184 ἀλλά
965 4131 1059 4183 καὶ
1099 4131 1148 4182 οί
1191 4131 1396 4203 σφόδρα
1423 4131 1640 4202 ἀνόητοι
1686 4132 2040 4203 στοχάσαιντο

365 4213 562 4286 ῥᾳδίως
592 4215 724 4271 αὐτό
741 4225 786 4268 ε.
821 4215 969 4287 Πλὴν
995 4215 1133 4270 ἀλλά
1160 4217 1254 4269 καὶ
1279 4216 1451 4271 ταῦτα
1481 4218 1762 4290 παρείσθω
1788 4220 1902 4275 νῦν·
1930 4221 2040 4276 ἀπὸ

361 4301 420 4362 δέ
461 4301 563 4370 τῆς
613 4303 920 4374 ἀποδημίας
969 4303 1130 4357 αὐτοῦ
1175 4304 1530 4376 ποιησώμεθα
1583 4307 1677 4360 τοῦ
1729 4308 1888 4377 λόγου
1941 4310 2039 4380 τὴν

363 4387 560 4460 ἀρχὴν,
597 4388 862 4460 πρότερον
894 4393 1068 4445 ἐκεῖνο
1097 4391 1470 4458 ἐξετάσαντες,
1500 4395 1663 4449 πόσον
1693 4397 1725 4466 ἡ
1758 4396 1866 4450 τῶν
1895 4397 2040 4449 Χαλ-

363 4471 526 4525 δαίων
569 4472 644 4542 γῆ
682 4472 784 4542 τῆς
815 4473 1177 4546 Παλαιστίνης
1210 4477 1538 4548 ἀφέστηκεν,
1572 4479 1604 4550 ἢ
1643 4479 1772 4532 ποία
1793 4496 1876 4542 τις
1905 4475 1971 4550 ἧν
2009 4481 2040 4550 ἡ

363 4558 474 4614 τῶν
515 4560 650 4615 ὁδῶν
686 4564 1020 4635 κατασκευὴ.
1056 4564 1172 4629 πῶς
1201 4568 1311 4628 τοῖς
1344 4565 1648 4637 ἀνθρώποις
1689 4567 1756 4620 τά
1787 4569 1886 4638 τῆς
1924 4567 2044 4620 ἐπι-

368 4649 550 4720 μιξίας
587 4651 686 4721 τῆς
729 4651 862 4722 πρὸς
884 4651 1146 4723 ἀλλήλους
1181 4652 1431 4719 διέκειτο,
1465 4653 1546 4716 τίς
1579 4655 1608 4706 6
1637 4654 1734 4724 τῆς
1767 4653 2042 4717 πολιτείας

362 4737 564 4808 τρόπος
587 4734 676 4808 ἦν.
711 4738 802 4808 Μὴ
832 4738 940 4810 γὰρ
966 4740 1150 4810 ἐπειδὴ
1178 4740 1414 4804 εὐκόλως
1445 4741 1751 4810 ὑπήκουσεν
1779 4743 1806 4794 6
1837 4741 2042 4806 δίκαιος

364 4825 594 4886 ἐκεῖνος,
633 4825 814 4892 καὶιτδ
850 4829 1083 4896 πρᾶγμα
1103 4827 1320 4880 εὔκολον
1349 4823 1491 4882 εἶναι
1517 4827 1742 4881 δοκείτω
1778 4828 1892 4892 νῦν,
1919 4829 2041 4899 μηδ’

365 4911 448 4964 ὅτι
500 4911 780 4982 συντόμως
826 4913 922 4965 καὶ
966 4915 1024 4966 ἐν
1069 4914 1262 4984 βραχεῖ
1301 4915 1362 4968 τὸ
1405 4916 1626 4984 γεγονὸς
1675 4915 1970 4987 διηγήσατο
2015 4919 2044 4970 6

363 5001 594 5072 Μωσῆς,
645 5003 741 5055 καὶ
779 5003 841 5056 τὺ
876 5003 1036 5074 ἔργον
1065 5007 1164 5076 τὴν
1192 5006 1299 5058 τῶν
1328 5008 1587 5078 ῥημάτων
1615 5006 1929 5078 βραχύτητα
1965 5025 2045 5078 μι-

369 5090 592 5163 μεῖσθαι
637 5090 846 5160 νόμιζε·
880 5095 1052 5146 εἰπεῖν
1101 5095 1201 5164 μέν
1234 5094 1341 5165 γάρ
1371 5093 1541 5147 ταῦτα
1565 5096 1659 5148 καὶ
1680 5096 2044 5165 διηγήσασθαι

369 5178 570 5252 ῥᾴδιον,
636 5178 837 5249 πρᾶξαι
891 5180 946 5232 δὲ
995 5181 1178 5234 οὐκέτι
1213 5167 1422 5252 ὁμοίως
1458 5180 1714 5250 εὔπορον,
1771 5183 1905 5235 ἀλλά
1953 5184 2044 5236 καὶ

369 5266 578 5338 σφόδρα
615 5265 872 5336 χαλεπόν.
911 5268 984 5323 T6
1017 5268 1114 5338 μὲν
1143 5265 1236 5322 οὖν
1274 5270 1373 5340 τῆς
1414 5267 1533 5323 ὁδοῦ
1583 5269 1754 5339 μῆκος
1793 5270 1885 5322 καὶ
1923 5271 2046 5323 ὅσον

367 5353 429 5405 τὸ
463 5353 626 5426 μέσον
673 5355 792 5408 ἐστὶ
832 5355 1036 5410 τούτων
1072 5356 1182 5410 τῶν
1225 5357 1439 5428 χωρίων
1490 5357 1626 5427 μετά
1664 5356 1952 5427 ἀκριϐείας
1980 5356 2044 5410 ἂν

367 5443 572 5500 εἴποιεν
603 5443 715 5497 ὅσοι
743 5443 878 5518 πρὸς
902 5445 1047 5515 ἡμᾶς
1082 5445 1292 5499 ἐκεῖθεν
1325 5446 1600 5517 διέϐησαν,
1629 5448 1676 5500 εί
1705 5447 1766 5517 δή
1801 5447 1944 5508 τινές
1969 5448 2047 5500 εί-

633 5683 832 5752 λοιμοῦ,Δ
851 5685 1002 5752 δξιγη.
1027 5693 1081 5752 eg
1113 5686 1282 5740 Morel.
1310 5687 1468 5752 λιμοῦ.

429 5744 634 5820 2%“!!-
659 5744 722 5820 εξ
734 5749 871 5820 9013)-
892 5750 1128 5820 λυπηιῶις

434 5807 458 5840 ⁸
486 5807 634 5863 Savil.
663 5816 716 5862 et
735 5809 866 5865 Colb.
904 5807 1069 5876 αὐτοῦ,
1096 5810 1213 5864 Mor.
1238 5811 1374 5862 αὐτὸ.

1113 321 1170 378 S.
1207 320 1492 378 JOANNIS
1529 320 2019 379 CIIRYSOSTOMI

2136 323 2386 380 ιειιιΕῐ).
2429 324 2982 382 CONSTANTINOP.

2112 457 2214 494 cw'
2251 442 2411 512 ἡμεῖς
2443 441 2503 494 δὲ
2531 441 2754 496 ἐκείνων
2782 441 2882 512 μὲν
2903 441 3096 506 οὐδενὶ,
3127 439 3236 495 τῶν
3268 439 3326 494 δέ
3355 441 3436 504 είς
3464 437 3570 510 τὴν
3597 437 3792 504 tant.

2113 545 2210 602 ραν
2241 527 2424 600 χώραν
2460 529 2804 599 ἀφικομένων
2827 528 3209 600 συγγενόμενοι
3237 546 3364 592 τινι,
3396 529 3494 584 καὶ
3528 527 3623 582 τὸν
3661 527 3797 602 χρύ-

2110 623 2211 671 νον
2253 615 2414 670 αὐτὸν
2459 617 2836 688 ἐρωτήσαντες
2892 617 3016 671 ὅσον
3077 617 3380 690 ὁδοιπορεῖν
3439 618 3798 689 ἠναγκάσθη,

2109 695 2423 770 ήκούσαμεν
2473 699 2556 752 ὅτι
2601 699 2893 771 τριάκοντα
2932 701 3095 754 πέντε
3143 701 3368 773 ἡμερῶν
3409 699 3669 772 ἀριθμόν
3701 701 3802 754 καὶ

2113 786 2408 842 Βαϐυλῶνα
2440 788 2538 858 μέν
2573 788 2673 841 οὐκ
2699 788 2897 842 εἰδέναι
2928 788 3052 860 ἔφη,
3093 787 3202 841 τῶν
3234 787 3292 842 δὲ
3325 790 3441 842 ἐκεῖ
3483 787 3800 858 γενομένων

2113 875 2428 946 ἀκηκοέναι,
2474 877 2556 929 ὅτι
2592 877 2753 948 ἐτέρα
2773 875 3008 946 τοσαύτη
3037 875 3198 930 πάλιν
3233 875 3442 930 ἐκεῖθέν
3477 877 3628 930 ἐστιν
3653 875 3797 940 ὁδός.

2115 963 2224 1016 Καὶ
2267 962 2327 1015 τὸ
2379 963 2476 1034 μὲν
2517 963 2789 1034 διάστημα
2831 963 3082 1016 τοσοῦτον
3130 964 3223 1017 καὶ
3263 963 3385 1016 τότε
3432 959 3524 1035 ἦν,
3567 963 3668 1016 καὶ
3703 963 3803 1016 νῦν

2115 1052 2280 1104 ἐστιν·
2310 1053 2344 1122 ή
2365 1051 2421 1104 δέ
2455 1051 2768 1122 κατασκευὴ
2796 1051 2904 1104 τῶν
2926 1051 3062 1106 όδῶν
3083 1053 3183 1105 οὐκ
3211 1050 3287 1104 ἔθ’
3307 1052 3510 1122 ὁμοίως
3538 1051 3618 1114 ὡς
3644 1049 3676 1090 (ι
3707 1053 3803 1106 καὶ

2115 1135 2210 1192 νῦν
2236 1137 2328 1191 καὶ
2357 1138 2477 1192 τότε
2501 1138 2788 1192 διάκειται.
2828 1139 2942 1195 Νῦν
2974 1139 3073 1210 μὲν
3105 1139 3215 1210 γὰρ
3248 1141 3343 1194 καὶ
3365 1139 3631 1209 σταθμοῖς
3661 1138 3801 1192 διεί-

2115 1223 2317 1295 ληπται
2351 1225 2598 1295 συνεχέσι
2642 1227 2738 1280 καὶ
2773 1225 2957 1278 πόλεσι
2991 1229 3085 1279 καὶ
3119 1227 3329 1298 ἀγροῖς,
3362 1227 3458 1280 καὶ
3493 1226 3804 1298 ὁδοιπόροις

2116 1310 2172 1366 δὲ
2206 1311 2437 1382 βαδίζων
2478 1313 2542 1367 ἄν
2581 1330 2665 1376 τις
2710 1313 2924 1384 ἐντύχοι
2968 1313 3204 1378 πολλοῖς,
3239 1315 3378 1386 ὅπερ
3417 1314 3514 1368 καὶ
3549 1312 3802 1384 σταθμοῦ

2118 1399 2214 1452 καὶ⁵
2265 1398 2474 1463 πόλεως
2525 1401 2620 1453 καὶ
2654 1400 2824 1470 άιγροῦ
2863 1401 2961 1471 οὐχ
3001 1395 3164 1472 ἦττον
3203 1401 3283 1464 είς
3310 1399 3614 1470 ἀσφαλείας
3640 1399 3803 1469 λόγον

2120 1480 2254 1536 ἐστί.
2281 1481 2424 1550 Πρὸς
2452 1481 2508 1535 δὲ
2538 1482 2745 1546 τούτοις
2777 1484 2868 1537 καὶ
2896 1483 3003 1537 ἀπὸ
3027 1486 3127 1556 τῆς
3155 1482 3338 1554 χώρας
3367 1485 3418 1536 οῖ
3443 1483 3556 1536 τῶν
3587 1483 3804 1538 πόλεων

2120 1569 2378 1640 ἄρχοντες
2421 1569 2619 1640 ἄνδρας
2653 1571 2748 1625 καλ⁵
2781 1569 2939 1642 ῥώμῃ
2975 1570 3226 1641 σώματος
3265 1571 3375 1625 τῶν
3399 1571 3580 1627 ἄλλων
3611 1571 3806 1640 διαφέ-

2125 1675 2314 1728 ροντας
2354 1657 2447 1710 καὶ
2489 1659 2721 1730 ἀκοντίῳ
2757 1659 2852 1712 καὶ
2883 1658 3143 1732 σφενδόνῃ
3185 1657 3437 1713 τοσοῦτον
3465 1657 3808 1730 δυναμένους

2127 1742 2333 1816 ἀρκεῖν,
2368 1747 2490 1800 ὅσον
2531 1749 2644 1811 τοῖς
2683 1746 2863 1818 βέλεσι
2913 1746 3011 1817 μὲν
3057 1749 3106 1800 οί
3135 1745 3368 1812 τοξόται,
3407 1749 3456 1800 οί
3493 1747 3550 1800 δέ
3583 1747 3807 1802 ὁπλῖται

2121 1837 2236 1898 τοῖς
2275 1821 2482 1907 δδρασι,
2519 1835 2741 1900 τούτους
2783 1834 3160 1904 συντάξαντες,
3197 1835 3292 1890 καὶ
3320 1837 3592 1908 ἄρχοντας
3619 1837 3808 1901 uinci;

2125 1921 2536 1991 ἐπιστήσαντες,
2598 1922 2678 1985 είς
2745 1921 2894 1975 οὐδὲν
2945 1922 3130 1991 ἕτερον
3189 1921 3612 1992 ἀπησχόλησαν,
3665 1919 3807 1976 ἀλλά

2131 2009 2289 2080 μόνον
2325 2007 2424 2080 τὴν
2450 2007 2559 2060 τῶν
2593 2007 2726 2061 ὁδῶν
2755 2007 3058 2080 ἐπέτρεψαν
3091 2009 3357 2080 φυλακήν.
3400 2008 3558 2062 Μετά
3593 2006 3654 2060 δὲ
3683 2006 3810 2060 τού-

2126 2113 2235 2149 των
2265 2096 2361 2149 καὶ
2397 2095 2588 2168 ἑτέραν
2625 2095 2784 2151 πάλιν
2813 2095 3018 2150 τούτων
3055 2095 3454 2168 ἀκριϐεστέραν
3499 2094 3808 2164 ἀσφάλειαν

2128 2183 2443 2254 ἐπενόησαν.
2486 2183 2775 2254 Οίκήματα
2817 2182 2926 2254 γάρ
2968 2182 3110 2236 κατά
3154 2183 3341 2254 χιλίων
3393 2182 3654 2254 βημάτων
3691 2183 3812 2237 διά·

2130 2287 2310 2340 στημα
2349 2270 2664 2340 δειμάμενοι
2703 2269 2854 2340 παρά
2892 2271 2990 2340 τήν
3025 2270 3166 2332 ὁδὸν,
3221 2271 3570 2342 νυκτερινοὺς
3620 2270 3809 2335 αὐτοῖς

2129 2357 2538 2428 ἐγκατέστησαν
2573 2357 2840 2427 φύλακας,
2872 2358 2971 2429 τὴν
3007 2359 3230 2412 ἐκείνων
3253 2357 3564 2429 ἀγρυπνίαν
3585 2359 3682 2411 καὶ
3710 2359 3814 2428 τὴν

2133 2443 2326 2514 σχολὴν
2362 2443 2616 2514 μέγιστον
2656 2443 2886 2514 κώλυμα
2921 2447 3034 2508 τοῖς
3067 2443 3176 2499 τῶν
3223 2443 3550 2517 κακούργων
3593 2444 3814 2513 ἐφόδοις

2131 2530 2578 2600 ἐπιτειχίσαντες.
2611 2531 2744 2586 Τότε
2768 2530 2824 2584 δέ
2859 2531 3010 2584 οὐδὲν
3037 2531 3240 2584 τούτων
3261 2527 3352 2604 ἦν,
3377 2531 3478 2586 οὐκ
3505 2532 3668 2602 ἀγροὶ
3693 2548 3816 2586 συν-

2133 2622 2298 2690 εχεῖς,
2324 2620 2385 2672 οὐ
2422 2618 2626 2684 πόλεις,
2657 2620 2718 2672 οὐ
2751 2619 3002 2690 σταθμοὶ,
3035 2621 3094 2672 οὐ
3119 2619 3484 2689 καταγώγιον,
3513 2620 3576 2673 οὐ
3595 2619 3660 2673 τὸ
3691 2637 3816 2681 συν-

2133 2706 2414 2778 οδοιπόρον
2462 2707 2674 2778 ταχέως
2712 2707 2860 2768 ἰδεῖν,
2893 2707 2993 2760 οὐκ
3022 2707 3148 2761 άλλο
3176 2725 3228 2760 τι
3263 2707 3468 2761 τούτων
3498 2707 3672 2762 οὐδέν·
3713 2707 3814 2780 τὴν

2132 2792 2241 2865 γὰρ
2269 2794 2367 2864 τῆς
2392 2793 2640 2864 ἀτραποῦ
2690 2793 3003 2866 τραχύτητα
3034 2795 3128 2848 καὶ
3171 2795 3270 2865 τήν
3307 2794 3416 2847 τῶν
3481 2793 3663 2864 ἀέρων
3716 2796 3814 2850 ἀν-

2139 2879 2387 2950 ωμαλίαν
2408 2880 2646 2952 παρίημι
2663 2880 2778 2944 νῦν,
2811 2881 2988 2935 καίτοι
3007 2898 3069 2951 γε
3099 2881 3279 2944 ἱκανὰ,
3305 2880 3530 2935 ἐκείνων
3549 2881 3625 2952 μὴ
3646 2899 3819 2955 προσο

2133 2967 2303 3020 όντων
2329 2981 2373 3034 ε,
2403 2961 2643 3039 λυπῆσαι
2677 2969 2802 3032 τοὺς
2839 2968 3250 3041 ὁδοιποροῦντας
3283 2970 3502 3033 ἱκανῶς.
3539 2971 3652 3024 Καὶ
3679 2987 3820 3041 μαρ-

2134 3059 2430 3131 τυρήσαιεν
2472 3057 2537 3111 ἄν
2567 3074 2657 3128 μοι
2693 3058 2742 3110 οἱ
2787 3057 3008 3126 ζεύγεσι
3037 3058 3128 3110 καὶ
3171 3057 3484 3128 ὑποζυγίοις
3517 3058 3815 3132 χρώμενοι,

2135 3145 2230 3199 καὶ
2262 3145 2397 3216 μηδέ
2425 3143 2569 3198 οὕτω
2588 3145 2686 3215 τῆς
2716 3144 2980 3216 συνήθους
3007 3145 3305 3199 ἐπιϐαίνειν
3336 3146 3644 3217 τολμῶντες
3668 3146 3815 3210 ὁδοῦ,

2135 3232 2184 3284 εἰ
2211 3230 2286 3302 μὴ
2313 3231 2574 3304 πρότερον
2593 3232 2764 3303 αὐτὴν
2795 3232 3105 3304 στορέσαιεν
3127 3233 3318 3299 λίθοις,
3343 3233 3558 3297 καὶτὰς
3577 3233 3688 3288 ἀπὸ
3706 3234 3818 3288 τῶν

2138 3319 2286 3393 [190]
2329 3321 2545 3392 ῥυάκων
2577 3321 2856 3392 χαράδρας
2891 3320 3387 3394 άναπληρώσαντες
3436 3323 3680 3376 ἰσόπεδον
3723 3321 3819 3376 οὐ·
3903 3329 3910 3336 “

2136 3425 2242 3472 τως
2281 3408 2624 3478 ἐργάσαιντο.
2666 3409 2798 3461 Τότε
2835 3409 2892 3461 δὲ
2933 3411 3240 3482 ἐρημοτέρα
3277 3412 3373 3480 μὲν
3405 3410 3514 3465 τῶν
3540 3411 3820 3482 ἀοικήτων

2133 3490 2224 3566 ἦν,
2251 3494 2578 3568 ἀπορωτέρα
2605 3495 2660 3548 δέ
2683 3495 2790 3550 τῶν
2817 3496 2979 3569 ὀρῶν,
3011 3497 3400 3570 σφαλερωτέρα
3423 3499 3480 3552 δὲ
3508 3499 3616 3552 τῶν
3647 3499 3820 3572 βαρά-

2137 3585 2283 3657 θρων
2307 3586 2402 3640 καὶ
2427 3585 2536 3639 τῶν
2557 3586 2840 3658 κρημνῶν.
2867 3587 2980 3640 Καὶ
3008 3587 3068 3640 τὸ
3097 3589 3314 3642 πάντων
3344 3587 3401 3640 δὲ
3431 3588 3820 3660 χαλεπώτερον

2137 3675 2236 3728 οὐκ
2285 3670 2458 3735 εἷπον,
2491 3674 2606 3740 πῶς
2651 3675 2716 3728 τὰ
2755 3676 2852 3745 τῆς
2895 3675 3172 3747 ἐπιμιξίας
3213 3676 3462 3741 διέκειτο,
3517 3677 3544 3730 6
3585 3678 3681 3732 καὶ
3715 3678 3818 3747 τῆς

2137 3762 2258 3816 ὀδοῦ
2323 3763 2503 3834 πολλῷ
2543 3764 2762 3817 πλείονα
2823 3765 2916 3818 καὶ
2978 3763 3198 3836 μείζονα
3251 3768 3478 3839 παρεῖχε
3513 3765 3824 3837 πράγματα

2139 3853 2344 3915 αὐτοῖς,
2380 3851 2522 3906 κατά
2551 3851 2700 3924 ἐθνη,
2740 3852 2942 3922 μᾶλλον
2983 3853 3040 3906 δὲ
3071 3853 3215 3908 κατὰ
3255 3854 3408 3906 πόλιν
3443 3853 3702 3908 ἁπάντων
3743 3853 3823 3907 δι-

2139 3940 2452 4012 ῃρημένων.
2485 3941 2560 3994 Οὐ
2595 3940 2702 4012 γὰρ
2733 3941 2921 4012 ῶσπερ
2960 3941 3054 3995 νῦν
3105 3941 3201 4012 μία
3236 3942 3381 4013 ἀρχὴ
3409 3941 3551 3996 κατά
3576 3941 3639 3994 τὸ
3668 3940 3822 3994 πλεῖ-

2143 4045 2264 4091 στον
2293 4028 2390 4099 τῆς
2415 4027 2742 4100 οἰκουμένης
2765 4029 2988 4082 τέταται
3020 4029 3203 4100 μέρος,
3229 4029 3323 4083 καὶ
3355 4031 3434 4083 ἐνὶ
3464 4028 3668 4093 πάντες
3697 4030 3824 4084 δου-

2141 4115 2388 4171 λεύουσιν
2430 4115 2725 4188 ἀνθρώπῳ,
2759 4118 2852 4171 καὶ
2891 4120 3002 4181 τοῖς
3037 4117 3214 4180 αὐτοῖς
3247 4115 3574 4174 διοικοῦνται
3611 4118 3824 4188 νόμοις.

2142 4205 2282 4258 οὕτω
2319 4205 2414 4258 καὶ
2439 4205 2560 4258 τότε
2593 4200 2680 4275 ἦν’
2709 4204 2823 4258 ἀλλ’
2854 4203 3044 4274 ῶσπερ
3075 4205 3236 4274 σῶμα
3267 4204 3324 4256 ἐν
3358 4205 3438 4268 είς
3475 4204 3647 4258 πολλά
3676 4205 3824 4278 μέρη

2103 4321 2114 4330 ο
2143 4293 2511 4364 κατατμηθὲν,
2543 4292 2683 4345 οὕτω
2709 4292 2802 4346 καὶ
2833 4293 2895 4346 τὸ
2928 4291 3035 4345 τῶν
3059 4291 3358 4363 ἀνθρώπων
3389 4292 3686 4348 διέσπαστο
3727 4294 3824 4362 γέ-

2141 4399 2252 4445 νος,
2309 4381 2402 4433 καὶ
2455 4379 2746 4451 πολεμίους
2794 4382 2858 4434 ἐκ
2913 4379 3187 4452 πολεμίων
3234 4379 3484 4450 ἀμείϐειν
3531 4383 3560 4434 6
3613 4381 3826 4446 δίκαιος

2143 4471 2502 4540 ἠναγκάζετο,
2535 4469 2666 4541 πρὶν
2704 4469 2738 4539 ἢ
2777 4469 2902 4533 τούς
2937 4469 3234 4541 προτέρους
3268 4468 3570 4536 διαφυγεῖν,
3613 4469 3826 4540 ἐτέροις

2144 4558 2431 4629 ἐμπίπτων
2468 4558 2578 4621 ἀεὶ,
2607 4557 2684 4628 πὴ
2717 4557 3197 4629 μένῆτολυαρχίας,
3233 4557 3310 4629 πὴ
3352 4558 3409 4611 δέ
3438 4559 3704 4628 ἀναρχίας
3733 4559 3830 4613 οῦ-

2147 4665 2264 4716 σης.
2301 4646 2366 4699 Τί
2403 4642 2496 4700 οὖν
2527 4645 2733 4716 ταύτης
2759 4643 3136 4718 χαλεπώτερον
3177 4645 3276 4716 τῆς
3319 4645 3496 4715 ζωῆςς
3533 4646 3672 4703 Οὐδὲ
3713 4647 3828 4720 γὰρ

2145 4735 2287 4806 ὑπὲρ
2319 4733 2514 4788 ἑαυτοῦ
2542 4735 2702 4806 μόνον
2726 4734 2979 4788 ἐδεδοίκει
3003 4733 3097 4786 καὶ
3117 4733 3365 4806 έτρεμεν,
3395 4734 3531 4788 ἀλλά
3561 4737 3656 4789 καὶ
3681 4736 3831 4808 ὑπὲρ

2145 4821 2350 4892 πατρὸς
2383 4821 2478 4875 καὶ
2505 4820 2761 4890 γυναικὸς
2787 4821 2882 4876 καὶ
2909 4821 3048 4894 ὑπὲρ
3081 4821 3380 4892 ἀδελφιδοῦ.
3409 4817 3518 4875 Ἶίν
3547 4823 3606 4876 δὲ
3638 4823 3764 4878 οὐδέ
3792 4828 3826 4894 ή

2143 4889 2525 4964 τῶν-οἰκετῶν
2559 4909 2779 4982 φροντὶς
2837 4889 3030 4980 μικρὰ,
3079 4910 3128 4961 εἰ
3171 4889 3268 4962 καὶ
3323 4908 3419 4962 ἐπὶ
3471 4911 3572 4981 τῆς
3617 4889 3831 4975 οἰκείας

2146 4997 2440 5068 ἐτύγχανον
2483 4997 2656 5062 ὄντες,
2708 4995 2782 5068 μὴ
2837 4997 2918 5050 ὅτι
2964 5013 3027 5065 γε
3051 4997 3160 5075 ,ὅτε
3219 4997 3312 5050 ἐπὶ
3365 4997 3464 5068 τῆς
3511 4998 3826 5070 ἀλλοτρίας,

2145 5085 2518 5157 ἠναγκάζοντο
2565 5081 2704 5140 εἶναι
2747 5086 3056 5150 διαπαντός.
3103 5087 3213 5140 Καὶ
3259 5087 3309 5138 εί
3351 5086 3448 5157 μὲν
3476 5086 3594 5157 ᾔδει
3638 5089 3832 5157 σαφῶς

2145 5175 2316 5230 ὅπου(
2359 5177 2614 5246 στήσεται
2651 5175 2721 5229 τά
2757 5176 2855 5246 τῆς
2885 5175 3092 5246 πλάνης
3122 5174 3290 5245 αὐτῷ,
3322 5175 3422 5228 οὐκ
3463 5170 3530 5245 ἦν
3578 5173 3726 5229 οῦτω
3769 5175 3834 5229 1:6

2146 5264 2254 5318 τῶν
2291 5265 2587 5336 φροντίδων
2613 5265 2906 5336 ἀφόρητον
2943 5263 3038 5318 νῦν
3069 5264 3126 5318 δέ
3157 5264 3344 5328 ἁπλῶς
3386 5264 3478 5319 καὶ
3505 5265 3832 5336 ἀδιορίστως

2147 5351 2384 5418 ἀκούσας
2412 5351 2566 5421 Γῆν,
2590 5353 2651 5406 οὐ
2676 5351 2832 5422 τήνδε
2855 5351 2887 5422 ἢ
2915 5351 3091 5423 τήνδε,
3122 5351 3257 5415 ἀλλ’,
3282 5354 3387 5407 Ἦν
3407 5351 3485 5408 ἀν
3504 5367 3604 5406 σοι
3629 5351 3838 5418 δείξω,

2210 5628 2235 5666 ιι
2264 5629 2345 5685 Ὦς
2368 5630 2514 5678 deest
2536 5627 2586 5676 in
2614 5628 2767 5679 Savh.
2795 5635 2847 5678 el
2868 5630 3002 5678 Com.

2221 5693 2240 5715 ⁸
2273 5693 2448 5767 γάρτοι,
2471 5691 2627 5767 καίτοι
2641 5707 2702 5767 γε
2721 5693 2874 5767 ἱκανά-
2887 5692 2936 5740 ἐκ
2945 5692 3078 5761 είνων
3103 5690 3168 5751 μή
3191 5689 3419 5767 προσλῐῐι
3441 5689 3578 5767 (ξυιι).
3603 5689 3838 5765 θίξινίι,

2151 5755 2292 5803 ἱκανά
2312 5754 2470 5801 deosl.
2504 5753 2611 5800 Mox
2641 5753 2792 5802 Savil.
2821 5753 3184 5814 ὁδοιποροῦντας
3213 5753 3309 5801 τῶν
3341 5754 3520 5802 λοιπῶν
3541 5753 3739 5808 ἱκανῶν.

2219 5815 2235 5855 ί
2264 5815 2399 5866 (Συὶί).
2426 5821 2480 5866 εὶ
2499 5814 2648 5866 Savil.
2677 5817 2807 5880 ὅποι,
2831 5816 3004 5866 Morel.
3029 5815 3170 5864 ὅπου.
