4060 6136
289 379 394 435 457

286 506 421 549 vero
447 491 513 547 ad
542 498 824 546 sexcentos
846 503 1016 543 annos
1043 497 1097 544 et
1122 490 1259 545 ultra
1287 489 1518 543 humana
1544 488 1650 541 vita
1677 485 1879 556 pertin-

285 585 468 656 gebat.
508 582 579 640 Ut
616 583 775 653 igitur
819 581 921 636 alia
963 582 1226 647 omittam,
1274 590 1402 652 quot
1448 579 1658 651 negotia
1698 577 1878 633 subire

287 675 582 747 cogebatur
611 675 700 745 qui
741 673 875 728 adeo
904 674 1166 743 prolixum
1198 674 1299 728 iter
1322 672 1570 744 gradiens
1597 670 1874 734 currebat,

288 784 355 825 ac
379 769 585 823 viribus
613 767 740 820 totis
770 765 1079 820 intendebat
1121 765 1174 819 in
1215 774 1358 819 tanta
1410 764 1509 818 viae
1550 761 1879 832 longitudine

291 875 360 916 ne
388 874 574 930 parum
605 857 820 928 quidem
847 858 1132 922 divertere,
1162 872 1281 911 cum
1305 855 1532 924 plurima
1553 862 1732 909 essent
1759 868 1878 922 quae

292 949 673 1021 prohiberent?
700 948 765 1002 Et
789 948 913 1017 quid
943 947 1064 1002 dico
1093 947 1342 1017 plurima,
1375 960 1494 999 cum
1523 952 1630 998 tota
1655 956 1878 1013 prorsus

289 1041 400 1095 vita
439 1055 470 1095 a
504 1040 695 1094 ﬁnibus
733 1039 797 1092 ad
840 1037 972 1093 ﬁnes
1018 1046 1173 1092 terrm
1215 1046 1358 1091 esset
1402 1034 1737 1106 hujusmodi,
1769 1041 1877 1087 tota

290 1131 565 1200 scopulis,
594 1129 865 1195 sentibus,
899 1129 1115 1195 helluis,
1182 1127 1463 1198 squalore,
1518 1135 1667 1196 peste
1695 1126 1710 1157 ί
1737 1166 1753 1190 ,
1802 1125 1881 1178 al-

291 1237 445 1292 gore,
478 1222 844 1291 maleﬁcisqnc
872 1223 1060 1289 plena?
1082 1220 1338 1290 Equidem
1372 1218 1575 1272 facilius
1603 1215 1875 1271 existima-

293 1313 464 1367 verim
510 1313 940 1382 angustissimam
981 1310 1224 1365 semitam
1266 1307 1676 1380 profundissima
1722 1312 1880 1361 nocte

291 1416 510 1473 semper
563 1401 810 1457 incedere
838 1443 854 1468 ,
920 1415 1076 1472 quam
1133 1400 1239 1455 illis
1288 1397 1617 1469 temporibus
1670 1394 1880 1451 virtutis

292 1494 435 1548 viam
461 1510 475 1546 :
500 1500 578 1546 tet
602 1489 847 1546 homines
918 1493 1102 1555 erant,
1141 1489 1233 1562 qui
1259 1502 1483 1562 gressus
1514 1488 1662 1546 illius
1688 1501 1860 1545 cona-

293 1591 483 1639 rentur
527 1591 788 1636 evertere.
843 1578 980 1636 Cum
1035 1579 1180 1637 enim
1232 1577 1480 1633 omnibus
1531 1588 1881 1647 quaecumque

293 1676 463 1732 velint
492 1690 650 1745 agere
689 1675 890 1754 licitum
918 1675 1007 1741 sit,
1034 1688 1173 1729 unus
1212 1687 1341 1728 vero
1375 1671 1522 1727 solus
1558 1667 1878 1724 contrariam

295 1767 549 1823 omnibus
575 1767 786 1835 incedat
812 1768 949 1820 viam
972 1808 987 1831 ,
1013 1764 1228 1835 quando
1255 1764 1298 1818 is
1325 1761 1391 1817 ad
1418 1762 1575 1816 ﬁnem
1603 1758 1883 1830 pervenire

296 1851 527 1930 poterit,
568 1834 778 1912 cunctis
807 1857 954 1927 illum
988 1834 1133 1911 retro
1162 1853 1559 1924 impellentibus
1585 1860 1741 1921 atque
1766 1849 1881 1918 pul-

295 1948 582 2004 santibus?
627 1946 793 2017 Cujus
832 1946 974 2001 enim
1016 1944 1342 1999 difﬁcultatis
1380 1942 1450 1997 sit
1482 1955 1602 1997 cum
1644 1938 1883 2009 plurimis

296 2039 540 2109 degendo
569 2045 714 2094 recte
740 2037 982 2108 operari,
1014 2037 1334 2092 documento
1363 2033 1517 2088 nobis
1549 2040 1673 2087 sunt
1703 2032 1759 2094 ii,
1791 2030 1881 2100 qui

295 2132 459 2186 modo
482 2145 693 2201 quoque
713 2128 1025 2184 solitudines
1049 2134 1349 2197 occupant,
1377 2140 1497 2179 cum
1531 2134 1707 2177 tamen
1738 2130 1886 2177 recte

296 2221 510 2277 vivendi
535 2223 756 2275 formam
778 2220 973 2289 ubique
993 2219 1416 2280 disseminatam,
1439 2213 1885 2282 concordiamque

296 2323 353 2369 et
374 2323 614 2368 mutuum
637 2327 872 2366 amorem
903 2326 1006 2365 non
1029 2309 1275 2379 exiguum
1306 2323 1525 2362 cernere
1554 2306 1606 2359 in
1637 2313 1885 2375 promptu

296 2405 387 2459 sit.
415 2404 564 2459 'l‘unc
587 2420 715 2459 vero
744 2403 871 2459 nihil
901 2404 1087 2458 horum
1121 2401 1344 2456 inveniri
1371 2406 1605 2470 poterat;
1638 2397 1731 2453 sed
1760 2411 1888 2450 con-

300 2504 382 2550 tra
412 2496 556 2549 illum
582 2509 769 2550 omnes
792 2494 935 2549 feris
959 2492 1207 2548 omnibus
1235 2490 1574 2544 immaniores
1603 2496 1774 2544 erant.

370 2585 427 2641 6.
448 2585 751 2655 Exemplum
781 2585 997 2639 Abrahae
1023 2586 1233 2656 profert.
1247 2612 1319 2624 —
1339 2582 1474 2650 Quid
1493 2581 1650 2654 igitur
1665 2581 1766 2636 hac
1781 2581 1887 2634 vita

297 2678 612 2744 luctuosius,
632 2677 758 2748 quid
781 2676 1133 2732 laboriosius?
1150 2675 1406 2746 Equidem
1437 2684 1778 2730 ostensurum
1802 2687 1889 2727 me

296 2770 651 2840 promiseram
687 2769 833 2825 illum
866 2769 1032 2823 nihilo
1056 2768 1277 2823 meliore
1302 2766 1607 2822 conditione
1636 2764 1798 2819 fuisse
1823 2763 1889 2818 iis

297 2861 389 2930 qui
428 2875 642 2930 semper
678 2875 842 2915 onera
872 2859 1069 2926 ferunt,
1102 2869 1155 2914 et
1182 2873 1469 2927 numquam
1508 2856 1884 2926 requiescunt;

298 2953 394 3008 sed
440 2956 610 3007 oratio
652 2951 819 3006 multo
857 2952 1087 3021 amplius
1131 2949 1306 3004 eﬂ'ccit
1340 2967 1354 3004 :
1388 2964 1492 3002 non
1535 2949 1708 3001 solum
1745 2947 1886 3001 enim

299 3059 409 3100 non
449 3044 691 3110 meliore,
721 3044 814 3099 sed
861 3052 914 3097 et
940 3044 1093 3115 longe
1139 3042 1382 3112 graviore
1406 3041 1508 3095 illis
1535 3055 1598 3094 ac
1626 3039 1889 3099 deteriore

299 3139 608 3195 conditione
653 3136 815 3191 fuisse
860 3136 1014 3189 nobis
1062 3134 1331 3205 patefecit.
1381 3132 1601 3187 Videtur
1648 3131 1888 3201 plurimis

298 3231 573 3285 Abraham
602 3236 812 3283 tetatem
854 3243 1065 3281 omnem
1112 3240 1367 3296 prospere
1394 3240 1472 3279 ac
1505 3223 1788 3295 tranquille
1811 3223 1887 3277 vi-

297 3324 447 3377 xisse
480 3340 493 3376 :
521 3321 768 3392 quocirca
800 3319 1061 3374 feliciores
1086 3332 1325 3387 quosque
1351 3327 1402 3371 ct
1425 3316 1655 3385 undique
1692 3307 1889 3369 ﬂoren-

301 3423 384 3470 tes
422 3414 496 3468 illi
542 3428 858 3482 comparare
885 3412 1078 3467 Solent.
1111 3410 1221 3481 Age
1249 3424 1375 3479 ergo
1408 3409 1738 3478 inquiramus
1763 3408 1887 3462 dili-

300 3506 515 3576 gentius
558 3520 676 3574 quae
705 3503 778 3558 illi
809 3504 1164 3571 contigerunt.
1194 3500 1291 3555 Hic
1319 3500 1446 3553 mihi
1478 3499 1687 3554 videtur
1732 3499 1889 3569 longe

300 3599 546 3670 graviora
590 3611 747 3667 quam
790 3595 903 3650 Noe
948 3608 1212 3665 quamque
1257 3592 1390 3647 Abel
1442 3606 1762 3663 perpessus;
1793 3590 1888 3645 sed

302 3705 406 3761 ego
431 3690 599 3744 satius
630 3703 749 3743 esse
778 3702 842 3742 ac
871 3686 1064 3741 melius
1080 3686 1261 3757 judico
1289 3685 1421 3740 nihil
1446 3686 1657 3740 interim
1685 3684 1884 3749 dicere,

301 3780 478 3852 quoad
528 3796 704 3834 rerum
758 3779 982 3849 diligens
1042 3777 1302 3833 discussio
1357 3778 1673 3832 sententiam
1734 3777 1883 3831 ferat.

301 3872 436 3940 Quae
467 3870 624 3941 igitur
651 3870 730 3924 illi
758 3871 808 3925 in
839 3869 1055 3925 Perside
1076 3880 1129 3925 et
1160 3884 1328 3940 usque
1352 3869 1417 3923 ad
1440 3869 1886 3943 septuagesimum

301 3976 501 4016 annum
525 3961 861 4030 c;~ntigerunt
889 3960 1079 4027 tristia,
1102 3959 1287 4016 nullus
1316 3968 1498 4028 aperte
1523 3958 1663 4013 scire
1692 3967 1885 4027 potest.

300 4053 485 4123 Neque
511 4053 651 4108 enim
675 4052 860 4107 beatus
876 4052 1085 4123 Moyses
1106 4053 1221 4120 ejus
1253 4051 1408 4106 nobis
1430 4051 1688 4120 temporis
1720 4050 1889 4103 histo-

301 4148 437 4201 riam
463 4146 694 4212 tradidit,
728 4144 821 4199 sed
854 4145 939 4200 illa
987 4145 1129 4200 omni
1175 4151 1332 4198 mtate
1371 4144 1589 4209 omissa,
1618 4157 1649 4196 a
1677 4153 1890 4212 septua-

300 4240 508 4308 gesimo
557 4252 699 4291 anno
743 4238 1069 4293 narrationis
1114 4253 1227 4292 sum
1277 4236 1414 4306 cepit
1460 4234 1689 4290 initium.
1736 4234 1888 4301 Quod

304 4338 482 4382 tamen
513 4337 566 4382 et
605 4328 718 4397 ipse
746 4329 888 4397 paria
922 4328 984 4381 iis
1013 4343 1131 4398 qua:
1161 4327 1288 4382 Non:
1333 4340 1615 4397 perpessus
1639 4326 1727 4391 sit,
1766 4341 1887 4379 cum

301 4419 443 4472 inter
468 4427 543 4472 tot
571 4417 761 4487 impios
797 4434 859 4473 ac
887 4418 1142 4472 barbaros
1182 4418 1330 4472 solus
1368 4418 1621 4488 pietatem
1665 4417 1886 4480 coleret,

301 4508 407 4563 hoc
434 4523 562 4563 sane
587 4509 870 4576 incertum,
900 4521 957 4563 ut
985 4510 1185 4579 reliqua
1212 4511 1604 4579 obscurumque
1632 4524 1736 4564 non
1765 4519 1847 4564 est
1872 4526 1885 4561 :

303 4601 412 4655 imo
433 4599 484 4655 id
512 4600 936 4669 insipientissimi
962 4616 1173 4671 quoque
1224 4599 1377 4655 facile
1421 4601 1722 4670 conjectare
1764 4614 1882 4668 pos‘

301 4693 430 4747 sint.
462 4691 658 4746 Verum
704 4692 802 4746 ista
846 4707 1059 4762 quoque
1089 4690 1246 4745 modo
1274 4691 1601 4756 omittamus,
1635 4698 1793 4760 atque
1820 4690 1888 4743 ab

303 4783 471 4853 ipsius
517 4783 946 4856 peregrinatione
983 4783 1277 4848 ordiamur,
1331 4780 1461 4836 illud
1503 4782 1672 4851 primo
1716 4780 1886 4851 inqui-

298 4883 485 4930 rentes
513 4874 837 4945 diligentius,
865 4884 1064 4944 quanto
1090 4874 1292 4928 itineris
1319 4874 1491 4943 spatio
1519 4872 1886 4927 Chaldaeorum

304 4977 447 5021 terra
470 4981 499 5019 a
530 4966 809 5021 Palaestina
835 4968 1015 5031 distet,
1038 4976 1127 5020 aut
1152 4982 1391 5036 QUillﬂillll
1424 4966 1580 5020 fuerit
1603 4966 1704 5021 vim
1746 4966 1888 5020 illius

300 5056 557 5123 conditio,
580 5057 847 5126 quomodo
872 5068 996 5111 ttmc
1015 5057 1112 5110 sibi
1142 5056 1350 5111 misceri
1376 5058 1444 5110 illi
1466 5058 1749 5126 potuerint,
1770 5058 1888 5128 quis

300 5149 465 5203 fuerit;
506 5149 714 5203 vivendi
774 5150 981 5204 modus.
1026 5150 1141 5204 Non
1190 5151 1331 5205 enim
1391 5151 1512 5220 quia
1559 5149 1712 5204 facile
1763 5158 1889 5203 tunc

298 5242 473 5313 justus
500 5241 586 5295 ille
615 5241 868 5307 ohedivit,
893 5258 978 5297 res
1004 5243 1123 5297 ideo
1147 5244 1312 5297 facilis
1333 5245 1692 5308 existimetur;
1714 5258 1887 5312 neque

299 5333 551 5402 quoniam
580 5332 817 5388 breviter
841 5335 1011 5389 Moses
1050 5334 1129 5388 rei
1155 5348 1318 5405 gesue
1356 5335 1577 5403 digessit
1620 5334 1881 5400 ordinem,

300 5436 436 5491 Opus
482 5424 652 5492 ipsum
702 5425 985 5479 verborum
1035 5425 1348 5480 brevitatem
1397 5434 1547 5492 putes
1574 5424 1886 5480 imitatum:

301 5512 403 5567 ista
428 5518 569 5568 enim
597 5516 777 5571 dicere
806 5526 859 5573 et
891 5532 1110 5572 narrare
1137 5517 1448 5572 facillimum
1476 5524 1578 5584 cst,
1610 5532 1767 5587 agerc
1793 5533 1888 5572 au-

303 5616 410 5664 tem
448 5609 645 5665 laboris
692 5611 1128 5680 difﬁcultatisqne
1169 5610 1557 5680 plenissimum.
1591 5610 1701 5666 Via:
1730 5611 1888 5682 igitur

303 5703 452 5759 istius
477 5703 863 5773 longitudinem
906 5703 1290 5773 regionumque
1326 5703 1773 5775 intercapedinem
1801 5703 1884 5759 di-

353 5814 368 5845 '
401 5814 485 5867 Sic
515 5817 648 5867 εσυ).
664 5829 681 5877 ;
700 5816 790 5868 sed
813 5815 950 5867 Savil.
979 5823 1029 5867 et
1046 5814 1226 5879 κίοι-ιιι.³
1250 5816 1398 5878 Im.

1122 354 1213 431 At)
1251 373 1621 432 STAGIRIUM
1663 375 1706 427 A
1749 363 2045 425 omnem;
2092 365 2437 422 VEXATUM.
2481 364 2607 421 Lm.
2651 363 2715 419 ιι.

3466 362 3572 421 458

1987 475 2235 548 ligentius
2262 477 2416 533 nobis
2437 491 2687 533 enarrare
2712 483 2930 546 possent
2957 476 3046 546 qui
3077 475 3200 532 inde
3224 476 3291 532 ad
3322 491 3419 532 nos
3444 492 3571 549 per-

1984 568 2279 633 venissent,
2313 570 2358 623 si
2386 568 2601 639 quidem
2632 568 2722 623 ulli
2755 568 2885 623 tales
2905 576 3085 623 essent
3115 583 3130 621 :
3162 582 3283 621 nam
3313 566 3566 624 hactenus

1983 656 2194 712 illorum
2241 658 2442 713 nemini
2482 658 2755 728 congressi
2798 673 3012 725 sumus;
3052 674 3216 713 unum
3248 674 3376 714 vero
3406 674 3471 714 ex
3504 659 3571 723 iis

1982 746 2073 816 qui
2103 762 2166 801 ex
2194 748 2441 803 citeriore
2486 749 2753 818 provincia
2801 747 3091 804 adveniunt
3135 750 3297 816 nacti,
3337 764 3458 804 cum
3502 749 3571 805 ab

1982 837 2073 892 illo
2114 837 2510 908 inquirercmus
2563 851 2818 910 quantum
2874 840 3080 897 itineris
3133 855 3294 912 agere
3334 850 3570 907 coactus

1983 940 2142 997 esset,
2174 932 2387 1002 triginta
2417 941 2472 986 et
2511 932 2746 1003 quinque
2786 931 2994 987 dierum
3039 947 3317 987 numerum
3361 933 3569 987 audivi-

1983 1035 2102 1075 mus
2132 1039 2146 1077 :
2178 1029 2232 1077 et
2258 1022 2583 1092 Babylonem
2609 1022 2823 1092 quidem
2856 1022 2944 1077 ille
2970 1036 3258 1092 numquam
3289 1037 3348 1077 se
3371 1022 3570 1078 vidisse

1983 1112 2077 1180 ait,
2108 1112 2320 1167 audisse
2347 1121 2521 1168 tamen
2557 1113 2624 1167 ab
2646 1112 2709 1167 iis
2732 1114 2820 1184 qui
2864 1114 2934 1169 ibi
2979 1112 3194 1169 fuerant
3235 1112 3569 1169 tantumdem

1985 1203 2190 1259 itineris
2227 1214 2430 1261 restare
2444 1204 2853 1270 conﬁciendum,
2882 1213 2940 1260 ut
2961 1221 3026 1261 eo
3051 1205 3442 1276 perveniretur.
3474 1207 3571 1261 At.-

1983 1312 2088 1367 que
2139 1297 2441 1369 hujusmodi
2495 1299 2746 1353 distantia
2801 1298 3038 1353 locorum
3091 1307 3145 1353 et
3188 1308 3314 1354 tunc
3360 1307 3477 1354 erat
3514 1307 3570 1354 et

1985 1401 2129 1442 nunc
2173 1396 2257 1443 est
2289 1406 2303 1443 :
2335 1403 2498 1458 porro
2541 1391 2746 1445 itineris
2783 1389 3019 1445 conditio
3049 1404 3153 1444 non
3182 1405 3247 1445 ea
3276 1389 3436 1444 modo
3461 1399 3569 1458 est,

1984 1493 2103 1549 qum
2129 1486 2252 1534 tunc
2281 1477 2444 1535 fuisse
2472 1480 2726 1535 creditur.
2760 1479 2915 1535 Nunc
2957 1482 3098 1535 enim
3124 1489 3178 1535 et
3208 1481 3572 1536 mansionibus

1986 1570 2257 1639 perpetuis
2280 1570 2588 1626 distinctum
2615 1579 2717 1631 est.
2738 1579 2792 1624 ct
2818 1570 3038 1625 urbibus
3062 1585 3126 1625 ac
3151 1570 3289 1625 villis
3315 1569 3570 1640 frequen-

1986 1660 2127 1714 tibus
2153 1670 2421 1728 oruatum,
2466 1662 2805 1731 viatoresque
2834 1661 3108 1731 plurimos
3152 1660 3449 1728 olTendunt,
3480 1660 3572 1731 qui

1988 1753 2112 1807 illuc
2156 1753 2567 1824 proﬁciscuntur
2622 1754 2761 1824 quod
2809 1769 2915 1809 non
2961 1753 3137 1809 minus
3181 1754 3248 1809 ad
3270 1754 3574 1810 securitatis

1986 1845 2432 1911 rationem-valet,
2456 1861 2614 1916 quam
2656 1845 2981 1911 mansiones,
3004 1844 3163 1899 urbes
3203 1853 3363 1914 atque
3408 1844 3571 1898 vill:e.

1989 1936 2255 1992 Prmterea
2281 1947 2336 1993 et
2354 1954 2418 1992 ex
2442 1937 2713 2008 provincia
2740 1937 3013 1991 civitatum
3041 1936 3313 2006 principes
3335 1934 3575 2008 deligunt

1988 2028 2153 2096 viros,
2196 2031 2436 2098 corporis
2479 2028 2842 2099 magnitudine
2870 2037 2925 2083 et
2950 2028 3153 2089 robore
3186 2027 3395 2083 cunctis
3440 2042 3576 2098 prte-

1988 2120 2264 2185 cellentes,
2301 2119 2584 2189 jaculoque
2610 2129 2665 2175 et
2690 2118 2851 2174 funda
2896 2127 3098 2173 tantum
3137 2118 3378 2175 valentes
3401 2133 3569 2188 quan-

1940 2200 1949 2211 ’
1990 2222 2099 2266 tum
2130 2214 2214 2267 vel
2241 2213 2496 2286 sagittarii
2517 2212 2841 2284 sagittis,vel
2868 2213 3061 2268 armati
3082 2212 3238 2284 pilis;
3260 2213 3576 2284 statutisque

1990 2305 2213 2361 ducibus
2238 2306 2431 2375 quibus
2467 2305 2542 2359 illi
2579 2306 2969 2374 obtemperent,
2999 2304 3100 2360 hoc
3126 2305 3205 2360 eis
3234 2304 3452 2360 unicum
3495 2304 3576 2360 iii-

1986 2398 2215 2469 jnngum
2241 2413 2456 2463 manus,
2470 2399 2746 2468 solamque
2771 2390 2975 2452 itineris
2997 2396 3177 2452 tuendi
3203 2412 3384 2452 curam
3405 2406 3577 2452 custo-

1990 2488 2239 2557 diamque
2275 2488 2608 2559 permittunt.
2638 2488 2720 2543 Ad
2761 2488 2875 2543 haec
2903 2488 3058 2542 aliam
3089 2488 3249 2558 longe
3290 2487 3373 2542 his
3405 2487 3580 2541 omni-

1990 2579 2090 2634 bus
2113 2579 2501 2650 diligentiorem
2527 2594 2707 2635 curam
2722 2578 3417 2650 excogitarunt.Habitacula
3432 2578 3576 2634 enim

1994 2671 2139 2726 mille
2164 2671 2410 2741 passibus
2437 2671 2504 2726 ab
2530 2671 2761 2726 invicem
2791 2670 3039 2726 distincta
3066 2669 3254 2724 itinere
3285 2678 3394 2723 toto
3412 2669 3578 2724 fabri-

1992 2774 2195 2830 cautes,
2227 2773 2516 2820 nocturnos
2546 2764 2655 2819 illic
2683 2745 2921 2820 statuere
2949 2762 3217 2828 custodes,
3238 2777 3335 2835 per
3363 2762 3579 2821 illorum

1992 2856 2200 2912 labores
2220 2867 2271 2911 et
2288 2858 2493 2928 vigilias
2523 2858 2812 2911 maximum
2841 2863 3028 2911 contra
3053 2856 3318 2911 latronum
3350 2856 3580 2925 impetus

1993 2947 2263 3000 munimen
2279 2946 2569 3000 viatoribus
2593 2946 2999 3000 constituentes.
3015 2945 3166 3001 Tunc
3181 2959 3308 3001 vero
3330 2946 3459 2999 nihil
3478 2946 3580 3001 ho-

1992 3057 2109 3097 rum
2130 3052 2265 3108 erat,
2284 3058 2389 3096 non
2408 3043 2545 3097 villae
2567 3051 2856 3113 perpetuae,
2872 3058 2976 3099 non
3002 3044 3180 3111 urbes,
3201 3058 3304 3098 non
3341 3044 3579 3100 mansio-

1994 3150 2111 3201 nes,
2130 3149 2236 3189 non
2267 3135 2580 3201 diversoria,
2603 3149 2707 3188 non
2738 3135 2943 3189 itineris
2971 3134 3121 3199 socii,
3148 3150 3251 3189 non
3277 3135 3473 3206 aliquid
3496 3135 3581 3191 de-

1994 3229 2153 3299 nique
2184 3228 2505 3296 hujusmodi.
2524 3228 2673 3282 Libet
2698 3243 2841 3284 nunc
2871 3228 3118 3283 omittere
3140 3229 3346 3283 semitm
3379 3230 3583 3300 asperi-

1995 3328 2154 3374 tatem
2172 3320 2415 3389 aerisque
2432 3319 2863 3389 inmqualitatcm,
2886 3335 3024 3390 qum,
3043 3319 3143 3373 etsi
3164 3319 3339 3374 desint
3358 3319 3583 3390 alia,per

1993 3426 2052 3466 se
2080 3411 2365 3465 viatoribus
2381 3420 2505 3465 sunt
2538 3411 2936 3465 molestissima.
2970 3410 3157 3465 Testes
3185 3409 3315 3465 mihi
3348 3411 3580 3482 suntqui

1994 3501 2254 3557 vehiculis
2272 3502 2632 3572 jumentisqne
2653 3501 2937 3569 vehuntur,
2956 3510 3010 3556 et
3030 3516 3096 3555 ne
3116 3502 3194 3556 sic
3214 3501 3431 3573 quidem,
3451 3518 3580 3556 con-

1992 3605 2140 3649 sueta
2155 3595 2341 3649 itinera
2358 3595 2553 3654 audent
2571 3594 2834 3660 incedere,
2854 3594 2951 3649 nisi
2970 3596 3115 3665 prius
3131 3610 3192 3650 ea
3211 3605 3375 3650 strata
3397 3596 3583 3666 lapidi-

1994 3686 2091 3742 bus
2111 3687 2360 3753 viderint,
2382 3686 2664 3756 foveasque
2684 3687 2900 3741 relictas
2920 3701 2947 3738 a
2977 3687 3301 3742 torrentibus
3326 3685 3582 3756 impleve-

1993 3779 2117 3843 rint,
2138 3788 2190 3833 et
2207 3788 2393 3833 cuncta
2413 3778 2891 3847 complanaverint.
2909 3776 3172 3832 Caeterum
3193 3785 3316 3831 tunc
3330 3776 3564 3832 inhabita

1993 3873 2083 3928 bili
2103 3873 2316 3943 regione
2341 3878 2458 3927 erat
2473 3870 2552 3925 via
2581 3871 2668 3925 illa
2688 3870 3107 3940 desertior,ipsis
3123 3870 3394 3926 montibus
3422 3884 3555 3940 aspe

1994 3967 2123 4032 rior,
2144 3965 2531 4035 praeruptisque
2547 3963 2794 4018 omnibus
2816 3969 2871 4018 et
2886 3961 3191 4032 prmcipitiis
3209 3961 3559 4031 periculosior

1993 4056 2241 4112 Nondum
2272 4055 2323 4111 id
2351 4055 2491 4127 quod
2518 4063 2603 4109 est
2632 4054 2867 4109 omnium
2914 4050 3286 4124 gravissimum
3313 4047 3444 4115 dixi,
3476 4065 3579 4120 qua

1995 4146 2299 4203 conditione
2343 4146 2659 4201 commercia
2706 4152 2833 4200 tunc
2874 4153 3089 4211 essent,
3136 4142 3279 4214 quod
3338 4143 3590 4214 graviora.

1994 4238 2205 4309 negotia
2232 4236 2530 4292 facessebat
2552 4251 2710 4306 quam
2757 4236 2885 4307 ipsa:
2927 4236 3048 4300 viae,
3076 4249 3198 4290 cum
3229 4248 3419 4290 omnes
3454 4242 3581 4289 tunc

1994 4346 2090 4401 per
2110 4338 2315 4401 gentes,
2344 4329 2454 4383 imo
2502 4343 2650 4394 vero,
2678 4337 2739 4382 ut
2779 4328 2959 4383 verius
2986 4328 3192 4398 loquar,
3221 4343 3317 4398 per
3341 4328 3585 4383 civitates

1994 4421 2148 4476 divisi
2174 4427 2373 4476 essent.
2389 4419 2574 4490 Neque
2594 4421 2735 4474 enim
2762 4419 2917 4473 sicuti
2943 4434 3083 4473 nunc
3102 4419 3153 4472 in
3184 4420 3415 4472 maxima
3436 4418 3586 4475 orbis

1996 4522 2146 4583 parte
2162 4513 2250 4567 uni
2269 4512 2492 4582 imperio
2514 4511 2771 4580 uniusque
2786 4509 2974 4565 ditioni
2995 4510 3246 4564 mortales
3265 4523 3453 4569 omnes
3469 4524 3576 4565 ser-

1995 4606 2226 4668 viebant,
2246 4603 2558 4674 eisdemque
2581 4600 3015 4673 gubernabantur
3050 4599 3276 4669 legibus,
3296 4598 3393 4654 sed
3417 4599 3585 4655 veluti

1994 4711 2188 4767 corpus
2210 4698 2261 4749 iu
2290 4696 2453 4749 multa
2481 4693 2721 4749 membra
2745 4692 3040 4759 concisum,
3073 4692 3140 4745 ita
3185 4690 3458 4747 hominum
3489 4703 3585 4760 ge-

1996 4805 2095 4844 nus
2116 4789 2470 4859 disgregatum
2493 4796 2627 4853 erat,
2640 4781 2935 4856 hostesque
2948 4800 3016 4839 ex
3049 4782 3287 4839 hostibus
3298 4781 3477 4854 justus
3495 4782 3587 4837 ille

1995 4891 2201 4937 mutare
2224 4884 2274 4936 in
2297 4882 2411 4936 dies
2427 4877 2909 4951 cogebatur,,etiam
2931 4884 3211 4946 antequam
3228 4875 3436 4946 priores
3453 4872 3588 4946 etfu-

1994 4986 2163 5046 geret,
2180 4991 2364 5033 rursus
2386 4975 2439 5029 in
2473 4975 2606 5028 alios
2628 4972 2888 5037 incidens,
2903 4986 3027 5026 cum
3046 4967 3172 5024 alibi
3186 4967 3400 5039 quidem
3419 4967 3585 5038 pluri-

1996 5082 2205 5123 morum
2228 5067 2550 5134 dominatus,
2566 5067 2693 5120 alibi
2716 5064 2890 5119 nullus
2910 5060 3287 5118 dominationis
3323 5058 3456 5115 ordo
3473 5074 3587 5116 ser“

1996 5168 2226 5214 varetur.
2247 5158 2382 5226 Quid
2419 5159 2579 5229 igitur
2608 5157 2709 5212 hoc
2746 5155 2868 5210 vita:
2902 5169 3098 5225 genere
3136 5150 3587 5213 molestiuslNon

1996 5251 2137 5304 enim
2156 5251 2252 5303 sibi
2271 5249 2367 5309 soli
2390 5247 2657 5303 metuebat
2669 5260 2731 5300 ac
2746 5244 2988 5315 pavebat,
3006 5258 3192 5299 verum
3210 5243 3344 5314 patri
3363 5248 3416 5297 et
3430 5241 3585 5295 uxori

1996 5352 2048 5397 et
2068 5343 2264 5413 nepoti.
2277 5340 2563 5397 Servorum
2580 5353 2791 5410 quoque
2806 5352 2910 5392 non
2928 5336 3116 5409 exigua
3131 5342 3243 5389 erat
3258 5348 3406 5400 cura,
3422 5332 3586 5391 etiam

1995 5450 2115 5489 cum
2143 5434 2287 5489 domi
2308 5440 2507 5497 essent,
2547 5430 2740 5489 nedum
2760 5439 2883 5485 tunc
2898 5429 3111 5500 quando
3140 5442 3234 5498 per
3252 5426 3424 5485 aliena
3461 5425 3585 5483 ferri

1995 5524 2341 5595 cogebantur.
2364 5523 2441 5577 Ac
2476 5523 2521 5576 si
2551 5521 2765 5592 quidem
2801 5519 3133 5589 exploratum
3174 5517 3264 5572 ille
3288 5516 3583 5579 habuisset,

1995 5614 2207 5688 quando
2222 5614 2310 5670 hic
2325 5629 2476 5669 error
2496 5613 2653 5668 ﬁnem
2677 5611 2863 5667 fuisset
2881 5610 3176 5677 habiturus,
3191 5624 3294 5663 non
3317 5607 3589 5675 adeogra-

1996 5728 2086 5767 ves
2108 5712 2211 5769 illa:
2226 5724 2371 5764 cura:
2402 5707 2563 5761 fuisse
2595 5704 2905 5759 viderentur
2934 5717 3110 5758 :nunc
3146 5716 3273 5757 vero
3294 5714 3413 5755 cum
3448 5696 3582 5753 sim-

2000 5804 2206 5878 pliciter
2232 5811 2389 5875 atque
2407 5798 2681 5869 indeﬁnite
2703 5796 2958 5855 audisset.
2974 5793 3039 5851 In
3060 5798 3262 5862 terram,
3284 5806 3387 5847 non
3407 5791 3585 5861 istam,
