4060 6136
392 369 404 389 ι
461 295 565 352 659

455 408 538 464 vel
556 404 825 473 ηιθυτωά
839 420 990 474 quam
1018 412 1354 456 monstravere
1374 400 1461 454 tibi
1477 398 1628 473 (Gen.
1645 399 1829 468 12.1),
1855 399 2033 453 omnia

454 505 635 552 mente
668 494 1361 563 circumibat,ingentesque
1395 492 1650 545 tumultus
1682 490 1859 543 animo
1895 488 2033 543 acci-

453 587 784 657 piebat,cum
814 599 1074 654 nusquam
1103 584 1292 637 sistere
1314 581 1685 651 cogitationem
1713 588 1913 648 posset,
1940 576 2032 651 sed

451 677 708 748 suspicari
728 677 972 747 plurima,
991 674 1236 746 curisque
1256 674 1374 744 angi
1396 682 1694 742 cogeretur.
1716 669 1868 726 Credi
1890 671 2032 724 enim

453 778 632 841 potest
674 769 739 823 ad
787 768 931 823 orbis
970 779 1123 821 terra:
1166 767 1319 830 lines,
1351 764 1727 834 Oceanumque
1773 765 1944 832 ipsum
1975 776 2034 816 se

453 860 816 931 profecturum
878 869 1241 928 exSpectasse.
1288 858 1470 927 Itaque
1516 856 1616 910 etsi
1662 871 1767 909 non
1814 868 2030 909 omnem

454 952 796 1022 perlustravit
820 960 1039 1016 terram,
1069 965 1253 1004 curam
1282 959 1457 1002 tamen
1486 947 1707 1015 hujusce
1749 945 1848 999 sibi
1879 943 2049 1013 perli-'

451 1040 627 1098 eiendi
659 1042 861 1098 itineris
888 1040 1351 1109 sustinuit.Neque
1373 1039 1513 1092 enim
1536 1038 1713 1091 animo
1731 1036 1800 1090 ita
1824 1043 2035 1104 paratus

450 1142 586 1200 erat,
604 1134 751 1204 quasi
782 1133 848 1188 ad
878 1135 1042 1188 solam
1090 1147 1257 1201 usque
1299 1128 1634 1184 Palaestinam
1680 1126 2033 1196 profecturus,

451 1224 548 1283 sed
565 1223 717 1295 quasi
747 1224 938 1293 ubique
963 1223 1236 1293 jubeutetn
1259 1229 1598 1290 sequuturus.
1618 1217 1825 1273 etiamsi
1851 1216 2034 1280 orbem

454 1326 623 1375 totum
653 1315 927 1386 pervagari
954 1315 1249 1383 juberetur,
1279 1312 1483 1366 etiamsi
1514 1309 1580 1363 ad
1610 1324 1702 1365 eas
1740 1323 1857 1377 qua:
1887 1316 2033 1361 extra

458 1406 748 1464 habitatam
792 1415 919 1460 sunt
966 1404 1166 1458 insulas
1204 1402 1479 1456 accedere.
1531 1399 1681 1466 Quod
1728 1399 1774 1452 si
1817 1411 2037 1466 sperare

454 1497 779 1551 contrarium
810 1487 1077 1565 prtec'epto
1104 1492 1378 1547 indefinito
1410 1491 1743 1555 suaderctur,
1771 1489 1819 1543 id
1851 1503 2035 1543 rursus

453 1595 569 1640 erat
596 1586 1049 1640 molestissimum.
1075 1583 1121 1637 ls
1147 1583 1288 1637 enim
1320 1582 1405 1651 qui
1434 1596 1595 1650 grave
1620 1579 1816 1649 aliquid
1841 1580 2041 1633 tolera-

457 1684 607 1730 turus
632 1685 734 1742 est,
769 1676 934 1730 multo
956 1674 1057 1729 fert
1082 1675 1272 1737 levius,
1305 1673 1348 1726 si
1381 1683 1565 1742 aperte
1610 1671 1741 1724 sciat
1785 1670 1909 1740 quid
1938 1669 2039 1723 sibi

454 1767 821 1822 sustinendum
847 1766 935 1832 sit,
964 1774 1017 1820 et
1040 1764 1106 1818 ad
1151 1763 1276 1833 quid
1319 1777 1437 1816 sese
1483 1776 1786 1831 prteparare
1823 1760 2034 1826 debeat,

454 1872 613 1927 quam
644 1856 687 1910 si
712 1871 803 1925 per
824 1857 1001 1909 omnia
1032 1854 1443 1924 cogitationibus
1474 1852 1705 1923 jactetur
1755 1849 2036 1920 ambiguis,

454 1958 509 2004 et
535 1963 672 2003 nunc
697 1948 838 2014 lima,
872 1947 1028 2001 modo
1059 1947 1229 2001 tristia
1270 1955 1563 2016 exspectet,
1597 1958 1695 1999 nec
1726 1943 1895 2014 possit
1920 1941 2036 1998 cui-

455 2055 613 2109 quam
660 2038 848 2093 ltorttm
908 2038 1201 2104 conlidere,
1249 2052 1371 2091 cum
1421 2047 1703 2105 utrumque
1734 2034 2041 2104 pariteritt-

457 2141 662 2187 ccrtum
693 2131 876 2186 haberi
906 2131 1092 2201 possit.

527 2222 579 2275 7.
615 2222 743 2290 Quot
783 2222 993 2274 adversa
1021 2223 1186 2273 tulerit
1215 2220 1488 2274 Abraham.
1511 2249 1580 2258 -—
1607 2218 1673 2274 Et
1694 2219 1788 2272 Est?
1824 2216 2037 2288 quidem

454 2321 737 2383 antequam
779 2312 829 2366 in
879 2312 1257 2380 reproodssain
1302 2320 1496 2365 terram
1539 2311 1844 2380 perveniret
1876 2328 1887 2361 :
1918 2323 2039 2362 cum

455 2422 584 2461 vero
615 2405 824 2460 tandem
851 2406 901 2460 in
935 2406 1265 2460 Palaestinam
1298 2406 1554 2471 venisset,
1589 2413 1642 2457 et
1671 2419 1728 2458 se
1748 2403 1856 2474 jam
1887 2402 2039 2471 quie-

455 2506 630 2551 turum
656 2507 916 2566 speraret,
950 2504 1075 2550 tunc
1108 2512 1232 2551 vero
1260 2496 1429 2566 major
1461 2495 1610 2549 illum
1644 2495 1695 2547 in
1726 2503 1879 2562 portu
1904 2502 2040 2546 tem-

455 2597 632 2657 pestas
680 2589 914 2658 excepit.
959 2587 1056 2641 Est
1098 2597 1274 2642 autem
1320 2602 1383 2641 ea
1433 2602 1536 2639 non
1579 2586 1795 2640 minima
1842 2583 2040 2638 doloris

458 2684 616 2748 ratio,
644 2684 750 2737 imo
774 2684 1009 2736 omnium
1041 2681 1541 2745 intolerabilissima,
1566 2695 1685 2733 eum
1708 2680 1826 2748 quis
1851 2678 1915 2732 ad
1927 2693 2042 2732 ver-

455 2776 528 2831 sis
555 2791 615 2831 se
652 2785 893 2845 ereptum
927 2786 1149 2845 putans,
1180 2786 1338 2844 atque
1366 2774 1430 2827 ad
1465 2774 1621 2828 linem
1656 2773 1828 2841 ipsum
1860 2785 2043 2840 perve-

457 2869 634 2933 nisse,
672 2884 797 2923 cura
826 2869 935 2937 jam
974 2868 1117 2921 omni
1152 2875 1207 2920 et
1234 2866 1553 2935 cogitatione
1581 2864 1824 2929 solutus,
1855 2877 2040 2917 rursus

455 2961 662 3015 initium
694 2960 838 3013 aliud
869 2961 1126 3013 malorum
1148 2959 1378 3028 experiri
1403 2958 1766 3028 compellitur.
1797 2956 1926 3011 Nam
1950 2957 2039 3025 qui

455 3051 519 3105 ad
544 3051 761 3106 ferenda
792 3050 1014 3105 adversa
1042 3050 1216 3104 adhuc
1242 3060 1458 3121 paratus
1482 3058 1583 3116 est,
1607 3049 1842 3119 aequiore
1862 3049 2042 3102 animo

457 3143 557 3196 ista
587 3157 709 3196 cum
740 3142 841 3197 sibi
885 3142 1197 3207 inferentur,
1231 3142 1459 3211 excipiet
1493 3159 1505 3196 :
1537 3151 1592 3195 at
1619 3156 1747 3195 vero
1773 3140 1818 3196 si
1857 3139 2042 3211 positis

457 3248 705 3288 curarum
734 3234 1161 3304 cogitationibus,
1190 3233 1389 3304 aliquid
1422 3232 1722 3301 hujusmodi
1747 3233 2039 3302 contingat,

458 3323 663 3379 duabus
690 3339 757 3378 ex
790 3325 1029 3395 partibus
1058 3325 1319 3390 turbatur,
1346 3338 1408 3378 ac
1428 3333 1725 3394 expugnatu
1751 3323 1916 3377 facilis
1936 3333 2039 3390 est,

457 3422 568 3469 tum
601 3413 721 3483 quia
756 3415 1116 3483 inexspectata
1149 3429 1236 3469 res
1267 3423 1369 3479 est,
1404 3422 1513 3468 ttnn
1542 3415 1663 3484 quia
1698 3429 1911 3469 omnem
1951 3430 2045 3469 cu-

459 3518 572 3558 ram
601 3513 655 3559 et
699 3513 1010 3576 apparatum
1043 3505 1305 3574 deposuit.
1335 3505 1590 3574 Qumnam
1618 3521 1745 3576 ergo
1776 3506 1874 3558 ista
1905 3514 2043 3559 tem-

460 3603 639 3666 pestas
662 3594 798 3649 fuit?
826 3594 1014 3650 Fames
1033 3595 1102 3650 ita
1121 3595 1291 3649 valida
1310 3596 1645 3650 Palmstinam
1668 3605 2041 3665 occupaverat,

460 3696 516 3741 ιιι
537 3686 659 3741 inde
688 3689 940 3742 continuo
970 3704 1256 3758 exsurgere
1280 3699 1497 3741 coactus
1523 3689 1612 3754 sit,
1631 3699 1789 3757 atque
1814 3689 1863 3742 in
1882 3687 2046 3759 rEgy-

462 3787 609 3848 ptum
633 3778 915 3849 prolicisci.
941 3778 1055 3846 Quo
1077 3794 1197 3832 cum
1223 3778 1573 3848 pervenisset,
1591 3778 1752 3832 veluti
1784 3779 2043 3833 malorum

457 3874 613 3926 linem
670 3871 1017 3935 inventurus,
1062 3869 1163 3923 alia
1209 3869 1356 3923 illum
1400 3883 1587 3923 rursus
1626 3866 1764 3922 fame
1807 3868 2047 3922 acerbior

455 3964 731 4017 calamitas
755 3962 966 4028 invasit,
998 3961 1132 4016 adeo
1162 3971 1218 4014 ut
1243 3960 1310 4015 de
1339 3974 1542 4013 summa
1569 3974 1747 4014 rerum
1776 3958 2045 4028 periclita-

457 4064 625 4121 retur,
652 4064 809 4126 atque
859 4069 924 4107 eo
966 4053 1171 4107 timoris
1199 4051 1454 4107 deductus
1478 4051 1565 4116 sit,
1596 4060 1654 4106 ut
1679 4050 1816 4121 quod
1842 4051 2045 4122 gravis-

458 4145 650 4197 simum
683 4154 764 4198 est
791 4143 1049 4205 omnium,
1082 4156 1300 4197 uxorem
1345 4141 1549 4196 scilicet
1606 4142 1796 4197 alienae
1840 4140 2042 4195 libidini

455 4250 748 4309 exponere,
774 4245 917 4290 metu
944 4245 1158 4291 coactus
1181 4236 1421 4305 eligeret.
1445 4234 1502 4289 ln
1522 4245 1720 4290 tantam
1741 4236 1880 4291 enim
1922 4245 2047 4290 tunc

459 4326 835 4382 necessitatem
861 4327 1092 4393 devenit,
1125 4337 1179 4381 ut
1207 4329 1366 4382 etiam
1389 4327 1726 4382 simulatione
1756 4336 1995 4383 uteretur
2025 4345 2040 4383 :

453 4434 557 4489 quo
583 4418 708 4489 quid
731 4418 833 4473 diei
873 4420 1225 4475 miserabilius
1262 4420 1464 4491 possit?
1507 4421 1622 4488 Quo
1665 4420 1808 4475 enim
1866 4419 2045 4474 animo

458 4512 603 4566 illum
632 4509 796 4567 fuisse
824 4513 1120 4581 existimas,
1148 4528 1267 4568 cum
1296 4513 1444 4568 uxori
1474 4514 1543 4567 ita
1571 4514 1851 4569 consulere
1881 4528 2041 4583 coge-

452 4611 617 4669 retur,
648 4612 702 4658 et
730 4602 934 4659 diceret
963 4622 975 4656 :
1007 4603 1127 4660 Scio
1155 4621 1243 4675 ego
1284 4604 1418 4675 quod
1464 4604 1645 4658 mulier
1685 4603 1868 4657 decora
1912 4607 2043 4674 [acie

453 4695 539 4749 sis.
568 4694 679 4749 Erit
701 4712 818 4766 ergo
846 4712 960 4751 cum
990 4705 1035 4749 te
1054 4697 1266 4750 viderint
1289 4695 1546 4769 Egyptii,
1573 4697 1758 4749 dicturi
1784 4707 1902 4750 sunt
1924 4697 2043 4763 quia

458 4785 602 4840 Uxor
626 4787 765 4841 illius
785 4796 854 4840 est
871 4805 890 4853 ;
921 4796 967 4840 et
993 4788 1287 4857 interﬁciant
1308 4805 1406 4854 nte,
1434 4797 1479 4840 et
1509 4788 1827 4843 reservabant
1843 4797 1909 4842 te.
1949 4787 2041 4840 Dic

457 4894 577 4949 ergo
610 4880 730 4945 quia
776 4878 938 4933 Soror
963 4878 1102 4933 illius
1133 4896 1265 4945 sum,
1296 4888 1351 4931 ut
1373 4880 1494 4934 bene
1514 4879 1636 4933 mihi
1656 4881 1720 4932 sit
1741 4890 1943 4949 propter
1973 4887 2037 4944 te,

454 4970 678 5028 t'ivatque
698 4970 867 5022 anima
889 4985 1000 5022 utea
1016 4969 1076 5022 ob
1096 4970 1310 5042 gratiam
1338 4970 1410 5022 tui
1433 4968 1586 5038 (Gen.
1615 4970 1702 5023 12.
1724 4969 1802 5024 Η.
1834 4968 2040 5034 l3).llis

453 5058 633 5113 verbis
680 5073 808 5112 usus
859 5067 940 5112 est
987 5060 1077 5129 qui
1134 5069 1351 5128 propter
1390 5059 1575 5122 Deum,
1607 5067 1665 5112 et
1721 5059 1963 5127 patriam,
1989 5067 2042 5113 et

453 5150 693 5217 domum,
719 5158 773 5204 et
822 5150 1043 5217 amicos,
1091 5159 1145 5205 et
1182 5158 1454 5220 cognatos,
1496 5148 1706 5217 aliaque
1750 5148 2040 5202 domestica

452 5240 630 5294 omnia
670 5239 981 5306 dimiserat;
1028 5241 1117 5313 qui
1173 5241 1334 5296 talem
1381 5254 1670 5294 terumnam
1731 5247 2043 5308 tantumque

454 5331 654 5387 laboris
702 5340 807 5385 tam
862 5332 1068 5402 prolixo
1125 5342 1365 5401 tempore
1404 5332 1456 5386 in
1510 5332 1699 5388 itinere
1755 5347 2041 5404 perpessus

454 5425 628 5480 fuerat
655 5442 669 5479 :
700 5436 755 5480 et
783 5434 957 5482 tamen
990 5426 1118 5481 nihil
1149 5425 1449 5497 hujusmodi
1478 5426 1725 5497 loquutus
1744 5435 1845 5494 est,
1875 5436 2035 5495 puta:

453 5516 688 5588 Reliquit
733 5533 818 5573 me
863 5518 1018 5584 Deus,
1052 5528 1105 5576 et
1128 5527 1402 5574 aversatus
1429 5528 1528 5582 est,
1573 5533 1775 5588 suaque
1816 5532 1943 5572 cura
1987 5527 2040 5573 et

453 5608 783 5680 providentia
810 5611 1067 5679 exclusit;
1098 5610 1191 5667 sed
1236 5611 1444 5667 fortiter
1484 5613 1660 5666 omnia
1710 5628 1773 5668 ac
1813 5612 2043 5668 fideliter

454 5703 671 5771 pertulit
700 5723 712 5760 :
741 5713 789 5760 et
817 5704 905 5775 qui
935 5705 1160 5761 maxime
1179 5705 1437 5773 omnium,
1466 5720 1629 5761 uxore
1660 5721 1753 5777 per
1776 5720 2038 5762 summam

1167 289 1224 346 S.
1266 286 1542 345 JOANNIS
1577 287 2050 345 CIIRYSOSTOMI
2088 276 2411 344 ARCHIEP.
2450 278 2986 341 CONSTANTINOP.

3618 276 3730 335 460

2137 398 2244 451 vim
2268 396 2607 452 contumeliis
2626 394 2813 449 affecta
2837 393 2993 449 irasci
3013 390 3289 457 debuerat,
3319 389 3508 460 agebat
3548 391 3730 444 omnia

2138 503 2205 543 ne
2234 486 2552 541 contumelia
2595 484 2874 539 manifesta
2925 483 3098 539 ﬁeret.
3133 481 3244 536 lloc
3269 496 3397 535 vero
3426 479 3735 551 cujusmodi

2137 580 2384 636 maeroris
2426 593 2489 633 ac
2527 577 2727 632 doloris
2765 578 2853 642 sit,
2901 589 3149 631 sermone
3189 570 3445 644 explicari
3492 573 3682 644 nequit
3715 590 3734 627 :

2139 680 2334 726 norunt
2360 670 2409 725 id
2433 686 2619 724 omnes
2644 670 2731 739 qui
2763 683 2962 724 uxores
2992 667 3272 730 duxerunt,
3306 674 3466 736 atque
3498 665 3548 719 in
3577 664 3733 720 zelo-

2143 761 2301 834 typite
2329 776 2580 830 umquam
2609 759 2966 829 suspicionem
2997 757 3317 835 inciderunt.
3354 754 3459 810 Sed
3488 764 3545 810 et
3568 754 3734 809 Salo-

2139 868 2260 907 mon
2290 867 2532 924 qutenam
2562 851 2632 905 sit
2668 850 2782 903 lnec
2811 849 2988 919 passio
3019 845 3460 912 testatur,dicens
3491 862 3504 899 :
3537 843 3741 903 Plenus

2137 944 2271 996 enim
2295 945 2400 996 zelo
2431 946 2574 1013 furor
2594 941 2686 995 viri
2712 941 2823 1010 eius
2846 943 2886 1006 ³,
2908 956 3008 993 non
3037 948 3201 1008 parcet
3235 938 3286 991 in
3308 937 3387 990 die
3405 937 3613 1007 judicii,
3639 953 3735 991 ne-

2138 1050 2234 1104 que
2259 1033 2397 1086 nullo
2416 1033 2574 1102 pretio
2603 1032 2895 1085 inimicitias
2919 1031 3094 1096 solvet,
3118 1046 3277 1099 neque
3305 1029 3451 1082 donis
3494 1029 3738 1100 plurimis

2137 1124 2540 1179 reconciliabitur
2589 1124 2768 1195 (Prov.
2811 1124 2863 1179 6.
2923 1121 3151 1191 54.55).
3191 1123 3256 1177 Et
3296 1137 3481 1176 rursus
3511 1139 3526 1174 :
3555 1120 3607 1174 1⁷
3608 1123 3739 1177 ortis

2140 1225 2193 1269 ut
2221 1232 2352 1269 mors
2378 1214 2599 1280 dilectio,
2643 1216 2801 1269 durus
2826 1224 2878 1268 ut
2916 1215 3145 1285 infernus
3189 1213 3328 1266 zelus
3367 1211 3541 1285 (Cant.
3566 1215 3621 1268 8.
3648 1213 3736 1283 ϐ).

2138 1308 2290 1378 Quod
2315 1309 2358 1362 si
2390 1310 2662 1378 zelotypus
2688 1308 2760 1362 ita
2802 1306 3161 1372 excandescit,
3192 1306 3236 1359 is
3264 1306 3352 1375 qui
3380 1307 3541 1359 tantis
3572 1320 3737 1375 pres-

2139 1416 2229 1455 sus
2259 1408 2374 1457 erat
2394 1399 2764 1465 incommodis,
2784 1409 2840 1453 ut
2858 1407 3139 1469 cogeretur
3166 1397 3243 1452 eis
3267 1413 3476 1468 quoque
3501 1398 3736 1463 adulari,

2139 1492 2313 1561 quise
2341 1491 2679 1545 contumeliis
2721 1489 3013 1554 alﬁcerent,
3046 1499 3099 1544 et
3125 1504 3260 1559 quos
3310 1488 3491 1543 ulcisci
3526 1488 3738 1543 debue-

2141 1592 2447 1648 rat,cnncta
2475 1582 2650 1636 facere
2674 1590 2727 1635 ut
2749 1581 2996 1635 libidines
3019 1580 3316 1650 explerent,
3340 1593 3541 1648 suaque
3565 1594 3740 1633 uxore

2140 1675 2462 1739 fruerentur,
2494 1689 2600 1742 quo
2630 1688 2733 1726 non
2759 1672 2863 1725 diei
2903 1681 3075 1739 potest
3106 1668 3496 1725 miserabilior?
3524 1668 3741 1723 biterea

2141 1779 2262 1818 cum
2295 1763 2390 1817 ista
2422 1779 2633 1833 quoque
2682 1763 2851 1817 tristia
2899 1761 3057 1814 linem
3084 1761 3438 1830 acet-pissent,
3478 1761 3582 1814 alia
3615 1775 3743 1815 rur-

2141 1870 2233 1909 sus
2276 1856 2499 1911 adversa
2536 1856 2909 1926 gignebantur,
2938 1854 3168 1922 fumique
3214 1853 3410 1908 bellum
3454 1855 3738 1910 successit.

2141 1945 2340 2003 Otnitto
2383 1962 2522 2001 nunc
2551 1948 2693 2001 rixas
2723 1954 2777 2000 et
2812 1946 2983 2015 jurgia
3017 1955 3307 2014 pastorum,
3340 1946 3743 2013 separationetn

2141 2055 2172 2093 a
2201 2037 2380 2093 fratris
2427 2036 2536 2092 lilio
2566 2055 2580 2091 :
2612 2035 2853 2105 quamvis
2898 2035 2995 2090 ista
3024 2050 3257 2109 quoque,
3284 2034 3332 2088 si
3356 2051 3479 2089 cum
3523 2037 3742 2090 exteris

2143 2132 2533 2196 examinentur,
2567 2142 2850 2184 maerorem
2879 2142 2983 2181 non
3012 2126 3335 2180 mediocrem
3364 2126 3562 2182 inferre
3606 2142 3742 2197 pos-

2143 2223 2269 2277 sint.
2298 2222 2426 2276 Cum
2447 2221 2591 2276 enim
2619 2221 2662 2275 is
2690 2219 2778 2291 qui
2800 2227 3043 2275 servatus
3067 2217 3133 2273 ab
3157 2233 3220 2272 eo
3243 2218 3433 2283 fuerat,
3463 2219 3741 2288 tantisque

2144 2330 2243 2384 per
2289 2314 2434 2368 illum
2481 2314 2677 2384 potitus
2730 2311 3062 2379 commodis,
3111 2312 3211 2373 qui.
3249 2311 3348 2365 sibi
3404 2311 3597 2367 cedere
3640 2327 3742 2381 per

2143 2407 2342 2472 omnia,
2406 2416 2750 2475 pastoresque
2794 2420 2919 2460 suos
2969 2408 3244 2475 inerrare
3289 2403 3579 2470 debuerat;
3626 2403 3747 2470 hic,

2144 2499 2362 2568 Optione
2411 2498 2699 2568 proposita,
2746 2496 3058 2552 fertilioretn
3106 2497 3205 2551 sibi
3243 2497 3514 2568 regionem
3539 2496 3739 2568 elegit,

2144 2589 2395 2643 incultam
2438 2589 2513 2643 illi
2550 2603 2614 2644 ac
2654 2589 3004 2644 desertiorem
3047 2589 3390 2658 relinquens:
3419 2589 3571 2658 quis,
3616 2603 3744 2655 oro,

2146 2678 2305 2735 facile
2350 2681 2531 2747 ferret,
2579 2697 2686 2735 non
2726 2681 2846 2736 dico
2889 2681 3292 2749 detrimentum,
3322 2682 3416 2736 sed
3467 2682 3740 2751 iniuriam,

2145 2785 2267 2825 cum
2296 2771 2501 2825 videret
2524 2787 2609 2837 se,
2637 2773 2726 2842 qui
2758 2772 2927 2842 ipsum
2974 2771 3308 2836 honorasset,
3336 2787 3525 2841 parum
3568 2773 3743 2828 hono-

2146 2864 2294 2919 rifice
2341 2865 2578 2929 tractari,
2607 2880 2669 2919 ac
2693 2866 2952 2920 minorem
2993 2865 3236 2934 accipere
3260 2866 3508 2936 partem?
3534 2864 3588 2918 id
3616 2865 3742 2934 qui-

2145 2955 2266 3010 dem
2316 2958 2459 3011 omni
2515 2956 2837 3012 detrimento
2889 2957 3102 3027 gravius
3142 2966 3421 3021 censetur;
3481 2956 3575 3011 sed
3620 2958 3739 3010 Inee

2148 3034 2325 3102 tamen
2376 3049 2620 3103 universa
2670 3058 2935 3117 praetereo
2961 3067 2972 3101 :
3003 3047 3070 3102 de
3098 3047 3396 3116 patriarcha
3432 3050 3598 3112 enim,
3631 3063 3747 3104 nou

2146 3138 2213 3194 de
2234 3140 2422 3206 quovis
2450 3138 2664 3194 homine
2695 3140 2847 3194 nobis
2876 3154 3054 3194 sermo
3080 3145 3182 3194 εει.

2221 3231 2273 3285 8.
2301 3231 2569 3286 Successit
2599 3231 2673 3285 illi
2701 3230 2822 3285 fami
2867 3230 3136 3285 Persicum
3179 3229 3397 3295 bellum,
3425 3231 3743 3300 cogiturque

2148 3323 2406 3378 adversus
2424 3323 2605 3379 hostes
2636 3324 2853 3377 victoria
2881 3323 3052 3378 elatos
3075 3322 3293 3377 militem
3321 3323 3517 3377 ducere
3543 3324 3607 3388 is,
3636 3324 3729 3392 qui

2151 3416 2411 3485 principio
2433 3431 2537 3471 non
2566 3414 2791 3469 alfuerat
2839 3414 2983 3481 belli,
3016 3414 3235 3485 integris
3285 3415 3461 3471 adhuc
3487 3416 3732 3485 utrisque

2152 3507 2409 3575 partibus,
2442 3506 2539 3562 sed
2583 3507 2803 3561 victoria
2842 3506 2952 3576 jam
2988 3507 3170 3577 potitis
3206 3507 3468 3573 hostibus,
3493 3522 3615 3562 cum
3637 3524 3736 3562 eos

2150 3616 2307 3655 nemo
2334 3600 2473 3655 ferre
2499 3611 2699 3672 posset,
2729 3599 2822 3655 sed
2872 3600 2960 3654 alii
2991 3599 3204 3669 quidem
3241 3601 3436 3669 passim
3470 3600 3738 3656 interfecti

2148 3702 2348 3759 essent,
2373 3694 2457 3747 alii
2485 3709 2544 3748 se
2565 3693 2782 3748 latebris
2807 3702 2860 3747 et
2890 3691 3026 3764 fugae
3058 3692 3350 3758 dedissent,
3396 3702 3445 3748 et
3481 3694 3665 3764 reliqui
3687 3696 3744 3747 in

2148 3786 2457 3842 servitutem
2482 3785 2698 3841 abducti
2729 3784 2970 3840 fuissent.
3020 3785 3123 3840 Sed
3153 3771 3331 3839 tamen
3386 3783 3512 3838 nihil
3547 3785 3741 3839 horum

2151 3878 2299 3933 illum
2326 3886 2382 3930 ut
2407 3875 2552 3930 domi
2577 3887 2816 3930 maneret
2842 3875 3072 3940 induxit,
3096 3873 3188 3929 sed
3214 3873 3516 3929 vehementi
3550 3890 3743 3929 mmroc

2149 3981 2208 4022 re
2238 3967 2516 4037 perculsus
2543 3967 2814 4037 profectus
2836 3977 2938 4031 est,
2987 3967 3100 4037 ipse
3123 3981 3335 4036 quoque
3372 3965 3610 4036 ejusdem
3642 3982 3738 4021 ca-

2150 4059 2399 4115 lamitatis
2426 4059 2690 4128 particeps
2721 4058 2945 4123 futurus,
2971 4072 3135 4126 seque
3174 4058 3345 4127 ipsum
3389 4055 3528 4111 haud
3557 4057 3738 4111 dubie

2149 4151 2267 4208 neci
2291 4150 2647 4219 expositurus.
2670 4149 2801 4204 Nam
2824 4149 2958 4203 velle
2984 4163 3102 4203 cum
3127 4148 3376 4203 trecentis
3405 4147 3575 4201 servis
3605 4148 3741 4213 suis,

2148 4242 2230 4297 vel
2264 4243 2471 4297 modice
2503 4241 2760 4311 pluribus,
2790 4239 3073 4294 adversum
3106 4240 3314 4294 hostem
3357 4239 3741 4293 numerosissi-

2153 4349 2297 4388 mum
2324 4334 2579 4388 dimicare
2597 4333 2728 4387 nihil
2748 4333 2890 4386 aliud
2930 4332 3167 4402 profecto
3207 4340 3344 4398 erat,
3367 4346 3529 4402 quam
3585 4346 3645 4386 se
3683 4340 3741 4385 et

2148 4426 2433 4495 captivitati
2456 4434 2509 4479 et
2538 4425 2797 4494 supplicio
2826 4434 2880 4480 et
2909 4426 3067 4480 morti
3099 4424 3457 4480 acerbissima:
3500 4439 3741 4493 expone-

2149 4533 2230 4573 re.
2266 4516 2540 4572 Profecms
2576 4517 2751 4584 itaque
2773 4526 2873 4578 est.
2919 4524 2976 4569 ut
2996 4515 3110 4584 ipse
3152 4529 3362 4584 quoque
3405 4515 3739 4569 barbaricam

2150 4610 2531 4671 immanitatem
2560 4609 2916 4679 experiretur.
2948 4606 3145 4661 Verum
3204 4606 3295 4660 Dei
3318 4606 3600 4661 clementia
3621 4620 3743 4659 ser.

2150 4713 2322 4767 vatus,
2350 4700 2477 4754 fusis
2507 4699 2769 4763 hostibus,
2792 4697 2989 4767 prteda:
3026 4713 3089 4752 ac
3109 4697 3317 4767 cognati
3362 4711 3583 4767 compos
3612 4710 3742 4752 cum

2150 4801 2461 4857 remeasset,
2489 4805 2584 4845 sua
2623 4806 2809 4844 rursus
2857 4788 3190 4844 inconnnoda
3241 4789 3372 4844 ﬂere
3425 4788 3743 4858 cogebatur,

2148 4897 2269 4937 cum
2299 4883 2369 4937 ob
2387 4882 2650 4938 defectum
2677 4883 2967 4938 liberorum
2988 4882 3190 4936 nullum
3210 4882 3538 4951 relinqueret
3566 4881 3741 4936 hatre-

2149 4975 2329 5030 ditatis
2398 4990 2784 5031 successorem.
2811 4974 2929 5029 Noli
2949 4974 3091 5029 enim
3112 4973 3437 5038 existimare,
3462 4986 3584 5028 cum
3615 4987 3741 5028 eum

2147 5066 2300 5121 audis
2326 5068 2600 5135 conqueri,
2624 5076 2676 5121 et
2704 5066 2768 5120 ad
2796 5067 2958 5121 Deum
2991 5066 3188 5131 dicere,
3223 5064 3359 5131 Quid
3407 5065 3531 5117 mihi
3551 5064 3697 5118 dabis
3720 5066 3746 5118 .’

2152 5175 2244 5230 ego
2274 5168 2441 5211 autem
2470 5159 2577 5213 sine
2595 5158 2763 5212 liberis
2818 5174 2965 5227 pereo
2991 5158 3010 5225 (
3038 5156 3164 5210 Gen.
3215 5156 3300 5211 15.
3333 5155 3370 5210 2
3396 5153 3439 5227 ),
3479 5154 3619 5209 hanc
3668 5156 3744 5209 illi

2151 5260 2424 5309 recentem
2457 5250 2620 5306 fuisse
2645 5265 2709 5306 ac
2733 5265 2924 5304 novam
2953 5249 3280 5303 molestiam:
3304 5246 3421 5303 haec
3446 5248 3591 5303 enim
3616 5261 3744 5301 cura

2154 5353 2208 5397 et
2233 5342 2538 5398 sollicitudo
2578 5357 2699 5397 cum
2736 5356 2933 5412 sponsa
2964 5356 3065 5395 una
3095 5341 3146 5394 in
3177 5339 3393 5395 domum
3420 5339 3551 5409 justi
3599 5338 3744 5394 illius

2150 5437 2447 5501 introrerat,
2476 5437 2585 5490 imo
2632 5451 2760 5491 vero
2788 5445 2912 5490 ante
2963 5435 3137 5505 ipsum
3181 5436 3479 5504 ingressum
3501 5447 3738 5503 sponsas.

2149 5528 2357 5600 Quippe
2375 5544 2563 5585 omnes
2583 5528 2979 5595 consuevimus,
3006 5542 3127 5582 cum
3169 5525 3450 5596 incipimus
3474 5525 3546 5580 de
3571 5538 3743 5581 uxore
3806 5566 3809 5567 ν

2151 5625 2409 5695 cogitare,
2442 5610 2701 5691 iatn-tunc
2726 5622 2804 5677 rei
2847 5620 3018 5694 ipsius
3048 5619 3191 5677 curis
3227 5618 3477 5678 omnibus
3523 5615 3745 5687 tentari,

2213 5736 2231 5768 ⁸
2257 5740 2420 5798 Deest,
2447 5735 2568 5797 etus,
2588 5735 2637 5785 in
2658 5731 2788 5784 Colb.
