4060 6136
214 395 326 455 £59

215 509 497 583 πανταχοῦ
534 510 746 582 περιῄει
770 509 847 583 τῷ
874 510 969 584 νῷ,
1004 513 1099 567 καὶ
1128 514 1295 567 πολὺν
1328 513 1538 584 ἐδέχετο
1573 510 1799 584 θόρυϐον
1825 511 1891 580 τῇ

210 600 386 671 ψυχῇ,
423 598 673 671 μηδαμοῦ
717 599 794 669 τῷ
842 598 1086 671 λογισμῷ
1142 600 1334 672 στῆναι
1384 600 1700 670 δυνάμενος,
1761 597 1895 651 ἀλλὰ

211 688 390 742 πολλὰ
442 686 768 742 ὑποπτεύειν
809 687 967 759 ἔχων,
1000 690 1093 742 καὶ
1127 690 1395 760 μεριμνᾷν
1428 685 1892 756 ἀναγκαζόμενος.

214 777 382 839 Εἰκὸς
410 775 521 847 γὰρ
549 774 711 829 αὑτὸν
742 776 835 829 καὶ
864 776 1000 847 πρὸς
1034 776 1173 830 αὑτά
1213 779 1312 846 τῆς
1341 774 1662 844 οἰκουμένης
1704 770 1894 840 ἀφίξε-

214 862 346 916 σθαι
384 861 454 916 τά
488 862 702 932 πέρατα
733 863 1059 934 προσδοκᾷν,
1102 863 1196 916 καὶ
1234 862 1370 933 πρὸς
1406 860 1568 914 αὑτὸν
1592 859 1683 912 τὸν
1718 859 1897 911 ὠκεα-

212 948 329 1005 νόν·
353 948 493 1005 ὥστε
522 951 570 1001 εί
601 949 694 1005 καὶ
727 948 802 1019 μὴ
834 950 1015 1004 πᾶσαν
1061 948 1263 1018 ἐπῆλθε
1312 947 1411 1017 τὴν
1454 947 1579 1016 γῆν,
1618 944 1755 998 ἀλλά
1796 944 1893 1016 τὴν

213 1035 473 1110 φροντίδα
501 1035 599 1105 τῆς
626 1034 892 1106 τοσαύτης
914 1035 1221 1106 ὁδοιπορίας
1244 1034 1551 1104 ὑπέμεινεν.
1586 1033 1660 1084 Οὐ
1682 1031 1790 1103 γὰρ
1818 1032 1894 1095 ὡς

217 1125 384 1195 μέχρι
421 1123 516 1193 τῆς
554 1123 912 1193 Παλαιστίνης
961 1122 1105 1194 ἥξων
1154 1121 1295 1177 οὕτω
1340 1121 1741 1193 παρεσκευάκει
1794 1120 1891 1192 τὴν

211 1212 413 1284 ψυχὴν,
445 1212 560 1265 ἀλλ’
594 1212 669 1277 ῶς
699 1212 958 1283 ἑψόμενος
992 1210 1287 1283 πανταχοῦ,
1317 1213 1412 1265 καὶ
1437 1211 1535 1282 τὴν
1565 1209 1890 1281 οἰκουμένην

213 1299 441 1369 ἐκϐῆναι
490 1298 799 1368 κελεύηται,
851 1298 954 1352 κᾶν
996 1301 1075 1363 είς
1118 1300 1214 1363 τὰς
1254 1298 1410 1362 ἐκτὸς
1447 1297 1652 1367 ταύτης
1697 1298 1890 1368 νήσους

213 1388 413 1445 ἐλθεῖν.
464 1390 526 1445 Et
572 1389 628 1445 δὲ
673 1389 767 1442 καὶ
815 1389 1072 1445 τάναντία
1118 1389 1421 1460 προσδοκᾷν
1463 1387 1646 1441 ἔπειθε
1696 1386 1757 1440 τὸ
1798 1386 1891 1441 τοῦ

214 1477 640 1548 προστάγματος
663 1476 985 1547 ἁδιόριστον,
1017 1477 1109 1532 καὶ
1135 1475 1291 1531 τοῦτο
1321 1475 1484 1529 ’τάλιν
1508 1474 1764 1546 χαλεπόν.
1788 1475 1892 1528 Τὸν

213 1568 325 1638 γὰρ
353 1566 618 1638 μέλλοντά
651 1584 701 1622 τι
733 1568 988 1638 φορτικὸν
1020 1566 1333 1638 ὑπομένειν,
1360 1567 1541 1639 πολλῷ
1566 1568 1891 1638 κουφότερον

213 1657 413 1710 εἰδέναι
469 1655 654 1724 σαφῶς
704 1657 840 1728 ὅπερ
880 1657 1266 1727 ὑποστήσεται,
1320 1658 1413 1709 καὶ
1454 1656 1588 1725 πρὸς
1635 1656 1664 1708 ὃ
1721 1672 1933 1726 παρα-μ

216 1745 564 1807 σκευάσεται,
590 1744 623 1816 ἢ
652 1743 923 1816 πανταχοῦ
952 1744 1247 1815 ῥέμϐεσθαι
1278 1743 1355 1814 τῷ
1374 1743 1639 1814 λογισμῷ,
1671 1744 1763 1797 καὶ
1797 1742 1891 1796 νῦν

218 1830 319 1904 μὲν
360 1832 428 1886 τὰ
472 1832 705 1904 χρηστὰ.
751 1831 845 1885 νῦν
881 1832 937 1884 δὲ
968 1831 1223 1885 τάναντία
1257 1832 1580 1902 προσδοκᾷν,
1624 1831 1717 1884 καὶ
1752 1832 1891 1901 ὑπὲρ

218 1921 445 1993 μηδενὸς
476 1920 680 1978 τούτων
713 1921 855 1993 ἔχειν
893 1920 1137 1993 θαρρεῖν,
1180 1919 1291 1973 ἀλλ’
1322 1919 1651 1990 ἀμφοτέροις
1690 1920 1891 1989 ὁμοίως

214 2013 487 2065 άπιστεῖν.

285 2098 351 2166 ζ’.
387 2100 492 2155 Καὶ
529 2098 702 2154 ταῦτα
740 2100 839 2171 μὲν
874 2099 1003 2172 πρὶν
1038 2098 1210 2152 ἐλθεῖν
1237 2099 1316 2163 εἰς
1343 2098 1441 2169 τὴν
1462 2097 1891 2167 ἐπαγγελθεῖσαν

215 2190 337 2259 γῆν’
370 2188 557 2257 ἐπειδὴ
581 2188 636 2241 δέ
659 2205 788 2241 ποτε
806 2187 905 2258 τῆς
936 2186 1299 2256 Παλαιστίνης
1326 2186 1639 2254 ἐπελάϐετο,
1667 2188 1759 2240 καὶ
1780 2188 1891 2241 λοι-

216 2278 316 2333 πὸν
344 2275 764 2331 ἀναπαύσασθαι
795 2275 1182 2346 προσεδόκησε,
1215 2276 1335 2328 τότε
1380 2275 1444 2347 δὴ
1479 2276 1700 2345 μείζονα
1725 2277 1783 2328 ἐν
1813 2276 1892 2347 τῷ

213 2365 393 2436 λιμένι
438 2365 530 2420 τὸν
570 2364 813 2435 χειμῶνα
862 2362 1134 2433 εὕρισκεν.
1185 2364 1259 2415 Οὑ
1306 2364 1500 2435 μικρὸν
1538 2364 1595 2417 δὲ
1628 2365 1783 2418 τοῦτο
1809 2368 1890 2429 είς

211 2449 408 2520 ὀδύνης
439 2447 617 2514 λόγον,
655 2448 789 2501 ἀλλά
824 2448 918 2499 καὶ
945 2447 1163 2499 πάντων
1192 2447 1613 2518 ἀφορητότερον,
1651 2450 1779 2503 ὅταν
1805 2466 1889 2513 τις

211 2530 562 2603 ἀπηλλάχθαι
596 2532 825 2601 νομίσας
853 2530 947 2583 καὶ
977 2530 1112 2600 πρὸς
1142 2529 1202 2581 τὸ
1233 2530 1386 2594 τέλος
1423 2532 1577 2600 ἥκειν
1608 2531 1759 2596 αὑτὸ,
1796 2533 1890 2587 καὶ

212 2613 472 2687 φροντίδα
544 2614 636 2667 καὶ
700 2614 969 2685 μέριμναν
1024 2613 1242 2667 ἃπασαν
1306 2612 1661 2684 ἀποθέμενος,
1726 2615 1889 2669 πάλιν

210 2697 420 2753 ἀνωθεν
469 2696 642 2770 ἀρχὴν
689 2697 882 2771 ἑτέραν
933 2696 1068 2769 εὕρῃ
1109 2704 1135 2733 ⁸
1176 2696 1286 2751 τῶν
1336 2697 1630 2770 δυσχερῶν.
1675 2700 1735 2753 Ὀ
1787 2699 1888 2771 μὲν

209 2780 320 2851 γὰρ
345 2779 425 2834 ἔτι
449 2780 960 2851 παρεσκευασμένος
990 2783 1125 2852 πρὸς
1149 2781 1217 2834 τὰ
1242 2781 1388 2835 δεινά
1420 2783 1549 2852 ῥᾷον
1581 2782 1645 2834 ἂν
1675 2781 1890 2851 ἐνέγκοι

210 2864 310 2937 τὴν
343 2863 495 2937 [191]
530 2864 736 2917 τούτων
776 2866 1091 2934 ἐπαγωγὴν·
1139 2867 1167 2917 6
1213 2864 1269 2919 δέ
1321 2864 1607 2919 ἀναπεσὼν
1647 2866 1741 2918 καὶ
1780 2865 1889 2918 τῶν

212 2948 512 3020 φροντίδων
552 2947 828 3011 ἀπολύσας
863 2950 988 3013 τοὺς
1037 2948 1350 3017 λογισμοὺς,
1381 2948 1449 3000 ἂν
1488 2948 1668 3022 συμϐῇ
1698 2966 1749 3001 τι
1778 2966 1890 3002 τοι-

210 3031 370 3084 οῦτον
406 3030 586 3095 πάλιν,
623 3025 732 3083 οἷον
765 3031 859 3084 καὶ
888 3030 1170 3102 πρότερον,
1198 3030 1358 3101 διπλῇ
1396 3048 1511 3095 πως
1540 3033 1885 3103 ταράττεται,

209 3116 308 3168 καὶ
338 3114 660 3184 εὐχείρωτος
692 3113 901 3180 γίνεται
929 3112 1006 3183 τῷ
1034 3131 1091 3165 τε
1119 3114 1509 3185 ἀπροσδοκήτῳ
1543 3116 1637 3167 καὶ⁸
1667 3115 1746 3185 τῷ
1773 3116 1888 3170 δια-

209 3197 468 3251 λελύσθαι
512 3197 610 3266 τὴν
666 3196 900 3267 σπουδὴν
939 3197 1157 3250 ἃπασαν
1210 3195 1357 3267 αύτῷ
1405 3198 1500 3249 καὶ
1556 3198 1655 3268 τὴν
1712 3216 1891 3270 παρα-

214 3287 442 3357 σκευήν.
475 3285 573 3348 Τίς
593 3280 686 3338 οὖν
720 3286 748 3337 6
779 3282 986 3355 χειμὼν
1013 3279 1114 3356 ἦνς
1156 3284 1326 3354 Λιμὸς
1358 3282 1501 3337 οὑτω
1530 3285 1757 3355 σφοδρὸς
1789 3286 1890 3358 τὴν

212 3374 579 3445 Παλαιστίνην
620 3372 881 3426 κατέλαϐε
915 3372 1058 3435 τότε,
1108 3372 1184 3435 ὡς
1215 3371 1515 3441 ἀναστῆσαι
1560 3372 1762 3437 εὑθέως
1792 3375 1892 3427 αὑ·

211 3461 306 3515 τὸν
344 3460 574 3523 ἐκεῖθεν,
606 3462 699 3513 καὶ
732 3461 813 3523 εἰς
852 3460 950 3530 τὴν
993 3460 1268 3527 Αἴγυπτον
1296 3462 1645 3528 καταγαγεῖν.
1688 3460 1891 3515 Ἐλθὼν

213 3545 272 3603 δὲ
316 3549 433 3602 ἐκεῖ
459 3548 534 3613 ὡς
560 3548 712 3601 λύσιν
750 3548 995 3620 εὑρήσων
1049 3547 1143 3600 τοῦ
1198 3547 1387 3609 κακοῦ,
1430 3547 1523 3601 τοῦ
1569 3547 1729 3619 λιμοῦ
1781 3548 1889 3601 πά-

212 3639 299 3690 λιν
330 3636 685 3709 χαλεπωτέρᾳ
714 3637 1006 3708 περιέπεσε
1061 3639 1315 3708 συμφορᾷ
1343 3638 1472 3710 περὶ
1496 3638 1606 3691 τῶν
1646 3639 1888 3709 ἐσχάτων

213 3722 546 3778 κινδυνεύειν
583 3723 1042 3795 ἀναγκαζόμενος·
1075 3725 1169 3779 καὶ
1195 3726 1275 3789 είς
1302 3726 1552 3779 τοσοῦτον
1581 3727 1702 3779 τότε
1759 3744 1890 3780 κατ-

214 3812 348 3880 έστη
373 3812 555 3883 φόϐον,
574 3812 736 3878 ὥστε,
762 3813 789 3865 6
807 3814 968 3866 πᾶσίν
996 3814 1112 3867 ἐστι
1138 3812 1354 3868 πάντων
1386 3814 1802 3887 ἀφορητότερον,
1827 3815 1889 3868 τὸ

213 3903 316 3967 τὰς
345 3905 606 3971 γυναῖκας
639 3903 955 3974 ὑϐρίζεσθαι
981 3903 1083 3968 τὰς
1108 3903 1308 3969 αὑτῶν,
1339 3904 1497 3957 τοῦτο
1530 3904 1767 3958 ἐλέσθαι.
1794 3906 1890 3970 Εἰς

214 3989 486 4058 τοσαύτην
521 3991 629 4062 γὰρ
660 3991 779 4044 τότε
819 3988 982 4060 ἦλθεν
1016 3992 1280 4063 ἀνάγκην,
1314 3992 1389 4056 ὡς
1423 3993 1513 4045 καὶ
1544 3994 1889 4065 ὑπηρετήσα-

218 4078 344 4132 σθαι
368 4081 434 4148 τῇ
457 4078 760 4149 ὑποκρίσει,
785 4073 846 4130 οῦ
869 4080 919 4132 τί
946 4081 1143 4147 γένοιτ’
1168 4080 1232 4133 ἂν
1256 4079 1616 4151 ἐλεεινότερον
1632 4097 1646 4145 ;
1663 4080 1888 4135 Ὀποίαν

215 4164 325 4235 γὰρ
357 4164 519 4217 αὑτὸν
553 4165 793 4234 νομίζεις
825 4165 968 4234 ἔχειν
988 4166 1185 4238 ψυχὴν,
1214 4168 1301 4219 ὅτε
1324 4169 1389 4238 τῇ
1419 4168 1635 4234 γυναικὶ
1666 4166 1888 4221 τοιαῦτα

217 4248 607 4317 συμϐουλεύειν
647 4250 1019 4318 ὴναγκάζετος
1079 4248 1364 4304 Γινώσκω
1419 4250 1536 4320 ἐγὼ
1581 4250 1670 4305 ὅτι
1729 4251 1888 4320 γυνὴ

215 4340 609 4405 εὐπρόσωπος
650 4334 722 4392 εἷ’
751 4339 921 4392 ἐσται
953 4335 1068 4393 οὖν
1105 4339 1187 4405 ὡς
1217 4337 1294 4392 ἂν
1326 4339 1499 4393 ἴδωσί
1532 4356 1606 4393 σε
1640 4342 1694 4394 οι
1722 4341 1891 4410 Αίγύ-

216 4443 394 4488 πτιοι,
424 4426 673 4495 ἐροῦσιν
708 4427 816 4488 ὅτι,
854 4426 1021 4494 Γυνὴ
1064 4427 1250 4482 αὐτοῦ
1291 4429 1464 4496 αὕτη·
1510 4429 1609 4482 καί
1637 4429 1889 4483 ἀποκτε-

215 4513 398 4568 νοῦσί
412 4532 508 4583 με,
535 4515 611 4569 σὲ
640 4515 707 4569 δὲ
736 4516 1081 4585 περιποιήσε
1091 4529 1257 4572 νται.’
1269 4518 1415 4571 Εἰπὲ
1438 4513 1552 4572 οὖν
1571 4517 1678 4580 ὅτι,
1698 4516 1889 4571 Ἀδελ-

216 4603 303 4671 ςεὴ
353 4603 540 4657 αὑτοῦ
569 4606 705 4674 ειμι,
735 4604 896 4671 ὅπως
932 4605 1009 4659 ἂν
1041 4601 1108 4660 εὖ
1135 4624 1236 4675 μοι
1261 4605 1499 4675 γένηται
1532 4605 1628 4660 διὰ
1660 4605 1754 4666 σὲ,
1789 4605 1890 4660 καὶ

217 4690 455 4759 ζήσεται
484 4693 523 4760 ἡ
551 4692 722 4762 ψυχή
744 4711 864 4762 μου
888 4691 1098 4747 ἕνεκεν
1123 4694 1260 4750 σοῦ.
1293 4695 1403 4747 Καὶ
1432 4694 1604 4748 ταῦτα
1624 4693 1891 4763 ἐφθέγξα-

215 4796 279 4832 το
307 4780 375 4833 τά
413 4782 630 4851 ῥήματα
659 4783 687 4834 6
718 4781 807 4834 διὰ
836 4781 926 4834 τὸν
953 4780 1105 4840 Θεὸν.
1142 4781 1237 4834 καὶ
1270 4781 1519 4851 πατρίδα,
1556 4783 1649 4835 καὶ
1688 4784 1887 4851 οἰκίαν,

215 4871 313 4923 καὶ
345 4869 550 4937 φῦιους.
588 4871 682 4923 καὶ
717 4872 1015 4938 συγγενεῖς,
1053 4871 1142 4923 καὶ
1173 4870 1340 4925 τάλλα
1364 4871 1539 4925 πάντα
1563 4871 1655 4924 ἐπὶ
1684 4871 1784 4941 τῆς
1812 4874 1891 4926 οῖ-

216 4958 344 5021 κίας
373 4960 552 5028 ἀφεὶς,
593 4961 622 5012 6
643 4959 897 5029 τοιαύτην
924 4960 1298 5030 ταλαιπωρίαν
1328 4959 1422 5012 καὶ
1449 4959 1702 5013 τοσοῦτον
1728 4961 1891 5014 πόνον

216 5048 275 5099 ἐν
299 5047 379 5118 τῷ
401 5046 595 5120 μακρῷ
624 5047 794 5117 τούτῳ
815 5047 988 5117 καιρῷ
1017 5048 1158 5101 κατά
1177 5048 1273 5119 τὴν
1299 5047 1605 5119 ὁδοιπορίαν
1628 5048 1886 5111 ὑποστάς⁹

214 5135 313 5189 καὶ
345 5136 494 5207 ὅμως
519 5136 669 5189 οὐδὲν
696 5136 901 5189 τούτων
939 5132 1236 5199 εἷπεν,οἷον
1268 5136 1351 5189 ὄτι
1376 5136 1733 5204 Ἐγκατέλιπέ
1763 5154 1829 5207 με
1863 5140 1891 5191 ὁ

213 5224 370 5287 Θεὸς,
411 5225 759 5295 ἀπεστράφη,
806 5226 900 5278 καὶ
947 5227 1046 5295 τῆς
1085 5224 1289 5289 οἰκείας
1320 5226 1575 5296 προνοίας
1612 5226 1888 5292 ἐξέϐαλεν·

215 5312 331 5366 ἀλλ’
370 5311 531 5383 ἔφερε
566 5313 827 5380 γενναίως
875 5313 1051 5366 πάντα
1095 5313 1188 5364 καὶ
1219 5313 1445 5375 πιστῶς,
1496 5314 1589 5367 καὶ
1619 5313 1678 5366 ὃν
1722 5315 1891 5385 ἐχρῆν

218 5399 456 5470 μάλιστα
492 5402 707 5455 πάντων
750 5399 1110 5472 ὑϐριζομένης
1144 5398 1460 5470 ὀργίζεσθαι
1499 5401 1596 5471 τῆς
1634 5402 1892 5469 γυναικὸς

216 5489 324 5543 ὑπὸ
371 5488 474 5560 τῆς
508 5489 709 5559 πολλῆς
762 5489 906 5560 βίας,
943 5490 1091 5552 ὅπως
1153 5488 1292 5558 μήτε
1328 5487 1539 5557 φανερά
1581 5489 1805 5559 γένηται
1857 5490 1891 5561 ἠ

215 5576 396 5647 ὕϐρις,
428 5578 644 5632 ἅπαντα
667 5577 922 5650 ἔπραττε.
959 5576 1131 5630 Τοῦτο
1158 5576 1214 5629 δὲ
1241 5576 1372 5645 ὅσην
1403 5574 1641 5644 ἀθυμίαν
1662 5575 1772 5645 ἔχει
1799 5578 1893 5631 καὶ

211 5664 431 5736 ὀδύνην,
456 5665 599 5737 λόγῳ
636 5665 734 5737 μὲν
762 5664 1109 5737 παραστῆσαι
1142 5666 1204 5720 οὑ
1238 5664 1484 5727 δυνατὸν,
1522 5664 1668 5722 ίσασι
1700 5664 1755 5719 δὲ
1777 5666 1891 5723 ὅσοι

275 5797 306 5865 ξ
341 5798 425 5865 σιω
445 5798 580 5865 Cnlb.
605 5805 658 5849 el
677 5798 841 5865 ςιιῖἰι.Δ
858 5801 990 5865 εὕρῃ,
1011 5799 1181 5850 Morel.
1206 5802 1347 5865 εὕροι.

275 5859 309 5904 ι,
332 5846 489 5922 me
510 5846 655 5913 dl-ééi
671 5846 1577 5919 iam»:MH§§3¢55§3§amem».

1138 395 1232 452 AD
1273 395 1653 454 STAGIRIUM
1684 393 1725 448 A
1770 391 2079 449 DzEMONE
2116 393 2458 452 VEXA'I’UM
2527 395 2656 451 LIB.
2697 395 2761 451 ll.

3568 400 3676 459 460

1999 512 2263 578 γυναῖκας
2306 512 2463 584 ἔσχον
2494 513 2589 566 καὶ
2621 514 2701 577 είς
2733 511 3062 582 ζηλοτυπίας
3108 512 3341 586 ὑποψίαν
3393 515 3674 574 ἐνέπεσον.

1996 599 2283 671 Μαρτυρεῖ
2331 602 2388 654 δὲ
2424 600 2503 672 τῷ
2535 602 2696 657 πάθει
2731 602 2906 672 τούτῳ
2936 603 3030 655 καὶ
3060 604 3088 655 6
3120 601 3369 671 Σολομὼν
3393 602 3566 667 οὑτως
3594 607 3675 660 εί-

2000 686 2133 739 πὼνο
2183 689 2418 755 Μεστὸς
2474 691 2582 758 γὰρ
2627 688 2810 758 ζήλου
2843 690 3027 759 θυμὸς
3063 689 3285 757 ἀνδρὸς
3314 690 3504 758 αὐτῆς
3521 691 3569 755 δ,
3601 694 3675 747 οὐ

1995 773 2266 841 φείσεται
2308 776 2379 829 ἐν
2415 778 2603 846 ἡμέρᾳ
2631 778 2901 846 κρίσεως,
2931 776 3074 831 οὐδὲ
3106 777 3544 842 ἀνταλλάξεται
3570 781 3674 834 οὐ-

1994 862 2171 929 δεινὸς
2194 865 2422 931 λύτρον
2453 865 2570 932 τὴν
2594 865 2837 934 ἔχθραν,
2867 865 3010 919 οὐδὲ
3027 864 3113 935 μὴ
3139 864 3398 934 διαλυθῇ
3426 866 3675 922 πολλῶν

1995 948 2215 1019 δώρων.
2264 952 2375 1004 Καὶ
2419 951 2597 1005 πάλιν·
2644 952 2903 1019 Κραταιὰ
2947 954 3028 1018 ὡς
3070 951 3327 1017 θάνατος
3369 955 3408 1021 ἠ
3445 955 3667 1024 ἀγάπη,

1996 1037 2263 1105 σκληρὸς
2298 1039 2379 1104 ὡς
2410 1038 2560 1106 ᾅδης
2596 1042 2630 1093 ό
2673 1037 2869 1107 ζῆλος.
2905 1040 2966 1093 EE
2996 1039 3051 1093 δὲ
3080 1042 3109 1093 6
3142 1039 3458 1111 ζηλοτυπῶν
3498 1042 3673 1107 οὕτως

1997 1124 2297 1189 ἐκκαίεται,
2326 1127 2354 1178 6
2391 1127 2664 1190 τοσούτοις
2688 1128 3056 1199 κρατούμενος
3082 1131 3291 1192 κακοῖς,
3319 1129 3395 1193 ὡς
3428 1132 3672 1199 ἀναγκά-

1997 1207 2183 1272 ζεσθαι
2224 1210 2319 1262 καὶ
2357 1209 2672 1263 κολακεύειν
2703 1211 2794 1263 τὸν
2833 1211 3114 1284 ὑϐριστὴν,
3143 1212 3234 1266 καὶ
3261 1212 3322 1265 ὃν
3356 1212 3668 1282 ἀμύνασθαι

1997 1295 2100 1349 ἔδει
2130 1296 2307 1350 πάντα
2343 1301 2512 1351 ποιεῖν
2537 1309 2559 1337 ο
2588 1300 2735 1364 ὅπως
2776 1301 2974 1371 ῥαδίως
3018 1301 3393 1372 ἀπολαύσηται
3438 1305 3536 1373 τῆς
3573 1305 3671 1357 αὑ-

1993 1378 2087 1431 τοῦ
2135 1381 2392 1447 γυναικὸς
2427 1383 2455 1434 6
2486 1383 2691 1453 μοιχὸς,
2722 1379 2868 1447 τίνος
2894 1386 2994 1438 οὐκ
3026 1385 3381 1456 ἐλεεινότερος
3414 1383 3520 1458 ἦν;
3560 1389 3671 1442 Λα-

1994 1462 2195 1517 ϐόντων
2231 1464 2288 1517 δέ
2335 1466 2429 1518 καὶ
2461 1466 2666 1519 τούτων
2706 1466 2876 1537 πέρας
2907 1468 3015 1522 τῶν
3044 1468 3249 1532 κακῶν,
3298 1470 3460 1541 ἕτερα
3507 1473 3669 1526 πάλιν

1994 1546 2237 1599 ἐτίκτετο
2275 1547 2444 1614 δεινά,
2498 1549 2592 1603 καὶ
2623 1548 2713 1601 τὸν
2754 1549 2910 1619 λιμὸν
2956 1552 3160 1603 ἐκεῖνον
3205 1552 3470 1622 διεδέχετο
3511 1554 3671 1606 πόλε·

1996 1646 2113 1698 μος.
2153 1630 2264 1702 Τὴν
2299 1631 2407 1701 γὰρ
2448 1632 2558 1685 τῶν
2586 1633 2858 1702 ποιμένων
2900 1634 3079 1705 μάχην
3125 1635 3218 1688 καὶ
3260 1636 3357 1708 τὴν
3403 1638 3539 1708 πρὸς
3577 1639 3668 1691 τὸν

1993 1711 2307 1783 ἀδελφιδοῦν
2341 1715 2603 1786 διανομὴν
2648 1716 2848 1786 ἀφίημι
2902 1717 3018 1779 νῦν,
3069 1719 3244 1772 καίτοι
3283 1736 3347 1788 γε
3378 1722 3463 1773 ἐπ’
3495 1721 3669 1775 ἄλλων

1991 1795 2162 1849 ταῦτα
2215 1797 2575 1868 ἐξεταζόμενα
2646 1800 2808 1853 ίκανὰ
2856 1800 3054 1872 πολλὴν
3099 1801 3338 1872 ἀθυμίαν
3386 1804 3668 1874 ἐμϐαλεῖν.

1995 1884 2160 1941 Ὅταν
2190 1886 2297 1957 γὰρ
2329 1888 2357 1939 6
2388 1886 2673 1950 διασωθεὶς
2708 1889 2800 1939 ὑπ’
2830 1888 2993 1942 αὑτοῦ
3025 1890 3116 1944 καὶ
3140 1891 3409 1945 τοσούτων
3446 1894 3670 1964 γενόμε-

1993 1989 2081 2036 νος
2129 1972 2318 2044 κύριος
2378 1974 2621 2042 ἀγαθῶν,
2670 1976 2763 2029 καὶ
2814 1975 2872 2030 ὃν
2923 1977 3090 2048 ἐχρῆν
3129 1980 3388 2050 ἐκστῆναι
3448 1983 3668 2037 πάντων

1991 2059 2162 2130 αὑτῷ,
2199 2062 2291 2115 καὶ
2338 2062 2452 2125 τοῖς
2484 2063 2740 2133 ποιμέσιν
2789 2065 3108 2136 ἐπιτιμῆσαι
3140 2070 3253 2131 τοῖς
3292 2069 3480 2135 αὑτοῦ,
3513 2065 3667 2135 οὗτος

1992 2149 2419 2219 προτεινομένης
2473 2152 2740 2221 αἱρέσεως
2795 2153 3069 2226 ἐπιτρέχει
3121 2158 3231 2220 τοῖς
3274 2157 3667 2231 εὑφορωτέροις

1990 2235 2099 2289 τῶν
2131 2238 2366 2309 χωρίων,
2415 2238 2507 2292 καὶ
2538 2239 2609 2293 τὰ
2648 2241 2958 2312 ἐρημότερα
2987 2241 3013 2281 ἀ
3046 2242 3237 2314 ἐκείνῳ
3269 2246 3670 2317 καταλιμπάνει

1995 2326 2157 2397 μέρη.
2218 2325 2304 2387 τίς
2351 2326 2417 2380 ἂν
2466 2329 2679 2398 ἐνέγκοι
2725 2330 2943 2400 ῥαδίως,
3006 2333 3067 2384 οὑ
3112 2331 3210 2403 τὴν
3251 2333 3453 2405 ζημίαν
3502 2336 3670 2406 λέγω,

1990 2413 2126 2467 ἀλλά
2148 2415 2225 2475 ,τὸ
2255 2416 2494 2486 τιμήσας
2530 2412 2896 2488 ἀτιμασθῆναι
2930 2419 3021 2474 καὶ
3051 2420 3112 2474 τὸ
3141 2421 3363 2476 ἔλαττον
3401 2426 3667 2493 ἐνεγκεῖν,

1990 2501 2018 2553 6
2054 2500 2205 2574 [192]
2233 2503 2413 2574 πάσης
2446 2503 2648 2574 ζημίας
2692 2506 3076 2580 χαλεπώτερον
3130 2505 3270 2564 εἶναι
3303 2512 3483 2578 δοκεῖ;
3527 2515 3667 2567 Ἀλλ’

1989 2589 2139 2658 ὅμως
2187 2590 2402 2646 ἅπαντα
2445 2592 2619 2647 ταῦτα
2671 2596 2911 2667 παρίημι
2956 2597 3071 2651 νῦνο
3110 2599 3239 2671 περὶ
3280 2602 3387 2672 γὰρ
3432 2603 3525 2657 τοῦ
3563 2621 3671 2659 πα-

1989 2678 2269 2750 τριάρχου,
2310 2680 2371 2734 οὑ
2405 2681 2532 2753 περί
2559 2699 2703 2747 τινος
2727 2684 2836 2739 τῶν
2864 2685 3071 2740 πολλῶν
3100 2690 3128 2740 6
3155 2688 3311 2756 λόγος
3340 2691 3485 2744 ἐστὶν
3512 2693 3666 2763 ἡμῖν.

2057 2774 2129 2839 η’.
2169 2769 2483 2840 Διαδέχεται
2526 2772 2590 2841 δὴ
2632 2772 2723 2827 τὸν
2763 2773 2922 2845 λιμὸν
2961 2777 3172 2830 ἐκεῖνον
3213 2780 3242 2831 6
3282 2778 3516 2850 πόλεμος
3559 2782 3671 2837 τῶν

1989 2856 2236 2927 Περσῶν,
2259 2859 2352 2911 καὶ
2370 2859 2739 2928 ἀναγκάζεται
2761 2863 3174 2934 ἐπιστρατεύειν
3190 2867 3394 2932 αὑτοῖς,
3427 2869 3489 2921 ού
3521 2872 3672 2942 παρά

1987 2944 2087 3013 τὴν
2113 2946 2287 3016 ἀρχὴν
2319 2945 2489 3017 αὑτὴν
2520 2948 2792 3020 ἀκεραίων
2823 2951 3102 3021 ἑκατέρων
3134 2952 3215 3008 ἔτι
3256 2956 3525 3024 μενόντων
3560 2958 3671 3012 τῶν

1993 3032 2196 3103 μερῶν,
2250 3032 2386 3087 ἀλλά
2419 3037 2917 3106 προτροπωθέντων
2955 3040 3232 3104 ἁπάντων,
3266 3043 3363 3095 καὶ
3392 3044 3490 3114 τῆς
3514 3045 3670 3117 νίκης

1990 3120 2142 3192 παρὰ
2167 3124 2280 3184 τοῖς
2310 3122 2590 3194 πολεμίοις
2609 3123 2794 3194 οὔσης,
2826 3126 2920 3179 καὶ
2945 3128 3160 3191 οὐδενὸς
3185 3130 3382 3194 αὑτοὺς
3411 3131 3490 3184 ἔτι
3517 3134 3671 3202 ἐνεγ-

1989 3210 2105 3261 κεῖν
2134 3209 2457 3279 δυναμένου,
2492 3212 2599 3266 τῶν
2646 3214 2743 3283 μὲν
2783 3213 2952 3283 ἄρδην
2983 3217 3424 3284 κατακοπέντων,
3467 3220 3578 3275 τῶν
3612 3222 3671 3277 δὲ

1991 3296 2404 3365 κρυπτομένων,
2447 3297 2556 3350 τῶν
2595 3298 2653 3352 δὲ
2708 3299 3067 3356 δουλευόντων
3110 3305 3240 3374 παρ’
3280 3304 3483 3371 αὑτοῖς.
3530 3309 3668 3363 Ἀλλ’

1989 3384 2139 3453 ὅμως
2190 3385 2344 3440 οὐδὲν
2399 3387 2563 3440 αὑτὸν
2600 3388 2806 3441 τούτων
2840 3390 2977 3444 οῖκοι
3035 3392 3219 3462 μένειν
3269 3394 3506 3461 ἔπεισεν,
3552 3398 3670 3453 ἀλλ’

1990 3471 2095 3523 ὑπὸ
2125 3472 2222 3541 τῆς
2254 3472 2488 3545 σφοδρᾶς
2513 3475 2750 3546 ἀθυμίας
2777 3476 2885 3530 τῶν
2910 3480 3218 3549 γενομένων
3251 3480 3480 3551 πληγεὶς
3504 3484 3671 3556 ἀπῄει

1991 3561 2333 3631 κοινωνήσων
2365 3562 2593 3624 ἐκείνοις
2610 3563 2717 3617 τῶν
2737 3565 2943 3631 κακῶν,
2970 3567 3064 3620 καὶ
3088 3569 3168 3631 είς
3195 3568 3473 3640 προῦπτον
3496 3571 3672 3642 {sum

1991 3646 2220 3702 θάνατον
2272 3649 2483 3727 ἐαυτόν.
2527 3651 2601 3703 Τὸ
2642 3652 2751 3722 γὰρ
2785 3653 2923 3723 μετὰ
2952 3656 3280 3726 τριακοσίων
3314 3658 3539 3712 οἰκετῶν
3576 3661 3673 3714 καὶ

1993 3735 2174 3807 μικρῷ
2206 3737 2468 3792 πλειόνων
2503 3749 2526 3778 ο
2559 3740 2694 3808 πρὸς
2734 3740 3001 3814 τοσαύτην
3028 3744 3468 3815 παρατάττεσθαι
3508 3764 3671 3819 στρα·

1989 3825 2131 3891 τιάν,
2174 3825 2327 3879 οὐδὲν
2374 3826 2559 3898 ἕτερον
2607 3828 2639 3898 ἢ
2676 3828 2847 3882 ταῦτα
2881 3828 3231 3902 λογιζομένου
3274 3828 3363 3906 ἦν,
3406 3836 3500 3889 καὶ
3534 3837 3671 3910 πρὸς

1988 3913 2364 3984 αἰχμαλωσίαν
2390 3916 2486 3969 καὶ
2512 3916 2646 3986 πρὸς
2668 3917 2959 3989 τιμωρίαν,
2992 3920 3086 3974 καὶ
3112 3921 3248 3992 πρὸς
3273 3923 3501 3994 μυρίους
3528 3940 3672 3997 παρ‹

1988 4003 2394 4074 εσκευασμένου
2432 4003 2715 4068 θανάτους.
2775 4006 3007 4077 Ἀπῆλθε
3063 4008 3161 4077 μὲν
3189 4005 3281 4062 οὖν
3324 4010 3397 4075 ὡς
3441 4013 3537 4066 καὶ
3569 4014 3670 4067 αὑο

1987 4090 2081 4154 τὸς
2117 4094 2215 4163 τῆς
2261 4091 2603 4165 βαρϐαρικῆς
2643 4093 2968 4149 ἀπολαύσων
3009 4095 3311 4168 ὠμότητοςο
3358 4101 3423 4170 τῇ
3476 4100 3535 4153 δὲ
3571 4102 3667 4156 τοῦ

1989 4176 2126 4231 Θεοῦ
2167 4178 2548 4252 φιλανθρωπία
2573 4181 2880 4247 διασωθεὶς,
2917 4184 3011 4237 καὶ
3041 4184 3354 4239 ἐπανελθὼν
3397 4187 3534 4259 μετά
3567 4190 3670 4261 τῆς

1988 4264 2139 4328 λείας
2173 4265 2267 4318 καὶ
2299 4265 2393 4318 τοῦ
2429 4268 2746 4335 συγγενοῦς,
2779 4269 3119 4339 ἠναγκάζετο
3167 4272 3325 4327 πάλιν
3372 4274 3442 4329 τά
3492 4277 3670 4331 οἰκεῖα

1991 4352 2209 4425 θρηνεῖν
2269 4355 2432 4420 κακὰ,
2464 4356 2561 4426 τὴν
2594 4358 2849 4411 ἀπαιδίαν
2877 4358 3040 4428 λέγω,
3072 4362 3167 4415 καὶ⁹
3197 4363 3259 4417 τὸ
3292 4364 3496 4435 μηδένα
3522 4365 3669 4435 ἔχειν

1990 4440 2085 4495 τοῦ
2138 4442 2340 4513 κλήρου
2381 4443 2640 4514 διάδοχον.
2690 4445 2779 4515 Μὴ
2829 4446 2937 4516 γὰρ
2975 4448 3160 4519 ἐπειδὴ
3205 4450 3326 4503 τότε
3366 4452 3605 4521 ῆκουσας
3639 4449 3662 4490 ί

1991 4531 2394 4603 ἀποδυρομένου
2433 4532 2569 4604 πρὸς
2616 4532 2707 4585 τὸν
2739 4532 2870 4586 Θεὸν
2904 4534 2998 4588 καὶ
3029 4534 3299 4603 λέγοντος,
3336 4538 3400 4590 Τί
3422 4555 3523 4606 μοι
3558 4533 3668 4592 δώ-

1991 4634 2156 4686 σεις;
2184 4619 2298 4689 ἐγὼ
2315 4619 2382 4673 δὲ
2406 4620 2753 4689 ἀπόλλυμαι
2785 4619 3057 4687 ἄτεκνος·
3076 4622 3163 4676 διὰ
3194 4622 3352 4678 τοῦτο
3389 4626 3478 4681 καὶ
3504 4628 3668 4697 πρόσ-

1992 4724 2159 4778 φατον
2197 4708 2295 4779 τὴν
2326 4707 2503 4779 λύπην
2530 4708 2732 4774 ταύτην
2763 4704 2902 4761 εἶναι
2935 4709 3144 4780 νόμιζε·
3178 4713 3211 4777 ή
3258 4712 3370 4784 γάρ
3427 4713 3668 4786 μέριμνα

1991 4795 2130 4865 αὕτη
2164 4796 2258 4848 καὶ
2292 4798 2324 4866 ἡ
2370 4796 2590 4868 φροντὶς
2626 4796 2763 4867 μετὰ
2792 4796 2890 4867 τῆς
2910 4797 3128 4868 νύμφης
3159 4799 3407 4872 εἰσῆλθεν
3445 4804 3526 4865 είς
3567 4804 3669 4875 τὴν

1990 4884 2166 4938 οἰκίαν
2198 4884 2291 4937 τοῦ
2325 4884 2557 4947 δικαίου,
2597 4886 2795 4957 μᾶλλον
2832 4886 2888 4939 δὲ
2922 4887 3017 4940 καὶ
3060 4888 3165 4959 πρὸ
3201 4889 3302 4960 τῆς
3327 4890 3549 4962 νύμφης
3578 4893 3672 4946 αὑο

1990 4973 2107 5042 τῆς.
2138 4973 2296 5036 Ἔθος
2327 4973 2436 5044 γάρ
2459 4974 2589 5045 ἡμῖν
2616 4974 2839 5040 ἅπασιν,
2872 4976 3001 5029 ὅταν
3034 4976 3194 5046 μόνον
3219 4977 3512 5050 ἀρξώμεθα
3544 4980 3670 5050 βου-

1992 5059 2241 5114 λεύεσθαι
2283 5064 2376 5115 καὶ
2407 5062 2750 5130 διαλέγεσθαι
2799 5064 2927 5136 περὶ
2969 5064 3170 5135 γάμου,
3197 5065 3400 5130 πάσαις
3428 5068 3548 5130 ταῖς
3574 5066 3670 5121 τοῦ

1992 5150 2318 5222 πράγματος
2347 5151 2740 5206 ὑπονύττεσθαι
2773 5151 3071 5222 φροντίσιν,
3100 5147 3176 5207 ὧν
3209 5155 3438 5209 ἀπασῶν
3482 5154 3543 5208 τὸ
3582 5172 3672 5209 κε-

1992 5240 2222 5308 φάλαιον
2256 5243 2282 5309 ἡ
2310 5239 2419 5292 τῶν
2460 5240 2664 5295 παίδων
2703 5242 2840 5303 ἐστὶ,
2876 5241 2972 5294 καὶ
3000 5243 3029 5294 6
3057 5242 3222 5311 φόϐος
3251 5236 3408 5306 οὗτος
3436 5242 3543 5297 ἀπὸ
3569 5244 3671 5313 τῆς

1990 5331 2206 5401 ἡμέρας
2244 5330 2460 5402 ἐκείνης
2496 5329 2597 5394 τὰς
2638 5330 2915 5404 ἡμετέρας
2955 5332 3234 5386 κατασείει
3269 5333 3467 5404 ψυχάς.
3505 5333 3568 5386 El
3609 5332 3669 5386 δέ

2056 5492 2077 5521 ο
2105 5488 2240 5541 Colb.
2268 5492 2422 5541 πάντα
2438 5494 2608 5543 ποιῶν.

2056 5550 2229 5620 διῖοιβ.
2255 5561 2306 5620 ςει
2334 5554 2484 5603 Savil.
2512 5556 2561 5602 in
2589 5562 2725 5604 te.qu
2750 5556 2810 5605 τὰ
2830 5554 3110 5620 ἐρημότερα,
3138 5556 3310 5606 Morel.
3350 5560 3399 5603 cl
3420 5553 3573 5604 ϐαι-Η.
3615 5555 3669 5604 in

1993 5627 2145 5678 marg.
2170 5616 2230 5662 τὰ
2253 5616 2419 5678 ἔρημα.

2058 5687 2081 5740 0:
2106 5676 2257 5740 Savil.
2280 5675 2331 5727 ἐι
2356 5675 2492 5740 qub.
2521 5679 2674 5740 μικρῷ
2692 5677 2867 5726 πλεῖον·

2060 5737 2082 5781 ἲ
2109 5739 2220 5786 Sav.
2251 5744 2303 5786 el
2322 5738 2459 5789 (ἴου).
2496 5735 2618 5786 τότ-ε’
2640 5735 2871 5796 ἤκουσας,
2895 5737 3065 5789 Morel.
3092 5737 3236 5787 τοῦτο
3264 5738 3492 5796 ἤκουσας.
3514 5735 3673 5786 Paulo

1995 5809 2105 5861 post
2129 5802 2240 5847 εον.
2268 5806 2322 5847 et
2352 5799 2485 5848 Cnlh.
2514 5802 2600 5855 τὴν
2619 5801 2752 5861 λύσιν
2776 5800 2970 5856 ταύτην,
3004 5802 3173 5849 Morel.
3200 5805 3252 5849 et
3292 5799 3423 5851 Savll
3468 5810 3520 5847 Ill
3544 5810 3675 5853 mu-

1996 5859 2111 5926 ciuc
2139 5863 2222 5920 τὴν
2244 5861 2410 5921 λείνπην,
2441 5866 2487 5909 cl
2511 5863 2579 5911 ila
2606 5859 2720 5923 logi!
2745 5863 3007 5923 interpres.
