4060 6136
238 335 340 394 ιθι

238 467 465 522 quarum
498 451 736 508 omnium
756 467 1000 522 suprema
1033 459 1114 506 est
1141 452 1412 517 sterilitas,
1441 457 1719 519 metusque
1749 446 1814 502 il-

239 548 292 598 le
311 559 379 598 ex
419 558 481 599 ea
510 543 596 598 die
632 553 844 598 nostros
894 544 1100 598 animos
1153 543 1402 612 exagitat.
1436 540 1589 609 Quod
1618 542 1661 595 si
1689 554 1819 594 con-

235 636 410 707 tingat
439 644 562 706 post
590 636 984 690 matrimonium
1033 636 1346 691 solemniter
1389 643 1680 704 peractum,
1709 631 1817 702 pri-

234 743 384 780 mum
415 735 467 781 et
484 725 776 782 secundum
827 727 942 781 sive
993 727 1204 781 tertium
1234 742 1430 781 annum
1478 726 1592 779 sine
1636 722 1818 778 liberis

233 820 484 885 transire,
512 818 767 888 tuncjam
789 829 1010 888 augetur
1043 818 1216 882 dolor,
1245 832 1306 872 ac
1334 817 1453 871 lzeta
1481 831 1602 886 spes
1627 814 1818 869 minui-

233 918 338 963 tur.
376 909 580 963 Rursus
604 892 785 979 elapso
816 909 1002 979 majori
1037 919 1276 978 tempore
1313 909 1530 962 omnino
1573 922 1694 976 spes
1719 919 1816 959 nos

231 1000 321 1054 illa
348 1000 567 1066 deserit,
598 1000 744 1055 solus
772 1016 969 1055 mteror
998 1002 1232 1055 animum
1262 1008 1505 1068 occupat,
1535 999 1816 1068 omniaque

230 1091 356 1144 vita:
379 1091 610 1161 jucunda
637 1091 794 1145 simul
859 1091 1196 1153 obnubilans,
1239 1091 1438 1145 nullum
1469 1090 1623 1144 nobis
1661 1090 1813 1144 volu-

231 1192 393 1252 ptaus
431 1198 646 1238 sensum
696 1185 972 1253 permittit.
1007 1183 1186 1253 Itaque
1213 1184 1311 1238 ctsi
1340 1185 1470 1238 nihil
1508 1183 1815 1254 contigisset

231 1272 470 1340 adversi,
500 1281 796 1343 cunctaque
818 1274 884 1327 ad
906 1283 1086 1328 votum
1112 1275 1516 1340 successissent,
1553 1273 1651 1327 ista
1674 1273 1810 1328 libe-

231 1378 413 1417 rorum
439 1363 638 1418 orbitas
664 1365 800 1419 laetis
827 1365 931 1418 illis
956 1365 1113 1419 rebus
1142 1364 1374 1425 admota.
1407 1373 1650 1418 cunctam
1669 1365 1812 1417 illam

169 1507 179 1514 _
232 1453 637 1522 prosperitatem
687 1454 962 1510 obnubere
1012 1469 1073 1509 ac
1103 1454 1336 1523 dejicere
1367 1455 1477 1508 sola
1531 1454 1808 1523 potuisset.

226 1546 362 1602 Nam
383 1548 662 1616 promissio
686 1547 772 1600 illa
797 1547 974 1602 divina
1004 1547 1070 1602 ad
1116 1558 1408 1602 extremam
1459 1555 1810 1609 senectutem,

227 1637 442 1706 quando
503 1637 732 1691 maxime
772 1619 1153 1706 desperabatur
1199 1637 1405 1705 impleri
1458 1650 1632 1706 posse,
1677 1638 1811 1689 facta

226 1739 310 1784 est
342 1747 356 1796 ;
384 1729 547 1799 priori
576 1740 756 1784 autem
785 1738 894 1784 toto
939 1737 1240 1798 tempore-a
1279 1730 1422 1782 luctu
1482 1737 1536 1782 et
1579 1741 1810 1782 mmrore

228 1835 517 1889 numquam
545 1829 856 1874 vacaverat:
891 1829 1192 1890 quantoque
1220 1817 1447 1888 amplius
1467 1818 1645 1887 augeri
1673 1817 1804 1870 divi-

229 1913 329 1966 tias
370 1911 604 1975 videbat,
657 1920 802 1965 tanto
854 1911 1064 1980 lugebat
1113 1910 1503 1975 vehementius,
1551 1924 1672 1963 cum
1703 1924 1807 1962 non

225 2012 390 2067 esset,
417 2001 606 2073 quihis
649 2002 897 2056 omnibus
950 2000 1281 2055 succederet.
1313 2000 1447 2067 Quid
1496 2016 1623 2054 vero
1658 2000 1806 2054 illum

225 2107 354 2150 tunc
395 2110 606 2165 passum
670 2103 844 2163 putas,
919 2093 1133 2164 quando
1181 2093 1428 2147 audivit:
1477 2091 1808 2164 Peregrinum

227 2188 318 2240 erit
343 2203 507 2241 semen
522 2196 662 2240 tuum
689 2188 741 2240 in
783 2196 916 2240 terra
959 2202 1060 2239 non
1087 2202 1198 2251 sua,
1243 2186 1366 2239 etin
1402 2186 1685 2238 servitutem
1725 2201 1807 2238 eos

215 2274 470 2350 ‘redigent,
494 2289 542 2332 et
569 2279 786 2350 aﬂiiqent
811 2321 826 2342 ,
852 2288 999 2347 atque
1027 2278 1358 2332 Ituntiliabunt
1392 2279 1536 2331 annis
1558 2278 1805 2347 quadrin-

223 2369 384 2439 gentis
413 2367 432 2441 (
463 2367 589 2423 Gen.
642 2371 728 2424 15.
764 2370 829 2423 15
858 2368 876 2439 )
905 2369 926 2422 ?
956 2368 1098 2424 Uxor
1147 2379 1324 2423 autem
1368 2370 1610 2423 ancillam
1656 2384 1804 2423 suam

226 2474 366 2514 nunc
383 2460 479 2514 viri
518 2459 851 2529 amplexibus
890 2460 1141 2530 jungens,
1199 2475 1338 2513 nunc
1369 2470 1485 2528 post
1523 2475 1640 2515 eam
1672 2476 1804 2515 con-

219 2550 552 2621 junctionem
600 2550 1114 2618 expostulationihus
1161 2551 1307 2604 illum
1353 2560 1406 2606 et
1457 2551 1805 2620 querimoniis

220 2644 449 2712 agitans,
479 2642 749 2711 Deumque
775 2642 1029 2696 adversus
1067 2658 1190 2697 eum
1221 2658 1436 2706 vocans,
1467 2653 1521 2698 et
1547 2658 1663 2697 eam
1687 2659 1804 2712 qua:

227 2734 328 2789 tori
359 2734 623 2803 particeps
663 2733 854 2799 fuerat,
885 2750 1004 2789 cum
1038 2735 1147 2804 jam
1178 2735 1341 2788 tilium
1371 2735 1602 2804 paritura
1639 2744 1800 2800 esset,

219 2825 382 2880 domo
403 2825 689 2880 deturbare
709 2842 922 2896 cogens,
947 2843 1228 2896 quemnam
1253 2827 1304 2880 in
1337 2841 1619 2881 mmrorem
1649 2841 1803 2880 acer-

219 2919 498 2974 bissimum
533 2934 637 2974 non
685 2920 1106 2989 praecipitasset?
1139 2919 1237 2973 Ista
1281 2920 1435 2972 sicui
1467 2919 1692 2972 fortasse
1721 2919 1798 2972 lc-

220 3010 302 3063 via
331 3008 599 3076 videntur,
628 3010 673 3063 is
703 3025 822 3063 cum
871 3010 1181 3078 cogitaverit
1229 3008 1456 3062 familias
1500 3017 1556 3063 et
1611 3007 1801 3062 domos

219 3104 452 3172 integras
483 3102 668 3156 harum
693 3118 869 3156 rerum
911 3117 1067 3156 causa
1092 3102 1284 3170 saepius
1334 3116 1567 3166 eversas,
1596 3099 1798 3169 justum

219 3194 371 3248 illum
417 3193 784 3247 admirabitur.
843 3194 954 3249 Etsi
1003 3195 1146 3248 enim
1182 3193 1384 3247 titnoris
1433 3192 1596 3247 divini
1645 3207 1801 3247 causa

220 3281 429 3337 fortiter
449 3282 653 3336 ferebat
679 3285 876 3349 omnia,
903 3285 1062 3337 homo
1087 3293 1259 3338 tamen
1302 3290 1435 3344 erat,
1477 3283 1615 3336 etiis
1645 3281 1802 3337 rebus

219 3387 325 3427 n0u
353 3381 558 3442 poterat
579 3389 681 3428 non
710 3375 830 3443 angi
861 3385 1020 3443 atque
1047 3374 1291 3429 cruciari.
1319 3373 1521 3427 Rursus
1554 3382 1730 3427 autem
1750 3375 1800 3426 in

219 3467 436 3520 domum
458 3467 648 3519 ancilla
673 3467 992 3537 regreditur,
1023 3466 1204 3535 illique
1231 3466 1450 3519 nothum
1493 3467 1648 3535 parit,
1681 3465 1826 3523 ciﬁ-_

220 3558 464 3625 eiturque
504 3556 772 3610 Abraham
822 3567 974 3625 pater
1031 3566 1149 3626 post
1201 3557 1328 3610 illud
1367 3559 1500 3611 adeo
1541 3557 1800 3626 prolixum

223 3659 433 3718 tempus
465 3664 476 3700 :
521 3647 792 3716 ineratque
818 3650 892 3704 rei
937 3649 1180 3718 voluptas
1224 3648 1488 3717 qumdam,
1520 3649 1610 3702 sed
1635 3648 1802 3717 major

219 3754 380 3793 causa
408 3737 628 3792 doloris.
658 3738 866 3793 Nothus
912 3739 1054 3793 enim
1104 3739 1192 3792 ille
1221 3738 1356 3792 ﬁlius
1401 3739 1616 3808 legitimi
1679 3754 1798 3792 cum

205 3829 563 3895 admonebat,
614 3831 890 3900 majusque
961 3833 1098 3885 illius
1141 3832 1464 3887 desiderium
1513 3832 1796 3900 injiciebat.

220 3920 372 3986 Quod
393 3921 533 3975 enim
559 3921 632 3974 illi
660 3922 857 3977 dictum
885 3935 997 3976 erat
1030 3942 1041 3976 :
1069 3923 1189 3976 Non
1236 3924 1329 3976 erit
1359 3923 1446 3976 ille
1473 3923 1631 3975 horres
1661 3931 1796 3986 tuus,

221 4013 309 4065 sed
329 4011 414 4081 qui
439 4013 717 4080 egredietur
742 4028 804 4066 ea:
831 4023 877 4066 te
901 4015 917 4081 (
943 4011 1079 4066 Ibid.
1104 4015 1137 4068 4
1158 4013 1176 4084 )
1201 4056 1217 4080 ,
1259 4013 1324 4068 de
1351 4012 1572 4067 Isntaele
1601 4012 1798 4066 dictum

223 4106 388 4161 fuisse
423 4106 778 4161 arbitrabatur
811 4123 826 4160 :
862 4107 1064 4161 nullum
1104 4108 1243 4162 enim
1293 4117 1515 4162 eatenus
1562 4106 1628 4161 de
1669 4106 1800 4162 Sara

222 4213 536 4268 responsum
561 4208 860 4267 acceperat.

293 4289 633 4345 Sodomorum
675 4291 844 4344 clades
895 4293 1088 4346 occasio
1127 4291 1353 4346 maeroris
1390 4290 1697 4344 Abralzamo.
1733 4319 1802 4330 ——

221 4387 351 4442 Cum
383 4399 515 4443 vero
543 4384 754 4441 demum
784 4385 1062 4439 clariorem
1093 4385 1158 4440 de
1203 4385 1348 4439 Isaac
1397 4383 1801 4454 promissionem

221 4476 532 4547 accepisset,
557 4485 870 4546 tempusque
910 4484 1094 4544 partus
1122 4474 1394 4528 deﬁnitum
1428 4484 1586 4538 esset,
1618 4487 1802 4527 rursus

221 4579 501 4640 antequam
531 4570 646 4638 ejus
664 4569 778 4639 spei
803 4569 1128 4636 voluptatem
1159 4566 1317 4620 ullam
1357 4566 1598 4630 sentiret,
1629 4563 1802 4618 Sodo-

223 4674 432 4715 morum
462 4659 639 4714 clades
674 4659 941 4728 ingentem
967 4657 1040 4711 illi
1055 4656 1299 4710 maeroris
1329 4655 1574 4708 nebulam
1593 4653 1799 4708 oﬂ‘udit.

222 4752 354 4810 Nam
383 4752 523 4823 quod
552 4767 637 4807 res
669 4753 779 4821 ipsa
804 4751 1002 4820 justum
1029 4749 1196 4802 virum
1235 4747 1518 4802 immodice
1554 4747 1801 4801 turbave-

222 4846 312 4910 rit,
345 4859 411 4899 ex
442 4842 619 4897 verbis
649 4843 752 4896 illis
779 4857 842 4896 ac
869 4856 1026 4910 prece
1052 4855 1210 4910 quam
1240 4855 1336 4909 pro
1365 4840 1441 4893 eis
1465 4837 1803 4903 fudit,omni-

228 4939 330 4989 bus
357 4933 597 5004 profecto
627 4942 854 4987 constat.
883 4931 1013 4988 Cum
1056 4947 1184 4986 vero
1227 4933 1431 5002 lapsum
1460 4947 1490 4986 e
1535 4931 1672 4986 ccelo
1700 4929 1801 4983 im—

225 5030 372 5083 hrem
395 5028 543 5082 illum
568 5029 786 5082 omnino
816 5027 1105 5082 terribilem
1135 5037 1398 5093 cerneret,
1429 5038 1722 5096 cunctaque
1751 5026 1801 5080 in

223 5119 498 5188 pulverem
527 5128 579 5172 et
599 5119 830 5173 cinerem
876 5133 1154 5182 conversa,
1186 5135 1357 5188 neque
1390 5119 1441 5172 in
1488 5117 1665 5187 seipso
1691 5117 1800 5188 jam

221 5224 360 5267 erat.
391 5211 520 5266 Nam
544 5212 586 5266 si
603 5228 722 5266 cum
750 5213 933 5282 procul
985 5212 1172 5267 domos
1215 5213 1418 5280 aliquas
1475 5211 1803 5280 conﬂagrare

224 5303 475 5360 incendio
505 5303 768 5367 videmus,
793 5311 1069 5373 stupemus
1107 5317 1170 5357 ac
1197 5301 1383 5356 dolore
1435 5301 1753 5356 conﬁcimur
1785 5317 1800 5354 :

221 5398 350 5467 quid
393 5397 538 5452 illum
564 5412 776 5466 passum
805 5395 1143 5457 arbitremur,
1169 5395 1327 5450 urbes
1375 5394 1606 5462 integras
1632 5403 1686 5448 et
1713 5409 1802 5448 rc-

221 5489 409 5558 giones
434 5502 554 5542 cum
587 5487 971 5542 habitatoribus
1001 5484 1246 5541 incendio
1266 5499 1369 5539 non
1401 5492 1678 5550 consueto,
1710 5483 1804 5538 sed

224 5596 368 5635 novo
393 5595 456 5636 ac
481 5580 702 5636 terribili
755 5578 946 5635 ardere
991 5577 1444 5648 conSpicientem?
1476 5577 1557 5630 An
1585 5576 1676 5631 tibi
1700 5590 1804 5631 non

223 5672 437 5728 videtur
457 5671 586 5741 justi
627 5671 782 5740 hujus
806 5671 1024 5726 aﬂ‘ectus
1057 5685 1331 5740 aequoreos
1371 5668 1805 5738 decumanosque

226 5764 417 5821 ﬂuctus
455 5763 699 5818 imitari?
744 5745 888 5818 Sicut
920 5761 1061 5818 enim
1102 5763 1153 5817 in
1201 5761 1333 5818 mari
1385 5770 1665 5832 antequam
1701 5760 1801 5814 ﬂu-

1106 333 1197 389 ΑΙ)
1233 332 1606 391 STAGIRIUM
1646 331 1686 386 Α
1729 329 2027 388 ΒΕΜΟΝΕ
2069 335 2420 393 νΕΧΑτυΜ.
2459 338 2586 395 LIB.
2621 339 2685 396 II.

3395 348 3502 407 462

1932 459 2047 503 ctus
2078 449 2166 506 alii
2191 453 2505 523 quieverint,
2527 454 2613 508 alii
2641 471 2821 512 rursus
2847 459 3043 514 montis
3072 460 3236 516 instar
3271 459 3501 520 intume-

1929 551 2103 607 scunt,
2132 543 2201 596 ita
2230 553 2284 598 et
2331 560 2424 614 per
2464 554 2626 600 totam
2662 548 2760 602 viri
2790 549 2948 604 vitam
2978 553 3263 625 contigisse
3295 557 3502 626 perspi-

1927 633 2056 687 cies.
2099 632 2228 688 Nam
2255 648 2374 688 cum
2412 635 2583 692 adhuc
2611 637 2961 694 Sodomorum
3012 657 3199 699 recens
3242 656 3383 701 esset
3413 648 3501 703 illa

1925 723 2204 789 desolatio,
2223 741 2316 780 rex
2338 725 2552 781 Geram:
2577 728 2784 794 eadem,
2808 745 2926 800 qua:
2974 724 3200 799 Pharao,
3231 735 3282 788 in
3314 736 3499 792 Saram

1925 817 2258 870 committere
2288 825 2511 872 conatus
2549 827 2650 885 est,
2683 835 2972 890 rursusque
3010 825 3199 879 mulier
3236 827 3302 880 ad
3335 826 3499 883 mise-

1922 907 2141 960 randam
2189 908 2582 963 simulationem
2635 913 3007 980 compellitur;
3041 922 3200 983 atque
3254 918 3305 971 in
3357 933 3494 988 opus

1926 997 2259 1067 prorupisset
2305 1013 2366 1052 ea
2405 1000 2744 1064 contumelia,
2793 1001 2891 1055 nisi
2943 1003 3297 1070 prohibuisset
3338 1008 3496 1062 Dens.

1920 1087 2049 1142 Cum
2072 1097 2245 1142 autetn
2273 1088 2324 1141 in
2351 1099 2504 1158 partu
2529 1089 2671 1144 illius
2713 1099 2765 1145 et
2806 1106 2940 1146 uxor
2959 1093 3115 1147 simul
3156 1103 3210 1148 et
3259 1095 3413 1161 ﬁlius,
3434 1111 3498 1151 ac

1921 1188 2026 1234 tota
2046 1181 2240 1234 familia
2263 1181 2554 1249 lmtaretur,
2587 1183 2731 1238 solus
2751 1184 2905 1239 illein
2936 1195 3081 1240 tanto
3101 1189 3335 1242 omnium
3366 1205 3496 1260 gau-

1918 1271 2006 1324 dio
2038 1271 2201 1325 tristis
2225 1285 2343 1325 esse
2377 1287 2440 1325 ac
2490 1287 2717 1328 moerere
2758 1277 3066 1343 cogebatur,
3094 1280 3339 1334 ancillam
3370 1297 3490 1336 ettm

1918 1363 2028 1416 ﬁlio
2057 1362 2251 1429 ejicere
2271 1362 2598 1430 compulsus.
2626 1363 2739 1418 Etsi
2769 1365 2912 1420 enim
2956 1368 3148 1423 nothus
3195 1381 3309 1424 erat
3335 1382 3494 1441 atque

1917 1472 1979 1509 es
2008 1453 2201 1508 ancilla
2231 1463 2384 1507 natus
2413 1454 2622 1521 lsmacl,
2643 1458 2899 1513 naturalis
2942 1471 3117 1515 tamen
3175 1463 3255 1516 vis
3297 1465 3494 1519 amoris

1914 1565 1974 1600 ex
2003 1547 2311 1616 indignitate
2341 1545 2506 1600 nihilo
2526 1547 2700 1602 minor
2725 1558 2858 1615 erat,
2889 1565 3062 1620 neque
3086 1549 3489 1609 imbecilliorem

1915 1652 2256 1708 paternorum
2289 1647 2548 1701 viscerum
2572 1647 2808 1702 dolorem
2833 1649 3027 1704 fecerat
3050 1651 3348 1719 ignobilitas
3376 1667 3490 1706 ma-

1917 1733 2011 1786 tris
2047 1750 2059 1784 :
2089 1735 2331 1806 istudque
2357 1753 2421 1792 ex
2456 1739 2569 1808 ipsa
2597 1739 2833 1793 historia:
2862 1741 2998 1795 serie
3024 1757 3306 1810 possumus
3336 1743 3490 1797 addi-

1913 1837 2082 1878 scere.
2119 1826 2210 1880 Ille
2246 1829 2384 1881 enim
2411 1829 2580 1894 fortis,
2607 1830 2694 1885 ille
2724 1833 3091 1886 severissimus
3117 1843 3170 1887 et
3193 1836 3280 1903 qui
3309 1836 3488 1905 unige-

1918 1917 2084 1968 nitmn
2117 1919 2346 1986 pr0priis
2375 1921 2617 1974 manibus
2641 1930 2825 1990 postea
2849 1923 3185 1976 mactandnm
3235 1927 3484 1994 suscepit,

1916 2021 2078 2059 uxore
2123 2009 2220 2061 sibi
2266 2009 2366 2063 hoc
2397 2011 2740 2080 prmcipiente
2792 2027 2930 2081 (egre
2984 2012 3208 2082 ferebat,
3229 2030 3290 2069 ac
3331 2032 3485 2069 num-

1912 2112 2068 2166 quam
2121 2098 2192 2151 illi
2242 2101 2510 2165 cessisset,
2564 2118 2846 2172 numquam
2889 2107 3331 2174 obtemperasset,
3387 2109 3487 2163 etsi

1914 2199 2035 2244 tunc
2062 2190 2230 2259 major
2247 2193 2539 2247 accessisse
2573 2194 2844 2249 videretur
2870 2199 3182 2265 auctoritas,
3209 2199 3307 2252 nisi
3337 2199 3483 2254 illum

1913 2283 2072 2336 timor
2100 2284 2189 2337 Dei
2220 2284 2565 2340 vehementer
2617 2287 2934 2356 impulisset.
2969 2289 3150 2360 Itaque
3185 2306 3303 2346 cum
3335 2293 3486 2347 audis

1913 2374 2056 2428 illum
2091 2374 2435 2445 Deojubeute
2461 2377 2708 2432 ancillam
2735 2379 2978 2434 emisisse
3025 2396 3145 2435 cum
3197 2381 3329 2448 ﬁlio,
3358 2399 3486 2440 cave

1909 2474 2063 2535 putes
2089 2467 2286 2520 doloris
2312 2483 2470 2521 sensu
2499 2470 2756 2535 caruisse,
2802 2468 2902 2523 hoc
2930 2487 3071 2524 enim
3094 2481 3209 2526 erat
3237 2475 3486 2542 impossi-

1909 2558 2051 2623 bile;
2080 2573 2262 2612 vcrum
2311 2559 2449 2612 illius
2485 2560 2658 2628 potius
2710 2560 3029 2629 singularem
3070 2562 3334 2619 admirare
3354 2565 3487 2620 obe-

1908 2649 2182 2716 dientiam,
2208 2649 2347 2718 quod
2373 2663 2492 2703 cum
2520 2650 2679 2704 etiam
2716 2651 3068 2705 miserationis
3095 2653 3286 2707 affectu
3311 2664 3484 2708 retra-

1909 2739 2143 2806 heretur,
2183 2741 2289 2795 Deo
2317 2747 2491 2794 tamen
2523 2755 2626 2795 non
2657 2741 3000 2807 contradixit,
3031 2743 3123 2797 sed
3151 2745 3329 2798 emisit
3355 2760 3477 2800 cum

1907 2831 2016 2886 ﬁlio
2061 2844 2308 2898 matrem,
2361 2848 2615 2902 quorsum
2669 2833 2970 2902 profectura
3015 2844 3158 2889 esset
3212 2838 3474 2891 nesciens.

1907 2922 2189 2976 Tolerahat
2213 2932 2391 2976 autem
2435 2932 2596 2991 atque
2650 2925 2947 2977 sustinebat
2997 2940 3231 2980 mcerens
3267 2944 3278 2978 :
3312 2943 3485 2996 neque

1906 3014 2047 3068 enim
2076 3013 2163 3066 ille
2185 3021 2371 3066 natura
2397 3016 2639 3082 superior
2658 3023 2921 3068 evaserat.

1975 3103 2029 3156 9.
2065 3102 2138 3155 De
2162 3102 2411 3167 sacri/icio
2437 3100 2602 3154 Isaac.
2625 3131 2696 3140 —
2723 3103 2832 3156 [Ioc
2857 3112 3032 3156 autem
3063 3111 3118 3158 et
3169 3104 3219 3156 in
3250 3105 3484 3174 legitimo

1907 3208 2092 3263 passus
2122 3201 2204 3246 est
2233 3192 2342 3245 lilio
2366 3208 2379 3244 :
2410 3192 2584 3245 nullus
2602 3194 2743 3245 enim
2771 3209 2890 3246 eum
2921 3209 3022 3246 non
3049 3194 3281 3249 doluisse
3307 3197 3476 3262 dicat,

1907 3299 2078 3352 neque
2129 3292 2351 3350 paterno
2405 3283 2598 3336 aﬂ‘ectu
2649 3284 2813 3338 fuisse
2865 3295 3212 3351 commotum,
3245 3303 3310 3341 ne
3355 3288 3480 3343 dum

1906 3375 2044 3428 ultra
2091 3374 2304 3427 modum
2351 3373 2490 3428 illius
2519 3373 2804 3428 ostendere
2855 3375 3040 3428 nititur
3067 3376 3478 3446 phiIOSOphiam,

1905 3466 2052 3519 illum
2083 3481 2286 3518 summa
2317 3465 2531 3519 laudum
2572 3467 2806 3519 omnium
2837 3468 3028 3535 privet.
3068 3467 3198 3522 Nam
3232 3470 3275 3523 si
3299 3471 3348 3524 in
3390 3472 3482 3526 ﬂa-

1903 3559 2044 3627 gitiis
2073 3557 2391 3626 turpissimis
2412 3557 2794 3626 deprehensos,
2818 3571 2881 3611 ac
2906 3557 3213 3628 longissimo
3242 3568 3482 3631 tempore

1907 3653 2007 3704 vita
2025 3649 2240 3720 potitos,
2271 3648 2588 3718 ignotosque
2613 3655 2667 3702 et
2690 3663 2820 3718 quos
2846 3663 3132 3718 numquam
3161 3661 3316 3704 antea
3346 3653 3480 3706 vidi-

1905 3757 2186 3807 mus,cum
2208 3749 2430 3810 repente
2474 3741 2833 3810 conspicimus
2883 3742 2937 3795 in
2993 3741 3108 3796 foro
3137 3742 3201 3796 ad
3256 3757 3481 3800 mortem

1903 3833 2044 3896 duci,
2075 3830 2439 3888 misericordia
2481 3847 2542 3885 ac
2567 3830 2753 3885 dolore
2780 3829 3109 3897 conﬁcimur,
3144 3847 3285 3900 saepe
3305 3844 3480 3888 autem

1903 3926 2061 3981 etiam
2087 3925 2505 3996 ilIaCrymamur:
2537 3924 2581 3978 is
2599 3924 2686 3994 qui
2715 3923 3039 3992 unigenitum
3062 3933 3113 3977 et
3141 3925 3476 3980 carissimum

1906 4019 2087 4082 ﬁlium,
2122 4017 2211 4087 qui
2239 4026 2434 4086 przeter
2461 4031 2632 4085 spem,
2656 4014 2745 4085 qui
2783 4021 2901 4084 post
2936 4021 3141 4067 tantum
3195 4017 3471 4084 temporis,

1904 4111 1991 4180 qui
2009 4109 2075 4163 ad
2104 4118 2395 4163 extremam
2426 4116 2754 4161 senectutem
2797 4114 2951 4159 natus
2995 4113 3139 4173 erat,
3171 4103 3285 4160 ha'c
3330 4105 3469 4160 enim

1904 4202 2081 4256 omnia
2127 4201 2360 4255 excitant
2420 4200 2677 4267 majorem
2726 4197 2929 4252 doloris
2986 4197 3288 4264 ﬂammam,
3336 4198 3476 4253 hunc

1903 4292 2351 4362 adhucjuvenem
2375 4291 2486 4344 suis
2535 4289 2778 4342 manibus
2818 4297 3052 4342 mactare
3097 4298 3152 4343 et
3195 4288 3481 4344 incendere

1898 4386 2098 4455 jussus,
2125 4382 2256 4436 nihil
2291 4381 2577 4434 humanum
2597 4394 2783 4448 passus
2828 4378 3199 4432 existimetur:
3230 4379 3353 4447 quid
3381 4380 3480 4434 ista

1903 4475 2200 4531 dicentibus
2227 4472 2558 4528 ridiculosius
2581 4471 2604 4522 ?
2629 4470 2863 4538 Namque
2885 4468 2928 4521 si
2955 4468 3090 4535 lapis
3105 4476 3265 4532 esset,
3291 4469 3334 4520 si
3366 4468 3475 4522 fcr-

1905 4581 2044 4632 rum,
2073 4565 2118 4618 si
2142 4564 2356 4618 adamas
2372 4561 2623 4628 denique,
2678 4567 2930 4627 possetne
2958 4572 3061 4608 non
3116 4556 3330 4620 molliri,
3364 4571 3470 4610 non

1906 4658 2071 4726 frangi
2095 4657 2158 4710 ad
2177 4657 2426 4711 decorum
2448 4654 2539 4706 filii
2580 4659 2848 4720 aspectum
2876 4649 3064 4718 ?(erat
3106 4648 3245 4702 enim
3282 4648 3330 4700 in
3363 4649 3479 4717 ipso

1905 4750 2076 4804 aetatis
2096 4747 2248 4818 ﬂore)
2285 4745 2349 4799 ad
2384 4744 2666 4799 verborum
2695 4740 3025 4811 prudentiam
3051 4748 3103 4793 et
3126 4739 3433 4808 religionem
3457 4739 3480 4791 ?

1907 4842 2254 4912 Interrogavit
2280 4847 2502 4910 patrem,
2532 4836 2660 4890 Ecce
2680 4835 2817 4906 ligna
2843 4843 2887 4887 et
2906 4833 3072 4904 ignem
3099 4847 3118 4885 :
3138 4831 3222 4885 ubi
3248 4841 3318 4885 est
3336 4832 3438 4885 ovis
3455 4832 3483 4886 Ρ

1905 4936 2125 5001 audivit,
2157 4933 2292 4986 Deus
2315 4931 2592 5002 providebit
2615 4928 2706 4981 sibi
2734 4942 2874 4982 ovem
2912 4927 2964 4978 in
3009 4923 3376 4988 holocaustum,
3403 4924 3480 4991 ﬁli
3567 4931 3572 4936 '

1905 5029 1972 5081 mi
1999 5029 2017 5098 (
2044 5026 2170 5081 Gen.
2193 5025 2283 5078 2'2.
2309 5024 2338 5077 7
2365 5023 2384 5094 )
2415 5041 2427 5076 :
2453 5021 2685 5090 nihilque
2707 5017 3014 5089 perquisivit
3039 5014 3282 5082 amplius.
3309 5015 3468 5083 ASpi-

1905 5123 2078 5176 ciebat
2097 5129 2300 5190 patrem
2329 5133 2385 5171 se
2416 5117 2690 5186 rigantem,
2714 5128 2814 5167 nec
2835 5109 3227 5165 reluctabatur:
3254 5108 3474 5176 imposi-

1907 5225 1990 5269 tus
2039 5227 2168 5283 rogo
2209 5225 2316 5266 non
2362 5209 2634 5264 resiliebat
2670 5204 3102 5277 gladiumcontra
3155 5215 3214 5254 se
3261 5200 3475 5263 vibrari,

1908 5319 2078 5374 neque
2105 5301 2422 5357 terrebatur.
2444 5298 2580 5366 Quid
2612 5296 2715 5351 hoc
2749 5295 2928 5348 animo
2953 5289 3480 5360 religiosius?Andc-

1908 5397 2052 5451 bitne
2078 5407 2204 5462 ergo
2227 5392 2505 5462 quisquam
2537 5387 2709 5442 adhuc
2733 5385 2912 5440 dicere
2942 5382 3073 5436 nihil
3101 5381 3151 5434 in
3181 5379 3479 5449 hujnsmodi

1908 5488 2152 5543 omnibus
2169 5498 2476 5554 perpessum
2495 5496 2614 5536 esse
2629 5478 2894 5533 Abraham
2915 5476 2938 5528 ?
2955 5474 3008 5529 Si
3026 5476 3164 5527 enim
3187 5471 3478 5531 inimicum,

1909 5580 1952 5634 si
1979 5578 2186 5633 hostem
2213 5573 2588 5629 interfecturus
2627 5577 2788 5631 esset,
2826 5567 2986 5621 etiam
3017 5567 3060 5617 si
3089 5563 3265 5618 bellua
3298 5560 3477 5613 fuisset

1911 5682 2176 5733 immanis,
2209 5679 2334 5718 num
2366 5663 2465 5717 ista
2491 5662 2604 5715 sine
2633 5659 2816 5711 dolore
2836 5660 3194 5724 perpetrasset
3219 5652 3242 5704 ‘I
3266 5649 3378 5703 Non
3399 5657 3476 5700 est

1915 5759 2020 5829 ita,
2048 5772 2154 5813 non
2207 5764 2308 5810 est.
2358 5753 2472 5809 Noli
2523 5751 2714 5803 iustum
2754 5747 2920 5800 virum
2968 5753 3124 5798 tanta:
3159 5737 3484 5795 crudelitatis
