4060 6136
514 311 618 368 ωδ

514 437 771 494 arguere:
796 420 1007 477 dolebat
1030 419 1267 490 profano
1288 426 1445 487 atque
1466 413 1913 483 disrumpebatur.
1936 408 2097 471 Deus,

515 511 726 582 inquit,
770 504 1042 581 pravidebit
1075 509 1170 563 sibi
1216 509 1468 562 victimam
1505 508 1557 560 in
1597 506 1964 570 holocaustum,
2000 505 2097 574 ﬁli.

515 604 723 672 Quanta
750 598 1091 658 miseratione
1108 601 1268 659 verba
1295 603 1395 657 ista
1417 602 1572 672 plena
1602 599 1766 656 fuisse
1788 599 2100 654 arbitraris?

520 690 839 749 Continebat
868 708 925 749 se
953 703 1151 761 tamen,
1180 708 1243 748 ac
1273 691 1760 764 premebatdoloris
1784 691 1911 757 vim,
1942 700 2101 761 atque

522 788 621 843 ista
638 787 816 842 omnia
833 801 892 840 ea
916 786 1186 841 alacritate
1204 785 1572 856 patrabat,qua
1596 783 1830 838 facerent
1844 782 1934 853 qui
1954 782 2099 837 nullo

520 879 819 933 istiusmodi
868 879 1250 949 impedimento
1302 879 1720 933 continerentur.
1766 876 2097 932 lmmulatum

516 968 717 1024 interea
750 969 913 1023 filium
955 970 1174 1041 (quippe
1213 968 1496 1024 devotione
1523 969 1668 1022 illum
1709 967 2096 1038 immolaverat)

515 1074 702 1115 sanum
729 1075 913 1115 rursus
938 1070 1096 1131 atque
1122 1061 1443 1116 incolumem
1471 1061 1702 1115 restituit
1729 1059 1885 1114 matri
1908 1078 2096 1130 :,quem

516 1149 603 1204 illa
633 1152 946 1221 suscipiens,
968 1159 1249 1220 antequam
1278 1149 1476 1206 aﬂatim
1500 1150 1642 1206 dulci
1665 1160 1789 1227 nato
1813 1149 2095 1218 frueretur,

515 1245 748 1300 excessit
788 1260 819 1299 e
853 1245 960 1299 vita
993 1262 1007 1298 :
1037 1244 1088 1299 id
1124 1243 1272 1315 justo
1315 1244 1390 1299 illi
1437 1244 1669 1299 maximo
1713 1243 1930 1297 maerori
1980 1241 2096 1296 fuit.

524 1328 639 1389 Etsi
679 1335 822 1390 enim
867 1334 1029 1406 longo
1071 1335 1231 1392 simul
1257 1336 1500 1391 vixerant
1531 1345 1805 1406 tempore,
1852 1334 1983 1391 nihil
2024 1347 2101 1390 ta-

518 1440 641 1481 men
670 1427 989 1495 persuadere
1007 1436 1233 1497 poterat,
1255 1436 1316 1484 ut
1344 1443 1466 1483 eum
1492 1442 1673 1484 casum
1704 1429 1873 1485 levius
1899 1429 2095 1484 ferret:

518 1521 628 1576 imo
658 1536 787 1577 vero
829 1522 930 1577 hoc
971 1523 1143 1591 ipsum
1168 1523 1428 1592 ampliore
1458 1522 1607 1577 illum
1637 1523 1825 1578 dolore
1848 1524 2100 1577 conficie-

517 1609 626 1666 bat.
656 1611 893 1682 Namque
917 1612 1290 1668 consuevimus
1314 1627 1429 1678 eos,
1459 1614 1549 1682 qui
1576 1612 1803 1681 plurimo
1821 1614 2098 1669 nobiscum

518 1710 758 1771 tempore
785 1703 1065 1767 vixerunt,
1106 1718 1417 1773 sununaque
1455 1705 1666 1759 virtutis
1692 1720 1801 1760 suae
1830 1715 1885 1760 et
1914 1706 2100 1761 amici-

517 1792 604 1845 tiae
633 1792 786 1845 nobis
822 1792 1135 1848 documenta
1165 1792 1421 1851 dederunt
1444 1836 1459 1861 ,
1507 1796 1735 1851 maxime
1770 1798 2004 1852 omnium
2037 1813 2100 1854 ac

519 1895 731 1935 sununo
760 1880 1026 1936 desiderio
1054 1889 1347 1951 requirere.
1398 1886 1655 1956 Quodque
1685 1888 1785 1943 ista
1811 1890 1889 1944 sic
1909 1905 1968 1944 se
2000 1890 2098 1944 ha-

496 1964 710 2037 beant,
762 1969 876 2040 ipse
921 1974 1219 2043 patriarcha
1260 1975 1412 2031 nobis
1455 1976 1686 2043 iudicat,
1738 1979 1830 2049 qui
1867 1978 1995 2035 ﬂetu
2035 1996 2099 2037 ac

518 2063 893 2119 lamentatione
933 2064 1078 2119 illam
1120 2075 1473 2136 prosequutus
1512 2076 1615 2123 est.
1666 2069 1795 2136 Quis
1835 2070 1945 2140 jam
1976 2072 2101 2126 reli-

515 2168 647 2221 quas
670 2166 827 2208 curas
855 2169 1139 2210 recensere
1166 2156 1371 2224 possit,
1409 2172 1538 2227 quas
1564 2174 1660 2227 pro
1688 2159 1798 2213 ﬁlio
1817 2198 1833 2225 ,
1861 2175 1959 2232 pro
1982 2160 2099 2230 ejus

517 2256 680 2298 uxore
699 2286 713 2310 ,
764 2259 861 2313 pro
892 2242 1141 2300 fratribus
1166 2246 1305 2302 illius
1331 2250 1604 2318 suscepit,
1645 2251 1852 2321 aliaque
1873 2252 2051 2308 omnia
2080 2268 2096 2309 :

514 2350 632 2403 qua:
660 2336 749 2405 qui
774 2335 840 2390 ad
868 2337 1120 2390 amussim
1165 2338 1505 2394 considerare
1545 2340 1710 2409 velit,
1757 2342 1911 2412 longe
1950 2342 2100 2398 labo-

518 2424 793 2480 riosiorem
830 2425 958 2496 justi
1003 2427 1159 2499 hujus
1200 2431 1360 2486 vitam
1380 2473 1394 2496 ,
1422 2433 1671 2503 curisque
1697 2434 2098 2490 cumulatiorem

518 2517 830 2587 perspiciet,
864 2535 1021 2589 quam
1048 2521 1162 2591 ejus
1200 2538 1357 2592 quem
1388 2526 1547 2593 paulo
1582 2534 1703 2579 ante
1729 2526 2098 2583 indicavimus.

520 2607 789 2677 Praecipua
835 2611 976 2663 enim
1018 2620 1222 2666 tantum
1272 2612 1542 2682 Scriptura
1592 2630 1851 2682 narrans,
1907 2628 2098 2673 caetera

519 2699 670 2753 nobis
694 2700 869 2755 onmia
887 2704 1238 2758 examinanda
1262 2705 1496 2775 reliquit,
1526 2723 1644 2777 quae
1664 2708 1852 2763 diebus
1873 2711 2097 2780 singulis

518 2787 803 2845 verisimile
850 2801 933 2847 est
979 2793 1124 2847 domi
1167 2795 1508 2865 contingere,
1566 2797 1655 2851 ubi
1700 2812 1976 2854 servorum
2018 2810 2102 2856 est

519 2880 826 2948 multitudo,
868 2880 981 2949 vir,
1033 2899 1195 2949 uxor,
1240 2900 1306 2939 ac
1333 2884 1462 2952 lilii,
1504 2887 1893 2959 multarumque
1920 2908 2099 2946 rerum

517 2987 640 3027 cura
667 2986 730 3027 ac
757 2970 1077 3028 sollicitudo.
1101 2974 1175 3029 Ita
1203 2991 1352 3042 sane,
1378 2976 1604 3045 inquies,
1634 2979 1728 3034 sed
1757 2980 1829 3034 illi
1850 2981 2096 3036 solatium

518 3062 718 3119 ferebat
745 3064 796 3118 in
825 3065 1044 3136 singulis
1069 3066 1371 3136 hujusmodi
1406 3068 1674 3138 adversis,
1704 3073 1844 3141 quod
1885 3083 2101 3143 propter

521 3153 683 3207 Demu
730 3153 816 3208 illa
846 3157 1022 3209 omnia
1050 3165 1338 3225 pateretur.
1392 3158 1459 3213 Et
1494 3169 1546 3214 te
1586 3161 1755 3230 ipsum
1788 3162 1946 3231 igitur
1968 3164 2097 3218 illud

516 3243 897 3303 consolabitur.
949 3247 1135 3303 Nullus
1179 3252 1322 3305 enim
1364 3250 1601 3321 profecto
1622 3294 1637 3319 ,
1671 3255 1769 3307 nisi
1803 3256 1975 3320 Deus,
2006 3258 2097 3312 tibi

519 3338 657 3395 hanc
685 3337 868 3395 inferri
892 3343 1237 3397 tentationem
1268 3344 1526 3412 permisit.
1548 3344 1678 3398 Nam
1710 3345 1755 3400 si
1783 3362 1882 3402 nec
1907 3362 2097 3415 porcos

517 3427 734 3500 quidem
787 3432 1040 3489 invadere
1078 3434 1387 3503 nequissimi
1430 3434 1702 3491 daemones
1740 3438 1855 3492 ausi
1904 3436 2099 3493 fuerint

523 3520 731 3590 (Matth.
754 3519 807 3577 8.
832 3522 920 3578 50.
944 3524 1129 3596 κίκι),
1153 3525 1252 3579 nisi
1277 3526 1424 3595 prius
1445 3525 1534 3581 ille
1552 3528 1899 3597 permitteret,
1928 3531 2099 3587 multo

518 3609 696 3667 minus
724 3613 1007 3682 pretiosam
1036 3615 1289 3670 animam.
1323 3616 1473 3671 Sicut
1515 3618 1672 3687 igitur
1710 3621 1824 3675 viro
1858 3621 1932 3675 illi
1956 3622 2097 3693 quod

519 3701 727 3756 fortiter
771 3704 947 3758 omnia
989 3715 1044 3760 et
1089 3722 1211 3761 cum
1252 3708 1542 3777 gratiarum
1582 3713 1788 3767 actione
1819 3713 2015 3777 ferret.
2047 3716 2099 3769 id

520 3793 740 3847 multam
770 3795 993 3849 contulit
1017 3795 1336 3863 mercedem,
1365 3797 1435 3850 ita
1460 3799 1626 3867 pariet
1650 3811 1703 3854 et
1730 3802 1842 3864 tibi,
1870 3804 1914 3856 si
1944 3804 2099 3857 modo

523 3900 630 3939 nou
657 3885 887 3957 graviter
910 3896 1069 3957 atque
1094 3887 1430 3957 indignanter
1456 3888 1591 3944 feras
1611 3931 1626 3957 ,
1655 3893 1747 3946 sed
1774 3894 1826 3946 in
1854 3895 2100 3949 omnibus

520 3977 718 4046 gratias
757 3993 882 4047 agas
910 3978 1325 4033 clementissimo
1353 3980 1483 4033 Deo.
1535 3979 1663 4034 Nam
1694 3991 1747 4035 et
1788 3982 1974 4037 beatus
1999 3984 2099 4041 Job

518 4082 582 4122 ca
604 4083 722 4136 qua:
745 4082 930 4136 passus
955 4077 1055 4130 est,
1082 4069 1188 4122 Deo
1211 4069 1547 4136 permittente
1572 4086 1851 4140 perpessus
1871 4084 1954 4129 est
1982 4092 2101 4130 :eo-

521 4160 668 4213 ranis
697 4168 869 4213 tamen
899 4174 1003 4214 non
1031 4159 1150 4215 ideo
1172 4168 1371 4215 tantum
1393 4160 1621 4217 donatus
1640 4174 1741 4230 est,
1767 4167 1885 4235 quia
1917 4183 2098 4237 passus

521 4260 625 4315 est,
641 4266 822 4306 verum
838 4252 996 4306 etiam
1012 4253 1133 4322 quia
1149 4263 1330 4309 contra
1344 4254 1564 4311 adversa
1582 4259 1760 4313 omnia
1774 4257 1924 4314 fortis
1939 4270 2099 4331 atque

525 4344 838 4399 inviolabilis
860 4347 1121 4416 perstitit;
1147 4348 1575 4421 admiramurque
1593 4352 1739 4407 illum
1762 4369 1968 4420 omnes,
1994 4370 2099 4410 non

520 4433 663 4503 quod
686 4436 918 4505 privatus
939 4439 1185 4494 omnibus
1213 4455 1245 4494 a
1270 4440 1480 4495 diabolo
1501 4442 1677 4509 fuerit,
1704 4443 1797 4498 sed
1819 4446 1940 4514 quia
1963 4446 2100 4501 inter

524 4523 638 4580 inec
662 4526 838 4579 omnia
865 4542 968 4581 non
998 4528 1315 4597 peccaverit,
1348 4546 1415 4586 ne
1441 4531 1492 4586 in
1521 4532 1673 4587 labiis
1697 4534 1908 4603 quidem
1931 4536 2062 4591 suis.

595 4617 681 4673 10.
710 4616 859 4674 Redit
885 4620 953 4674 ad
981 4622 1264 4690 exemplum
1296 4622 1467 4677 Isaac.
1490 4651 1564 4664 --
1586 4625 1845 4692 Quoniam
1877 4642 2003 4682 vero
2032 4626 2099 4683 de

521 4710 625 4765 Job
659 4700 981 4768 mentionem
1012 4712 1145 4781 feci,
1188 4715 1378 4770 vellem
1404 4716 1617 4785 quidem
1645 4718 1800 4788 longa
1830 4718 1995 4788 ipsius
2022 4721 2097 4774 la-

525 4813 724 4870 menta,
753 4807 1165 4876 passionumque
1185 4807 1571 4865 vehementiam
1602 4813 1846 4883 persequi
1875 4832 1889 4868 :
1914 4830 2099 4870 verum

526 4910 593 4949 ne
616 4896 868 4964 prolixior
894 4898 1016 4961 sim,
1047 4898 1113 4951 ad
1139 4897 1285 4954 Isaac
1311 4900 1495 4956 redeo.
1527 4902 1691 4958 Porro
1717 4908 1761 4960 si
1784 4907 1933 4975 cupis
1959 4906 2100 4962 illius

523 4985 703 5039 omnia
728 4985 1034 5057 diligentius
1059 4988 1334 5045 addiscere
1358 5031 1372 5055 ,
1411 4992 1603 5048 librum
1648 4994 1818 5064 ipsum
1849 4996 1901 5050 in
1926 4997 2097 5052 mani-

526 5078 624 5129 bus
653 5088 891 5138 sumens.
921 5077 1103 5148 aspice
1132 5079 1185 5133 in
1211 5079 1460 5149 abyssum
1489 5082 1800 5139 altissimam
1826 5087 2100 5143 calamita-

528 5175 637 5220 tum
669 5166 797 5234 viri,
841 5167 1229 5239 plurimamque
1269 5170 1339 5225 ibi
1381 5173 1798 5228 consolationem
1835 5176 2096 5233 invenies.

523 5260 732 5327 Quanto
757 5261 901 5316 enim
929 5260 1116 5316 melior
1139 5260 1313 5330 justus
1352 5258 1442 5318 ille
1476 5273 1559 5320 est
1601 5279 1759 5334 quam
1795 5281 1925 5333 nos,
1953 5279 2101 5325 tanto

524 5354 776 5422 majorem
808 5354 912 5407 vim
942 5354 1346 5425 expugnandam
1377 5355 1578 5422 habuit,
1613 5372 1784 5428 eoque
1808 5358 2098 5416 vehemen-

525 5447 628 5501 tius
651 5457 832 5502 contra
859 5448 1008 5502 illum
1033 5457 1157 5503 tunc
1183 5449 1537 5526 nequissimus
1564 5451 1651 5507 ille
1675 5454 1969 5510 concitatus
1993 5466 2096 5511 est.

520 5538 785 5593 Ca‘terum
836 5549 983 5595 recte
1025 5537 1161 5595 facta
1193 5555 1298 5595 non
1327 5553 1430 5596 tam
1471 5546 1820 5600 teutatiouum
1851 5563 2094 5613 numero,

517 5645 676 5698 quam
706 5646 882 5686 rerum
919 5630 1113 5688 virtute
1139 5633 1487 5689 testimantur.
1544 5634 1722 5707 itaque
1747 5639 1846 5693 etsi
1877 5637 2098 5693 inferius

518 5718 659 5776 istud
686 5732 956 5777 certamen
983 5731 1066 5779 est
1087 5764 1101 5791 ,
1131 5722 1259 5779 nihil
1289 5724 1337 5779 id
1367 5734 1480 5782 tuas
1513 5742 1737 5783 coronas
1775 5730 1967 5798 poterit
1999 5731 2096 5785 mi-

1257 309 1313 365 S.
1352 305 1629 364 JO'ANNIS
1665 293 2138 359 CIIRYSOSTOMI
2177 292 2498 354 AllClllEP.
2538 296 3068 361 CONSTANTINOP.

3681 299 3791 357 ιω

2205 420 2371 461 nuere
2398 425 2412 462 :
2444 423 2569 463 nam
2591 418 2647 465 et
2666 410 2711 466 is
2735 411 2825 481 qui
2853 386 2959 467 duo
2987 411 3186 467 talenta
3211 410 3421 477 obtulit,
3450 410 3581 467 nihil
3608 412 3791 469 minus

2207 497 2406 566 retulit,
2437 515 2596 570 quam
2627 501 2672 556 is
2694 503 2783 572 qui
2808 503 3069 559 obtulerat
3091 503 3342 574 quinque.
3369 503 3479 559 Cur
3507 501 3598 557 id?
3627 502 3784 570 Quia.

2207 592 2307 646 etsi
2331 608 2437 647 non
2466 592 2605 649 idem
2633 604 2939 665 proventus,
2967 596 3154 652 eadem
3182 607 3358 654 tamen
3385 598 3636 653 alacritas
3664 599 3784 657 fuit.

2204 685 2465 753 Quocirca
2506 697 2561 743 et
2599 688 2790 744 eodem
2835 690 3037 745 honore
3076 701 3299 760 uterque
3321 691 3515 761 potitus
3539 702 3657 758 est,
3686 709 3790 748 θυι

2204 774 2358 832 diens
2391 795 2404 831 :
2434 777 2581 833 Intra
2605 780 2657 833 in
2691 780 2931 851 gaudium
2969 780 3177 836 Domini
3205 784 3278 837 tui
3305 783 3517 850 (Matth.
3548 784 3639 841 25.
3668 786 3789 857 21).

2204 868 2341 935 Quid
2363 884 2490 940 ergo
2518 868 2703 926 Isaac?
2742 871 3225 943 Percgrinationem
3253 875 3463 944 quidem
3495 876 3640 933 illam
3671 878 3795 934 lon-

2202 960 2472 1029 giSsimam
2525 963 2703 1018 subire
2749 965 2993 1034 exemplo
3051 967 3218 1035 patris
3277 976 3577 1039 terramque
3628 987 3789 1026 suam

2202 1050 2572 1122 derelinquere
2612 1064 2826 1111 coactus
2870 1073 2975 1110 non
3006 1067 3120 1122 est;
3152 1059 3246 1113 sed
3287 1061 3442 1130 plane
3469 1077 3789 1132 supremum

2202 1141 2464 1196 malorum
2494 1145 2730 1199 omnium
2755 1149 2869 1216 ipse
2894 1148 3182 1214 sustinuit,
3215 1160 3413 1205 metum
3452 1153 3680 1223 scilicet,
3716 1172 3792 1211 ne

2202 1234 2317 1288 sine
2366 1234 2547 1290 liberis
2592 1237 2897 1293 decederet.
2949 1240 3138 1295 Postea
3183 1258 3310 1297 vero
3343 1258 3500 1313 quam
3537 1262 3633 1314 per
3661 1263 3791 1301 ora-

2204 1329 2402 1381 tionem
2427 1343 2493 1382 eo
2534 1339 2678 1384 metu
2723 1330 2975 1387 liberatus
3013 1343 3094 1388 est
3119 1375 3136 1402 ,
3184 1335 3319 1389 alius
3357 1339 3611 1393 continuo
3656 1355 3786 1395 eum

2202 1421 2413 1489 excepit
2442 1421 2601 1476 timor
2628 1421 2785 1493 longe
2827 1424 3018 1492 major.
3070 1425 3252 1496 Neque
3276 1429 3416 1482 enim
3463 1444 3559 1497 par
3606 1441 3787 1485 metus

2203 1519 2284 1564 est
2315 1526 2412 1580 pro
2436 1514 2677 1582 conjugis
2701 1515 3016 1583 sterilitate,
3057 1526 3110 1571 et
3138 1532 3235 1587 pro
3268 1519 3444 1574 radice
3473 1520 3582 1589 ipsa
3617 1522 3788 1591 trepi-

2202 1600 2351 1657 dare.
2384 1602 2470 1657 Sic
2507 1606 2647 1657 enim
2684 1614 2868 1675 partus
2908 1605 3180 1663 deloribus
3217 1607 3682 1678 disrumpebatur,
3727 1622 3787 1666 ut

2204 1695 2311 1748 vita
2338 1704 2505 1749 morte
2527 1696 2669 1749 omni
2700 1696 2774 1750 illi
2799 1706 2936 1752 esset
2958 1698 3221 1753 acerbior.
3271 1700 3334 1754 Et
3360 1700 3460 1755 hoc
3492 1701 3663 1771 ipsam
3689 1718 3788 1756 an-

2203 1785 2317 1841 dias
2347 1787 2471 1842 licet
2495 1788 2757 1842 dicentem
2794 1806 2807 1843 :
2835 1789 2896 1843 Si
2923 1790 3046 1844 mihi
3072 1792 3142 1843 ita
3159 1795 3384 1861 futurum
3408 1803 3535 1858 crat,
3565 1794 3636 1848 ad
3660 1796 3787 1863 quid

2205 1871 2329 1924 milii
2368 1872 2528 1926 vivere
2560 1871 2709 1942 (Ceu.
2738 1874 2827 1929 25.
2858 1872 2995 1943 92)?
3042 1874 3220 1929 Famis
3255 1888 3432 1932 autem
3459 1888 3511 1933 et
3552 1879 3652 1933 istc
3688 1894 3787 1934 ex-

2203 1964 2554 2033 perimentum
2600 1967 2767 2035 cepit,
2811 1970 2911 2021 etsi
2956 1982 3061 2022 non
3104 1978 3160 2022 ut
3203 1979 3352 2038 pater
3396 1971 3448 2025 in
3489 1970 3783 2043 Egyptqu

2203 2053 2478 2109 descendit
2509 2072 2522 2108 :
2552 2055 2645 2109 sed
2676 2055 2814 2125 quod
2844 2057 2932 2112 ille
2955 2073 3081 2113 vere
3108 2058 3160 2113 in
3187 2057 3420 2132 Egypto
3449 2061 3694 2131 pertulit,
3730 2074 3787 2117 et

2203 2143 2304 2199 iste
2332 2143 2436 2214 pati
2457 2146 2850 2214 periclitabatur
2873 2189 2887 2213 ,
2930 2165 3154 2205 uxorem
3195 2153 3400 2208 scilicet
3419 2155 3683 2209 amittere.
3717 2155 3787 2209 Et

2203 2243 2409 2303 patrem
2459 2235 2672 2305 quidem
2699 2239 3090 2295 venerabantur
3127 2241 3334 2295 finitimi
3364 2258 3553 2299 omnes
3574 2286 3590 2311 ,
3640 2245 3787 2301 hunc

2204 2341 2332 2380 vero
2362 2342 2467 2380 non
2510 2342 2666 2383 secus
2709 2338 2866 2398 atque
2915 2331 3185 2386 inimicum
3211 2343 3265 2387 et
3309 2333 3518 2389 hostem
3548 2338 3789 2406 exagita.

2203 2414 2351 2481 bant,
2380 2432 2551 2487 neque
2579 2419 2802 2487 propriis
2821 2419 2970 2474 illum
2993 2421 3257 2476 laboribus
3275 2424 3473 2492 perfrui
3497 2426 3744 2481 sinebant
3767 2446 3784 2493 ;

2205 2522 2389 2562 verum
2437 2524 2557 2566 cum
2601 2509 2749 2563 illum
2793 2512 3049 2580 angustiis
3095 2513 3324 2583 undique
3373 2516 3784 2583 concluderent,

2208 2597 2429 2653 licenter
2447 2599 2544 2668 ipsi
2571 2599 2837 2655 laboribus
2855 2602 3021 2670 ipsius
3046 2601 3375 2659 fruebantur.
3400 2605 3638 2662 Tandem
3655 2625 3787 2663 veru

2204 2704 2325 2742 cum
2355 2689 2456 2744 sibi
2503 2688 2625 2745 illos
2652 2692 2853 2747 amicos
2880 2702 3063 2748 nactus
3087 2704 3269 2761 esset,
3299 2694 3544 2766 ﬁliosque
3571 2698 3787 2754 adultos

2203 2788 2449 2835 cerneret
2471 2822 2487 2846 ,
2535 2791 2661 2835 tunc
2688 2794 2856 2848 certe,
2883 2794 3008 2838 tunc
3036 2785 3245 2855 quando
3274 2802 3537 2842 summam
3566 2803 3627 2844 se
3649 2806 3786 2845 con-

2204 2874 2515 2929 solationem
2540 2876 2872 2931 inventurum
2896 2878 3162 2947 sperabat,
3186 2881 3522 2951 optimosque
3545 2894 3788 2939 senectuo

2206 2964 2273 3018 tis
2311 2981 2420 3020 suae
2449 2977 2724 3022 curatores
2764 2966 3063 3023 habiturum
3090 3010 3105 3034 ,
3160 2972 3211 3023 in
3250 2985 3556 3039 supremum
3581 2974 3787 3029 corruit

2207 3071 2512 3111 maerorem.
2570 3058 2806 3112 Primum
2835 3060 2975 3115 enim
3020 3061 3191 3131 major
3230 3073 3356 3117 natu
3390 3062 3527 3118 filius
3558 3081 3781 3121 uxorem

2209 3147 2308 3201 sibi
2354 3149 2704 3219 alienigenam
2750 3159 2934 3205 contra
2978 3153 3144 3221 patris
3174 3162 3353 3208 votum
3397 3155 3573 3226 cepit,
3624 3166 3683 3211 et
3719 3172 3787 3212 eo

2206 3239 2321 3308 ipso
2357 3240 2499 3310 quod
2548 3257 2774 3312 pugnam
2803 3252 2855 3298 et
2896 3243 3090 3298 bellum
3122 3245 3174 3298 in
3212 3244 3425 3299 domum
3459 3246 3787 3302 introduxis-

2206 3339 2307 3397 set,
2350 3332 2495 3386 illum
2521 3348 2727 3387 summa
2752 3343 2804 3387 et
2834 3330 3132 3389 incredibili
3162 3336 3210 3388 vi
3240 3335 3439 3391 doloris
3468 3336 3660 3391 atl‘ecit.
3698 3338 3785 3391 lu-

2207 3423 2440 3477 uumeris
2459 3423 2598 3476 enim
2627 3423 2778 3478 malis
2803 3425 3056 3480 mulieres
3082 3425 3186 3479 illm
3214 3441 3428 3481 soceros
3443 3427 3780 3482 afﬁciebant:

2205 3512 2324 3585 qua:
2367 3515 2546 3569 omnia
2594 3515 2865 3584 Scriptura
2907 3516 3187 3580 devitans,
3236 3532 3343 3571 uno
3388 3518 3549 3572 verbo
3587 3529 3784 3574 cuncta

2206 3608 2466 3678 signavit,
2521 3622 2642 3663 cum
2688 3607 2888 3662 diceret
2922 3623 2938 3661 :
2977 3606 3103 3661 Cum
3152 3606 3375 3662 Rebecca
3419 3610 3786 3664 contendebant

2209 3703 2335 3771 (ιιι.
2365 3704 2453 3754 '26.
2480 3703 2548 3755 55
2577 3704 2593 3770 )
2624 3719 2638 3755 :
2673 3702 2988 3771 reliquitque
3030 3701 3082 3753 id
3128 3701 3323 3755 dictum
3368 3702 3446 3755 eis
3486 3702 3788 3771 intelligen-

2206 3796 2364 3857 dum,
2413 3795 2501 3865 qui
2551 3794 2740 3848 dumos
2771 3795 2967 3848 habent
2991 3809 3052 3847 ac
3082 3794 3221 3847 ﬁlios
3254 3796 3363 3863 jam
3393 3805 3663 3849 uxoratns.
3706 3795 3784 3849 Illi

2208 3887 2348 3940 enim
2400 3886 2625 3940 maxime
2663 3887 2898 3941 omnium
2943 3896 3205 3940 noverunt
3251 3896 3509 3956 quantum
3558 3888 3683 3940 mali
3713 3888 3786 3941 sit

2206 3988 2566 4047 quantumque
2610 3977 2950 4043 detrimenti,
3003 3978 3048 4033 si
3091 3992 3278 4033 socrus
3306 3988 3360 4033 et
3398 3994 3566 4033 nurus
3595 3989 3787 4033 mutati

2208 4070 2446 4123 rixentur
2472 4109 2487 4134 ,
2519 4058 2689 4139 idque
2715 4078 2841 4123 tunc
2866 4069 3128 4133 maxime,
3176 4083 3299 4123 cum
3327 4069 3498 4123 ambae
3539 4069 3786 4123 eamdem

2209 4160 2504 4216 inhabitcnt
2531 4160 2768 4214 domum.
2819 4160 2930 4214 Hoc
2957 4170 3131 4214 autem
3154 4161 3277 4230 juge
3305 4159 3409 4215 illis
3434 4168 3548 4214 erat
3575 4160 3755 4213 iucom

2209 4251 2444 4305 modum.
2478 4251 2560 4306 Ad
2589 4252 2702 4305 btec
2730 4251 2804 4305 illi
2834 4252 3047 4321 gravior
3072 4266 3280 4321 quoque
3305 4251 3549 4305 molestia
3577 4250 3786 4319 adjecta

2206 4354 2306 4406 est,
2336 4344 2547 4397 (arcitas
2574 4343 2795 4406 scilicet,
2825 4355 2940 4412 qua:
2961 4342 3253 4413 cujusmodi
3276 4343 3362 4406 sit,
3383 4343 3457 4396 illi
3489 4342 3589 4396 soii
3611 4343 3790 4397 sciunt

2207 4437 2293 4504 qui
2329 4436 2612 4503 patiuntur.
2658 4437 2918 4491 Praeterea
2945 4436 3069 4491 dum
3101 4436 3438 4491 benediceret
3470 4437 3623 4504 ﬁliis,
3652 4451 3787 4492 con—

2209 4538 2285 4580 tra
2316 4544 2472 4597 quam
2505 4529 2715 4583 volebat
2739 4572 2754 4596 ,
2799 4532 2981 4585 matris
3017 4543 3135 4585 astu
3164 4541 3216 4584 et
3251 4539 3365 4585 arte
3399 4532 3660 4586 utiuorem
3691 4548 3789 4600 pm

2206 4619 2409 4688 majore
2437 4620 2705 4675 benedixit
2734 4638 2747 4675 :
2776 4637 2877 4691 qua
2904 4623 2955 4676 in
2986 4639 3045 4677 re
3075 4623 3145 4676 ita
3175 4621 3431 4688 indoluit,
3461 4632 3520 4677 ut
3550 4626 3788 4679 amarius

2204 4726 2363 4779 quam
2407 4714 2453 4766 is
2489 4713 2577 4782 qui
2622 4729 2807 4782 passus
2843 4712 3015 4769 fuerat
3053 4714 3347 4778 clamaret,
3397 4724 3788 4784 excusaretque

2207 4803 2580 4872 ignorantiam,
2601 4804 2739 4874 quod
2766 4820 2868 4858 non
2898 4806 3045 4860 illum
3067 4806 3242 4861 sciens
3258 4806 3629 4861 benedictione
3651 4806 3787 4861 frau-

2205 4894 2403 4960 dasset,
2433 4912 2616 4950 vcrmn
2638 4898 3044 4951 circumventus.

2280 4996 2406 5051 lltec
2452 5006 2632 5050 autem
2683 4996 2863 5049 onmia
2921 5011 3098 5051 scena:
3143 4995 3465 5066 tragmdiam
3522 4996 3781 5065 praefere-

2209 5091 2340 5165 bant
2362 5128 2377 5152 ,
2431 5086 2782 5157 fabulamque
2817 5086 3199 5144 Thebanorum
3233 5088 3664 5143 adolescentium
3698 5089 3778 5141 si-

2206 5181 2469 5250 gnabant.
2510 5179 2646 5233 Nam
2704 5188 2758 5234 et
2809 5181 2898 5235 hic
2938 5182 3100 5235 etiam
3152 5187 3490 5235 senectutem
3537 5194 3781 5235 occec:-

2210 5273 2522 5341 tionemque
2546 5272 2717 5341 patris
2747 5273 2921 5341 major
2947 5282 3078 5327 natu
3099 5280 3476 5334 contemnens,
3500 5270 3777 5341 juniorem

2206 5361 2428 5416 fratrem
2462 5361 2771 5417 deturbavit
2798 5364 2982 5420 domo.
3015 5362 3079 5416 Et
3105 5364 3149 5417 si
3184 5378 3293 5416 non
3321 5362 3411 5417 ille
3448 5363 3691 5425 necavit,
3724 5361 3777 5414 id

2209 5455 2400 5510 matris
2456 5455 2741 5526 impedivit
2775 5458 3075 5528 sapientia:
3121 5464 3177 5511 et
3218 5457 3304 5511 hic
3354 5455 3497 5511 enim
3543 5456 3780 5510 commi-

2208 5555 2366 5600 natus
2421 5552 2505 5599 est
2574 5536 2813 5611 easdem,
2882 5547 3162 5616 patrisque
3213 5554 3440 5601 mortem
3503 5545 3783 5615 operiebao

2207 5643 2316 5689 tur.
2375 5633 2530 5699 Quod
2589 5651 2714 5690 cum
2765 5642 2941 5691 mater
2979 5645 3139 5691 cauta
3177 5637 3478 5700 didicisset,
3525 5635 3783 5706 patrique

2206 5725 2693 5793 retulisset,-illum
2742 5728 2861 5799 ejus
2905 5729 3157 5786 manibus
3207 5728 3406 5800 eripuit
3462 5746 3478 5782 :
3540 5735 3596 5784 et
3648 5741 3780 5783 eum
