4060 6136
166 306 270 363 463

168 423 389 495 ὄψεται
436 426 732 496 πρόϐατον·
751 426 943 494 ἐαυτῷ
989 438 1073 497 εἰς
1111 434 1552 504 όλοκάρπωσιν,
1587 441 1818 493 τέκνον.

164 512 346 585 Πόσης
382 513 482 568 οῐει
517 513 687 567 ταῦτα
726 515 1068 586 συμπαθείας
1105 515 1241 575 εἶναι
1284 523 1356 577 τὰ
1389 527 1648 596 ῥήματας
1690 526 1826 580 Ἀλλ’

162 598 313 670 ὅμως
336 602 554 672 κατεῖχε
583 602 734 655 κάτω
761 602 859 675 τὴν
895 603 1088 676 ὀδύνην
1132 609 1228 661 καὶ
1272 610 1482 678 ἐπίεζε,
1540 613 1634 666 καὶ
1692 617 1828 684 μετά

164 685 431 756 τοσαύτης
480 688 695 742 ἅπαντα
736 690 835 760 τῆς
883 693 1192 763 προθυμίας
1233 695 1489 768 ἔπραττε,
1537 699 1655 769 μεθ’
1700 701 1827 771 ὅσης

164 773 214 826 οι
233 774 426 846 μηδενὶ
451 776 654 829 τούτων
676 778 1027 850 κατεχόμενοι
1057 780 1168 834 τῶν
1190 783 1547 855 κωλυμάτων.
1575 787 1828 841 Καταθύ-

165 877 266 924 σας
292 861 471 914 τοίνυν
494 862 655 916 αὑτὸν
687 863 802 935 (καὶ
830 866 937 936 γὰρ
964 868 1226 922 κατέθυσε
1258 873 1322 941 τῇ
1376 872 1699 944 προθυμίᾳ),
1728 891 1828 929 πα-

168 946 459 1017 ραδίδωσιν
488 950 614 1019 ὑγιῆ
643 951 737 1003 καὶ
763 950 900 1004 σῶον
931 956 996 1024 τῇ
1027 957 1192 1026 μητρί
1216 972 1230 987 ·
1267 955 1506 1011 λαϐοῦσα
1531 958 1587 1012 δέ
1620 960 1827 1030 ἐκείνη,

165 1033 297 1104 πρὶν
323 1036 702 1107 ἐμπλησθῆναι
726 1038 906 1103 καλῶς
930 1040 1024 1092 τοῦ
1056 1042 1262 1107 παιδὸς,
1293 1042 1548 1097 καταλύει
1576 1044 1667 1097 τὸν
1697 1044 1828 1114 βίον.

165 1121 405 1175 Κάκεῖνο
442 1123 498 1176 δέ
536 1125 596 1177 ού
624 1125 834 1197 μικρῶς
869 1126 1056 1180 ἐλύπει
1082 1128 1172 1184 τὸν
1209 1130 1477 1203 Ἀϐραάμ.
1516 1134 1577 1185 Εἰ
1606 1131 1714 1203 γὰρ
1738 1134 1830 1187 καὶ

166 1209 335 1262 πολὺν
365 1211 510 1281 αὐτῷ
534 1214 874 1283 συνεγεγόνει
900 1217 1112 1287 χρόνον,
1150 1218 1302 1273 οὐδὲν
1336 1216 1403 1291 ἦν
1435 1219 1617 1273 ἱκανὸν
1648 1223 1831 1274 πεῖσαι

169 1295 299 1365 ῥᾷον
328 1297 570 1365 ἐνεγκεῖν
601 1298 697 1369 τὴν
733 1304 1015 1373 συμφοράν
1033 1322 1047 1334 ο
1076 1304 1205 1358 αὐτὸ
1230 1305 1327 1376 μέν
1357 1303 1448 1359 οὖν
1470 1306 1626 1360 τοῦτο
1654 1307 1832 1361 πλείου

166 1398 233 1434 να
286 1383 435 1453 αὐτῷ
486 1388 711 1457 παρεῖχε
755 1388 850 1457 τὴν
889 1388 1124 1461 ἀθυμίαν
1179 1408 1192 1420 ·
1253 1395 1378 1457 τοὺς
1422 1393 1530 1464 γὰρ
1569 1396 1660 1447 ἐπὶ
1700 1395 1831 1450 πολὺ

169 1469 611 1540 συνοικήσαντας.
642 1474 737 1525 καὶ
782 1473 981 1545 πολλὴν
1025 1477 1123 1549 τῆς
1156 1478 1362 1531 ἑαυτῶν
1410 1481 1501 1533 καὶ
1528 1478 1708 1549 φιλίας
1741 1481 1833 1534 καί

165 1553 369 1625 ἀρετῆς
415 1554 710 1620 δεδωκότας
761 1560 954 1631 πεῖραν
996 1546 1145 1633 ἡμῖν,
1178 1565 1397 1629 τούτους
1429 1565 1662 1637 μάλιστα
1696 1567 1832 1620 πάν-

161 1655 273 1694 των
317 1640 602 1712 ζητοῦμεν.
647 1643 798 1718 [195]
842 1649 950 1701 Καὶ
993 1651 1074 1703 ὅτι
1101 1651 1252 1705 ταῦθ’
1282 1651 1454 1717 οὕτως
1491 1654 1627 1724 ἐχει,
1669 1653 1833 1718 αὐτὸς

165 1726 433 1799 ἐδήλωσεν
463 1730 492 1780 6
524 1731 866 1804 πατριάρχης
901 1736 1174 1807 πενθήσας
1205 1739 1301 1792 καὶ
1332 1738 1609 1812 θρηνήσας
1640 1741 1830 1811 αὐτήν.

166 1813 231 1868 Τί
271 1815 319 1868 δ’
346 1816 411 1869 ἄν
450 1834 532 1880 τις
575 1817 718 1887 λέγοι
743 1820 840 1883 τὰς
879 1820 1018 1895 ὑπὲρ
1054 1825 1144 1878 τοῦ
1175 1825 1364 1888 παιδδς
1400 1827 1704 1897 φροντίδας,
1737 1827 1834 1890 τὰς

166 1902 309 1974 ὑπὲρ
347 1900 449 1974 τῆς
479 1904 665 1959 τούτου
699 1910 973 1977 γυναικὸς,
1002 1912 1101 1976 τὰς
1133 1913 1273 1985 ὑπὲρ
1310 1914 1416 1967 τῶν
1448 1913 1691 1983 ἀδελφῶν
1727 1916 1834 1969 τῶν

163 1991 378 2057 τούτου,
402 1993 471 2046 τά
495 1993 629 2049 ἄλλα
656 1995 891 2064 ἅπαντα,
919 1999 1059 2069 άπερ
1090 2001 1138 2054 εί
1161 2002 1280 2053 κατ’
1308 2000 1591 2071 ἀκρίϐειαν
1624 2019 1714 2065 τις,
1749 2001 1841 2067 ἔξει

165 2078 378 2142 ετάζειν
425 2079 618 2147 ἐθέλοι,
670 2082 805 2137 πολὺ
844 2084 935 2138 τοῦ
984 2085 1078 2139 νῦν
1118 2085 1417 2157 δειχθέντος
1456 2087 1835 2160 ὀδυνηρότερον

163 2166 357 2236 ὄψεται
382 2166 475 2221 τοῦ
507 2168 713 2224 δικαίου
741 2172 832 2226 τὸν
858 2172 972 2243 βίον
1000 2174 1093 2227 καὶ
1122 2173 1379 2229 πλειόνων
1412 2175 1648 2246 γέμοντα
1675 2194 1836 2248 φρον-

164 2253 327 2307 τίδων
352 2270 366 2319 ;
396 2256 477 2310 Τά
492 2255 600 2329 γάρ
627 2258 1129 2333 κεφαλαιωδέστερα
1149 2263 1306 2333 μόνον
1329 2262 1555 2315 εἰποῦσα
1572 2265 1605 2335 ἡ
1621 2263 1832 2335 Γραφὴ,

163 2339 234 2393 τὰ
258 2340 392 2395 ἄλλα
422 2343 597 2397 πάντα
619 2346 869 2416 παρῆκεν
906 2346 1179 2412 ἐξετάζειν
1209 2350 1362 2419 ἡμῖν,
1406 2350 1507 2403 ὅσα
1546 2349 1665 2403 καθ’
1708 2351 1837 2404 ἐκά-

167 2441 300 2497 στην
318 2431 531 2502 ἡμέραν
548 2430 793 2499 γίνεσθαι
813 2434 958 2498 είκδς
979 2437 1034 2488 ἐν
1050 2435 1213 2506 οίκίᾳ,
1230 2434 1358 2489 ἔνθα
1391 2436 1613 2489 οἰκετῶν
1635 2437 1835 2507 πλῆθος

165 2515 261 2568 καὶ
286 2516 426 2587 ἀνὴρ
449 2517 543 2572 καὶ
563 2518 696 2591 γυνὴ
724 2521 817 2574 καὶ
848 2521 1034 2575 παιδία
1061 2522 1154 2576 καὶ
1182 2523 1521 2594 πραγμάτων
1542 2524 1835 2592 ἐπιμέλεια

167 2601 404 2656 πολλῶν.
424 2604 550 2671 Ναὶ,
577 2607 738 2678 φησίν
763 2623 776 2637 ·
811 2606 925 2661 ἀλλ’
953 2609 1144 2679 ἐκείνῳ
1174 2606 1434 2681 μεγίστην
1460 2610 1580 2663 καθ’
1605 2611 1833 2663 ἕκαστον

164 2689 370 2743 τούτων
400 2693 745 2764 παραμυθίαν
773 2693 934 2767 ἔφερε
967 2695 1074 2749 τῶν
1097 2695 1355 2768 λυπηρῶν
1381 2697 1440 2751 τὸ
1468 2696 1556 2750 διὰ
1582 2695 1671 2750 τὸν
1703 2697 1833 2751 Θεὸν

165 2776 347 2832 πάντα
373 2780 665 2851 ὑπομένειν
690 2783 892 2836 ἐκεῖνα.
925 2782 1131 2837 Οὐκοῦν
1154 2784 1248 2837 καὶ
1286 2785 1346 2837 σὲ
1384 2780 1546 2838 τοῦτο
1576 2798 1834 2855 παραμυ-

165 2864 393 2935 θήσεται
417 2867 511 2919 νῦν
530 2885 543 2898 ·
567 2871 662 2924 καὶ
686 2870 794 2942 γάρ
820 2887 902 2924 σοι
922 2872 1010 2925 τὸν
1034 2870 1340 2943 πειρασμὸν
1363 2872 1550 2924 τοῦτον
1576 2874 1603 2924 6
1626 2889 1837 2941 συγχω-

166 2955 343 3027 ρήσας
366 2956 609 3010 ἐπελθεῖν
646 2959 820 3022 οὐδεὶς
849 2958 1032 3029 ἕτερός
1057 2960 1225 3024 ἐστιν,
1269 2958 1384 3013 ἀλλ’
1426 2959 1459 3030 ἢ
1497 2962 1524 3012 6
1550 2958 1703 3021 Θεός.
1773 2957 1836 3011 El

164 3041 279 3112 γὰρ
306 3043 507 3115 χοίροις
557 3044 887 3115 ἐπιπηδῆσαι
933 3046 1033 3099 οὐκ
1078 3045 1144 3099 ἂν
1179 3045 1485 3116 ἐτόλμησαν
1523 3047 1573 3098 οἱ
1609 3046 1837 3116 πονηροὶ

163 3125 420 3197 δαίμονες
458 3130 673 3192 ἐκεῖνοι,
710 3132 784 3200 μὴ
834 3131 1227 3201 ἐπιτρέψαντος
1270 3131 1433 3184 αὑτοῦ
1477 3131 1616 3196 τότε,
1659 3130 1836 3202 πολλῷ

168 3214 371 3283 μᾶλλον
389 3217 455 3287 τῇ
481 3217 544 3286 σῇ
570 3215 725 3287 τιμία
743 3216 910 3287 ψυχῇ.
936 3216 1143 3288 Ὠσπερ
1160 3213 1251 3271 οῦν
1278 3218 1470 3288 ἐκείνῳ
1494 3218 1554 3271 τὸ
1576 3218 1837 3286 γενναίως

164 3299 386 3354 ἅπαντα
414 3303 596 3373 φέρειν
622 3303 712 3355 καὶ
735 3303 1065 3374 εὐχαρίστως
1097 3303 1260 3357 πολὺν
1294 3304 1489 3375 ἤνεγκε
1512 3303 1722 3375 μισθὸν,
1745 3303 1837 3357 οῦ·
1882 3313 1909 3336 ⁸⁵

163 3404 276 3452 τως
300 3389 437 3442 οῐσει
475 3390 567 3443 καὶ
601 3391 702 3455 σοὶ,
739 3392 895 3461 μόνον
926 3389 990 3444 ἂν
1037 3390 1111 3462 μὴ
1143 3391 1498 3462 δυσχεραίνῃς
1536 3391 1669 3461 μηδὲ
1701 3393 1836 3460 ἀγα-

164 3478 389 3546 νακτῇς,
416 3476 530 3530 ἀλλ’
555 3478 691 3548 ὑπὲρ
722 3478 974 3531 ἀπάντων
1008 3480 1333 3550 εὐχαριστῇς
1362 3478 1441 3549 τῷ
1472 3478 1836 3550 φιλανθρώπῳ

163 3562 309 3634 θεῷ.
348 3565 500 3617 Ἐπεὶ
525 3567 619 3619 καὶ
644 3568 672 3618 6
705 3567 972 3637 μακάριος
1006 3565 1126 3619 Ἰὼϐ
1168 3565 1335 3620 ἐπαθε
1371 3567 1467 3637 μὲν
1496 3564 1637 3639 ἅπερ
1666 3565 1833 3619 ἐπαθε

166 3647 625 3718 συγχωρήσαντος
665 3649 759 3703 τοῦ
802 3648 957 3714 Θεοῦ,
1006 3648 1165 3720 ἔφερε
1193 3649 1248 3702 δὲ
1288 3648 1436 3719 αὑτῷ
1468 3650 1594 3713 τοὺς
1638 3649 1830 3719 στεφά-

166 3752 293 3799 νους
319 3736 379 3789 οὐ
416 3736 477 3788 τὸ
513 3737 703 3792 παθεῖν
740 3738 919 3808 μόνον,
950 3737 1086 3791 ἀλλά
1124 3736 1218 3790 καὶ
1238 3735 1298 3789 τὸ
1328 3737 1588 3805 γενναίως
1616 3737 1750 3808 πρὸς
1774 3736 1835 3791 ἆ·-

165 3838 350 3877 παντα
379 3825 567 3895 στῆναι
598 3826 663 3879 τὰ
688 3825 863 3882 δεινάσ
901 3827 994 3880 καὶ
1016 3825 1363 3896 θαυμάζομεν
1390 3825 1547 3880 αὑτὸν
1574 3823 1831 3891 ἅπαντες,

168 3912 274 3963 οὑκ
304 3912 489 3984 ἐπειδὴ
525 3914 743 3967 πάντων
776 3914 939 3967 αὑτὸν
967 3914 1336 3985 ἀπεστέρησεν
1361 3915 1389 3966 6
1412 3913 1676 3977 διάϐολος,
1722 3914 1833 3967 ἀλλ’

167 3998 357 4067 ἐπειδὴ
382 3999 440 4051 ἐν
461 4000 594 4053 πᾶσι
619 4000 827 4065 τούτοις
853 4002 951 4072 οὐχ
976 4001 1244 4072 ἥμαρτεν,
1284 4000 1405 4054 οὑδέ
1435 4002 1493 4053 ἐν
1520 4004 1632 4065 τοῖς
1659 4002 1834 4072 χείλε-

171 4098 257 4138 σιν
287 4084 470 4139 αὑτοῦ.

247 4177 300 4224 ι’.
361 4172 574 4242 Ἐπειδὴ
617 4172 671 4226 δέ
718 4173 992 4244 ἐμνήσθην
1046 4172 1140 4226 τοῦ
1203 4173 1342 4237 Ἰὼϐ,
1393 4172 1691 4244 ἐϐουλόμην
1737 4174 1837 4244 μὲν

169 4258 415 4320 καὶτοὺς
443 4257 672 4330 θρήνους
704 4260 867 4312 αὐτοῦ
904 4260 1029 4323 τοὺς
1067 4261 1328 4332 μακροὺς,
1373 4260 1466 4313 καὶ
1501 4259 1609 4314 τῶν
1646 4259 1836 4314 παθῶν

168 4344 270 4416 τὴν
315 4344 647 4417 σφοδρότητα
692 4346 927 4400 ἐκθεῖναι
970 4348 1048 4420 τῷ
1096 4349 1273 4420 λόγῳο
1318 4349 1459 4420 ὑπὲρ
1504 4348 1561 4401 δὲ
1606 4348 1698 4402 τοῦ
1761 4348 1834 4419 μὴ

170 4431 308 4484 πολὺ
361 4431 579 4503 ποιῆσαι
616 4431 677 4485 τὸ
711 4432 885 4504 μῆκος
923 4435 1178 4506 ἐπάνειμι
1213 4435 1349 4506 πρὸς
1382 4435 1474 4487 τὸν
1514 4435 1718 4489 Ἰσαάκ.
1755 4436 1829 4489 Σὺ

169 4516 226 4570 δὲ
252 4520 299 4571 εί
345 4517 521 4589 βούλει
571 4519 709 4590 μετὰ
739 4520 1024 4591 ἀκριϐείας
1055 4524 1123 4576 τὰ
1162 4522 1369 4575 ἐκείνου
1417 4522 1626 4592 μαθεῖν,
1664 4530 1725 4576 τὸ
1755 4522 1837 4593 βι·

171 4602 320 4658 ϐλίον
348 4605 512 4660 αὑτοῦ
537 4606 674 4678 μετά
702 4610 886 4679 χεῖρας
909 4607 1088 4662 λαϐὼν
1107 4608 1363 4674 διάκυψον
1391 4614 1525 4679 πρὸς
1547 4608 1644 4679 τὴν
1676 4609 1838 4662 ἄϐυσ-

172 4710 267 4746 σον
309 4691 417 4747 τῶν
451 4694 763 4764 σιῗμφορῶν,
800 4696 892 4749 καὶ
918 4694 1114 4766 πολλὴν
1147 4697 1202 4748 ἐν
1232 4695 1458 4757 ἐκείνοις
1486 4694 1834 4765 παραμυθίαν

169 4780 424 4852 εὑρήσεις
475 4781 584 4834 τῶν
611 4781 733 4835 σῶν.
795 4782 857 4837 El
893 4782 1001 4854 γὰρ
1029 4784 1122 4835 κα)⁸
1166 4782 1347 4852 πολλῷ
1379 4781 1601 4852 βελτίων
1626 4785 1657 4852 ἡ
1669 4782 1781 4852 μῶν
1805 4783 1834 4834 6

169 4869 396 4933 δίκαιος,
410 4868 545 4924 ἀλλά
565 4870 808 4943 καὶπρὸς
833 4871 1010 4942 πολλῷ
1027 4871 1248 4943 μείζονα
1278 4870 1372 4942 τὴν
1403 4869 1679 4941 ἐνέργειαν
1702 4888 1835 4942 παρ-

166 4956 420 5020 ετάξατο·
469 4957 563 5010 καί⁸
607 4959 714 5030 γὰρ
751 4959 1107 5032 σφοδρότερον
1150 4958 1373 5028 ἔπνευσε
1400 4959 1518 5012 κατ’
1548 4958 1755 5012 ἐκείνου
1806 4962 1834 5013 ὁ

166 5044 411 5117 Πονηρὸς
436 5046 573 5102 τότε.
618 5047 698 5099 Τὰ
736 5047 791 5101 δέ
831 5046 1327 5121 κατορθώματαγοὺ
1371 5047 1451 5117 τῷ
1501 5046 1685 5118 μέτρῳ
1726 5046 1833 5100 τῶν

168 5133 512 5204 πειρασμῶν,
562 5134 697 5188 ἀλλά
720 5137 786 5205 τῇ
821 5134 927 5187 τῶν
958 5135 1341 5206 πραττομένων
1387 5135 1612 5202 δυνάμει
1649 5133 1833 5204 κρίνε-

165 5236 281 5272 ται.
302 5218 466 5272 Ὦστε
493 5219 595 5275 κᾶν
623 5222 857 5276 ἐλάττων
876 5215 1027 5286 οὗτος
1043 5223 1071 5275 6
1091 5222 1182 5275 νῦν
1214 5222 1383 5291 ἀγὼν,
1406 5221 1559 5274 οὐδέν
1588 5238 1647 5273 σε
1673 5219 1834 5275 τοῦτο

167 5308 249 5370 είς
280 5308 408 5370 τοὺς
452 5309 749 5379 στεφάνους
782 5308 1133 5381 παραϐλάψαι
1169 5308 1472 5379 δυνήσεται.
1525 5307 1585 5360 Ὀ
1635 5306 1742 5379 γὰρ
1766 5308 1831 5362 τὰ

163 5393 261 5447 δύο
306 5395 586 5450 ’τάλανταει
640 5395 1016 5469 προσενεγκὼν
1073 5396 1173 5449 οὐκ
1222 5395 1440 5447 ἔλαττον
1477 5394 1683 5465 ήνεγκει
1734 5394 1831 5448 τοῦ

163 5482 234 5537 τὰ
269 5483 429 5537 πέντε
473 5484 852 5550 ἐπιδείξαντος.
878 5485 976 5537 Διὰ
1005 5485 1087 5551 τί;
1116 5485 1235 5537 Ὅτι
1281 5484 1327 5535 εί
1367 5483 1457 5535 καὶ
1498 5482 1529 5551 ἡ
1572 5481 1831 5552 πρόσοδος

226 5727 256 5759 ³
280 5723 537 5779 Samius!
562 5730 586 5776 6
607 5725 666 5777 τὰ
683 5728 765 5778 δύο
782 5728 1003 5777 τάλαντα.

1070 316 1165 370 AD
1200 317 1583 379 STAGIBIUM
1623 323 1669 376 Α
1702 321 2010 378 Β.ΕΜοΝΕ
2058 321 2420 382 VEXATUM.
2440 326 2569 382 LIB.
2608 327 2674 382 ll.

3477 326 3590 387 ιιι

1935 442 2033 511 οὐχ
2057 444 2089 513 ἡ
2121 444 2276 515 αὑτὴ,
2301 444 2414 498 ἀλλ’
2435 447 2469 516 ή
2500 444 2776 516 προθυμία
2797 444 2830 516 ἡ
2854 443 3011 515 αὑτὴ,
3037 443 3158 501 ὅθεν
3179 443 3391 516 καὶτῆς
3417 446 3589 513 αὐτῆς

1933 531 2192 603 ἑκάτερος
2233 533 2389 605 ἔτυχε
2422 536 2586 606 τιμῆς
2632 534 2889 598 ἀκούσας,
2928 533 3184 607 Ετσωθε
3219 535 3307 600 εις
3338 532 3452 602 τὴν
3478 551 3591 604 χα-

1929 619 2045 685 ρὰν
2071 619 2177 672 τοῦ
2197 622 2426 689 Κυρίου
2456 635 2592 674 σου.
2628 621 2693 673 Τί
2716 616 2809 674 οῦν
2834 621 2862 673 6
2884 619 3068 674 Ἰσαάκ
3085 663 3099 685 ,
3150 620 3457 690 Αποδημίαν
3490 619 3591 692 μὶν

1932 706 2031 758 οὐκ
2058 705 2332 760 ἐστείλατο
2370 708 2604 779 μακρὰν,
2644 707 2895 781 καθάπερ
2926 710 2954 761 6
2982 708 3185 779 πατὴρ,
3231 707 3350 760 οὐδὲ
3366 706 3464 778 τὴν
3507 709 3584 760 οῖ·

1932 789 2087 841 κείαν
2119 790 2333 858 ἀφεῖναι
2375 792 2692 862 ἠναγκάσθη
2726 792 2850 860 γῆν,
2890 791 3143 862 καθάπερ
3187 793 3411 854 ἐκεῖνος,
3443 791 3505 843 τὸ
3532 789 3590 843 δέ

1935 878 2222 946 κεφάλαιον
2266 877 2371 931 τῶν
2419 878 2600 931 κακῶν
2650 880 2742 931 καὶ
2769 877 2930 941 αὑτὸς
2977 878 3256 948 ὑπέμεινε,
3296 878 3395 947 τῆς
3429 879 3565 930 ἀπαι

1932 964 2050 1028 δίας
2080 965 2172 1017 τὸν
2205 965 2388 1033 φόϐον.
2440 966 2528 1027 Ὠς
2557 965 2613 1018 δὲ
2647 965 2800 1018 έλυσε
2835 966 2896 1018 τὸ
2926 964 3094 1019 δεινὸν
3127 965 3439 1037 εὐξάμενος,
3469 966 3590 1017 ἐτε-

1938 1079 2026 1134 ρος
2066 1063 2226 1117 αὑτὸν
2257 1060 2524 1127 διεδέξατο
2554 1062 2716 1132 φόϐος
2746 1062 2950 1115 ἐκείνου
2988 1063 3215 1133 μείζων·
3246 1062 3364 1114 οὐδὲ
3391 1062 3497 1133 γὰρ
3523 1057 3591 1133 ἦν

1936 1157 2047 1212 ἴσον
2085 1159 2226 1231 ὑπὲρ
2257 1158 2507 1222 ἀπαιδίας
2545 1161 2803 1230 τρέμειν,
2842 1159 2934 1214 καὶ
2969 1159 3108 1228 ὑπὲρ
3129 1159 3227 1230 τῆς
3256 1158 3407 1229 ῥίζης
3439 1157 3591 1231 [196]

1933 1258 2122 1327 αὐτῆς.
2167 1257 2322 1311 Οὕτω
2354 1256 2462 1328 γὰρ
2492 1258 2627 1329 αὑτὴ
2661 1257 2969 1312 διεκόπτετο
2995 1260 3115 1321 ταῖς
3154 1257 3337 1310 ὠδῖσιν
3381 1257 3455 1320 ὼς
3506 1274 3595 1309 πι-

1934 1355 2199 1426 κροτέραν
2251 1355 2480 1410 θανάτου
2527 1356 2723 1418 παντὸς
2771 1355 3065 1427 ὑπομένειν
3094 1355 3270 1427 ζωήν·
3312 1355 3406 1407 καὶ
3437 1352 3594 1407 τοῦτ)

1933 1453 2102 1522 αὐτῆς
2120 1451 2348 1505 ἄκουσον
2379 1451 2663 1522 λεγούσης,
2685 1454 2752 1505 El
2782 1452 2933 1504 οὕτω
2944 1468 3043 1520 μοι
3054 1451 3266 1519 μέλλει
3300 1450 3591 1519 γίνεσθαι,

1933 1550 2088 1603 ίνατί
2108 1567 2210 1620 μοι
2238 1549 2305 1603 τὸ
2332 1547 2439 1617 ζῇν
2456 1564 2476 1612 ;
2517 1549 2692 1619 Λιμοῦ
2727 1549 2783 1601 δέ
2816 1551 3007 1619 πεῖραν
3042 1546 3200 1600 ἐλαϐε
3231 1547 3329 1616 μὲν
3354 1546 3450 1599 καὶ
3490 1548 3593 1599 αὒ-

1933 1649 2055 1710 τός’
2115 1649 2163 1701 εί
2191 1647 2249 1701 δὲ
2286 1647 2359 1718 μὴ
2391 1645 2656 1717 κατῆλθεν
2682 1647 2760 1707 εἰς
2793 1645 3085 1713 Αἴγυπτον,
3113 1643 3225 1696 ἀλλ’
3262 1645 3397 1713 ὅπερ
3422 1643 3451 1695 6
3488 1658 3595 1695 1:1-

1934 1740 2038 1812 τὴρ
2070 1740 2264 1811 μικροῦ
2293 1739 2402 1792 δεῖν
2432 1739 2630 1793 ἔπαθεν
2663 1740 2797 1801 ἐκεῖ,
2836 1736 3008 1791 ταῦτα
3032 1739 3125 1791 καὶ
3149 1732 3300 1799 οὗτος
3334 1736 3593 1806 ὑπέμεινε

1935 1836 2028 1888 καὶ
2059 1835 2391 1890 ἐκινδύνευεν
2421 1837 2562 1906 ὑπὲρ
2588 1837 2688 1906 τῆς
2724 1832 2887 1888 αὑτοῦ
2917 1831 3191 1898 γυναικός.
3235 1832 3343 1884 Καὶ
3372 1831 3462 1883 τὸν
3489 1849 3596 1885 πα-

1933 1930 2065 2002 τέρα
2112 1931 2208 2001 μὲν
2257 1932 2457 2002 ἐτίμων
2510 1933 2560 1985 οἱ
2596 1931 2874 2003 πρόσοικοι
2921 1930 3139 1994 πάντες,
3185 1929 3371 1982 τοῦτον
3415 1929 3472 1981 δέ
3517 1927 3596 1991 ὼς

1935 2028 2125 2100 ἐχθρὸν
2151 2029 2244 2082 καὶ
2270 2029 2529 2101 πολέμιον
2556 2031 2783 2101 ἤλαυνον
2809 2027 2903 2082 καὶ
2930 2028 3037 2083 τῶν
3065 2028 3279 2082 οἰκείων
3306 2028 3466 2081 αὐτὴν
3492 2027 3593 2079 οὐκ

1934 2125 2163 2193 ἠφίεσαν
2212 2123 2517 2177 ἀπολαῦσαι
2554 2123 2751 2185 πόνων,
2784 2121 2897 2176 ἀλλ’
2937 2123 3141 2175 ἐκεῖνον
3174 2122 3232 2172 ἐν
3262 2118 3592 2191 στενοχωρίᾳ

1934 2215 2296 2280 καθιστῶντες
2330 2214 2518 2285 πολλῇ,
2549 2214 2700 2267 αὐτοὶ
2725 2212 2840 2283 μετ’
2870 2212 3114 2279 ἐξουσίας
3145 2214 3201 2264 ἐν
3229 2212 3342 2273 τοῖς
3375 2210 3592 2281 μόχθοις

1935 2311 2182 2383 ἐτρύφων
2213 2312 2325 2374 τοῖς
2362 2310 2592 2363 ἐκείνου.
2617 2309 2703 2371 Ὦς
2722 2308 2778 2361 δέ
2811 2324 2938 2360 ποτε
2968 2306 3061 2360 καὶ
3082 2305 3301 2369 τούτους
3327 2300 3481 2368 οὗτος
3505 2303 3593 2373 φί-

1933 2406 2057 2469 λους
2095 2405 2380 2473 ἐκτήσατο,
2429 2403 2526 2455 καὶ
2567 2403 2624 2454 ἐν
2653 2400 2838 2471 ἡλικίᾳ
2864 2400 2987 2463 τοὺς
3018 2399 3210 2462 παῖδας
3238 2393 3343 2451 εῐδε
3372 2396 3594 2467 γενομέ-

1934 2522 2057 2568 νους
2094 2504 2221 2566 τοῦς
2241 2503 2426 2567 αὐτοῦ,
2455 2502 2574 2555 τότε
2604 2503 2688 2572 δὴ,
2715 2500 2856 2561 τότε,
2881 2500 2968 2551 ὅτε
3001 2497 3198 2568 πολλὴν
3228 2493 3594 2569 προσεδόκησε

1936 2597 2284 2670 παραμυθίαν
2315 2596 2588 2667 εὑρήσειν,
2626 2594 2718 2647 καὶ
2741 2608 2812 2662 γη
2821 2588 3083 2661 ροκόμους
3105 2588 3246 2653 ἐξειν
3272 2589 3489 2653 καλοὺς,
3513 2592 3596 2651 εἰς

1932 2682 2031 2753 τὴν
2074 2681 2307 2751 ἐσχάτην
2358 2679 2595 2750 ἀθυμίαν
2644 2676 2886 2730 ἐνέπεσε.
2942 2675 3161 2746 Πρῶτον
3214 2673 3313 2744 μὲν
3348 2673 3454 2744 γὰρ
3487 2675 3594 2727 ἀπὸ

1932 2777 2040 2830 τῶν
2070 2773 2378 2844 ἀλλοφύλων
2401 2776 2431 2826 6
2483 2770 2851 2843 πρεσϐύτερος
2886 2772 3120 2840 γυναῖκα
3145 2768 3325 2822 λαϐὼν
3361 2768 3510 2839 παρά
3534 2770 3596 2822 τδ

1934 2868 2011 2939 τῷ
2045 2868 2212 2938 πατρὶ
2246 2865 2455 2937 δοκοῦν,
2489 2865 2663 2935 τούτῳ
2691 2880 2755 2932 γε
2780 2861 2929 2933 αύτῷ
2959 2862 3162 2932 σφόδρα
3199 2862 3360 2914 αὑτὸν
3383 2862 3593 2931 ἠνίασε,

1935 2966 2028 3018 καὶ
2050 2964 2127 3034 τῷ
2160 2964 2336 3035 μάχην
2356 2964 2385 3002 δ
2434 2964 2526 3016 καὶ
2566 2961 2797 3032 πόλεμον
2826 2963 2903 3022 είς
2931 2960 3029 3028 τὴν
3056 2958 3229 3011 οίκίαν
3262 2960 3596 3026 εἰσαγαγεῖν.

1934 3057 2160 3128 Μυρίοις
2203 3055 2311 3127 γάρ
2355 3054 2411 3108 αἱ
2438 3056 2697 3123 γυναῖκες
2746 3052 2949 3104 ἐκεῖναι
2995 3049 3348 3121 παριέϐαλλον
3399 3049 3596 3112 αὐτοὺς

1935 3156 2142 3217 κακοῖς,
2184 3152 2327 3222 ἆπερ
2363 3151 2577 3205 ἅπαντα
2626 3151 2800 3202 εἰπεῖν
2844 3147 3252 3217 παραιτουμένη
3300 3147 3332 3216 ὴ
3382 3145 3597 3216 Γραφὴ,

1934 3246 1999 3299 δι’
2042 3246 2159 3309 ἐνὸς
2203 3245 2445 3316 ῥήματος
2477 3242 2538 3294 τὸ
2573 3243 2680 3295 πᾶν
2718 3241 2937 3312 ᾐνίξατο
2971 3239 3219 3302 εἰποῦσα,
3253 3239 3335 3291 ὅτι
3369 3237 3597 3304 ’Ἠριζον

1933 3341 2008 3410 τῇ
2047 3339 2348 3407 Ῥεϐέκκα⁸
2382 3338 2476 3392 καὶ
2504 3339 2619 3401 τοῖς
2644 3335 2820 3399 οἰκίας
2843 3335 3023 3405 ἔχουσι
3051 3335 3145 3387 καὶ
3165 3334 3357 3393 παῖδας
3384 3333 3482 3405 ήδη
3505 3350 3599 3407 γει-

1934 3435 2254 3508 γαμηκότας
2280 3434 2571 3488 κατέλιπεν
2588 3431 2782 3485 εἰδέναι
2803 3431 2862 3484 τὸ
2890 3429 3095 3500 λεχθέν.
3116 3426 3340 3483 Ἐκεῖνοι
3358 3430 3466 3502 γὰρ
3495 3431 3596 3501 μά-

1933 3535 2090 3589 λιστα
2111 3534 2326 3587 πάντων
2358 3532 2533 3584 ῐσασιν
2562 3520 2804 3601 ἀκριϐῶς
2843 3528 2965 3580 ὅσον
3009 3527 3124 3580 ἐστὶ
3156 3526 3323 3580 κακὸν
3374 3527 3596 3594 ἐμφιλοο

1934 3623 2129 3686 νείκως
2176 3620 2485 3690 διατεθῆναι
2538 3618 2636 3689 τὴν
2680 3615 2774 3669 τοῦ
2826 3614 3058 3684 νυμφίου
3108 3614 3320 3685 μητέρα
3357 3616 3451 3669 καὶ¹
3496 3615 3597 3686 τὴν

1935 3718 2172 3790 νύμφην,
2230 3718 2324 3771 καὶ
2371 3716 2602 3787 μάλιστα
2651 3717 2780 3768 ὅταν
2818 3712 2994 3767 οἰκίαν
3039 3711 3257 3765 οίκῶσιν
3298 3711 3595 3784 ἀμφότεροι

1939 3798 2089 3890 μίαν.
2134 3816 2305 3869 Τοῦτο
2346 3815 2441 3886 μὲν
2474 3809 2567 3867 οῦν
2592 3810 2836 3882 διηνεκὲς
2869 3806 2937 3881 ἦν
2966 3809 3027 3862 τὸ
3054 3808 3242 3861 δεινόν.
3304 3809 3376 3860 Τὸ
3413 3807 3470 3860 δέ
3501 3809 3601 3862 ἐπὶ

1934 3922 2141 3986 τούτοις
2167 3916 2398 3989 συμϐὰν,
2427 3917 2461 3987 ή
2489 3913 2596 3968 τῶν
2645 3909 2938 3981 ὀφθαλμῶν
2983 3910 3249 3980 πήρωσις,
3298 3909 3433 3979 ὅπερ
3471 3909 3599 3962 ὅσον

1937 4030 2053 4082 ἐστὶ
2098 4026 2265 4080 κακὸν
2308 4022 2358 4076 οἱ
2387 4019 2646 4080 παθόντες
2697 4014 2842 4066 ἴσασι
2894 4010 3084 4082 μόνον·
3145 4008 3283 4078 μετά
3326 4008 3382 4062 δὲ
3410 4007 3592 4073 τοῦτο,

1936 4118 1968 4187 ή
2002 4116 2127 4185 περὶ
2154 4112 2251 4175 τὰς
2297 4107 2543 4187 εὐλογίας
2583 4101 2851 4171 ἀποτυχία
2879 4097 2972 4151 τοῦ
3024 4096 3231 4160 παιδὸς,
3275 4096 3363 4164 ὑφ’
3406 4091 3593 4187 ἧςΔοῦ-

1933 4181 2039 4270 τως
2078 4181 2292 4273 ἐπλήγη
2332 4181 2429 4269 τὴν
2464 4196 2664 4267 ψυχὴν,
2699 4193 2774 4257 ὡς
2811 4187 2975 4244 αὑτοῦ
3020 4188 3338 4259 πικρότερον
3356 4185 3593 4241 ἀναϐοῆ-

1936 4317 2026 4354 σαι
2077 4296 2169 4352 τοῦ
2210 4295 2308 4365 τὴν
2340 4291 2555 4361 ἀπάτην
2590 4285 3001 4357 ὑπομείναντος,
3040 4281 3132 4335 καὶ
3152 4278 3594 4350 ἀπολογήσασθαι

1933 4393 2070 4465 πρὸς
2091 4390 2269 4445 αὐτόν’
2304 4388 2364 4442 οὐ
2403 4384 2511 4456 γὰρ
2549 4381 2688 4436 ἐκὼν
2733 4377 3053 4450 ἠδικηκέναι
3082 4374 3285 4442 ἔλεγεν,
3305 4372 3419 4427 ἀλλ’
3449 4371 3593 4426 ἀπα-

1933 4476 2137 4550 τηθείς.

2004 4586 2084 4639 Τὰ
2111 4584 2167 4638 δέ
2192 4577 2440 4635 ἐντεῦθεν
2458 4574 2554 4645 τὴν
2579 4572 2670 4626 ἐπὶ
2684 4571 2784 4640 τῆς
2803 4567 3005 4637 σκηνῆς
3028 4565 3239 4618 ἐδείκνυ
3259 4562 3593 4634 τραγῳδίαν,

1933 4676 2027 4729 καὶ
2050 4674 2109 4726 τὺ
2140 4673 2323 4742 δρᾶμα
2349 4665 2458 4720 τῶν
2491 4659 2743 4733 θηϐαίων
2768 4655 3035 4712 ἀνετύπου
3059 4664 3090 4742 7°
3123 4651 3444 4742 pumiciva
3481 4651 3597 4703 Καὶ

1933 4762 2040 4833 γὰρ
2065 4738 2414 4813 καὶ-ἐνταῦθα
2439 4752 2540 4822 τῆς
2568 4748 2661 4802 τοῦ
2684 4744 2891 4816 πατρὸς
2920 4741 3137 4833 ήλικίας
3165 4739 3260 4833 κῌαὶ
3286 4738 3592 4833 πηρώσεως

1933 4826 2352 4918 καταφρονήσας
2400 4842 2428 4894 6
2473 4835 2840 4911 πρεσϐύτερος
2887 4829 3105 4895 ἐξέϐαλε
3153 4829 3255 4918 τῆς
3292 4828 3469 4891 οἰκίας
3500 4826 3593 4881 τὸν

1934 4916 2195 5006 νεώτερον
2224 4928 2473 4998 ἀδελφόν.
2497 4927 2561 4979 Εἰ
2585 4924 2641 4977 δὲ
2668 4922 2741 4994 μὴ
2766 4918 3051 4975 ἀπέκτεινε
3078 4916 3340 5006 καθάπερ
3361 4918 3589 5006 ἐκεῖνος,

1934 5025 1968 5094 ἡ
2001 5002 2116 5092 τῆς
2144 5016 2348 5095 μητρὸς
2387 5014 2550 5084 σοφία
2597 5010 2757 5064 τοῦτο
2790 5007 3114 5061 διεκώλυσεν
3140 5020 3168 5095 ’Δ
3198 5002 3461 5095 ἠπείλησε

1933 5090 2042 5181 γὰρ
2062 5090 2179 5162 *καὶ
2212 5090 2365 5168 οὗτος
2388 5104 2478 5157 τὸν
2507 5101 2686 5171 φόνον,
2723 5099 2816 5152 καὶ⁵
2846 5096 2942 5167 τὴν
2963 5093 3474 5181 τελεπὴννάνέμενε
3495 5090 3596 5144 τοῦ

1934 5178 2157 5269 πατρός.
2186 5192 2446 5249 Μαθοῦσα
2462 5191 2519 5243 δέ
2541 5190 2574 5260 ή
2597 5188 2800 5258 μήτηρ,
2831 5185 2927 5237 καὶ
2939 5183 3017 5253 τῷ
3040 5182 3207 5250 πατρὶ
3220 5178 3591 5269 διαλεχθεῖσα,

1933 5264 2240 5356 ἐξήρπασεν
2265 5280 2426 5335 αὑτὸν
2454 5277 2561 5330 τῶν
2587 5274 2793 5329 ἐκείνου
2817 5271 3038 5343 χειρῶν,
3063 5269 3157 5322 καὶ
3180 5267 3273 5321 τὸν
3303 5265 3400 5339 μὲν
3422 5264 3592 5356 ⁸θεραο

1934 5352 2171 5427 πεύοντα
2215 5369 2412 5431 αὐτοὺς
2448 5367 2543 5420 καὶ
2580 5359 2843 5423 εὐνοϊκῶς
2884 5358 3225 5428 διακείμενον
3270 5352 3591 5424 φυγαδεύειν

1993 5526 2022 5565 b
2043 5525 2125 5588 Sic
2145 5536 2173 5571 e
2197 5522 2346 5588 Savi}.
2365 5527 2418 5588 ne!
2448 5514 2933 5588 Colhlrestimi‘mqs.
2963 5525 3049 5588 pm
3091 5508 3303 5588 egiqlfud
3327 5519 3388 5555 ex
3415 5501 3593 5555 ﬂore].

1931 5581 2379 5651 legvball‘lf,_:0316
2401 5597 2454 5642 γε
2479 5577 2824 5651 σφόδρα-..καὶ
2842 5576 2897 5621 τὸ
2919 5574 3095 5651 μάχηνὲ
3108 5574 3297 5651 Algljg'r.“
3341 5621 3450 5651 ad:

1995 5624 2675 5695 ἵξξίίῖί’ἰονίέίιυνρῗίξοῖἱέξ
2720 5624 3223 5686 ἀνετνποῦτό.ἰ1οτθι.
3252 5636 3304 5678 el.
3341 5624 3491 5677 Savil.
3527 5633 3582 5682 in

1936 5724 2081 5773 marg,
2110 5706 2245 5757 ἀνετύ
2252 5723 2357 5754 που.
