4060 6136
408 314 516 375 ωε

411 423 803 502 ἡναγκάζῗκτο,
820 426 912 480 τὸν
941 426 999 478 6}.
1027 424 1299 495 μοχθηρὸν
1329 425 1421 478 καὶ
1450 424 1680 478 ἀϐίωτον
1711 424 1894 485 αὐτοῖς
1925 421 2061 474 καθ-

415 518 645 573 ιστῶντα
672 516 763 571 τὸν
794 514 906 585 βίον
939 511 1116 584 (τοῦτο
1160 513 1271 582 γὰρ
1326 512 1460 583 αὐτή
1498 527 1660 580 φησιν
1688 512 1722 580 ὴ
1762 509 2065 576 Ῥεϐέκκα)

412 599 545 670 παρ’
594 600 806 660 ἑαυτοῖς
852 596 1105 664 κατεῖχον
1144 592 1425 663 διηνεκῶς.
1484 592 1842 662 Ἀποδράντος
1877 589 2067 670 τοίνυν

412 667 621 735 ἐκείνου
647 682 741 734 τοῦ
765 678 1053 742 διαπαντὸς
1078 677 1172 731 ἐπὶ
1198 677 1297 747 τῆς
1324 675 1501 735 οἰκίας
1532 673 1831 746 τραφέντος
1853 667 1939 742 (ἦν
1960 671 2069 742 γὰρ

412 769 685 831 ἄπλαστος
709 767 875 821 οίκῶν
901 764 1110 835 οἰκίαν)
1134 765 1228 818 καὶ
1276 763 1341 817 τά
1380 762 1549 815 πολλά
1584 762 1721 832 μετά
1742 761 1840 831 τῆς
1868 760 2070 830 μητρὸς

411 855 818 926 οἰκουροῦντος,
855 854 997 907 πόσα
1038 851 1137 922 μὲν
1183 847 1249 922 ἢν
1296 851 1443 914 εἰκὸς
1480 848 1576 921 τὴν
1626 848 1917 901 Ῥεϐέκκαν
1950 846 2071 899 ὀδύ-

416 941 604 1011 ρεσθαι
636 942 729 993 καὶ
758 940 975 1012 θρηνεῖν
1025 938 1380 1010 μεμνημένην
1417 937 1510 989 τοῦ
1545 935 1732 997 παιδὸς
1758 932 2072 995 διαπαντὸς,

413 1028 508 1081 καὶ
531 1027 623 1081 τὸν
651 1027 819 1098 ἄνδρα
848 1024 1057 1095 ὁρῶσαν
1085 1025 1236 1078 οὐδὲν
1260 1024 1366 1077 τῶν
1390 1022 1597 1093 νεκρῶν
1618 1022 1839 1091 ἄμεινον
1868 1019 2073 1071 διακεί-

418 1131 578 1186 μενον
607 1115 702 1167 καὶ
731 1114 817 1169 διὰ
846 1114 946 1186 τὴν
980 1112 1195 1184 ἡλικίαν
1228 1111 1319 1165 καὶ
1352 1109 1437 1163 διὰ
1467 1109 1564 1180 τὴν
1602 1108 1791 1171 νόσον;
1824 1108 1977 1176 πόσῳ
2014 1106 2072 1158 δέ

415 1202 505 1254 τὸν
531 1200 680 1273 [197]
709 1200 938 1272 γέροντα
977 1199 1161 1253 πένθει
1195 1196 1518 1266 κατέχεσθαι
1556 1194 1695 1267 μετά
1720 1195 1827 1247 τῶν
1860 1194 2076 1247 οἰκείων

418 1290 513 1341 καὶ
547 1289 646 1350 τὰς
676 1289 776 1357 τῆς
816 1286 1075 1358 γυναικὸς
1120 1283 1560 1353 ἀναγκαζόμενον
1604 1283 1821 1353 θρηνεῖν
1865 1297 2077 1351 συμφο-

421 1374 559 1445 ράς;
593 1367 720 1427 Ὅτε
747 1373 803 1427 δὲ
836 1373 1024 1445 ἔμελλε
1053 1373 1307 1443 τελευτᾷν
1342 1372 1525 1440 ἐκείνη
1549 1410 1563 1432 ,
1586 1371 1639 1422 τί
1668 1370 1776 1439 ἀρα
1808 1368 1906 1421 οὑκ
1934 1364 2077 1433 εἷπε,

418 1462 474 1516 τί
504 1461 561 1515 δὲ
589 1462 690 1515 οὑκ
723 1456 1021 1530 ἐφθέγξατο
1042 1502 1056 1522 ,
1087 1460 1123 1514 ἀ
1166 1460 1259 1512 καὶ
1284 1457 1429 1511 λίθον
1472 1457 1629 1527 τῆξαι
1678 1455 1835 1509 ίκανά
1869 1466 1894 1495 ι
1917 1494 1931 1518 ,
1981 1455 2079 1523 οὐχ

418 1548 604 1619 ὁρῶσα
643 1549 734 1602 τὸν
788 1547 953 1601 παῖδα
1025 1546 1346 1618 παρεστῶτα
1421 1545 1515 1598 καὶ
1588 1542 1922 1614 δακρύοντα,
1986 1541 2080 1593 καὶ

419 1639 782 1712 καθαιροῦντα
813 1638 1141 1707 ὀφθαλμοὺς,
1176 1637 1267 1690 καὶ
1302 1633 1743 1704 συλλαμϐάνοντα
1770 1632 2082 1702 στόμα,,καὶ

420 1728 856 1799 περιστέλλοντα,
881 1726 976 1780 καὶ
1000 1726 1067 1778 τὰ
1093 1725 1225 1780 ἄλλα
1251 1724 1427 1778 πάντα
1457 1721 1908 1793 ἐπιμελούμενον,
1938 1721 2081 1789 ἆπερ

421 1814 587 1868 αὑτοῦ
620 1813 714 1867 τοῦ
747 1813 977 1867 Θανάτου
1024 1810 1325 1881 πικρότερα
1364 1810 1478 1872 τοῖς
1519 1803 2082 1879 γεγεννηκόσινεῖναι

419 1902 593 1965 δοκεῖς
652 1903 709 1955 '0
746 1902 803 1955 δὲ
864 1900 1045 1956 Ἰσαὰκ
1086 1900 1256 1964 οὑτως
1295 1900 1463 1970 αὑτὴν
1507 1900 1879 1954 ἀποπνέουσαν
1919 1900 2079 1970 ὁρῶν,

422 1989 612 2043 ὁποίαν
638 1989 901 2061 ἐκέκτητο
930 1988 1107 2059 ψυχὴν
1141 1988 1233 2041 καὶ
1269 1987 1393 2040 τότε
1425 1988 1518 2041 καὶ
1551 1987 1689 2058 μετά
1731 1987 1830 2057 τὴν
1864 1987 2083 2058 ἐκείνης

421 2078 678 2151 τελευτήν
699 2096 714 2144 ;

494 2173 583 2222 ια’.
621 2164 871 2229 Τοιοῦτος
902 2167 1032 2235 ἡμῖν
1064 2167 1091 2216 6
1122 2162 1331 2218 πολλῶν
1360 2162 1724 2235 εύθυμότερος
1754 2159 1892 2217 εἶναι
1912 2163 2084 2217 δοκῶν

421 2254 820 2323 ἀποπέφανται.
840 2252 943 2306 Τὸν
966 2251 1021 2305 δὲ
1036 2250 1131 2305 τοῦ
1148 2249 1339 2304 Ἰακὼϐ
1367 2250 1477 2320 βίον
1502 2251 1661 2323 ἀρκεῖ
1685 2252 1781 2322 μὲν
1803 2251 1896 2304 καὶ
1918 2251 2086 2321 χωρὶς

423 2335 722 2405 ἐξετάσεως
744 2334 912 2399 δεῖξαι
946 2334 1084 2403 αὑτὴ
1117 2335 1148 2403 ἡ
1176 2332 1269 2386 τοῦ
1307 2332 1501 2387 Ἰακὼϐ
1532 2333 1805 2402 ἀπόφασις
1824 2350 1837 2363 ·
1873 2333 1950 2403 τῷ
1979 2332 2086 2402 γάρ

423 2417 621 2491 Φαραὼ
658 2418 778 2471 τότε
807 2418 1189 2487 διαλεγόμενος
1222 2417 1375 2484 ἔλεγε
1398 2434 1410 2447 ⁸
1451 2417 1665 2484 Μικραὶ
1698 2415 1798 2470 καὶ
1830 2416 2087 2483 πονηραί

424 2505 485 2557 al
514 2500 721 2572 ἡμέραι
747 2518 885 2571 μου,
916 2502 1014 2554 καὶ
1036 2502 1146 2554 οὐκ
1173 2501 1461 2569 ἀφίκοντο
1488 2501 1574 2565 εις
1602 2501 1709 2566 τὰς
1732 2500 1954 2569 «ἡμέρας
1972 2499 2090 2553 τῶν

347 2648 355 2667 1
430 2585 700 2653 πατέρων
709 2601 846 2667 μου·
871 2584 1013 2637 τοῦτ’
1031 2582 1166 2645 ἐστι,
1180 2584 1275 2667 καὶ
1294 2583 1624 2667 βραχύτερον
1641 2586 1733 2637 καὶ
1759 2582 2091 2667 μοχθηρότες-

432 2686 526 2742 ρον
553 2668 756 2720 ἐϐίωσα
792 2666 925 2735 βίον.
960 2666 1139 2736 Χωρὶς
1181 2666 1237 2719 δέ
1275 2666 1376 2734 τῆς
1409 2667 1737 2732 ἀποφάσεως
1777 2666 1949 2726 οὕτως
1984 2664 2091 2716 εἰσ)⁵

431 2753 751 2822 περιφανεῖς
789 2750 846 2801 αί
886 2749 1163 2819 συμφοραὶ
1203 2747 1390 2811 αὑτοῦ,
1425 2748 1500 2811 ὡς
1540 2749 1675 2819 μηδὲ
1720 2749 1827 2801 τῶν
1879 2745 2091 2800 πολλῶν

432 2852 583 2899 τινας
615 2833 783 2897 αύτάς
817 2833 1052 2899 ἀγνοεῖν.
1104 2833 1163 2884 '0
1198 2832 1296 2902 μὲν
1329 2832 1437 2903 γὰρ
1470 2832 1692 2895 πάππος
1725 2833 1753 2884 ὁ
1793 2831 2014 2895 τούτου,
2043 2831 2093 2882 εί

433 2920 527 2972 καὶ
558 2915 773 2989 μακρὰν
790 2914 1062 2968 ἐστείλατο
1076 2914 1174 2985 τὴν
1201 2915 1532 2983 ἀποδημίαν,
1562 2915 1696 2967 ἀλλὰ
1718 2914 1809 2967 τοῦ
1839 2912 1973 2965 Θεοῦ
2001 2929 2093 2964 κε-

434 3000 704 3066 λεύοντος,
733 3001 870 3069 ὅπερ
896 2998 1246 3069 παραμυθίαν
1278 2997 1426 3068 αὐτῷ
1450 2997 1548 3067 τὴν
1578 2998 1838 3067 μεγίστην
1868 2997 2058 3066 ἔφερεν
2077 3011 2090 3024 ·

436 3077 588 3148 οῦτος
622 3083 679 3136 δὲ
711 3082 935 3150 ἀδελφὸν
982 3080 1199 3149 φεύγων
1241 3078 1660 3133 ἐπιϐουλεύοντα
1706 3082 1801 3133 καὶ
1848 3083 2095 3151 φονῶντα

438 3168 562 3222 κατ’
596 3164 759 3219 αὑτοῦ
778 3182 791 3195 ’
834 3164 1084 3225 κάκεῖνος
1109 3163 1205 3232 μὲν
1231 3161 1485 3215 οὐδέποτε
1508 3162 1650 3234 ὑπὲρ
1675 3164 1773 3234 τῆς
1795 3165 1903 3216 τῶν
1924 3166 2096 3231 ἀναγ-

440 3248 610 3305 καίων
629 3249 889 3321 χορηγίας
914 3244 1178 3316 ὠδύρετο·
1208 3240 1361 3307 οὗτος
1389 3244 1445 3298 δὲ
1480 3246 1761 3317 ἀγαπητὸν
1791 3250 1978 3316 ἡγεῖτο
2005 3248 2097 3301 καὶ

441 3333 653 3395 εὐκτὸν,
682 3332 743 3385 τὸ
780 3328 992 3399 ἱματίου
1024 3330 1117 3382 καί
1142 3329 1306 3399 ἄρτου
1341 3329 1642 3399 εὐπορῆσαι
1673 3329 1850 3399 μόνον.
1883 3332 2095 3383 Διασω-

443 3415 559 3479 θεὶς
577 3415 652 3478 δὲ,
687 3414 779 3467 καὶ
802 3414 909 3467 τῶν
937 3412 1035 3482 τῆς
1061 3411 1367 3481 ὁδοιπορίας
1394 3414 1579 3465 κακῶν
1605 3413 1939 3481 ἀπαλλαγεὶς
1962 3454 1976 3476 ,
2005 3413 2099 3467 καὶ

444 3496 583 3569 πρὸς
621 3497 745 3559 τοὺς
798 3496 1078 3563 συγγενεῖς
1127 3493 1297 3547 ἐλθὼν
1348 3496 1473 3557 τοὺς
1524 3494 1711 3559 αὑτοῦ,
1762 3495 2100 3564 ἠναγκάζετο

440 3577 710 3635 δουλεύειν
739 3580 768 3630 6
796 3578 852 3629 ἐν
889 3575 1118 3647 ἀφθονίᾳ
1160 3576 1395 3648 τοσαύτῃ
1440 3578 1686 3648 τραφείς.
1720 3572 1888 3633 Οἶσθα
1929 3578 1984 3630 δέ
2020 3579 2100 3632 ὅτι

443 3659 716 3731 ⁴πανταχοῦ
743 3659 771 3699 ιι
797 3656 894 3729 μέν
914 3660 947 3729 ἡ
968 3658 1179 3712 δουλεία
1207 3660 1402 3730 πικρόν
1420 3675 1433 3689 ·
1459 3661 1586 3714 ὅταν
1613 3661 1669 3713 δέ
1698 3678 1783 3724 τις
1811 3661 1959 3734 παρά
1988 3665 2097 3726 τοῖς

443 3741 723 3814 ὁμοτίμοις
746 3742 813 3794 τὰ
836 3739 942 3793 τῶν
966 3738 1191 3792 οἰκετῶν
1230 3741 1520 3811 ὑπομένειν
1553 3743 1929 3812 ἀναγκάζηται
1952 3785 1966 3808 ,
1998 3747 2094 3798 καὶ

442 3825 614 3879 ταῦτα
645 3823 911 3895 μηδέποτε
943 3824 1038 3877 τοῦ
1073 3824 1399 3895 πράγματος
1427 3826 1623 3895 πεῖραν
1655 3826 1854 3889 λαϐὼν,
1896 3828 2012 3881 ἀλλ’
2039 3831 2097 3881 ἐν

444 3908 726 3980 ἐλευθερίᾳ
771 3909 864 3961 καὶ
889 3910 1066 3979 τρυφῇ
1096 3908 1197 3974 τὴν
1227 3908 1452 3979 πρώτην
1501 3908 1717 3961 ἃπασαν
1749 3908 1964 3979 ἠλικίαν
1989 3911 2099 3964 δια-

441 3989 650 4062 γαγὼν,
687 3990 960 4061 ἀφόρητον
1008 3991 1211 4058 γίνεται
1246 3991 1309 4043 τὸ
1343 3990 1547 4043 δεινόν⁸
1595 3991 1709 4045 ἀλλ’
1747 3993 1896 4062 ὅμως
1940 3993 2100 4065 ἔφερε

444 4072 622 4128 πάντα
635 4073 918 4140 γενναίως.
945 4072 1052 4125 Καὶ
1078 4072 1176 4135 τάς
1201 4073 1257 4124 ἐν
1287 4074 1350 4142 τῇ
1378 4077 1706 4145 ποιμαντικῇ
1728 4073 1892 4127 αὐτοῦ
1915 4074 2100 4128 ταλαι-

443 4154 658 4226 πωρίας
677 4154 895 4216 ἀκούεις
917 4154 1268 4224 διηγουμένου
1291 4193 1305 4217 ,
1353 4157 1447 4209 καὶ
1471 4155 1722 4224 λέγοντος
1738 4175 1750 4187 ·
1795 4157 1941 4226 Ἐγὼ
1986 4159 2099 4212 ἀετ-

441 4242 723 4297 ετίννυον
748 4242 883 4309 παρ’
921 4240 1179 4310 ἐμαυτοῦ
1210 4242 1515 4311 κλέμματα
1551 4243 1773 4315 ’ἡμέρας
1801 4246 1897 4300 καὶ
1922 4243 2099 4316 κλέα

437 4342 596 4400 ματα
632 4328 881 4394 νυκτός·
931 4329 1223 4398 ἐγενόμην
1258 4333 1692 4400 συγκαιόμενος
1736 4333 1815 4399 τῷ
1846 4333 2097 4401 καύματι

441 4414 555 4486 τῆς
577 4414 801 4486 ἡμέρας
827 4416 923 4470 καὶ
944 4414 1024 4481 τῷ
1043 4415 1274 4487 παγετῷ
1297 4417 1407 4486 τῆς
1429 4419 1667 4485 νυκτὸς,
1689 4420 1784 4473 καὶ
1808 4420 2103 4489 ἀφίστατο

441 4506 479 4559 ό
505 4503 698 4569 ὕπνος
736 4501 855 4557 ἀπὸ
892 4501 1009 4557 τῶν
1042 4502 1364 4575 ὀφθαλμῶν
1401 4523 1541 4574 μου.
1578 4504 1764 4561 Ταῦτά
1806 4524 1894 4576 μοι
1931 4506 2103 4560 εἴκοσι

438 4589 560 4662 In].
602 4589 787 4645 Ταῦτα
822 4589 1057 4661 ἔπασχεν
1093 4592 1122 4644 6
1152 4591 1243 4645 τὸν
1280 4586 1556 4646 ἄπλαστον
1591 4592 1704 4663 βίον
1740 4592 2037 4663 βεϐιωκὼς,
2073 4595 2103 4646 ό

438 4679 621 4734 οὶκίαν
648 4681 873 4750 οἰκήσας
894 4674 1185 4742 διαπαντὸς
1204 4719 1218 4744 ,
1253 4679 1349 4732 καὶ
1381 4680 1518 4750 μετὰ
1541 4681 1667 4743 τοὺς
1695 4680 1984 4744 τοσούτους
2007 4682 2104 4752 μό·

442 4767 609 4839 χθους
627 4766 723 4820 καὶ
742 4766 842 4830 τὰς
872 4764 1076 4836 ζημίας
1101 4766 1196 4820 καὶ
1223 4766 1314 4820 τὸν
1342 4767 1508 4820 πολὺν
1540 4770 1729 4840 χρόνον
1752 4771 1976 4835 ἐκεῖνον,
2007 4770 2105 4839 τὴν

447 4855 652 4926 πικρὰν
691 4855 907 4924 ἀπάτην
943 4852 1202 4925 ὑπέμεινε
1249 4853 1348 4925 τὴν
1394 4857 1486 4909 ἐπὶ
1519 4856 1583 4927 τῇ
1618 4857 1857 4925 γυναικί.
1899 4856 1963 4911 El
1997 4858 2106 4929 γὰρ

445 4941 524 5013 μὴ
556 4942 891 4995 δεδουλεύκει
924 4941 993 4996 τά
1021 4942 1159 4996 ἑπτὰ
1205 4941 1320 5012 ἐτη,
1362 4945 1410 4997 εί
1443 4945 1551 5016 γὰρ
1585 4946 1749 5016 μηδὲν
1779 4940 1853 4999 ὧν
1884 4946 2102 5000 ἀπωδύι

444 5045 580 5097 ρατο
605 5029 740 5099 πρὸς
760 5029 853 5083 τὸν
873 5029 1138 5100 κηδεστὴν
1167 5029 1387 5096 ἔπαθεν,
1421 5034 1469 5085 εἰ
1492 5032 1603 5103 γὰρ
1627 5035 1697 5105 μὴ
1722 5036 1829 5104 ἦρα
1848 5033 1946 5103 τῆς
1976 5051 2105 5085 παι-

441 5117 552 5180 δὸς,
571 5116 701 5169 αὐτὸ
720 5116 877 5187 μόνον
898 5118 958 5170 τὸ
981 5116 1419 5189 κατεγγυηθῆναι
1450 5121 1546 5189 μὲν
1568 5120 1715 5191 αὐτῷ
1738 5122 1837 5193 τὴν
1861 5122 2068 5190 ἀμείνω
2090 5160 2105 5185 ,

440 5202 665 5273 δοθῆναι
692 5203 748 5256 δὲ
770 5202 867 5275 την
890 5202 1226 5276 φαυλοτέραν
1247 5206 1360 5259 ἀντ’
1385 5207 1621 5277 ἐκείνης,
1647 5208 1820 5279 πόσην
1847 5209 2104 5277 ἀθυμίαν,

446 5291 613 5346 πόσον
658 5290 901 5362 θόρυϐον,
951 5291 1124 5363 πόσην
1162 5293 1424 5365 ἐπήρειαν
1470 5296 1699 5367 παρεῖχε
1739 5295 1815 5366 τῷ
1852 5294 2123 5369 μακαρίῳ¹

443 5379 567 5435 τότε
590 5379 812 5450 ἐκείνῳί
839 5378 1032 5443 ’Δλλος
1055 5379 1154 5451 μὲν
1173 5374 1266 5434 οὖν
1292 5380 1444 5446 εἴτις
1463 5377 1555 5453 ἧν,
1580 5383 1679 5436 οὑκ
1702 5383 1765 5436 ἂν
1790 5382 1987 5454 ῥαδίως
2008 5382 2103 5453 τὴν

508 5585 535 5615 ⁸
561 5584 709 5634 ςενιι.
737 5583 763 5632 ὃ
782 5582 861 5631 καὶ
882 5583 1006 5631 λίθον
1028 5582 1085 5642 ἦν
1104 5583 1237 5642 τῆξαι
1260 5584 1434 5632 ἱκανόν.

506 5646 537 5688 ι»
559 5648 705 5697 Savil.
734 5651 786 5694 et
808 5644 963 5707 Colb,
988 5639 1250 5707 πολλαχοῦ.
1294 5645 1464 5698 Morel.
1504 5642 1764 5707 πανταχοῦ.
1795 5642 1919 5693 Infra
1954 5639 2104 5690 δωιι.

446 5710 846 5770 ἀεαναγκάζηται.
869 5706 1008 5758 Colb.
1035 5706 1366 5765 ἀναγκάζηται.

1190 308 1247 365 S.
1287 308 1569 365 JOANNIS
1610 302 2085 374 CHRYSOSTOMI
2125 302 2442 359 ARCIIIEP.
2483 300 3024 363 CONSTANTINOP.

3731 307 3837 363 436

2169 420 2436 489 ἐπήρειαν
2458 422 2711 493 ἤνεγκεν,
2745 421 2881 475 ἀλλά
2909 421 3087 475 πᾶσαν
3108 420 3215 474 τῶν
3233 408 3511 488 κηδεστῶν
3539 418 3837 492 ἀνέτρεψεν

2166 502 2233 556 ἂν
2266 504 2362 574 τὴν
2395 504 2571 557 οἰκίαν
2622 505 2901 573 συσφάξας
2953 503 3145 558 ἐαυτὸν
3184 504 3443 566 ἐκείνοις,
3477 503 3508 573 ἦ
3543 503 3639 557 καὶ
3692 502 3838 576 ἄλλῳ

2167 588 2273 640 τινὶ
2315 588 2732 659 συνδιαφθείρας
2772 590 2989 657 τρόπῳ·
3040 587 3227 657 ἐπειδὴ
3279 586 3336 638 δὲ
3385 583 3714 650 ἀνεξίκακος
3748 588 3847 641 καὶ

2175 666 2620 741 μακρόθυμοςῆν
2644 674 2672 724 ὁ
2710 670 2924 735 Ἰακὼϐ,
2955 669 3113 723 τοῦτο
3148 671 3246 739 μέν
3273 670 3374 722 οὑκ
3405 670 3683 741 ἐποίησεν,
3726 672 3839 726 ἀλλ’

2170 754 2292 806 οὐδὲ
2326 753 2470 821 (198)
2511 754 2869 808 ἐϐουλεύσατο
2914 754 3011 824 τὴν
3045 752 3563 823 ἀρχήνοκελευσθεὶς
3588 752 3644 806 δέ
3677 754 3846 824 ἕτερα.

2172 835 2311 888 ἐπτὰ
2338 836 2431 906 ἔτη
2466 837 2749 889 δουλεῦσαι
2786 836 2966 898 πάλιν,
3020 837 3331 904 ὑπήκουσεν
3364 836 3633 905 ἑτοίμωςο
3666 836 3847 901 οὕτως

2170 914 2236 988 ἦν
2268 920 2438 988 πρᾶος
2472 920 2566 972 καὶ
2606 921 2871 989 ἐπιεικής.
2906 920 2983 970 Εὲμ
2999 918 3054 970 δὲ
3084 921 3113 971 6
3149 918 3248 987 τῆς
3299 918 3468 989 κόρης
3517 919 3661 989 ἔρως
3722 937 3851 972 συν-

2172 1004 2607 1073 αντελαμϐάνετο
2638 1007 2703 1074 τῇ
2738 1003 2846 1055 τῶν
2871 1002 3081 1073 τρόπων
3114 1002 3403 1071 ἐπιεικείᾳ,
3439 1002 3600 1056 πάλιν
3634 1020 3728 1073 μοι
3746 1005 3851 1073 τῆς

2176 1084 2411 1155 ἀθυμίας
2468 1085 2645 1153 λέγεις
2702 1086 2801 1154 τὴν
2850 1084 3174 1155 ὑπερϐολήν.
3226 1084 3507 1153 Ἐννόησον
3553 1087 3664 1155 γὰρ
3711 1086 3850 1155 ὅσην

2176 1169 2367 1239 ὀδύνην
2394 1169 2707 1238 ὑπέμεινεν,
2745 1171 2832 1222 ὅτε
2868 1169 2965 1238 τῆς
3004 1168 3174 1229 οῦτως
3201 1169 3570 1238 ἀγαπωμένης
3604 1170 3852 1221 ἀπεστε-

2180 1257 2342 1325 ρεῖτο,
2382 1252 2476 1305 καὶ
2516 1253 2827 1321 προσδοκῶν
2860 1251 3028 1321 αὑτὴν
3055 1251 3200 1303 ἔνδον
3233 1250 3396 1320 ἔχειν,
3428 1252 3504 1312 εἰς
3532 1252 3678 1304 ἑπτά
3708 1252 3853 1305 ἐτῶν

2179 1338 2340 1390 πάλιν
2376 1337 2641 1407 ἀναϐολὴν
2676 1335 3013 1406 ἐξεκρούετο,
3059 1335 3151 1389 καὶ
3188 1336 3313 1397 τοὺς
3354 1338 3601 1405 κρυμοὺς
3633 1336 3733 1388 καὶ
3780 1340 3851 1394 τὶ

2179 1419 2356 1492 θάλπη
2391 1421 2487 1475 καὶ
2514 1421 2613 1483 τὰς
2638 1421 2943 1492 ἀγρυπνίας
2967 1419 3060 1472 καὶ
3086 1419 3185 1482 τὰς
3216 1417 3416 1488 ζημίας
3448 1418 3549 1481 τὰς
3576 1422 3849 1489 συνεχεῖς.

2179 1504 2372 1557 Λαϐὼν
2401 1505 2458 1558 δὲ
2500 1505 2596 1558 καὶ
2625 1504 2830 1574 ταύτην
2872 1503 3116 1572 ὓστερον,
3163 1504 3254 1555 καὶ
3289 1501 3396 1564 ζῶν
3442 1500 3591 1571 παρά
3631 1501 3715 1571 τῷ
3745 1520 3852 1573 κη-

2179 1589 2338 1659 δεστῇ
2376 1588 2487 1656 βίον
2522 1587 2865 1656 ταλαίπωρον
2916 1586 3012 1638 καὶ
3052 1584 3370 1654 ἐπίμοχθον,
3421 1584 3704 1653 ἐφθονεῖτο
3752 1587 3856 1639 καὶ

2180 1672 2373 1736 οὓτως,
2397 1672 2491 1725 καὶ
2520 1669 2776 1740 δευτέραν
2804 1670 3015 1738 ἀπάτην
3046 1669 3317 1737 ὑπέμενεν
3342 1669 3435 1720 ἐπὶ
3467 1672 3579 1731 τοῖς
3610 1668 3850 1738 μισθοῖς,

2181 1754 2256 1819 ὼς
2295 1754 2389 1807 καὶ
2424 1753 2586 1815 αὐτὸς
2617 1752 2778 1806 αὑτὸν
2818 1750 3063 1821 διήλεγξε
3101 1750 3278 1817 λέγων
3316 1751 3417 1812 ὅτι,
3458 1753 3854 1820 Παρελογίσω

2179 1859 2253 1913 με
2288 1841 2434 1895 δέκα
2478 1839 2759 1909 ἀμνάσιν.
2807 1837 2963 1891 Μετά
3004 1836 3058 1890 δὲ
3090 1837 3182 1889 τοῦ
3217 1838 3481 1907 κηδεστοῦ
3522 1841 3617 1891 καὶ
3657 1840 3704 1890 οἱ
3739 1839 3852 1891 τῶν

2184 1929 2458 1999 γυναικῶν
2506 1927 2722 1995 ἀδελφοὶ
2749 1927 2839 1979 τοῦ
2880 1926 3138 1996 κηδεστοῦ
3172 1925 3370 1995 μᾶλλον
3408 1924 3854 1996 ὲξεθηριὼθησαν

2185 2018 2321 2088 πρὸς
2346 2017 2526 2070 αὑτόν.
2559 2015 2632 2067 T6
2657 2015 2714 2068 δὲ
2740 2016 2957 2068 πάντων
2988 2013 3362 2083 χαλεπώτερον
3385 2010 3472 2082 ἦν,
3508 2014 3541 2083 ἡ
3573 2015 3852 2084 ἐρωμένη.

2183 2102 2251 2157 δι’
2299 2106 2362 2174 ἦν
2393 2103 2487 2174 ἐτη
2528 2104 2608 2167 δὶς
2639 2102 2778 2155 ἐπτά
2819 2100 3086 2154 δουλεύειν
3116 2100 3308 2163 εἵλετο,
3341 2099 3447 2152 ὑπὸ
3478 2101 3575 2169 τῆς
3611 2098 3859 2171 ἀθυμίας

2187 2193 2539 2262 ἀπεπνίγετο,
2569 2192 2667 2261 τὴν
2704 2190 2801 2261 μὲν
2834 2189 3067 2260 ἀδελφὴν
3099 2189 3385 2243 τίκτουσαν
3405 2188 3588 2259 ὁρῶσα
3608 2228 3621 2250 ,
3652 2190 3860 2259 ἑαυτὴν

2186 2284 2243 2336 δὲ
2268 2283 2386 2335 οὐδὲ
2416 2282 2600 2335 ἐλπίδα
2624 2280 2717 2334 τοῦ
2744 2280 3067 2350 πράγματος
3091 2278 3338 2349 ἔχουσαν,
3365 2281 3455 2332 καὶ
3483 2282 3562 2343 είς
3583 2278 3863 2349 τοσαύτην

2190 2368 2444 2423 ἔκστασιν
2474 2370 2578 2421 ὑπὸ
2618 2368 2716 2437 τῆς
2750 2367 2984 2437 ἀθυμίας
3025 2365 3284 2437 ἐξηνέχθη
3316 2367 3456 2431 τότε,
3486 2367 3559 2429 ὡς
3602 2368 3867 2432 ἐγκαλεῖν

2190 2459 2285 2511 καλ⁵
2336 2455 2646 2527 μέμφεσθαι
2684 2454 2761 2525 τῷ
2797 2455 2950 2524 ἀνδρὶ
2974 2493 2988 2516 ,
3041 2454 3134 2507 καὶ
3172 2452 3399 2507 θάνατον
3447 2451 3696 2505 ἀπειλεῖν
3730 2453 3866 2506 καθ’

2191 2546 2413 2614 ἐαυτῆς,
2439 2544 2487 2596 εί
2524 2542 2597 2613 μὴ
2622 2542 2769 2595 τέκοι
2790 2559 2804 2572 ⁸
2843 2541 2953 2606 Δὸς
2986 2541 3094 2610 γάρ
3114 2558 3217 2608 μοι
3249 2538 3450 2603 τέκνα,
3479 2540 3673 2609 φησίν·
3708 2542 3761 2593 εὶ
3793 2539 3865 2593 δὲ

2185 2634 2271 2702 μὴ
2289 2672 2303 2695 ,
2334 2630 2676 2698 τελευτήσω
2858 2628 2922 2680 Τί
2941 2628 3120 2680 τοίνυν
3149 2628 3413 2698 εὐφρᾶναι
3437 2626 3597 2680 αὑτὸν
3628 2626 3864 2680 δυνατὸν

2191 2717 2283 2792 ἦν,
2314 2721 2411 2791 τῆς
2443 2719 2537 2790 μὲν
2570 2716 2714 2770 οὕτω
2743 2716 3083 2786 ποθουμένης
3112 2714 3334 2767 τοιαῦτα
3367 2715 3720 2785 ὀδυρομένης.
3746 2713 3867 2768 τῶν

2193 2810 2249 2862 δὲ
2270 2808 2472 2879 ταύτης
2489 2805 2732 2874 ἀδελφῶν
2745 2802 3200 2856 ἐπιϐουλευόντων
3223 2801 3370 2872 αὑτῷ
3383 2803 3477 2855 καὶ
3494 2803 3673 2855 πάντα
3692 2820 3868 2873 πρατ-

2192 2898 2414 2961 τόντων,
2452 2895 2598 2957 ὅπως
2638 2895 2717 2955 είς
2752 2893 2852 2961 τὴν
2887 2890 3121 2962 ἐσχάτην
3160 2889 3287 2961 ἔλθῃ
3332 2889 3554 2954 πενίανς
3598 2891 3660 2943 Ei
3692 2890 3747 2943 δέ
3795 2891 3870 2944 τὰ

2195 2981 2361 3052 χωρὶς
2393 2976 2634 3046 ἱδρώτων
2657 2975 3005 3045 ἐπιδιδόμενα
3028 2978 3148 3036 ταῖς
3174 2973 3443 3042 γυναιξὶν,
3472 2976 3598 3028 ὅταν
3626 2975 3874 3045 ἀφαιρῇ.

2194 3088 2306 3132 ται,
2344 3068 2543 3138 πολλὴν
2572 3066 2725 3136 φέρει
2759 3066 2857 3136 τὴν
2892 3064 3149 3135 ἀθυμίαν,
3181 3067 3209 3118 6
3233 3064 3554 3118 κινδυνεύων
3580 3066 3719 3135 ὑπὲρ
3748 3066 3875 3117 τῶν

2198 3154 2380 3215 πόνοις
2404 3150 2712 3220 κτηθέντων
2745 3147 2964 3210 οἰκείοις
2991 3147 3106 3210 πῶς
3134 3146 3200 3199 ἂν
3223 3148 3412 3217 πράως
3437 3148 3637 3218 ταύτην
3660 3149 3878 3216 ἤνεγκε

2197 3243 2296 3313 τὴν
2320 3242 2522 3312 ζημίαν
2547 3259 2561 3304 ;
2588 3240 2917 3307 Λίσοόμενος
2940 3239 3116 3291 τοίνυν
3137 3240 3219 3292 ὅτι
3245 3238 3311 3290 δι’
3338 3238 3570 3307 ὑποψίας
3592 3232 3734 3307 εἶχον
3764 3241 3882 3291 αὖ·

2198 3328 2287 3379 τὸν
2313 3327 2404 3378 καὶ
2436 3325 2820 3388 ὑπεϐλέποντο,
2851 3323 3028 3377 λαθὼν
3063 3322 3407 3393 ἀνεχώρησεν
3435 3321 3509 3385 ὡς
3538 3322 3712 3391 φυγάς
3735 3338 3752 3352 θ
3808 3317 3879 3376 οὗ

2198 3415 2250 3467 τί
2282 3413 2476 3482 γένοιτ’
2513 3413 2576 3467 ἂν
2608 3412 2987 3482 ἐλεεινότερον;
3024 3409 3128 3463 Καὶ
3162 3409 3271 3481 γὰρ
3307 3413 3370 3462 ἐκ
3397 3410 3495 3478 τῆς
3528 3410 3731 3472 οἰκείας
3766 3413 3883 3465 καὶ

2199 3504 2262 3556 ἐκ
2294 3503 2393 3570 τῆς
2416 3501 2700 3570 ἀλλοτρίας
2727 3499 2865 3571 μετὰ
2890 3498 3068 3569 φόϐων
3098 3499 3188 3551 καὶ
3221 3496 3477 3550 κινδύνων
3503 3496 3754 3567 ἀποδημή
3766 3516 3879 3563 σας,

2200 3597 2279 3656 εἰς
2308 3594 2377 3646 τά
2408 3596 2547 3647 αύτά
2575 3594 2733 3647 πάλιν
2768 3593 3062 3663 ἐμπίπτειν
3087 3590 3335 3662 βάραθρα
3362 3590 3718 3658 ἠναγκάζετο.
3758 3591 3881 3645 Τὸν

2204 3686 2300 3757 μὲν
2330 3686 2438 3757 γὰρ
2466 3685 2689 3753 ἀδελφὸν
2720 3685 2907 3753 φυγὼν
2933 3680 3063 3755 ἦλθε
3088 3682 3224 3753 πρὸς
3248 3682 3338 3734 τὸν
3360 3681 3646 3752 κηδεστὴν,
3675 3680 3785 3734 ὑπὸ
3813 3683 3878 3737 δὲ

2204 3782 2389 3836 τούτου
2424 3781 2587 3835 πάλιν
2627 3780 3001 3850 ἐλαυνόμενος,
3050 3781 3128 3842 είς
3167 3776 3257 3831 τὸν
3295 3775 3520 3843 ἀδελφὸν
3546 3764 3875 3847 ’ἐμπίπτειν

2170 3940 2175 3943 _
2205 3874 2482 3938 ἐϐιάζετο’
2524 3874 2620 3928 καὶ
2648 3874 2706 3927 τὸ
2742 3874 3079 3944 προφητικὸν
3116 3876 3292 3929 ἐκεῖνο
3332 3877 3641 3947 ὑπέμεινεν,
3668 3875 3699 3928 6
3731 3878 3877 3946 περὶ

2206 3973 2300 4042 τῆς
2325 3972 2535 4046 ἡμέρας
2556 3971 2761 4043 Κυρίου
2785 3973 2947 4043 φησὶν
2965 3972 2994 4024 6
3032 3971 3231 4043 Ἀμώς·
3268 3974 3376 4028 Ὃν
3393 3974 3614 4041 τρόπον
3634 3971 3743 4026 ἐάν
3774 3988 3865 4035 τις

2206 4069 2430 4139 ἐκφύγῃ
2470 4069 2588 4122 ἀπὸ
2635 4067 2955 4135 προσώπου
2993 4068 3260 4135 λέοντος,
3303 4070 3399 4123 καὶ
3431 4068 3650 4139 ἐμπέσῃ
3701 4070 3877 4135 αὐτῷ

2206 4155 2438 4224 ἄρκτος,
2452 4156 2545 4209 καὶ
2569 4154 2913 4223 είσπηδήσῃ
2930 4158 3016 4222 εὶς
3032 4157 3146 4224 τὴν
3169 4158 3366 4210 οὶκίαν
3385 4157 3589 4219 αὑτοῦ,
3628 4156 3726 4209 καὶ
3749 4158 3875 4210 ἀετ-

2205 4254 2408 4321 ερείσῃ
2438 4252 2553 4319 τὴν
2581 4253 2748 4322 χεῖρα
2772 4253 2960 4307 αὐτοῦ
2986 4256 3072 4319 εις
3099 4253 3208 4306 τὸν
3222 4252 3444 4321 τοῖχον,
3459 4253 3555 4310 καί
3585 4253 3741 4321 δάκῃ
3766 4256 3877 4309 ag.

2203 4346 2310 4398 τὸν
2344 4349 2377 4399 ὀ
2406 4345 2559 4413 ὄφις.
2596 4346 2639 4398 Τ
2646 4347 2661 4398 ί
2689 4346 2745 4399 δέ
2779 4346 2860 4399 δεῖ
2883 4346 3060 4413 λέγειν
3086 4346 3175 4399 τὸν
3199 4346 3400 4417 τρόμον
3434 4345 3493 4398 ὃν
3524 4346 3735 4417 ὑπέστη
3768 4364 3877 4400 κα-

2205 4440 2499 4513 ταληφθεὶς
2548 4443 2652 4495 ὑπὸ
2694 4443 2788 4495 τοῦ
2823 4443 3025 4507 Λάϐαν,
3070 4443 3168 4507 τὰς
3206 4443 3413 4512 θλίψεις
3449 4443 3549 4507 τάς
3593 4446 3733 4498 κατά
3767 4446 3874 4516 τὴν

2204 4530 2534 4602 ὁδοιπορίαν,
2575 4531 2905 4601 θρεμμάτων
2949 4530 3219 4585 τοσούτων
3269 4532 3361 4585 καὶ
3397 4532 3600 4585 παίδων
3639 4533 3875 4586 ἀκολουο

2207 4617 2444 4672 θούντων
2476 4617 2658 4690 αὐτῷς
2710 4620 2848 4672 Ἀλλ’
2879 4620 3065 4689 ἐπειδὴ
3100 4620 3198 4690 τὴν
3243 4620 3537 4689 ἀδελφικὴν
3579 4621 3701 4689 ὅφιν
3732 4623 3873 4691 ὀρᾷν

2206 4704 2452 4776 ἔμελλεν,
2476 4707 2536 4759 οὐ
2558 4707 2720 4760 ταυτὺ
2740 4706 2944 4777 ἔπασχε
2967 4710 3080 4770 τοῖς
3102 4706 3271 4778 ὁρῶσι
3288 4707 3386 4777 την
3414 4708 3565 4778 παρά
3585 4711 3695 4770 τοῖς
3717 4725 3877 4779 ποιη-

2204 4797 2322 4857 ταῖς
2349 4794 2720 4865 πλαττομένην
2737 4795 2828 4848 ὑπ’
2845 4796 3067 4847 ἐκείνων
3087 4793 3349 4865 Γοργόνος
3366 4796 3607 4865 κεφαλήν
3626 4812 3640 4859 ;
3672 4797 3771 4866 οὑχ
3794 4795 3875 4860 ὠς

2205 4883 2303 4955 τὴν
2332 4883 2425 4937 ἐπὶ
2447 4883 2674 4936 θάνατον
2689 4881 2886 4947 ἀπιὼν,
2912 4882 3082 4948 οὑτως
3099 4883 3308 4936 ἅπαντα
3326 4884 3652 4949 διετάττετο;
3680 4887 3877 4938 Ἀκου-

2210 4988 2300 5025 σον
2333 4971 2441 5024 τῶν
2480 4972 2741 5048 ῥημάτων
2780 4970 2963 5033 αὑτοῦ,
3001 4972 3096 5024 καὶ
3138 4971 3275 5042 μάθε
3311 4972 3408 5043 τὴν
3437 4974 3878 5046 ἐναποκειμένην

2209 5060 2373 5112 αὑτοῦ
2406 5060 2577 5129 φλόγα
2605 5063 2671 5131 τῇ
2707 5059 2851 5131 ψυχῇ
2874 5073 2886 5086 ·
2932 5059 3183 5123 Ἐξελοῦ
3215 5074 3311 5130 με,
3347 5062 3529 5132 φησιν,
3558 5065 3592 5115 ὀ
3622 5063 3768 5127 Θεὸς
3805 5066 3875 5116 ἐκ

2208 5147 2405 5215 χειρὸς
2427 5158 2449 5185 ο
2496 5147 2685 5201 Ἡσαῦ
2718 5146 2824 5200 τοῦ
2853 5146 3120 5215 ἀδελφοῦ
3148 5166 3266 5215 μου
3286 5190 3299 5211 ,
3334 5150 3419 5201 ὅτι
3440 5149 3734 5217 φοϐοῦμαι
3759 5151 3880 5221 ἐγὼ

2208 5232 2414 5296 αὐτὸν,
2435 5233 2670 5303 μήποτε
2694 5235 2889 5288 ἐλθὼν
2908 5234 3146 5303 πατάξῃ
3163 5252 3239 5303 με
3272 5237 3365 5287 καὶ
3391 5236 3622 5304 μητέρα
3647 5236 3748 5289 ἐπὶ
3788 5237 3883 5290 τέ-

2210 5337 2395 5387 κιόις.
2430 5321 2513 5375 Σὺ
2547 5320 2613 5374 δέ
2634 5338 2735 5390 μοι
2778 5317 2981 5387 εἴπας,
3007 5317 3093 5376 Εὖ
3127 5338 3200 5375 σε
3231 5322 3373 5392 (199)
3414 5323 3671 5392 ποιήσω.
3693 5324 3881 5397 Πόσην

2208 5418 2307 5472 οὐκ
2336 5418 2401 5471 ἂν
2424 5418 2759 5489 εὐφροσύνην
2788 5417 3040 5483 ἐξέϐαλεν
3068 5412 3221 5483 οὗτος
3246 5421 3273 5473 ό
3296 5419 3480 5489 φόϐος,
3502 5421 3549 5472 εί
3580 5421 3674 5474 καὶ
3700 5424 3881 5477 πάντα

2208 5502 2311 5559 τὸν
2331 5506 2641 5576 ἔμπροσθεν
2673 5507 2864 5578 χρόνον
2894 5508 2951 5558 ἐν
2980 5507 3211 5577 εὐθυμία
3228 5507 3616 5573 διατετελεκὼς
3632 5506 3702 5581 ἦν
3728 5509 3884 5575 ςΝὖν

2276 5715 2297 5743 ⁸
2321 5712 2588 5764 Ωῡὼρτυηὶ
2613 5714 2709 5762 dun
2735 5723 2789 5763 et
2807 5714 2952 5763 Savil.
2977 5717 3029 5764 ἐκ
3060 5720 3228 5779 χειρός.
3257 5716 3375 5767 Mor.
3404 5718 3457 5765 ἐκ
3492 5719 3588 5766 τῶν
3620 5718 3825 5783 χειρῶν,
