4060 6136
267 273 375 332 485

270 387 484 460 quidem
521 387 609 457 qui
651 401 710 441 se
745 384 1097 441 venerabatur
1134 382 1526 452 benevolusque
1558 382 1658 437 sibi
1699 391 1811 435 erat
1835 421 1850 438 .

268 487 519 551 parentes
550 478 686 547 fugae
716 475 1050 531 committere
1088 482 1386 546 coguntur;
1428 473 1724 543 improbum
1760 489 1855 526 au-

268 583 376 626 tem
404 569 493 640 qui
525 569 624 624 sibi
651 583 888 621 amaram
931 565 1187 621 reddebat
1213 566 1374 619 vitam
1405 563 1542 635 (hoc
1570 564 1710 618 enim
1743 564 1855 632 ipsa

266 661 510 716 Rebecca
555 657 818 727 indicat),
865 658 1002 726 apud
1047 671 1106 710 se
1146 655 1342 725 jugiter
1383 655 1653 709 tenebant.
1694 654 1858 724 Igitur

265 771 390 810 cum
424 754 512 809 ille
540 752 850 822 effugisset,
893 753 946 806 in
986 752 1147 806 domo
1180 766 1394 820 semper
1431 752 1684 806 educatus
1712 753 1858 821 (erat

262 850 409 904 enim
453 848 709 901 innocens
753 845 996 900 habitans
1043 845 1222 910 domi,
1272 855 1430 914 atque
1469 852 1525 899 ut
1568 844 1856 914 plurimum

264 955 389 993 cum
415 947 586 993 matre
611 937 755 992 domi
783 936 1096 1004 manserat),
1122 936 1312 1007 quibus
1342 937 1606 1002 lamentis,
1635 951 1738 1006 quo
1765 935 1860 990 do-

264 1033 410 1098 lore,
439 1046 546 1101 quo
582 1031 782 1101 gemitu
827 1029 1122 1084 Rebeccam
1165 1028 1270 1098 jam
1311 1027 1452 1082 afﬁci
1483 1043 1701 1083 necesse
1732 1029 1854 1096 fuit,

264 1123 640 1178 recordantem
672 1136 884 1191 semper
905 1120 1020 1188 ﬁlii,
1045 1119 1324 1189 virumque
1351 1120 1662 1184 intuentem,
1690 1127 1744 1174 et
1765 1135 1860 1188 per

265 1223 479 1269 mtatem
507 1222 563 1270 et
601 1229 696 1283 per
731 1212 1088 1268 inﬁrmitatem
1115 1211 1281 1267 nihilo
1313 1212 1530 1267 meliore
1555 1213 1881 1268 conditione-

265 1322 427 1376 quam
466 1305 773 1360 mortuum?
799 1305 1000 1371 Quibus
1029 1304 1154 1358 item
1197 1303 1424 1358 luctibus
1457 1318 1640 1359 senem
1669 1304 1858 1359 deten-

268 1408 380 1454 tum
412 1407 567 1469 putas
601 1399 726 1454 dum
762 1411 1073 1453 communes
1098 1411 1223 1452 suas
1249 1405 1301 1451 et
1325 1397 1506 1450 uxoris
1533 1397 1859 1451 calamitates

265 1492 400 1546 flere
427 1490 745 1562 cogeretur?
773 1490 906 1544 Cum
949 1502 1079 1543 vero
1118 1487 1203 1543 illa
1238 1489 1496 1543 moritura
1535 1497 1705 1556 esset,
1733 1490 1858 1559 quid

265 1598 376 1638 non
405 1583 557 1648 dixit,
589 1579 715 1651 quid
743 1595 848 1635 non
876 1580 1091 1650 loquuta
1119 1579 1236 1632 est?
1262 1578 1436 1634 Etiam
1463 1578 1666 1649 lapides
1695 1581 1861 1650 ipsius

265 1675 432 1730 verba
459 1673 775 1743 liquefacerc
799 1671 1034 1741 potuisse
1057 1678 1205 1739 puto,
1233 1685 1352 1724 eum
1381 1683 1487 1722 non
1511 1669 1714 1725 videret
1737 1685 1862 1741 pro-

267 1781 336 1836 pe
366 1766 664 1820 adstantem
696 1763 860 1818 ﬁlium
886 1805 901 1830 ,
933 1770 1092 1832 atque
1123 1761 1542 1831 illacrymantcm
1570 1761 1859 1832 oculosque

268 1858 370 1913 sibi
400 1857 839 1926 comprimentem
861 1896 874 1919 ,
909 1865 1069 1925 atque
1099 1863 1160 1908 'os
1185 1852 1586 1908 contrahentem
1612 1893 1624 1917 ,
1653 1854 1862 1924 aliaque

267 1949 449 2004 omnia
479 1955 755 2017 agentem,
787 1960 905 2016 quae
930 1944 1241 2016 parentibus
1277 1955 1448 1999 morte
1479 1945 1590 2013 ipsa
1621 1944 1864 2000 videntur

269 2039 534 2109 graviora.
565 2039 633 2092 At
661 2052 788 2093 vero
814 2035 978 2103 Isaac,
1004 2035 1130 2091 dum
1161 2035 1304 2089 illam
1327 2036 1398 2090 ita
1423 2035 1606 2091 efflare
1632 2036 1862 2091 animam

270 2137 550 2195 cerneret,
583 2145 688 2199 quo
725 2130 905 2183 animo
942 2127 1104 2183 fuisse
1147 2127 1412 2199 putandus
1453 2137 1535 2184 est
1572 2137 1624 2184 et
1655 2137 1780 2184 tunc
1811 2137 1866 2184 et

273 2229 394 2291 post
421 2221 587 2291 ipsius
618 2220 880 2275 mortem?
1411 2243 1414 2245 λ
1637 2216 1690 2224 “

345 2315 434 2368 11.
462 2314 621 2369 Jacob
646 2332 743 2386 quo
774 2325 920 2386 pacto
949 2317 1157 2388 aﬂh‘ctus
1187 2321 1359 2391 fuerit.
1390 2350 1460 2361 -—
1479 2318 1621 2374 Talis
1651 2318 1739 2373 ille
1768 2333 1865 2372 ηοι

275 2407 356 2460 bis
384 2405 545 2462 fuisse
570 2417 818 2464 ostensus
847 2418 958 2477 est,
991 2426 1148 2480 quem
1183 2413 1361 2466 multis
1389 2412 1550 2468 fuisse
1575 2411 1862 2467 feliciorem

276 2498 610 2565 putabamus.
639 2499 754 2554 Jam
782 2515 906 2554 vero
930 2500 1093 2557 Jacob
1116 2503 1281 2572 ipsius
1302 2504 1406 2558 vita
1432 2502 1728 2574 cujusmodi
1753 2501 1868 2558 fuc—

277 2591 373 2655 rit,
403 2590 604 2661 absque
633 2590 964 2649 discussione
991 2595 1166 2665 aliqua
1197 2596 1363 2666 ipsius
1391 2597 1548 2652 verba
1586 2597 1817 2652 indicant
1850 2615 1862 2649 :

275 2682 367 2751 qui
410 2676 532 2738 cum
579 2684 910 2741 Pharaonem
954 2687 1312 2758 alloqueretur
1352 2689 1528 2744 aiebat
1564 2707 1576 2744 :
1614 2687 1736 2743 Dies
1773 2691 1868 2744 mei

277 2774 426 2842 parvi
457 2783 504 2828 et
532 2775 688 2844 mali,
722 2787 767 2830 et
796 2794 895 2832 mm
925 2790 1248 2847 pervenerunt
1277 2782 1344 2835 ad
1368 2782 1474 2836 dies
1501 2790 1702 2852 patrum
1727 2797 1868 2835 meo-

276 2882 392 2919 rum
426 2865 584 2938 (Gen.
613 2868 699 2922 47.
731 2868 801 2939 9)
833 2888 845 2923 :
874 2871 977 2924 hoc
1005 2880 1103 2938 est,
1138 2881 1191 2928 et
1216 2872 1515 2928 breviorem
1555 2883 1608 2926 et
1641 2871 1870 2926 laborio-

277 2957 476 3011 siorem
509 2958 615 3012 vixi
659 2961 841 3014 vitam.
876 2961 1070 3016 Verum
1101 2970 1156 3017 et
1188 2963 1388 3028 absque
1427 2961 1527 3016 hac
1567 2962 1706 3018 illius
1743 2954 1880 3017 seni

281 3052 445 3103 tentia
493 3050 563 3104 ita
618 3059 743 3106 sunt
790 3062 988 3122 apertae
1032 3053 1362 3108 calamitates
1409 3053 1562 3123 ejus,
1612 3063 1672 3108 ut
1719 3055 1872 3124 pauci

278 3140 567 3194 admodum
595 3141 701 3196 sint
730 3142 818 3212 qui
849 3142 965 3197 illas
994 3144 1252 3198 nesciant.
1286 3146 1431 3199 Avus
1467 3159 1694 3213 namque
1724 3143 1870 3213 ejus,

280 3231 382 3286 etsi
413 3232 752 3301 longinquam
784 3234 1264 3304 peregrinationem
1305 3250 1553 3291 emensus
1581 3246 1694 3301 est,
1721 3236 1872 3305 jussu

283 3322 378 3377 Dei
419 3322 522 3377 hoc
556 3323 713 3391 fecit,
750 3339 868 3394 qua:
902 3339 988 3379 res
1018 3325 1252 3380 maximo
1278 3327 1378 3396 ipsi
1409 3325 1600 3380 solatio
1625 3325 1756 3391 fuit;
1791 3325 1876 3380 hic

282 3425 460 3471 autem
506 3415 722 3473 fratrem
762 3417 969 3489 fugiens
1009 3418 1384 3486 insidiantem,
1427 3417 1876 3489 parricidiumque

282 3507 650 3571 meditantem,
682 3523 920 3564 summos
948 3509 1158 3564 itineris
1186 3494 1398 3565 labores
1428 3524 1614 3580 passus
1642 3518 1724 3564 est
1751 3525 1763 3561 :
1791 3517 1874 3563 at—

283 3614 391 3669 que
421 3600 508 3654 ille
537 3600 747 3670 quidem
785 3602 1089 3656 necessario
1117 3601 1256 3656 victu
1293 3617 1582 3672 numquam
1614 3601 1872 3672 iudiguit;

287 3689 414 3744 huic
442 3705 568 3744 vero
599 3690 651 3744 in
677 3700 802 3745 voto
829 3700 974 3758 erat,
1006 3691 1320 3748 indumento
1355 3707 1417 3747 ac
1453 3708 1588 3763 pane
1625 3693 1740 3747 solo
1770 3709 1876 3748 non

286 3781 545 3851 indigere.
573 3781 824 3837 Servatus
844 3793 1044 3850 autem,
1068 3792 1226 3854 atque
1251 3784 1456 3840 itineris
1481 3784 1879 3856 fatigationibus

288 3873 446 3940 liber,
479 3889 597 3930 cum
625 3875 838 3930 tandem
863 3875 928 3930 ad
960 3874 1148 3931 afﬁnes
1171 3890 1300 3933 suos
1330 3876 1681 3946 pervenisset,
1709 3877 1797 3947 qui
1826 3877 1877 3930 in

289 3973 435 4018 tanta
469 3980 649 4020 rerum
683 3967 834 4036 copia
873 3967 1101 4022 nutritus
1132 3966 1304 4023 fuerat
1341 3967 1542 4022 servire
1571 3968 1877 4038 cogebatur.

289 4053 406 4109 Non
433 4055 647 4125 ignoras
676 4067 852 4111 autem
883 4058 1229 4124 servitutem,
1260 4073 1381 4111 cum
1418 4072 1630 4127 semper
1655 4057 1880 4112 molesta

290 4145 381 4212 sit,
411 4157 520 4200 tum
549 4148 780 4201 maxime
804 4147 969 4201 videri
995 4148 1448 4214 molestissimam,
1472 4163 1592 4202 cum
1619 4144 1737 4218 quis
1761 4163 1883 4218 pro.

290 4237 503 4308 pinquis
532 4252 594 4292 ac
620 4238 833 4308 paribus
859 4239 1061 4296 servire
1086 4239 1312 4311 cogitur,
1341 4239 1498 4311 idque
1523 4255 1642 4295 cum
1669 4241 1783 4311 ejus
1806 4242 1880 4296 rei

292 4344 583 4402 numquam
637 4331 930 4402 periculum
980 4332 1199 4400 fecerit,
1245 4334 1340 4389 sed
1385 4335 1619 4404 priorem
1670 4350 1883 4390 onmem

294 4432 506 4478 aetatem
538 4423 589 4476 in
630 4423 872 4478 libertate
907 4438 970 4478 ac
1004 4423 1207 4478 deliciis
1236 4425 1422 4495 egerit.
1463 4424 1614 4492 Quod
1645 4440 1764 4480 cum
1805 4425 1886 4479 in-

295 4517 574 4572 tolerabile
600 4531 719 4573 esse
744 4517 1035 4585 videretur,
1065 4517 1188 4571 forti
1211 4525 1385 4572 tamen
1409 4527 1463 4572 et
1490 4533 1682 4589 magno
1706 4519 1886 4573 animo

298 4611 522 4668 ferebat.
563 4611 732 4667 Porro
762 4611 888 4680 quid
923 4625 1280 4665 aerumnarum
1312 4609 1364 4664 in
1393 4610 1496 4664 vita
1537 4611 1624 4664 illa
1663 4625 1757 4664 sua
1790 4626 1885 4679 pa-

300 4703 481 4758 storali
512 4718 698 4772 passus
739 4703 842 4767 sit,
877 4702 1047 4772 ipsum
1077 4700 1263 4756 audias
1294 4700 1416 4755 licet
1441 4701 1704 4756 dicentem
1736 4718 1749 4755 :
1778 4700 1887 4770 Ego

301 4794 640 4864 pcrsolvebam
679 4811 710 4848 a
752 4795 945 4864 meipso
987 4796 1123 4866 furta
1161 4793 1262 4848 diei
1303 4801 1350 4846 et
1388 4795 1525 4864 furta
1567 4793 1724 4846 noctis
1754 4809 1771 4846 :
1801 4809 1890 4862 per

301 4887 432 4941 diem
459 4887 639 4940 urebar
665 4896 790 4941 wstu
809 4927 824 4951 ,
856 4894 902 4939 et
937 4897 1080 4939 nocte
1119 4885 1266 4956 gelu,
1294 4884 1650 4952 recedebatque
1685 4901 1890 4938 somnus

301 4977 364 5031 ab
390 4979 550 5032 oculis
575 4979 695 5032 meis
721 4993 740 5032 :
766 4979 864 5031 ista
887 4977 1010 5030 mihi
1032 4979 1232 5049 fuerunt
1279 4977 1426 5030 annis
1466 4977 1642 5048 viginti
1664 4974 1710 5049 (1
1720 4976 1772 5030 d.
1798 4977 1886 5031 51.

302 5070 521 5140 59-41).
556 5069 680 5123 llzec
708 5069 799 5124 ille
847 5083 1035 5140 passus
1062 5076 1174 5135 est,
1204 5069 1292 5139 qui
1318 5069 1482 5123 vitam
1519 5069 1722 5123 vixerat
1758 5068 1890 5122 sim-

301 5161 520 5233 plicem,
549 5162 637 5233 qui
669 5176 882 5233 semper
908 5161 1081 5217 fuerat
1106 5161 1268 5216 domi.
1299 5161 1532 5232 Postque
1557 5170 1634 5217 tot
1658 5161 1889 5226 labores,

304 5263 382 5310 tot
408 5255 766 5324 incommoda,
799 5265 920 5326 post
948 5255 1162 5326 longum
1190 5254 1320 5309 illud
1349 5255 1620 5311 servitutis
1661 5265 1889 5325 tempus,

304 5346 545 5403 fraudem
575 5348 717 5403 illam
746 5347 1133 5403 amarissimam
1165 5347 1420 5418 pertulit,
1449 5361 1550 5416 qua
1591 5347 1690 5402 sibi
1727 5349 1891 5403 altera

305 5438 528 5496 alterius
554 5440 674 5495 loco
703 5439 892 5494 tradita
923 5455 1056 5494 uxor
1096 5449 1197 5496 est.
1243 5438 1373 5493 Nam
1413 5439 1460 5493 si
1500 5454 1606 5493 non
1643 5439 1896 5494 servisset

305 5532 461 5587 annis
495 5542 733 5603 septem,
763 5534 807 5586 si
845 5546 948 5586 non
976 5547 1039 5586 ra
1085 5545 1273 5601 passus
1310 5528 1524 5596 fuisset,
1561 5544 1681 5600 quae
1705 5543 1894 5585 socero

307 5634 629 5698 conquestus
648 5625 801 5691 dixit,
824 5623 867 5679 si
890 5639 994 5678 non
1017 5624 1306 5679 amavisset
1327 5621 1576 5692 puellam,
1597 5621 1698 5677 hoc
1720 5622 1892 5692 ipsum

311 5723 486 5773 tamen
507 5716 649 5788 quod
678 5716 781 5772 sibi
807 5715 1121 5770 iormosiore
1145 5714 1428 5783 promissa,
1457 5713 1641 5770 tradita
1670 5713 1766 5785 ipsi
1792 5728 1889 5784 pro

636 5815 902 5874 ιἈτιιοι..
954 5813 1073 5873 Gn.
1109 5814 1360 5876 XLVII.

1123 266 1214 322 AD
1254 264 1621 323 STAGIRIUM
1661 266 1702 318 A
1745 261 2046 320 DzEMONE
2088 263 2441 322 VEXATUM.
2489 265 2614 323 LIB.
2651 265 2712 324 11.

3447 272 3550 328 466

1966 381 2051 435 illa
2083 383 2314 438 deterior
2344 383 2460 451 fuit,
2491 395 2746 454 quantum
2785 394 2936 454 putas
2963 387 3230 454 mcerorls,
3258 387 3382 458 quid
3415 390 3554 445 indi-

1963 476 2247 541 gnationis,
2279 477 2404 546 quid
2435 477 2636 533 doloris
2664 478 2820 534 beato
2850 479 2922 533 illi
2953 488 3076 534 tunc
3105 483 3385 550 praestitit?
3416 483 3554 538 Sane

1962 566 2008 621 si
2036 568 2154 635 quis
2182 570 2316 623 alius
2345 570 2394 624 id
2425 585 2614 640 passus
2641 579 2804 638 esset,
2843 587 3130 642 numquam
3161 588 3278 628 eam
3315 573 3554 630 fraudem

1963 668 2123 728 atque
2151 660 2395 729 injuriam
2421 661 2648 728 tulisset,
2677 661 2770 716 scd
2797 662 2939 716 omni
2967 662 3113 732 prius
3139 663 3378 720 afﬁnium
3406 681 3557 720 ever-

1966 765 2022 803 sa
2055 750 2215 804 domo
2237 792 2251 818 ,
2279 767 2339 807 se
2370 752 2484 822 ipse
2511 767 2630 807 cum
2663 754 2766 808 illis
2791 769 2890 808 una
2920 754 3305 819 interfecisset,
3334 765 3427 810 aut
3452 756 3556 810 alio

1965 843 2152 912 quovis
2185 844 2345 898 modo
2383 845 2702 914 perdidisset
2733 862 2746 898 :
2774 847 3024 916 quoniam
3064 862 3194 903 vero
3233 847 3530 918 patientissi

1967 949 2085 990 Inus
2109 950 2172 990 ac
2200 935 2516 1007 longanimis
2552 947 2668 992 erat
2694 937 2881 1005 Jacob,
2913 937 3044 994 nihil
3077 939 3377 1010 hujusmodi
3407 940 3554 1007 fecit,

1969 1029 2061 1083 sed
2103 1045 2169 1084 ne
2210 1029 2418 1086 initium
2461 1032 2675 1100 quidem
2723 1033 2985 1102 ejusmodi
3021 1035 3324 1106 cogitationi
3364 1036 3509 1092 dedit
3542 1057 3554 1093 :

1978 1119 2085 1173 imo
2112 1135 2238 1175 vero
2272 1130 2476 1191 septem
2522 1137 2692 1178 annos
2730 1124 2862 1180 alios
2902 1124 3094 1180 iterum
3138 1128 3340 1182 servire
3377 1128 3558 1198 jussus

1967 1223 2212 1283 prompte
2234 1214 2488 1283 obedivit,
2511 1216 2645 1271 adeo
2667 1217 2808 1273 mitis
2833 1228 2946 1273 erat
2969 1234 3031 1273 ac
3053 1232 3380 1277 mansuetus.
3408 1219 3558 1287 Quod

1966 1306 2011 1361 si
2053 1307 2237 1375 puellae
2265 1322 2417 1361 amor
2444 1309 2838 1365 mansuetudini
2880 1325 3088 1364 morum
3123 1311 3557 1378 obsecundabat,

1966 1413 2150 1454 rursus
2181 1397 2316 1453 'mihi
2359 1400 2609 1455 maeroris
2647 1401 3066 1470 magnitudinem
3110 1403 3328 1458 asseris.
3369 1402 3559 1460 Consi-

1968 1488 2096 1544 dera
2128 1489 2267 1543 enim
2292 1531 2306 1557 ,
2347 1505 2528 1560 quaeso
2549 1529 2564 1555 ,
2596 1500 2850 1560 quantum
2891 1491 2982 1546 ille
3011 1491 3211 1548 doloris
3240 1508 3427 1563 passus
3455 1494 3559 1561 sit,

1965 1595 2087 1634 cum
2135 1579 2250 1649 ejus
2289 1596 2447 1650 quam
2491 1581 2562 1636 ita
2608 1581 2955 1638 vehementer
2999 1582 3250 1653 diligebat
3292 1584 3562 1641 fraudatus

1967 1671 2334 1742 amplexibus,
2377 1673 2625 1743 illiusque
2669 1675 2934 1730 connubia
2975 1675 3322 1744 desiderans,
3356 1685 3562 1748 septem

1967 1780 2155 1820 rursus
2185 1780 2446 1820 annorum
2475 1766 2729 1821 dilatione
2757 1769 3048 1836 cruciatur,
3082 1767 3278 1839 frigora
3310 1778 3364 1825 et
3399 1778 3564 1824 aestus

1967 1865 2022 1912 et
2048 1855 2252 1929 vigilias
2293 1867 2347 1912 et
2386 1857 2704 1914 detrimenta
2740 1866 2995 1928 perpetua
3022 1857 3249 1928 patiens.
3283 1859 3358 1914 Ea
3384 1868 3562 1915 tamen

1968 1947 2078 2017 ipsa
2108 1948 2308 2018 potitus
2342 1947 2591 2015 tandem,
2630 1948 2923 2020 vivensque
2951 1948 3090 2020 apud
3127 1963 3373 2005 socerum
3400 1949 3563 2004 vitam

1968 2043 2220 2094 mrumnis
2246 2048 2300 2096 et
2325 2041 2594 2096 laboribus
2625 2041 2866 2111 plenam,
2894 2041 2970 2097 sic
2995 2055 3206 2111 quoque
3232 2041 3444 2097 invidiae
3472 2057 3565 2113 pa-

1969 2130 2070 2185 tuit
2090 2173 2103 2196 ,
2133 2139 2187 2186 et
2215 2130 2505 2187 secundam
2535 2131 2775 2186 fraudem
2807 2132 2860 2186 in
2887 2132 3224 2188 mercedibus
3251 2147 3471 2202 passus,
3506 2143 3566 2188 ut

1970 2223 2084 2292 ipse
2101 2237 2310 2293 quoque
2335 2224 2482 2279 illum
2514 2224 2748 2295 arguerit
2771 2223 2953 2279 dicens
2992 2242 3006 2278 :
3029 2223 3280 2296 Decepisti
3299 2241 3376 2279 me
3393 2224 3560 2280 decem

1973 2313 2119 2382 agnis
2147 2311 2310 2382 (Gen.
2340 2313 2427 2370 51.
2469 2312 2594 2384 41).
2629 2313 2743 2369 Una
2782 2328 2910 2368 vero
2951 2329 3072 2369 cum
3113 2329 3301 2370 socero
3339 2330 3564 2370 uxorum

1972 2403 2164 2460 fratres
2206 2406 2374 2478 magis
2408 2407 2567 2462 etiam
2599 2407 2858 2462 adversus
2887 2407 3033 2461 illum
3063 2406 3268 2462 efferati
3296 2407 3563 2463 excande-

1972 2498 2210 2554 scebant.
2237 2498 2390 2567 Quod
2417 2508 2594 2554 autem
2620 2509 2739 2554 erat
2764 2499 3009 2554 omnibus
3046 2501 3280 2570 gravius,
3307 2516 3451 2555 uxor
3478 2501 3566 2554 illa

1975 2600 2078 2646 tam
2124 2592 2352 2659 dilecta,
2389 2592 2539 2662 cujus
2580 2594 2747 2662 gratia
2795 2593 2875 2646 bis
2922 2601 3128 2662 septem
3172 2593 3328 2646 annis
3365 2591 3568 2647 servire

1972 2684 2276 2754 delegerat,
2317 2699 2427 2754 pra:
2465 2683 2709 2738 molestia
2743 2682 3135 2751 suffocabatur,
3173 2699 3293 2738 cum
3325 2698 3566 2738 sororem

1973 2791 2122 2830 suam
2153 2774 2447 2845 parientem
2479 2783 2753 2839 cerneret,
2783 2788 2841 2830 se
2872 2789 3002 2828 vero
3028 2774 3171 2828 omni
3210 2772 3445 2843 pariendi
3476 2787 3571 2844 spe

1975 2865 2280 2920 destitutam
2303 2905 2316 2930 ,
2347 2874 2504 2935 atque
2531 2865 2580 2918 in
2611 2873 2814 2920 tantum
2843 2874 2968 2919 tunc
2993 2879 3268 2920 excessum
3307 2880 3370 2920 ex
3407 2864 3570 2918 animi

1977 2969 2208 3009 nunrore
2237 2954 2557 3020 devenerat,
2591 2965 2648 3009 ut
2672 2955 2984 3011 criminibus
3011 2963 3064 3010 et
3092 2955 3320 3025 querelis
3350 2955 3574 3025 agitaret

1975 3048 2147 3101 virum
2171 3086 2185 3111 ,
2220 3055 2550 3117 mortemque
2593 3046 2807 3101 sibimet
2846 3046 3195 3102 obventuram
3242 3047 3570 3111 minaretur,

1977 3139 2080 3193 nisi
2113 3146 2339 3206 pareret,
2369 3137 2453 3190 Da
2476 3137 2621 3202 mihi,
2649 3136 2912 3205 inquiens,
2946 3136 3144 3203 liberos,
3173 3137 3363 3208 alioqui
3387 3138 3574 3192 moriar

1979 3247 2068 3302 ego
2101 3231 2120 3302 (
2148 3229 2230 3284 Id.
2266 3230 2356 3286 50.
2391 3223 2475 3293 1).
2511 3227 2798 3295 Quomodo
2859 3229 2952 3284 ille
2980 3229 3146 3283 lactari
3177 3237 3419 3298 p0terat,
3452 3245 3572 3284 cum

1979 3339 2042 3378 ca
2071 3338 2229 3395 quam
2258 3321 2509 3393 diligebat
2547 3322 2626 3377 sic
2663 3321 2851 3376 affecta
2896 3329 3038 3376 esset
3062 3362 3076 3385 ,
3110 3321 3403 3392 fratresque
3433 3321 3574 3376 illius

1980 3413 2080 3484 ipsi
2128 3412 2506 3468 insidiarentur
2551 3411 2833 3481 omniaque
2878 3411 3232 3480 molirentur,
3279 3420 3335 3465 ut
3377 3411 3465 3466 ille
3507 3412 3574 3467 ad

1981 3515 2274 3561 extremam
2319 3505 2596 3561 deveniret
2638 3506 2913 3576 inopiam?
2946 3505 3076 3560 Nam
3109 3506 3152 3561 si
3183 3521 3246 3563 ea
3267 3548 3282 3575 ,
3312 3523 3430 3577 qua:
3459 3508 3576 3564 sine

1982 3599 2176 3654 sudore
2217 3598 2356 3654 dotis
2400 3599 2615 3654 nomine
2660 3598 2939 3653 traduntur
2981 3599 3267 3666 uxoribus,
3300 3614 3419 3656 cum
3458 3602 3579 3669 quis

1981 3692 2296 3757 abstulerit,
2325 3691 2558 3745 maximo
2584 3705 2816 3746 maerore
2845 3689 3106 3744 afﬁcimur
3131 3709 3143 3745 :
3174 3692 3219 3745 is
3244 3691 3332 3761 qui
3362 3692 3578 3762 pericli-

1984 3785 2194 3839 tabatur
2218 3798 2278 3838 ea
2307 3798 2424 3854 qua:
2455 3783 2676 3838 summis
2707 3783 2975 3838 laboribus
3000 3783 3281 3854 quiesierat
3304 3783 3572 3849 amittere,

1983 3889 2089 3946 quo
2127 3875 2308 3929 animo
2337 3873 2477 3930 ferre
2506 3889 2568 3929 ea
2599 3873 2915 3930 detrimenta
2962 3873 3209 3944 poterat?
3243 3871 3374 3928 Cum
3422 3875 3580 3944 igitur

1985 3966 2125 4022 haud
2170 3967 2396 4023 obscure
2439 3976 2718 4036 su5pectus
2759 3973 2932 4030 esset,
2979 3979 3176 4035 eosque
3218 3979 3276 4020 se
3315 3965 3582 4020 intuentes

1985 4068 2230 4115 cerneret
2249 4100 2264 4125 ,
2293 4059 2432 4115 clam
2463 4061 2638 4130 fugam
2671 4059 2844 4114 iniens
2871 4057 3117 4112 discessit
3146 4073 3160 4110 :
3189 4072 3296 4126 quo
3323 4056 3450 4127 quid
3478 4055 3581 4111 dici

1985 4149 2342 4205 miserabilius
2372 4151 2580 4220 possit?
2609 4149 2741 4204 Nam
2783 4159 2837 4204 et
2875 4164 2940 4203 ex
2985 4157 3202 4218 paterna
3239 4148 3399 4205 domo
3435 4157 3490 4203 et
3518 4164 3583 4203 ex

1986 4244 2158 4299 aliena
2179 4258 2298 4297 cum
2321 4252 2465 4297 metu
2493 4258 2555 4297 ac
2581 4243 2836 4313 periculis
2861 4243 3118 4313 migrans,
3152 4242 3203 4296 in
3233 4242 3419 4298 eadem
3449 4258 3583 4312 prm-

1989 4342 2141 4404 rupta
2171 4349 2355 4388 rursus
2389 4333 2676 4402 cogebatur
2713 4332 2968 4389 incidere.
3007 4333 3214 4401 Quippe
3249 4331 3468 4386 fratrem
3498 4333 3582 4386 fu-

1988 4428 2160 4497 giens,
2189 4441 2246 4482 sc
2276 4425 2341 4480 ad
2369 4441 2614 4481 socerum
2643 4425 2961 4488 contulerat,
2992 4439 3021 4478 a
3049 4438 3156 4493 quo
3187 4424 3376 4477 iterum
3408 4424 3588 4490 exagi-

1991 4528 2131 4574 tatus
2160 4518 2227 4573 ad
2259 4517 2475 4572 fratrem
2507 4515 2684 4570 redire
2711 4514 3018 4586 cogebatur,
3061 4512 3428 4582 propheticum
3459 4513 3586 4566 illud

1990 4623 2201 4680 passus,
2230 4607 2370 4679 quod
2398 4606 2464 4661 de
2492 4605 2580 4674 die
2611 4605 2819 4660 Domini
2847 4601 2976 4658 diett
3005 4603 3166 4658 Amos
3193 4619 3207 4657 :
3242 4601 3388 4656 Velut
3409 4601 3453 4655 si
3475 4602 3588 4671 quis

1993 4701 2154 4772 fugiat
2184 4716 2216 4752 a
2241 4699 2371 4768 facie
2401 4698 2588 4764 leonis,
2621 4704 2666 4750 el
2693 4703 2921 4750 occurrat
2949 4694 2996 4747 ei
3034 4710 3210 4760 ursus,
3242 4693 3588 4764 ingressusque

1992 4791 2044 4844 in
2074 4791 2279 4843 domum
2307 4805 2450 4844 suam
2491 4796 2536 4842 el
2575 4787 2755 4857 parieti
2796 4802 2975 4840 manus
3004 4785 3270 4855 applicans
3299 4783 3587 4837 mordeatur

1993 4899 2026 4935 a
2054 4879 2257 4935 colubra
2284 4880 2473 4952 (Amos
2512 4879 2566 4935 5.
2602 4877 2723 4949 19).
2753 4878 2883 4947 Quis
2921 4886 3100 4932 autem
3147 4892 3269 4932 cum
3300 4885 3587 4932 tremorem

1994 4990 2246 5031 enarrare
2275 4975 2479 5044 possit,
2509 4988 2666 5044 quem
2693 4987 2977 5043 perpessus
3004 4980 3086 5028 est
3112 4970 3533 5042 comprehensus
3565 4987 3593 5026 a

1996 5068 2196 5131 Laban,
2224 5049 2534 5138 itinerisque
2561 5067 2852 5138 angustias,
2875 5081 2997 5120 cum
3025 5080 3085 5121 se
3111 5075 3216 5121 tam
3246 5080 3588 5122 numerosum

1997 5174 2158 5230 pecus
2196 5158 2394 5230 ﬁliique
2433 5160 2515 5214 sui
2558 5145 2947 5228 sequerentur?
2975 5156 3239 5212 Caeterum
3265 5171 3385 5211 cum
3413 5155 3608 5256 fratrisi‘

1996 5251 2186 5308 faciem
2209 5260 2349 5308 esset
2374 5252 2728 5323 inspecturus,
2753 5266 2930 5306 nonne
2953 5250 3091 5323 idem
3114 5264 3304 5319 passus
3324 5257 3424 5316 est,
3449 5249 3588 5320 quod

1997 5343 2136 5414 apud
2163 5353 2348 5413 poetas
2376 5345 2464 5414 qui
2493 5343 2668 5399 ﬁctum
2699 5351 2855 5413 caput
2884 5341 3147 5411 Gorgonis
3170 5339 3388 5396 vident?
3415 5355 3591 5394 nonne

1998 5438 2069 5492 ita
2096 5451 2194 5508 per
2216 5437 2393 5491 omnia
2413 5434 2634 5491 affectus
2652 5444 2788 5501 erat,
2811 5449 2873 5488 ac
2899 5433 2943 5487 si
2969 5432 3038 5488 ad
3065 5439 3293 5490 mortem
3320 5430 3551 5485 venisset
3568 5425 3615 5482 τ’

1999 5529 2134 5585 Audi
2161 5543 2292 5585 sane
2317 5528 2462 5583 illius
2486 5529 2669 5595 verba,
2697 5535 2856 5597 atque
2879 5540 2944 5580 ex
2971 5525 3049 5580 eis
3074 5525 3285 5580 insitam
3312 5523 3456 5578 illius
3475 5521 3584 5574 ani-

1998 5638 2087 5678 mo
2119 5621 2324 5676 timoris
2351 5621 2618 5676 ﬂammam
2649 5619 2863 5674 addisce
2893 5636 2906 5671 :
2936 5617 3091 5682 Deus,
3121 5634 3240 5672 erue
3267 5631 3365 5679 me,
3395 5614 3585 5683 inquit,

2003 5714 2066 5769 de
2100 5730 2250 5768 manu
2288 5712 2426 5767 Esau?
2459 5712 2630 5783 fratris
2670 5709 2795 5775 mei,
2827 5710 2943 5778 quia
2978 5709 3122 5762 valde
3161 5723 3273 5759 eum
3314 5705 3460 5758 timeo
3481 5746 3494 5769 ,
3529 5723 3589 5760 ne

3167 5800 3246 5860 27
