4060 6136
477 234 575 293 467

475 364 607 432 forte
645 350 988 423 superveniens
1027 347 1292 415 interﬁciat
1332 361 1409 398 me
1440 361 1499 397 ac
1528 352 1736 396 matrem
1764 358 1878 395 cum
1903 339 2044 410 ﬁliis.

476 430 555 494 Tu
584 451 749 496 autem
775 441 898 494 mihi
922 437 1112 502 dixisti,
1142 435 1275 489 Bene
1309 436 1395 488 tibi
1422 434 1605 506 faciam
1634 431 1785 502 (Gen.
1813 430 1900 486 32.
1937 430 2047 504 ll).

475 534 643 598 Quam
675 545 780 584 non
811 529 1046 582 laetitiam
1085 527 1170 581 hic
1208 535 1381 580 metus
1423 524 1766 589 exclusisset,
1802 522 1960 577 etiam
2004 521 2049 576 si

476 620 639 689 priori
659 619 802 673 omni
830 626 1064 688 tempore
1090 616 1519 686 tranquillissime
1542 614 1792 669 vixisset?
1817 615 1886 666 At
1910 626 2050 666 nunc

472 709 645 764 mnnis
673 709 759 763 illa
786 710 912 774 vita,
942 724 1006 764 ex
1036 723 1137 778 qua
1164 707 1251 761 die
1289 704 1703 761 benedictionem
1734 711 2048 773 accepturus

474 813 617 854 metu
646 815 780 870 pene
806 798 977 853 fuerat
1002 806 1263 863 mortuus,
1296 812 1389 866 per
1414 794 1742 849 calamitates
1771 792 1942 846 varias
1970 791 2049 845 in-

470 890 740 961 sidiasque
771 889 1062 945 texebatur.
1088 886 1289 943 Tantus
1314 885 1539 955 denique
1566 894 1689 939 tunc
1713 883 1859 937 illum
1890 881 2048 936 timor

472 984 778 1048 invaserat,
806 990 865 1037 ut
895 987 1016 1051 post
1050 993 1391 1049 congressum
1419 975 1601 1031 fratris
1624 1016 1638 1041 ,
1667 972 2051 1045 quantumlibet

471 1071 560 1124 ille
588 1079 781 1141 praeter
809 1085 958 1140 spem
988 1069 1211 1138 benigne
1234 1078 1288 1123 et
1316 1066 1616 1120 humaniter
1638 1080 1703 1119 eo
1730 1078 1857 1118 usus
1884 1070 2046 1128 esset,

472 1162 744 1218 conlidere
766 1176 834 1217 ne
858 1161 935 1216 sic
962 1160 1176 1232 quidem
1211 1166 1395 1229 posset
1430 1158 1856 1225 anxietatcmque
1881 1153 2049 1223 depo-

474 1267 622 1308 nere.
666 1253 903 1322 Denique
932 1268 1051 1307 cum
1082 1252 1387 1306 obsecraret
1417 1249 1505 1303 ille
1525 1290 1538 1315 ,
1568 1256 1624 1302 ut
1662 1262 1839 1301 secum
1877 1260 1936 1299 se
1973 1246 2051 1299 ire

473 1344 842 1415 permitteret,
883 1358 987 1399 non
1027 1355 1180 1398 secus
1218 1356 1374 1411 quam
1413 1355 1443 1394 a
1481 1339 1589 1393 fera
1631 1338 1803 1408 aliqua
1840 1335 2050 1390 liberari

474 1435 712 1505 cupiens,
743 1444 801 1489 ut
829 1434 1102 1491 recederet
1132 1433 1337 1499 orabat,
1367 1432 1550 1486 dicens
1582 1447 1594 1483 :
1629 1428 1799 1495 Nosti,
1827 1428 2047 1492 domine,

475 1528 594 1598 quia
627 1527 843 1597 infantes
882 1527 1149 1580 teneriores
1185 1533 1332 1589 sunt,
1365 1539 1573 1589 ovesque
1600 1529 1646 1575 et
1679 1520 1823 1576 bores
1860 1535 2052 1572 mecum

477 1623 642 1692 faeta;
668 1619 713 1673 si
733 1635 849 1690 ergo
873 1635 1079 1691 urgeam
1099 1634 1203 1685 eas,
1231 1616 1312 1669 die
1334 1632 1436 1669 una
1457 1615 1731 1667 morientur
1756 1614 1920 1665 cuncti
1938 1626 2052 1682 gre-

475 1728 580 1783 ges.
612 1709 871 1765 Prwcedat
908 1709 1140 1763 dominus
1168 1725 1305 1761 meus
1330 1715 1443 1759 ante
1465 1720 1660 1759 servum
1690 1719 1856 1769 suum,
1887 1712 1934 1756 et
1963 1719 2051 1775 ego

473 1801 774 1855 invalescam
796 1801 849 1855 in
870 1800 951 1853 via
973 1798 1244 1854 secundum
1269 1796 1551 1850 tarditatem
1576 1794 1916 1867 profectionis,
1942 1809 2053 1864 qua:

476 1907 647 1946 coram
684 1906 764 1945 me
802 1900 847 1944 et
886 1890 1030 1958 iuxta
1068 1888 1217 1961 pedes
1257 1887 1581 1959 parvulorum
1613 1901 1868 1952 meorum,
1897 1885 2053 1938 donec

475 1984 671 2039 veniant
714 1982 782 2035 ad
822 1981 1078 2036 dominum
1124 1997 1288 2034 meum
1322 1981 1375 2032 in
1405 1978 1520 2034 Seir
1553 1975 1662 2047 (Id.
1691 1977 1780 2032 '55.
1810 1978 1895 2031 15.
1926 1975 2048 2045 Η).

477 2077 865 2148 Respiransque
890 2090 955 2130 ex
981 2074 1086 2128 illis
1108 2073 1354 2143 periculis
1373 2071 1657 2138 modicum,
1682 2070 1733 2125 in
1754 2070 1914 2125 alium
1942 2068 2053 2123 lon-

476 2185 542 2243 ge
567 2169 854 2225 maximum
883 2168 1125 2222 timorem
1149 2165 1349 2220 incidit.

549 2259 696 2315 Dina:
733 2259 854 2328 ﬁliae
875 2268 1070 2328 raptus.
1098 2286 1167 2296 -—
1198 2256 1363 2326 Rapta
1402 2256 1597 2326 quippe
1622 2254 1759 2309 illius
1787 2253 1909 2320 ﬁlia,
1941 2253 2054 2323 pri-

475 2366 620 2406 mum
646 2349 856 2422 quidem
886 2348 1073 2419 puellae
1102 2346 1476 2404 contumeliam
1503 2361 1645 2416 mgre
1684 2345 1916 2409 ferebat;
1960 2343 2056 2399 sed

475 2459 595 2499 cum
625 2443 678 2498 id
702 2443 904 2498 facinus
930 2442 1146 2497 lenisset
1164 2484 1178 2506 ,
1207 2441 1346 2512 quod
1375 2456 1491 2495 eam
1532 2440 1672 2510 regis
1698 2439 1835 2494 ﬁlius
1863 2440 2056 2496 ductu~

474 2551 594 2592 rum
622 2548 679 2589 se
700 2548 918 2589 uxorem
949 2533 1285 2602 polliceretur
1303 2571 1318 2597 ,
1348 2546 1570 2601 eamque
1596 2530 1910 2586 sententiam
1936 2528 2053 2584 lau-

477 2627 654 2685 dasset
699 2625 883 2690 Jacob,
914 2624 1113 2680 foedera
1139 2624 1354 2679 violavit
1391 2623 1517 2678 Levi
1562 2638 1682 2678 cum
1731 2621 1896 2677 fratre
1935 2636 2053 2687 suo,

477 2723 724 2789 civesque
750 2716 946 2770 viritim
977 2716 1042 2770 ad
1074 2730 1232 2769 unum
1252 2714 1553 2784 jugulantcs
1578 2754 1592 2775 .
1629 2713 1681 2767 in
1715 2713 1766 2767 id
1811 2711 2057 2766 tremoris

480 2816 684 2878 patrem
728 2806 1084 2872 induxerunt,
1128 2813 1183 2859 ut
1226 2805 1348 2860 inde
1393 2805 1631 2874 protinus
1680 2803 1961 2874 migraret,
1993 2816 2058 2857 eo

478 2898 619 2969 quod
660 2913 846 2952 omnes
883 2898 1165 2952 adversum
1211 2912 1269 2952 se
1312 2897 1599 2952 bellaturos
1639 2897 1867 2950 timeret.
1914 2893 2058 2948 Dixit

479 2990 633 3056 enim,
652 2989 723 3042 ait
747 2987 1038 3058 Scriptura,
1065 2986 1223 3042 Jacob
1245 2988 1312 3040 ad
1339 2987 1623 3042 Simeonem
1652 2996 1697 3040 et
1726 2985 1846 3039 Levi
1866 3001 1883 3039 :
1910 2984 2060 3038 Odio-

479 3096 591 3134 sum
632 3095 710 3133 me
749 3079 953 3150 fecistis,
983 3085 1036 3131 ut
1072 3079 1271 3147 iniquus
1310 3079 1426 3143 sim,
1472 3078 1699 3132 omnibus
1725 3076 2060 3131 habitantibus

479 3180 682 3237 terram,
715 3170 1103 3241 Chananceisque
1127 3181 1170 3224 et
1197 3168 1490 3226 Plterezteis.
1517 3169 1625 3240 Ego
1649 3179 1811 3225 autem
1838 3187 1947 3224 sum
1966 3169 2060 3222 mi—

483 3264 650 3318 nimus
674 3279 897 3329 numero,
925 3263 1309 3337 congregatique
1329 3272 1506 3321 contra
1532 3280 1611 3316 me
1629 3263 1780 3317 simul
1800 3262 2059 3316 concident

481 3373 578 3422 me,
624 3356 916 3427 deleborque
960 3371 1049 3426 ego
1074 3396 1089 3423 ,
1134 3363 1181 3408 et
1248 3353 1425 3408 domus
1467 3371 1577 3407 mea
1627 3353 1749 3425 (Id.
1797 3355 1883 3410 54.
1930 3353 2055 3423 50).

480 3448 690 3516 Quippe
726 3459 911 3501 omnes
936 3446 1052 3502 illos
1081 3460 1183 3499 una
1214 3444 1422 3500 ﬁnitimi
1452 3454 1762 3511 necassem,
1805 3447 1903 3499 nisi
1938 3446 2059 3500 illo-

482 3553 598 3593 rum
626 3537 1036 3608 indignationem
1064 3537 1153 3591 Dci
1178 3536 1456 3591 clementia
1482 3537 1843 3601 continuisset,
1880 3536 2061 3592 ﬁnem-

481 3646 585 3700 que
599 3630 834 3686 cladibus
859 3629 1215 3698 imposuisset.
1248 3628 1437 3682 Factus
1458 3638 1549 3695 est,
1575 3630 1764 3700 inquit,
1789 3631 1936 3683 timor
1963 3630 2062 3688 Dei

480 3736 631 3792 super
657 3735 826 3774 omnes
866 3735 954 3788 per
984 3719 1249 3772 circuitum
1292 3720 1532 3783 civitates,
1583 3736 1739 3788 neque
1778 3722 2061 3790 persequuti

477 3820 594 3881 sunt
635 3819 745 3882 post
781 3810 913 3879 ﬁlios
958 3807 1123 3864 Israel
1158 3807 1286 3880 (Id.
1318 3810 1407 3865 55.
1431 3807 1525 3880 5).
1580 3808 1716 3882 Quid
1766 3824 1894 3880 ergo
1939 3824 2059 3864 cum

480 3901 583 3957 hoc
618 3911 764 3958 metu
802 3902 1055 3957 liberatus
1097 3901 1273 3956 esset?
1317 3917 1441 3956 num
1493 3900 1702 3955 tandem
1741 3902 2059 3971 respiravit?

480 3992 591 4048 lmo
616 4007 743 4047 vero
761 4001 884 4047 tunc
904 4007 1181 4061 supremus
1205 4006 1324 4045 eum
1348 3990 1603 4044 malorum
1620 3991 1854 4051 omnium
1876 4002 2058 4048 vertex

481 4083 690 4146 invasit,
717 4098 863 4137 mors
890 4083 1095 4136 scilicet
1121 4082 1495 4135 amantissimae
1524 4083 1763 4159 conjugis
1789 4094 1842 4140 et
1866 4085 2057 4140 imma-

481 4186 595 4229 tura
625 4175 779 4228 simul
806 4184 859 4228 et
883 4173 1132 4229 violenta.
1176 4173 1384 4243 Peperit
1409 4175 1560 4243 enim,
1589 4175 1789 4246 inquit,
1830 4175 2056 4245 Rachel,

481 4266 858 4336 parturiensque
883 4263 1156 4319 laborabat.
1209 4262 1424 4318 Factum
1450 4275 1521 4319 est
1548 4274 1712 4320 autem
1735 4252 1849 4321 cum
1878 4277 2058 4338 partu-

479 4357 615 4410 riens
647 4355 1029 4426 periclitaretur,
1057 4356 1184 4410 dixit
1212 4354 1291 4409 illi
1314 4356 1550 4410 obstetrix
1576 4371 1598 4410 :
1627 4356 1867 4427 Conﬁde,
1899 4366 1945 4411 et
1978 4359 2059 4411 ltic

480 4449 614 4503 enim
636 4448 723 4502 tibi
742 4448 877 4517 ﬁlius
903 4457 991 4502 est.
1025 4447 1092 4502 Et
1116 4463 1227 4503 cum
1252 4449 1433 4520 efflaret
1461 4450 1682 4503 animam
1703 4491 1718 4516 ,
1757 4450 2060 4504 moriebatur

484 4543 634 4607 enim,
657 4541 845 4596 vocavit
878 4556 1057 4595 nomen
1092 4541 1223 4612 ejus,
1254 4540 1420 4596 Filius
1458 4541 1648 4595 doloris
1676 4543 1774 4595 mei
1801 4541 1820 4613 (
1845 4540 1976 4595 Ibid.
2007 4558 2053 4596 υ.

484 4632 552 4687 l8
573 4640 611 4702 ).
647 4631 884 4701 Cumque
908 4632 1083 4686 luctus
1110 4631 1281 4686 adhuc
1305 4646 1492 4687 recens
1520 4639 1678 4697 esset,
1705 4630 1897 4701 adjecit
1920 4646 2059 4686 mos-

482 4724 589 4779 rori
613 4724 819 4791 Ruben,
839 4724 1000 4793 patris
1019 4733 1189 4778 torum
1211 4723 1590 4779 contumeliose
1607 4724 1885 4799 impetens.
1908 4724 2057 4791 Quod

484 4815 575 4869 ille
603 4823 708 4868 tam
737 4814 974 4884 graviter
1004 4813 1140 4878 tulit,
1171 4821 1231 4868 ut
1256 4814 1490 4868 moriens
1526 4828 1737 4884 quoque
1779 4814 1916 4870 mala
1961 4815 2060 4871 im-

486 4914 791 4975 precaretur
818 4904 958 4969 lilio,
991 4912 1102 4959 tum
1139 4903 1378 4969 scilicet,
1426 4904 1639 4973 quando
1670 4904 1787 4959 ﬁliis
1814 4916 2059 4974 parentes

486 4995 690 5065 majore
730 4994 1091 5050 misericordia
1137 4993 1272 5047 afﬁci
1312 5002 1700 5050 consueverunt
1742 4995 1896 5065 idque
1937 5011 2059 5050 eum

486 5087 575 5143 ille
603 5086 980 5156 primogenitus
1003 5094 1145 5141 esset
1179 5084 1414 5139 omnium
1456 5085 1594 5153 quod
1632 5086 1790 5139 etiam
1826 5085 1891 5140 ad
1930 5086 2061 5141 alle-

486 5187 630 5232 ctum
679 5191 784 5232 non
832 5191 1019 5246 parum
1047 5177 1205 5230 valet.
1237 5174 1341 5230 Sed
1382 5184 1555 5231 tamen
1602 5174 1716 5229 haec
1760 5178 1934 5230 omnia
1979 5179 2058 5233 vis

487 5268 734 5323 maeroris
760 5267 1003 5332 exclusit,
1028 5281 1328 5336 vacansque
1365 5266 1510 5320 illum
1541 5265 1671 5320 dixit
1700 5285 1712 5320 :
1746 5265 1921 5320 Ruben
1949 5269 2057 5338 pri-

486 5358 767 5429 mogenitus
788 5373 943 5421 meus,
975 5356 1216 5426 fortitudo
1241 5372 1370 5422 mea,
1394 5365 1440 5410 et
1464 5356 1660 5409 initium
1680 5356 1900 5425 ﬁliorum
1926 5374 2060 5413 meo-

488 5465 619 5513 rum,
646 5447 803 5501 durus
826 5447 892 5501 ad
920 5446 1198 5517 ferendum,
1227 5445 1482 5516 durusque
1508 5453 1554 5500 et
1573 5447 1743 5500 audax
1771 5461 1789 5500 :
1816 5446 2059 5518 injuriam

485 5538 713 5602 intulisti,
741 5538 868 5592 sicut
897 5553 1028 5607 aqua
1063 5553 1162 5591 non
1190 5535 1497 5603 effervescat
1545 5536 1825 5591 Ascendiin
1852 5539 1982 5593 enim
2005 5540 2060 5592 in

484 5631 644 5686 cubile
667 5632 823 5701 patris
848 5631 949 5701 tui,
981 5642 1095 5684 tunc
1123 5631 1383 5685 maculasti
1409 5639 1645 5698 stratum,
1682 5632 1763 5685 ubi
1789 5634 2054 5687 ascendistt

1187 233 1245 290 S.
1285 231 1561 289 JOANNlS
1595 225 2074 287 CllRYSOSTOMl
2111 224 2427 282 ARClllEP.
2454 226 2976 285 CONSTANTINOP.

3632 234 3743 290 ‘68

2157 337 2323 408 (Gen.
2347 337 2434 393 49.
2459 339 2511 393 5.
2543 340 2631 410 4).
2661 339 2793 393 Cum
2820 351 2997 395 autem
3020 339 3338 396 adolevisset
3363 342 3747 399 amantissinue

2155 430 2340 484 uxoris
2368 429 2525 496 lilius,
2555 430 2820 501 solarique
2844 431 2983 485 illius
3003 431 3327 487 desiderium
3359 432 3518 502 hujus
3546 445 3744 489 contu-

2155 519 2342 576 bernio
2368 530 2623 590 speraret,
2656 530 2780 578 tunc
2804 523 2903 593 Ipsi
2931 524 3251 594 multiplices
3275 536 3532 596 parantur
3550 542 3749 581 aerum-

2155 627 2256 667 naz.
2278 614 2489 670 Fratres
2503 615 2643 669 enim
2666 615 2805 669 illius
2826 616 3053 670 tunicam
3077 617 3350 671 intinctam
3369 619 3629 688 sanguine
3649 633 3751 687 pa-

2156 704 2223 759 tri
2252 706 2592 762 ostendentes
2616 722 2806 776 magno
2826 706 2972 761 illum
3003 706 3149 762 luctu
3169 708 3529 764 confecerunt.
3561 709 3752 779 Neque

2155 795 2295 850 enim
2318 796 2483 849 solam
2512 795 2724 865 lugebat
2744 805 2988 863 mortem,
3016 795 3111 851 sed
3133 797 3302 867 ipsum
3324 814 3534 869 quoque
3555 800 3753 855 mortis

2154 901 2347 956 genus:
2365 887 2687 957 plurimaque
2697 896 2850 942 erant
2860 903 2977 957 qua:
2989 887 3127 942 illius
3139 889 3370 944 animum
3383 891 3748 961 exagitabant,

2154 976 2294 1045 quod
2333 985 2520 1031 amatae
2558 977 2697 1046 illius
2732 977 2889 1044 ﬁlius,
2921 978 3061 1048 quod
3103 980 3292 1035 melior
3326 982 3569 1052 reliquis,
3597 982 3747 1053 quod

2156 1065 2385 1121 maxime
2404 1066 2645 1130 dilectus,
2671 1068 2811 1136 quod
2834 1068 2884 1122 in
2914 1069 3027 1138 ipso
3050 1072 3223 1126 uitatis
3248 1070 3395 1137 flore,
3419 1073 3559 1144 quod
3588 1074 3660 1129 ab
3683 1090 3750 1130 eo

2156 1156 2370 1221 missus,
2400 1157 2538 1227 quod
2560 1174 2730 1228 neque
2746 1160 2795 1212 in
2813 1159 2993 1226 domo,
3015 1176 3187 1230 neque
3209 1162 3259 1215 in
3277 1162 3435 1231 lecto,
3458 1179 3629 1234 neque
3648 1181 3750 1234 pa-

2159 1258 2238 1303 tre
2260 1264 2436 1303 coram
2458 1251 2734 1321 assistente
2754 1292 2767 1315 ,
2795 1266 2966 1321 neque
2986 1251 3165 1309 dicens
3185 1254 3384 1323 aliquid
3415 1265 3469 1310 et
3496 1258 3747 1325 audiens,

2155 1338 2294 1409 quod
2324 1354 2428 1394 non
2455 1341 2721 1395 communi
2747 1352 2917 1396 morte
2940 1345 3198 1410 omnium,
3222 1343 3364 1413 quod
3392 1345 3576 1401 vivens
3603 1361 3635 1400 a
3664 1347 3745 1401 le-

2156 1446 2333 1486 rarum
2354 1432 2680 1488 immanitate
2702 1433 3000 1504 discerptus
3021 1434 3213 1503 fuerat,
3233 1438 3372 1507 quod
3395 1454 3464 1493 ne
3488 1438 3746 1509 reliquias

2156 1523 2366 1594 quidem
2395 1524 2534 1580 illius
2560 1527 2793 1596 reperire
2812 1535 3021 1595 poterat
3039 1536 3094 1582 et
3111 1527 3273 1583 humo
3292 1529 3522 1586 condere
3550 1548 3566 1583 :
3597 1530 3767 1601 quod

2157 1617 2256 1671 ista
2287 1617 2357 1671 illi
2388 1632 2491 1671 non
2519 1616 2570 1670 in
2600 1617 2878 1687 juventute
2903 1620 3282 1689 contigissent,
3310 1623 3523 1692 quando
3552 1624 3751 1680 melius

2159 1708 2296 1764 ferre
2337 1711 2611 1778 potuisset,
2642 1709 2738 1766 sed
2760 1711 2817 1766 in
2845 1720 3119 1767 senectute
3146 1713 3349 1768 ultima.
3382 1713 3617 1784 Eratque
3642 1715 3749 1770 ini-

2157 1800 2441 1854 serendum
2466 1801 2684 1856 omnino
2715 1801 3072 1871 spectaculum
3088 1844 3104 1868 ,
3130 1802 3313 1859 videre
3336 1819 3500 1861 canos
3526 1805 3752 1875 pulvere

2158 1889 2401 1958 fmdatos,
2445 1891 2718 1962 senileque
2763 1902 2947 1963 pectus
2990 1893 3209 1949 discissa
3249 1895 3425 1952 tunica
3467 1895 3745 1961 nudatum,

2159 1983 2493 2054 lamentaque
2526 1982 2858 2039 admittentia
2883 1985 3302 2057 consolationem
3328 1988 3546 2042 nullam.
3580 1988 3748 2045 Scidit

2159 2074 2323 2141 enim,
2354 2074 2556 2144 inquit,
2585 2073 2743 2130 Iacob
2772 2077 3060 2133 vestimenta
3079 2094 3191 2142 sua,
3217 2087 3265 2131 et
3283 2078 3643 2151 circumposuit
3671 2079 3749 2133 ci-

2161 2163 2332 2217 licium
2370 2164 2551 2220 lumbis
2588 2165 2723 2233 suis,
2755 2164 3057 2237 lugebatque
3094 2166 3257 2237 ﬁlium
3285 2168 3459 2222 diebus
3487 2170 3745 2240 plurimis.

2159 2254 2456 2329 Congregati
2482 2267 2599 2311 sunt
2628 2266 2792 2311 autem
2820 2275 2989 2312 omnes
3016 2259 3110 2328 ﬁlii
3139 2260 3247 2330 ejus
3274 2269 3319 2315 et
3347 2261 3493 2330 ﬁlice,
3525 2273 3573 2315 et
3599 2276 3750 2316 vene-

2160 2358 2278 2403 runt
2318 2348 2569 2402 consolari
2608 2364 2752 2413 eum;
2794 2349 3049 2420 noluitque
3088 2352 3360 2417 consolari,
3389 2352 3561 2405 dicens
3588 2367 3608 2405 :
3635 2350 3749 2405 De—

2161 2438 2395 2492 scendam
2424 2439 2490 2491 ad
2518 2438 2681 2508 ﬁlium
2715 2456 2878 2493 meum
2906 2440 3083 2512 lugens
3127 2442 3179 2495 in
3219 2442 3473 2513 infernum
3509 2440 3620 2515 (Id.
3655 2443 3749 2499 37.

2163 2526 2350 2582 33.-55
2369 2527 2408 2597 ).
2438 2526 2597 2594 Quasi
2615 2543 2740 2583 vero
2763 2529 3015 2598 possibile
3037 2544 3140 2584 non
3170 2541 3310 2585 esset
3340 2547 3532 2587 vacare
3556 2547 3586 2586 a
3614 2547 3753 2587 mte—

2162 2633 2285 2672 rore
2316 2618 2550 2672 animum
2584 2618 2767 2688 ipsius,
2798 2634 2918 2673 cum
2952 2621 3201 2690 coepisset
3235 2636 3298 2676 ea
3334 2622 3488 2692 plaga
3531 2622 3744 2689 curari,

2163 2713 2328 2767 fames
2354 2710 2523 2765 valida
2551 2711 2860 2767 incumbens
2879 2755 2894 2781 ,
2928 2722 3227 2783 terramque
3254 2715 3559 2775 universam
3589 2730 3749 2771 occu-

2162 2818 2315 2873 pans,
2348 2802 2577 2872 primum
2602 2804 2813 2873 quidem
2843 2804 3141 2860 vehementi
3180 2806 3324 2860 illum
3369 2822 3605 2863 maerore
3632 2817 3746 2861 tur-

2165 2891 2382 2946 baverat
2410 2911 2423 2947 :
2455 2908 2572 2947 cum
2599 2903 2776 2950 autem
2801 2896 2999 2950 reversi
3022 2911 3084 2950 ex
3114 2895 3345 2968 Egypto
3373 2899 3485 2966 lilii,
3517 2899 3597 2954 rei
3633 2898 3752 2954 fru-

2165 2983 2435 3035 mentariae
2461 2983 2608 3051 copia
2640 2982 2791 3038 famis
2819 2985 3149 3041 incommoda
3172 2988 3331 3059 solati
3357 2999 3559 3056 essent,
3587 2990 3751 3045 aliam

2167 3073 2290 3127 item
2334 3074 2680 3128 consolationi
2712 3077 2928 3131 mixtam
2955 3077 3154 3133 doloris
3182 3094 3396 3134 causam
3432 3082 3747 3151 attulerunt,

2168 3164 2594 3236 voluptatemque
2614 3209 2628 3234 ,
2657 3182 2814 3237 quam
2843 3184 2909 3223 ex
2936 3168 3089 3225 famis
3117 3171 3375 3227 levamine
3400 3174 3626 3241 tulerat,
3653 3176 3752 3231 ab-

2165 3257 2332 3311 sentia
2350 3258 2442 3331 lilii
2463 3259 2733 3327 premebat
2755 3271 2913 3330 atque
2928 3261 3261 3318 obscurabat.
3281 3263 3459 3333 Neque
3480 3265 3530 3319 id
3552 3265 3749 3334 solum,

2166 3347 2258 3401 sed
2288 3347 2559 3416 Bcnjamin
2590 3350 2757 3418 ipsum
2781 3352 3118 3420 postulabant
3148 3371 3160 3406 :
3194 3369 3299 3424 quo
3321 3355 3407 3410 ille
3436 3357 3591 3410 unico
3616 3357 3751 3411 sola-

2167 3439 2239 3493 tio
2264 3455 2325 3494 ex
2361 3440 2537 3494 uxoris
2575 3439 2841 3496 defuncta:
2875 3450 2928 3496 et
2965 3457 2993 3495 a
3029 3442 3144 3497 fera
3183 3444 3419 3499 devorati
3450 3445 3541 3500 ﬁlii
3580 3447 3752 3503 lenire

2165 3544 2449 3586 maerorem
2475 3539 2702 3602 poterat.
2744 3531 2877 3586 Erat
2900 3542 3075 3588 autem
3108 3549 3211 3588 non
3242 3550 3304 3590 ea
3335 3536 3447 3590 sola
3472 3552 3631 3592 causa
3656 3538 3755 3592 dc-

2166 3621 2365 3677 tinendi
2397 3622 2669 3692 Benjamin
2705 3639 2905 3692 secum,
2944 3640 3128 3680 verum
3159 3634 3286 3681 mtas
3311 3641 3521 3697 quoque
3550 3638 3605 3683 et
3634 3627 3751 3698 ipsa

2169 3717 2495 3773 educationis
2526 3719 2680 3773 ratio.
2720 3716 2841 3772 Non
2871 3720 3154 3785 descendet,
3188 3719 3359 3786 enim,
3390 3720 3580 3791 inquit,
3608 3722 3753 3789 ﬁlius

2165 3825 2302 3862 meus
2328 3808 2598 3874 vobiscum,
2631 3812 2866 3881 quoniam
2890 3811 3049 3882 frater
3075 3812 3187 3883 ejus
3213 3823 3438 3867 mortuus
3458 3823 3551 3878 est,
3570 3825 3619 3867 et
3640 3815 3753 3885 ipse

2165 3898 2302 3954 solus
2333 3900 2595 3955 derelictus
2623 3910 2714 3967 est,
2747 3903 3093 3974 contingetque
3132 3904 3277 3958 illum
3310 3905 3562 3974 inﬁrmari
3586 3906 3639 3960 in
3665 3907 3751 3961 via

2164 4007 2263 4060 qua
2282 4007 2367 4047 vos
2390 3992 2614 4065 pergitis,
2643 3993 2989 4064 deducetisque
3014 4011 3167 4052 canos
3186 4012 3321 4050 meos
3346 4012 3458 4049 cum
3480 3996 3658 4051 dolore
3679 3998 3751 4051 ad

2166 4082 2355 4153 inferos
2385 4081 2509 4156 (Id.
2538 4084 2628 4138 42.
2661 4083 2789 4155 58).
2821 4084 3058 4142 Primum
3101 4086 3259 4155 igitur
3298 4087 3514 4142 omnino
3555 4103 3748 4143 renus

2166 4172 2276 4240 bat,
2310 4173 2457 4228 illum
2486 4188 2773 4245 numquam
2801 4189 2859 4231 se
2887 4174 3133 4231 daturum
3161 4191 3403 4241 asserens
3432 4195 3446 4231 :
3470 4192 3591 4232 cum
3616 4194 3750 4234 vero

2165 4265 2629 4320 vehementissima
2650 4264 2818 4344 fames
2832 4277 3062 4338 urgeret,
3077 4268 3413 4338 graviorique
3429 4269 3751 4325 necessitate

2165 4365 2487 4427 tangeretur,
2506 4373 2822 4428 quamquam
2851 4360 3069 4413 nimium
3092 4374 3324 4415 moerens
3352 4378 3365 4411 :
3401 4359 3538 4427 Quid
3564 4361 3707 4415 enim
3729 4402 3747 4427 ,

2167 4447 2353 4517 inquit,
2375 4465 2454 4501 me
2471 4448 2734 4520 aﬂiixistis,
2763 4451 3046 4504 nuntiantes
3068 4450 3275 4512 homini,
3296 4450 3434 4520 quod
3460 4460 3586 4504 esset
3611 4451 3750 4505 vobis

2169 4542 2329 4609 frater
2354 4539 2372 4608 (
2397 4536 2484 4591 Id.
2508 4540 2597 4594 45.
2623 4538 2736 4611 6)?
2774 4540 3040 4610 verbaque
3091 4540 3178 4593 illa
3224 4540 3519 4595 miseranda
3553 4540 3748 4611 loquu-

2168 4638 2289 4683 tus:
2320 4628 2532 4700 Joseph,
2571 4630 2847 4700 inquiens,
2879 4649 2981 4685 non
3024 4640 3114 4697 est,
3156 4632 3365 4687 Simeon
3406 4650 3506 4686 non
3545 4643 3654 4699 est,
3699 4641 3750 4688 et

2164 4721 2433 4794 Benjamin
2459 4723 2593 4776 hunc
2621 4724 2917 4778 assumetis?
2955 4724 3006 4777 in
3040 4741 3117 4778 me
3141 4734 3379 4778 venerunt
3405 4726 3502 4778 ista
3530 4726 3703 4779 omnia
3731 4740 3751 4779 :

2165 4812 2350 4867 dolens
2396 4812 2597 4869 scilicet
2640 4813 2778 4885 quod
2828 4823 2947 4884 post
2991 4813 3187 4885 Joseph
3227 4825 3282 4870 et
3325 4816 3541 4871 Simeon
3587 4816 3750 4870 ctiam

2166 4904 2436 4974 Benjamin
2460 4920 2490 4959 a
2513 4920 2570 4960 se
2592 4906 2886 4961 niterentur
2901 4907 3150 4973 avellere,
3164 4906 3556 4978 ostendensque
3570 4910 3750 4964 omnia

2165 5008 2223 5049 se
2261 4996 2436 5065 potius
2477 5011 2777 5065 passurum,
2818 5013 2975 5067 quam
3013 4996 3355 5052 dimissurum
3384 5013 3413 5052 a
3442 5013 3501 5052 se
3528 4997 3698 5053 lilium
3735 5017 3749 5051 :

2165 5085 2334 5139 victus
2361 5086 2571 5140 tandem
2598 5088 2708 5141 suis
2733 5102 2852 5143 eum
2876 5087 3119 5142 manibus
3146 5087 3395 5155 tradidit,
3424 5087 3648 5143 dicens:
3681 5087 3751 5142 Et

2164 5179 2371 5246 fratrem
2416 5186 2633 5231 vestrum
2674 5179 2930 5245 assumite,
2976 5188 3331 5250 surgentesque
3366 5180 3655 5234 descendite
3683 5182 3752 5234 ad

2164 5269 2340 5322 virum.
2376 5267 2512 5324 Deus
2539 5280 2706 5325 autem
2735 5288 2871 5326 meus
2900 5273 2982 5325 det
3010 5274 3144 5327 vobis
3163 5275 3379 5345 gratiam
3403 5274 3456 5327 in
3478 5284 3753 5344 conspectu

2163 5360 2276 5426 viri,
2308 5362 2594 5431 emittetque
2612 5362 2862 5416 vobiscum
2890 5368 3095 5434 fratrem
3122 5374 3337 5418 vestrum
3364 5382 3523 5419 unum
3545 5374 3594 5418 et
3615 5362 3754 5417 Ben-

2154 5452 2341 5522 jamin.
2365 5452 2474 5524 Ego
2499 5454 2628 5508 enim
2649 5456 2774 5508 sicut
2796 5455 2960 5511 liberis
2979 5455 3180 5509 orbatus
3201 5474 3330 5521 sum,
3350 5457 3518 5511 liberis
3540 5458 3752 5511 orbatus

2164 5560 2274 5597 sum
2312 5542 2470 5615 (Ibid.
2511 5560 2559 5599 υ.
2609 5545 2696 5600 l5.
2725 5546 2844 5616 ll).
2902 5546 2977 5600 Ita
3007 5546 3352 5603 vehementer
3388 5546 3614 5602 summis
3642 5547 3748 5602 illis

2166 5636 2454 5703 angebatur
2478 5637 2842 5702 incommodis,
2873 5646 2932 5692 ut
2956 5638 3247 5694 visceribus
3272 5638 3432 5694 etiam
3463 5636 3747 5709 discerptis
