4060 6136
486 197 590 255 669

485 313 836 401 ἠτέκνωμαι.
868 314 1023 401 οὕτω
1054 319 1260 392 σφόδρα
1286 324 1398 385 τοῖς
1420 322 1636 389 πολλοῖς
1657 327 1937 401 ἐκρατήθη
1962 347 2061 385 καο

485 400 602 463 κοῖς
621 440 636 461 ,
668 400 744 464 ὡς
772 402 865 453 καὶ
908 400 1017 456 τῶν
1066 401 1404 474 σπλάγχνων·
1434 410 1896 481 σπαραττομένων
1966 414 2061 468 καὶ

488 482 626 538 κατά
650 483 846 554 μικρὸν
867 484 1268 556 ἐλαττουμένων
1295 488 1445 561 αὐτῷ
1463 491 1571 545 τῶν
1593 492 1820 558 παίδων,
1844 496 2061 551 ἅπαντα

485 566 778 636 ὑπομένειν
804 569 871 638 τῇ
894 567 1004 621 τῶν
1036 570 1295 639 μειζόνων
1328 573 1600 646 ὑπερϐολῇ
1629 592 1642 606 ·
1670 577 1765 630 καὶ
1794 577 1904 649 γὰρ
1940 579 2061 647 μεί-

485 652 594 736 ζων
628 650 792 736 αὐτὸν
836 650 1044 736 ᾁθυμία
1072 656 1324 725 κατεῖχεν
1363 656 1504 729 ὑπὲρ
1538 659 1743 715 τούτων
1787 662 1887 731 τῆς
1920 662 2060 736 ὑπὲρ

478 731 576 815 τοῦ
629 733 826 815 Ἰωσήφ
857 735 905 788 ⁸.
946 734 1011 789 Ἠ
1054 736 1155 806 μὲν
1200 737 1309 810 γὰρ
1353 741 1457 794 οὐκ
1503 736 1701 813 ἐχουσά
1732 731 2060 815 προσδοκίαν

481 812 820 886 διορθώσεως
842 817 1119 889 συμφορὰ,
1148 820 1197 873 εί
1235 822 1330 875 καὶ
1361 822 1596 895 σφοδρὰς
1624 812 1896 894 φέρειντὰς
1924 826 2058 881 ἀθυ-

485 895 617 966 μίας
633 898 813 975 -ήμῖν,
854 898 968 953 ἀλλ’
1024 901 1174 971 ὅμως
1225 904 1433 974 ταχέως
1471 907 1641 971 αὐτὰς
1704 907 1930 975 ἐξωθεῖ,
1979 912 2061 974 είς

482 973 793 1062 ἀπόγνωσιν
826 981 1140 1053 ἐμϐαλοῦσα
1167 986 1257 1039 τὸν
1289 973 1547 1059 λογισμόν
1567 1007 1582 1021 ·
1606 991 1640 1061 ή
1663 990 1719 1044 δὲ
1745 990 1825 1044 ἔτι
1856 973 2061 1062 μετέωέ

489 1081 580 1148 ρος
618 1060 754 1117 οὖσα
778 1066 879 1121 οὐκ
904 1066 1127 1138 ἀφίησιν
1165 1070 1582 1127 ἀναπαύσασθαι
1617 1060 1719 1144 τὴν
1762 1060 1959 1146 ψυχὴν,
1992 1078 2058 1148 τῇ

483 1147 597 1201 τῶν
620 1148 920 1219 μελλόντων
942 1150 1133 1223 ἀδηλίᾳ
1159 1152 1499 1210 ἐπιτείνουσα
1523 1156 1611 1210 ἀεὶ
1638 1158 1731 1212 καὶ
1759 1159 2061 1214 ἀνανεοῦσα

484 1231 583 1301 τὴν
608 1231 845 1299 ἀγωνίαν
871 1233 1026 1304 ἡμῖν.
1054 1235 1164 1290 Καὶ
1193 1235 1353 1291 τοῦτο
1377 1238 1442 1292 ἀν
1457 1256 1540 1303 τις
1560 1239 1721 1310 μάθοι
1742 1241 1925 1306 καλῶς
1954 1242 2061 1296 ἀπὸ

484 1311 580 1366 τοῦ
613 1314 881 1396 μακαρίου
924 1315 1119 1383 Δαϐὶδ,
1158 1318 1218 1381 δς
1245 1319 1324 1373 ἐτι
1351 1318 1551 1384 ζῶντος
1584 1321 1683 1393 μὲν
1711 1323 1927 1396 ἐθρήνει
1962 1324 2058 1378 τοῦ

486 1395 675 1459 παιδὸς
696 1435 713 1460 ,
734 1397 1153 1470 τελευτήσαντος
1175 1400 1232 1455 δὲ
1264 1403 1433 1474 ἀνῆκε
1460 1403 1554 1457 τοῦ
1583 1404 1810 1469 πένθους
1833 1395 2056 1464 ἑαυτόν.

499 1479 871 1551 Ἀπορούντων
912 1480 969 1534 δὲ
1001 1483 1141 1555 ὑπὲρ
1172 1483 1361 1538 τούτου
1402 1485 1511 1540 τῶν
1558 1487 1796 1553 παίδων,
1829 1489 1922 1543 καὶ
1958 1490 2059 1559 τὴν

486 1562 667 1616 αἰτίαν
708 1562 1034 1634 ἐρωτώντων
1061 1566 1224 1620 αὐτὸν
1245 1607 1261 1632 ,
1292 1567 1480 1622 τοῦτον
1513 1565 1636 1623 εἷπε
1658 1571 1751 1624 τὸν
1776 1572 2057 1643 λογισμὸν,

486 1645 653 1727 ὅνπερ
688 1645 799 1714 ἐγὼ
844 1645 958 1702 νῦν,
986 1648 1225 1714 Εἰκότως
1254 1645 1348 1704 οὖν
1396 1653 1647 1719 κάκεῖνος
1683 1655 1822 1727 ὑπὲρ
1853 1655 2060 1712 τούτων

486 1726 767 1809 ἐδεδοίκειν
791 1728 990 1799 μᾶλλον
1019 1729 1114 1782 καὶ
1159 1730 1407 1803 ἐτρεμεν.
1450 1734 1590 1788 Ἀλλ’
1617 1739 1651 1806 ή
1697 1726 1919 1809 ποθεινὴ
1962 1736 2061 1793 θέα

487 1809 581 1892 καὶ
624 1809 686 1861 16
725 1808 817 1862 τὸν
868 1810 1065 1882 Ἰωσὴφ
1107 1812 1232 1866 ίδεῖν
1284 1814 1549 1887 εὐθυμίαν
1596 1819 1747 1889 αὐτῷ
1789 1808 2061 1892 παρέσχεν

488 1890 734 1974 ὕστερον.
769 1892 879 1974 Καὶ
902 1893 955 1946 τί
984 1893 1044 1945 16
1075 1894 1297 1973 κέρδος;
1327 1898 1595 1971 Καθάπερ
1620 1899 1727 1972 γάρ
1749 1901 1816 1954 τά
1845 1890 2060 1974 σφοδρῷ

487 1973 929 2057 καταφλεχθέντα
971 1975 1105 2048 μέλη
1137 1980 1270 2049 πυρὶ
1294 2021 1308 2043 ,
1353 1980 1459 2034 κᾶν
1487 1984 1745 2053 μυριάκις
1773 1973 2060 2057 καταψύχη

489 2074 572 2120 τις
592 2098 608 2123 ,
640 2056 793 2111 οὐδὲν
821 2058 1060 2130 ὀνίνησιν
1081 2078 1094 2091 ’
1121 2060 1264 2115 οὕτω
1287 2064 1379 2117 καὶ
1406 2065 1505 2135 τὴν
1540 2063 1718 2136 ψυχὴν
1752 2056 2061 2122 κατώδυνον

487 2139 784 2212 γενομένην
816 2141 1039 2214 ἐκείνῳ,
1075 2146 1169 2198 καὶ
1203 2148 1271 2216 τῇ
1308 2147 1407 2218 τῆς
1438 2148 1677 2219 ἀθυμίας
1717 2149 1931 2220 σφόδρα,
1958 2167 2060 2204 κα·-

486 2223 853 2280 τακαυθεῖσαν
899 2224 1087 2296 φλογὶ,
1136 2228 1287 2282 οὐδὲν
1314 2221 1383 2300 ἦν
1408 2231 1815 2302 ἀνακτήσασθαι
1860 2232 2060 2296 ἱκανὸν,

488 2309 583 2361 καὶ
617 2308 849 2380 μάλιστα
891 2309 979 2363 ὅτε
1016 2310 1135 2364 οὐδέ
1164 2310 1263 2382 τὴν
1292 2312 1542 2384 αἴσθησιν
1581 2315 1727 2380 είκὸς
1764 2311 1903 2371 εἶναι
1932 2334 2065 2388 τρα-

490 2392 590 2462 νήν
618 2407 632 2420 ·
672 2392 809 2462 ὅπερ
843 2392 938 2446 καὶ
977 2394 1006 2447 6
1031 2392 1286 2465 Βερζελλὶ
1324 2397 1761 2469 παραιτούμενος
1788 2400 1878 2453 τὸν
1900 2398 2064 2454 Δαϐὶδ

485 2473 673 2543 ἔλεγε·
710 2474 902 2529 Πόσαι
946 2479 1006 2530 αί
1055 2475 1267 2546 ἡμέραι
1314 2478 1467 2534 ἐτῶν
1492 2479 1641 2550 ζωῆς
1661 2499 1781 2552 μου
1817 2483 2066 2538 ἔσονταί

481 2574 586 2626 μοι
611 2556 770 2622 ἐκεῖ,
818 2558 919 2611 ἵνα
945 2556 1147 2614 ὰναόὧ
1172 2562 1323 2630 μετὰ
1358 2562 1464 2617 τοῦ
1489 2564 1800 2631 ,βασιλέως
1830 2567 1918 2631 εὶς
1967 2565 2063 2620 Ἰε-

480 2641 841 2709 ρουσαλήμ;
870 2641 1002 2707 Υἱὸς
1028 2641 1398 2711 ὁγδοήκοντα
1431 2642 1583 2700 ἐτῶν
1608 2648 1725 2716 ειμι
1757 2647 2025 2717 σήμερον
2046 2663 2059 2677 ·

485 2725 539 2775 εί
560 2722 858 2792 γνώσομαι
880 2721 1188 2791 ἀναμέσον
1207 2726 1433 2794 ἀγαθοῦ
1456 2728 1493 2796 ἢ
1519 2728 1829 2798 ἀναμέσον
1852 2729 2061 2796 κακοῦ,

485 2807 539 2857 εὶ
571 2805 847 2874 γεύσεται
896 2807 929 2859 ό
960 2804 1181 2873 δοῦλός
1212 2822 1329 2861 σου
1369 2808 1488 2863 ὅσα
1525 2810 1602 2864 ἂν
1628 2810 1805 2880 ἐσθίῃ
1825 2850 1840 2876 ,
1873 2810 1911 2880 ἢ
1947 2810 2065 2866 ὅσα

486 2887 564 2941 ἂν
589 2888 733 2956 πίνῃ
754 2926 770 2951 ,
806 2887 843 2956 ἢ
893 2888 1229 2959 ἀκούσομαι
1267 2892 1476 2961 φωνὴν
1507 2892 1776 2961 ᾀδόντων
1805 2894 1844 2964 ἣ
1888 2893 2066 2964 660v-

486 2969 651 3036 σῶν;
679 2969 792 3024 Καὶ
845 2972 1003 3025 ίνατί
1052 2972 1275 3042 γίνεται
1319 2977 1351 3029 ό
1378 2974 1601 3043 δοῦλός
1654 2992 1771 3049 σου
1818 2979 2065 3048 φορτίον

485 3052 585 3106 ἐπί
630 3053 737 3107 τὸν
785 3053 994 3123 κύριόν
1016 3073 1136 3125 μου
1182 3056 1291 3112 τὸν
1318 3059 1626 3127 ,ϐασιλέιω
1672 3060 1832 3115 Ἀλλά
1858 3062 1911 3115 τί
1956 3062 2063 3135 χρὴ

486 3135 581 3205 ἀφ’
609 3135 807 3208 ἐτέρων
832 3136 1006 3191 ταῦτα
1034 3138 1409 3210 στοχάζεσθαι,
1432 3141 1596 3196 αὐτοῦ
1638 3144 1813 3214 παρὸν
1838 3143 1865 3183 ι’
1899 3145 2064 3199 ἀκοῦ-

489 3236 581 3274 σαι
607 3219 699 3272 τοῦ
727 3220 1074 3288 πεπονθότος;
1108 3224 1262 3277 Μετά
1294 3225 1403 3297 γάρ
1428 3226 1488 3279 16
1510 3226 1600 3280 16v
1631 3228 1745 3280 υἱὸν
1783 3228 1929 3291 ἰδεῖν,
1957 3245 2065 3299 φη-

488 3304 595 3367 σὶν,
630 3302 984 3374 ἐρωτώμενος
1021 3303 1129 3358 ὑπὸ
1153 3305 1246 3360 τοῦ
1278 3307 1476 3379 Φαραὼ
1513 3309 1639 3381 περὶ
1668 3310 1765 3379 τῆς
1792 3310 1936 3381 ζωῆς
1969 3310 2067 3364 αύ-

484 3384 580 3437 τοῦ
602 3400 617 3415 ·
655 3385 885 3453 Μικραί,
919 3387 1073 3458 φησὶ,
1092 3389 1188 3442 καί
1210 3393 1462 3459 πονηραί
1486 3395 1546 3446 αἱ
1571 3391 1777 3462 ἡμέρα(
1796 3411 1933 3462 μου,
1964 3393 2067 3449 καί

487 3468 600 3522 οὐκ
633 3469 921 3537 ἀφίκοντο
962 3473 1047 3536 είς
1079 3472 1185 3538 τὰς
1213 3472 1437 3542 ἡμέρας
1471 3475 1589 3530 τῶν
1615 3475 1885 3544 πατέρων
1910 3493 2062 3546 μουο

487 3548 662 3614 οὕτως
689 3552 1104 3632 ἐνακμάζουσαν
1127 3556 1292 3609 αὐτοῦ
1313 3560 1379 3629 τῇ
1399 3558 1544 3632 ψυχῇ
1573 3558 1675 3630 τὴν
1712 3560 1929 3632 μνήμην
1956 3559 2066 3615 τῶν

489 3633 871 3705 γεγενημένων
904 3630 1017 3705 εἶχε
1050 3635 1357 3702 διαπαντός.

560 3718 648 3791 ιβ’.
699 3716 838 3770 Ἀλλ’
866 3720 894 3771 6
925 3718 1175 3791 λαμπρὸς
1200 3722 1294 3774 καὶ
1318 3720 1559 3786 ἐπίδοξος
1580 3714 1734 3788 οὗτος
1762 3724 1876 3790 υίὸς
1903 3728 1932 3779 6
1957 3726 2069 3779 Ἰω-

491 3798 601 3871 σὴφ
630 3799 751 3853 τίνα
775 3801 877 3855 οὐκ
905 3801 1188 3874 ἀπέκρυψε
1219 3806 1338 3867 ταῖς
1372 3809 1704 3877 συμφοραῖςς
1745 3807 1805 3861 '0
1837 3809 1935 3880 μὲν
1957 3809 2067 3882 γὰρ

488 3881 673 3956 πατὴρ
724 3886 752 3938 6
784 3884 975 3938 τούτου
1027 3886 1123 3947 ἕνα
1168 3885 1326 3956 μόνον
1377 3882 1521 3958 εἶχεν
1569 3888 1794 3958 ἀδελφὸν
1844 3881 2065 3945 6111600-

488 3963 732 4033 λούοντα,
761 3962 917 4031 0610;
944 3967 1002 4021 δὲ
1027 3967 1206 4040 πολλῷ
1235 3969 1449 4034 πλείους
1469 3984 1484 4001 ο
1511 3972 1604 4024 καὶ
1623 3973 1651 4025 6
1673 3972 1771 4040 μὲν
1798 3973 1896 4044 τὴν
1919 3973 2069 4046 πρώ-

489 4066 589 4119 την
621 4050 838 4123 ήλικίαν
874 4050 1091 4104 ἃπασαν
1124 4052 1181 4104 ἐν
1211 4052 1439 4124 ἀφθονίᾳ
1464 4053 1721 4124 ἐτρέφετο
1763 4056 1857 4108 καὶ
1888 4056 2069 4110 ἀνέσει

490 4132 695 4204 πολλῇ,
723 4135 751 4185 6
772 4132 828 4185 δὲ
857 4135 952 4187 ἐπὶ
973 4132 1071 4203 τῆς
1096 4133 1381 4206 ἀλλοτρίας
1404 4137 1497 4189 καὶ
1528 4136 1606 4189 ἔτι
1634 4136 1846 4192 παιδίον
1873 4136 1947 4191 ὣν
1969 4138 2068 4204 τάς

491 4214 592 4283 τῆς
620 4215 926 4288 ὁδοιπορίας
959 4218 1144 4289 φέρειν
1169 4219 1508 4289 ⁴ήναγκόιιῖετο
1540 4220 1929 4296 ταλαιπωρίας.
1957 4224 2068 4275 Καὶ

491 4296 572 4368 τῷ
620 4303 718 4369 μὲν
757 4299 949 4353 Ἰακὼϐ
983 4302 1163 4374 παρῆν
1196 4303 1229 4375 ἡ
1267 4304 1450 4374 μήτηρ
1496 4303 1925 4374 ἐπικουφίζουσα
1968 4306 2066 4378 τὴν

494 4381 786 4455 ἐπιϐουλήν
810 4399 823 4413 ·
857 4378 1010 4449 οὗτος
1049 4384 1105 4438 δὲ
1143 4385 1223 4439 ἔτι
1269 4385 1390 4450 νέος
1424 4386 1518 4453 ὢν,
1554 4387 1647 4440 καὶ
1699 4388 1786 4441 ὅτε
1833 4389 2066 4459 μάλιστα

493 4463 690 4538 ἔχρῃζε
721 4466 820 4538 τῆς
855 4469 1094 4539 μητρὸς,
1132 4468 1254 4523 τότε
1303 4472 1361 4522 ἐν
1415 4470 1621 4542 ἐρημίᾳ
1665 4472 1765 4541 τῆς
1818 4471 2067 4541 βοηθείας

491 4548 697 4626 ταύτης
730 4548 1044 4607 καθίστατο.
1070 4554 1213 4624 Πρὸς
1243 4552 1451 4616 τούτοις
1482 4554 1511 4604 6
1547 4553 1645 4623 μὲν
1678 4553 1847 4607 Ἠσαῦ
1873 4554 2066 4626 μέχρις

492 4623 642 4705 [20%]
667 4634 895 4705 ἀπειλῆς
924 4635 1091 4707 μόνης
1112 4623 1348 4706 ἐλύπησε
1367 4636 1458 4689 τὸν
1477 4635 1674 4690 Ἰακώϐ
1686 4653 1700 4668 ο
1730 4623 1884 4692 οὗτοι
1895 4623 1951 4691 66
1969 4623 2066 4692 καὶ

493 4719 574 4779 είς
594 4717 753 4788 ἔργον
779 4709 1046 4789 ἐξήγαγον
1063 4721 1162 4790 τὴν
1177 4720 1486 4793 ἐπιϐουλὴν,
1500 4721 1595 4775 καὶ
1616 4721 1721 4793 πρὸ
1739 4723 1836 4794 τῆς
1859 4725 2070 4777 6111606-

492 4799 591 4870 λῆς
621 4800 940 4868 φθονοῦντες
966 4804 1059 4856 καὶ
1089 4803 1460 4867 διαϐάλλοντες
1492 4804 1653 4860 αὐτὸν
1679 4806 1944 4862 διετέλουν
1962 4824 1976 4838 ·
2006 4802 2066 4863 o6

490 4883 544 4936 τί
575 4883 771 4951 γένοιτ’
792 4884 858 4938 ἀν
889 4885 1267 4957 χαλεπώτερον
1286 4928 1299 4949 ,
1333 4890 1458 4951 τοὺς
1499 4892 1877 4955 συνοικοῦντας
1909 4890 2068 4946 πολε-

493 4964 652 5036 μίους
669 4965 815 5036 ἐχειν
832 4967 918 5021 ἀεί
942 4986 957 5032 ;
986 4979 1008 5007 ε
1040 4970 1151 5023 Καὶ
1181 4969 1293 5039 τὰρ
1320 4972 1515 5041 ψόγον
1542 4975 1917 5042 κατήνεγκαν
1939 4974 2065 5028 κατ’

491 5047 680 5101 αὐτοῦ
705 5050 1001 5117 πονηρὸν.
1037 5052 1134 5107 καί
1188 5052 1414 5118 ἰδόντες
1446 5053 1535 5107 ὅτι
1577 5056 1764 5109 αὐτὸν
1796 5059 1830 5110 ὁ
1873 5057 2069 5125 πατὴρ

491 5131 678 5186 αὐτοῦ
704 5134 871 5202 φιλεῖ
889 5134 1042 5204 ὑπὲρ
1068 5136 1211 5202 τοὺς
1236 5135 1468 5203 ἄλλους
1508 5139 1679 5205 υίοὺς
1706 5141 1912 5203 αὐτοῦ,
1941 5141 2066 5209 ἐμί-

492 5228 703 5284 σησαν
745 5218 933 5272 αὐτὸν
951 5261 965 5285 ,
1003 5220 1102 5273 καί
1156 5221 1267 5274 οὐκ
1315 5220 1618 5290 ἠδύναντο
1667 5221 1830 5288 αὐτῷ
1855 5223 2071 5278 λαλεῖν

493 5297 675 5354 οὐδὲν
700 5304 1024 5371 εἰρηνικόν.
1057 5302 1195 5358 Οὐτε
1232 5305 1343 5378 γὰρ
1388 5305 1451 5360 16
1499 5305 1606 5360 ὐπὸ
1654 5308 1766 5373 τοῖς
1807 5308 2069 5382 ἐμπόροις

552 5471 989 5552 ἔὶᾎιέιεειβδνίι
1013 5478 1044 5537 ἢ
1063 5476 1148 5552 τοῖο
1176 5478 1390 5552 ἰῐῳσῆςι
1404 5479 1529 5552 Infra
1550 5480 1846 5552 "deuiam
1865 5485 2066 5552 ςιιχέῳς,

493 5536 670 5589 Ιοῐθι·
692 5536 796 5587 ἀλλ’
816 5537 946 5601 ὅμως
964 5536 1304 5607 ταχέμςᾷηίιά
1320 5536 1477 5595 ﬁdem
1500 5544 1668 5607 Δανῖδ,
1690 5545 1742 5603 ὃς
1761 5536 2067 5606 ἐπειδήἶῶνῖ

493 5617 589 5734 τοξ
607 5661 692 5734 ξιο
708 5661 857 5734 βοιδῷ
865 5666 921 5734 ει
944 5663 1098 5734 sun.
1125 5664 1298 5734 M91121.
1313 5679 1444 5734 _veljo
1459 5670 1704 5734 παρόντος.

560 5724 690 5791 °__Si_c
711 5727 760 5774 in
782 5724 901 5791 LXX
928 5726 1295 5791 jnlerprplibus
1313 5724 1689 5791 legiturfsecué
1709 5732 1758 5780 in
1776 5729 1987 5783 Heln-160
2009 5736 2063 5783 et

496 5783 552 5837 tu
573 5784 795 5850 Vulgata,
818 5786 899 5837 ubi
921 5783 1103 5851 Joseph
1124 5787 1296 5841 fratres
1324 5783 1577 5844 aEcusaése
1600 5793 1794 5845 dicitur.

1177 208 1238 264 S.
1277 206 1562 266 JOANMS
1600 208 2089 270 CHRYSOS'I’OMI
2119 215 2448 274 ARCHIEP.
2486 215 3037 276 CONLTANTINO‘P.

3630 222 3745 279 670

2163 332 2447 402 γενέσθαι,
2476 330 2599 384 υύτε
2633 330 2694 382 τὸ
2733 332 2837 385 611:6
2870 331 2949 403 τῷ
2981 331 3236 387 σπάδοντι
3260 371 3277 396 ,
3309 332 3563 386 τοσοῦτον
3599 331 3747 392 εἶναι

2161 417 2327 486 φαίην
2364 415 2430 469 ἂν
2462 414 2630 468 κακόν
2651 433 2663 446 ·
2695 415 2873 485 πολλῷ
2899 417 3010 490 γὰρ
3048 415 3195 488 αὐτῷ
3226 416 3746 490 φιλανθρωπότερον

2160 499 2463 570 ἐχρήσαντο
2481 489 2628 551 οὗτοι
2652 498 2763 552 τῶν
2795 489 3060 571 ἀδελφῶν.

2245 623 2383 678 Ἀλλ’
2426 624 2574 696 ὅμως
2620 625 2739 679 οὐδὲ
2785 625 2957 692 οὕτως
2988 626 3336 700 ἡμερώτερος
3387 628 3579 698 γέγονε
3630 628 3749 684 τῶν

2163 709 2456 782 συμφορῶν
2505 711 2534 762 6
2576 708 2818 782 χειμών·
2873 710 3208 783 σφοδροτέρα
3258 711 3369 784 γὰρ
3421 711 3751 783 ἐμπεσοῦσα

2163 792 2416 862 καταιγὶς
2447 793 2609 847 πάλιν
2639 793 2800 848 αὐτὸν
2832 795 3113 850 κατέδυσε.
3146 796 3302 867 Τάχα
3341 795 3412 866 μέ
3444 811 3529 860 τις
3571 796 3751 850 οἴεται

2160 876 2257 949 τὴν
2286 875 2578 949 ἐπιϐουλὴν
2604 874 2706 947 τῆς
2731 876 3017 948 δεσποίνης
3045 879 3191 948 ἐρεῖν
3216 895 3229 909 ·
3265 876 3378 946 ἐγὼ
3403 877 3460 930 δέ
3487 876 3594 949 πρὸ
3619 876 3753 930 ταύ-

2158 977 2261 1030 της
2293 958 2678 1030 χαλεπωτέραν
2712 959 2876 1030 ἀλλην
2911 961 3040 1032 ἐρῶ.
3073 959 3253 1013 Δεινδν
3296 961 3395 1025 μὲν
3431 959 3572 1032 γὰρ,
3608 960 3752 1029 ἀλη-

2161 1040 2270 1104 θῶς
2294 1042 2484 1105 δεινὸν,
2512 1040 2687 1095 καὶτὸ
2714 1042 3189 1113 συκοφαντηθῆναι
3218 1042 3312 1096 ἐπὶ
3331 1043 3621 1108 τοιούτοις,
3646 1043 3751 1096 καὶ

2160 1126 2220 1180 16
2246 1124 2678 1197 κατακριθῆναι,
2701 1125 2794 1178 καὶ
2812 1125 2873 1178 16
2899 1125 3275 1197 δεσμωτήριον
3305 1127 3521 1194 οἰκῆσαι
3546 1125 3749 1198 χρόνον

2159 1206 2303 1261 οὕτω
2339 1208 2547 1279 μακρὸν
2566 1246 2581 1272 ,
2620 1208 2786 1261 παῖδα
2820 1207 3105 1279 ἐλεύθερον
3135 1210 3229 1262 καὶ
3257 1206 3454 1279 εὐγενῆ
3489 1209 3583 1263 καὶ
3610 1208 3749 1262 ταύ-

2159 1307 2259 1361 της
2291 1289 2515 1360 ἀπειρον
2560 1288 2660 1359 τῆς
2713 1289 2963 1362 ἀνάγκης
2987 1306 3000 1319 ·
3036 1290 3217 1362 πολλῷ
3245 1290 3303 1344 δὲ
3330 1292 3537 1346 τούτων
3567 1291 3749 1346 ἀπάν-

2160 1392 2268 1429 των
2305 1373 2601 1447 βαρύτερον
2634 1374 2727 1427 τὸν
2760 1374 2869 1428 ἀπὸ
2902 1374 3003 1446 τῆς
3038 1374 3253 1446 ἡλικίας
3283 1370 3438 1447 οἶμαι
3494 1375 3749 1446 χειμῶνα

2160 1457 2486 1528 γεγενῆσθαι
2515 1456 2684 1528 αὐτῷ.
2713 1458 2777 1510 El
2809 1456 2908 1528 μὲν
2956 1457 3064 1529 γὰρ
3113 1457 3218 1511 ὑπὸ
3251 1458 3520 1529 μηδεμιᾶς
3554 1458 3749 1511 ἐπιθυ-

2164 1542 2295 1611 μίας
2320 1539 2706 1612 ἐνοχλούμενος
2743 1540 2996 1594 διέπτυσε
3038 1540 3130 1595 τὸν
3160 1542 3373 1612 ἐκείνης
3420 1541 3631 1614 ἔρωτα,
3681 1543 3745 1596 οὐ

2164 1622 2366 1696 σφόδρα
2394 1622 2599 1676 ἐπαινῶ
2618 1662 2633 1687 ,
2657 1623 2778 1677 οὐδὲ
2813 1622 3077 1695 θαυμάζω
3098 1624 3191 1678 τὸν
3217 1624 3385 1696 ἄνδρα
3418 1624 3527 1693 ἐγὼ
3558 1625 3749 1678 πειθό-

2165 1722 2327 1777 μενος
2357 1705 2435 1777 τῷ
2466 1705 2704 1779 Χριστῷ.
2743 1705 2877 1759 0666
2920 1707 3029 1778 γάρ
3070 1707 3197 1770 τοὺς
3232 1707 3340 1761 ἀπὺ
3384 1706 3483 1778 τῆς
3525 1708 3748 1777 φύσεως

2162 1789 2640 1861 εὐνουχισθέντας,
2679 1790 2816 1845 ἀλλά
2866 1791 2994 1854 τοὺς
3043 1790 3268 1855 ἑαυτοὺς
3323 1788 3748 1862 εὐνουχίσαντας

2163 1870 2445 1936 ἀξιοῦσθαι
2491 1888 2621 1945 φησι
2670 1872 2771 1945 τῆς
2819 1873 3096 1945 βασιλείας
3132 1874 3241 1928 τῶν
3284 1875 3568 1944 οὐρανῶν’
3605 1876 3656 1928 εί
3688 1874 3748 1928 66

2166 1955 2243 2027 μὴ
2276 1953 2434 2008 τοῦτο
2469 1950 2537 2026 ἦν
2563 1994 2579 2019 ,
2633 1956 2791 2010 ποίαν
2845 1955 2912 2011 ἂν
2957 1957 3132 2028 ήρατο
3173 1955 3366 2027 νίκην;
3414 1956 3559 2011 κατά
3600 1957 3751 2019 τίνος

2165 2037 2427 2107 στέφανον
2463 2037 2790 2110 άνεδήσατο;
2827 2039 2951 2093 τίνα
2997 2039 3511 2110 καταγωνισάμενος
3547 2041 3749 2110 ἀνεκη-

2166 2120 2422 2192 ρύττετο,
2457 2120 2672 2185 οὐδενὸς
2719 2118 2876 2185 δντος
2916 2121 3011 2175 τοῦ
3045 2121 3509 2196 προσπαλαίοντος
3561 2123 3744 2193 αὐτῷ,

2164 2203 2259 2257 καὶ
2309 2202 2714 2275 ἐπιχειροῦντος
2750 2203 3113 2273 καταϐαλεῖν;
3160 2205 3293 2260 Οὐδέ
3324 2204 3436 2278 γζο
3464 2206 3594 2269 τούς
3632 2207 3749 2269 τοῖς

2164 2285 2378 2354 ἀλόγοις
2415 2286 2490 2357 μὴ
2521 2286 2883 2358 μιγνυμένους
2909 2290 2990 2352 είς
3024 2287 3382 2361 σωφροσύνης
3410 2287 3751 2360 ἐπαινοῦμεν

2163 2368 2343 2437 λόγον,
2385 2367 2471 2423 61.6
2511 2368 2573 2422 16
2608 2370 2744 2441 μηδὲ
2769 2370 3048 2439 ἐγκεῖσθαι
3093 2374 3160 2444 τῇ
3208 2371 3366 2441 φύσει
3412 2371 3513 2443 τῆς
3544 2372 3750 2442 μίξεως

2163 2452 2263 2522 τὴν
2292 2449 2586 2522 ἐπιθυμίαν
2621 2453 2856 2524 ἐκείνης.
2894 2453 2956 2508 Ei
2983 2454 3165 2509 τοίνυν
3201 2454 3341 2527 μηδὲ
3370 2454 3447 2525 τῷ
3487 2453 3751 2525 μακαρίῳ

2164 2534 2287 2588 τότε
2316 2534 2508 2607 ἐκείνῳ
2536 2536 2695 2589 τοῦτο
2724 2535 2955 2607 ἠνώχλει
2976 2537 3037 2590 16
3066 2537 3178 2608 πῦρ
3203 2578 3217 2598 ,
3250 2537 3397 2602 τίνος
3422 2537 3611 2591 ἕνεκεν
3644 2537 3751 2590 αύ-

2164 2616 2257 2671 τὸν
2290 2619 2383 2672 ἐπὶ
2408 2618 2733 2691 σωφροσύνῃ
2762 2619 3147 2691 θαυμάζομεν;
3189 2621 3252 2674 Εί
3279 2620 3337 2674 δὲ
3358 2660 3372 2685 ,
3404 2621 3493 2675 ὅτε
3522 2621 3750 2674 πάντων

2164 2701 2271 2755 τῶν
2322 2703 2532 2773 καιρῶν
2583 2702 2937 2774 σφοδρότερον
2975 2706 3008 2775 ή
3059 2703 3191 2772 φλὸξ
3218 2704 3432 2775 αἴρεται
3461 2702 3747 2773 (εἰκοστὸν

2164 2783 2274 2855 γάρ
2303 2783 2489 2838 λοιπὸν
2516 2779 2652 2856 ἦγεν
2681 2784 2869 2855 ἔτος),
2906 2786 2999 2839 καὶ
3026 2787 3114 2840 ὅτε
3145 2786 3472 2849 άνύποιστόςσ
3512 2786 3665 2839 ἐστιν
3714 2787 3751 2856 ἡ

2163 2868 2419 2938 τυραννὶς
2448 2866 2542 2921 καὶ
2583 2866 2809 2938 μηδενὸς
2849 2867 3019 2940 αὐτὴν
3057 2866 3311 2936 αὐξοντος
3330 2909 3345 2933 ,
3383 2869 3504 2922 τότε
3535 2873 3569 2941 ἠ
3612 2869 3748 2921 ἀκό-

2164 2949 2358 3014 λαστος
2387 2950 2613 3005 ἐπέθετο
2639 2949 2717 3022 τῷ
2747 2952 3015 3024 μειρακίῳ
3036 2994 3051 3017 ,
3078 2953 3348 3024 τοσαύτην
3378 2952 3487 3006 ἀπὸ
3510 2952 3619 3005 τῶν
3650 2951 3753 3004 αὐ-

2164 3034 2265 3103 τῆς
2297 3034 2772 3105 μαγγανευμάτων
2815 3035 2911 3089 καὶ
2944 3036 3415 3107 καλλωπισμάτων
3444 3034 3752 3108 προσθεῖσα

2165 3119 2233 3189 τῇ
2265 3117 2426 3186 φλογὶ⁸
2456 3116 2555 3189 τὴν
2587 3118 2759 3188 ἰσχὺν,
2785 3119 2918 3191 ὅσην
2947 3116 3056 3174 ἀπὸ
3074 3121 3173 3191 τῆς
3202 3120 3416 3189 φύσεως
3444 3114 3556 3189 εἶχε
3583 3133 3597 3148 ·
3624 3117 3753 3181 πῶς

2167 3200 2233 3254 ἀν
2259 3217 2345 3264 τις
2389 3200 2480 3255 τὸν
2508 3201 2753 3273 χειμῶνα
2796 3202 3119 3275 διηγήσαιτο
3157 3204 3256 3275 τῆς
3298 3202 3477 3274 ψυχῆς
3507 3200 3603 3256 καὶ
3650 3200 3750 3254 τὸν

2167 3280 2398 3355 θόρυϐον
2430 3286 2524 3339 καὶ
2558 3285 2654 3359 τὴν
2688 3286 2955 3355 ἀγωνίαν,
2984 3289 3085 3358 τῆς
3114 3285 3328 3357 φύσεως
3357 3287 3450 3340 καὶ
3496 3284 3597 3354 τῆς
3631 3284 3754 3354 ήλι-

2167 3368 2290 3432 κίας
2323 3367 2531 3424 ἔνδοθεν
2557 3368 2938 3442 ταρασσούσης
2972 3369 3134 3423 αὐτὸν
3152 3409 3166 3434 ,
3197 3370 3290 3423 καὶ
3319 3369 3426 3422 τῶν
3462 3368 3613 3439 παρά
3641 3367 3749 3437 τῆς

2167 3452 2470 3520 Αἰγυπτίας
2497 3452 2903 3524 μηχανημάτων
2932 3452 3131 3518 ἐξωθεν
3157 3452 3620 3525 προσϐαλλόντων,
3649 3451 3751 3504 καὶ

2166 3534 2341 3589 ταῦτα
2369 3535 2430 3589 οὐ
2462 3534 2619 3607 μέχρι
2655 3537 2782 3606 μιᾶς
2810 3536 3023 3608 ἡμέρας
3056 3536 3151 3590 καὶ
3178 3536 3463 3608 δευτέρας,
3506 3533 3622 3588 ἀλλ’
3640 3533 3750 3611 ,ἐπὶ

2168 3617 2357 3689 χρόνον
2383 3617 2580 3687 πολύν;
2619 3618 2761 3687 Ἐγὼ
2784 3619 2896 3691 γὰρ
2920 3619 3084 3673 αὐτὸν
3110 3619 3208 3690 οὐχ
3232 3620 3372 3690 ὑπὲρ
3395 3616 3589 3672 ἐαυτοῦ
3623 3615 3755 3687 τρέ-

2171 3716 2293 3771 μειν
2340 3700 2522 3771 οῐομαι
2563 3700 2687 3754 τότε
2741 3702 2936 3771 μόνον,
2983 3701 3120 3757 ἀλλά
3179 3703 3276 3755 καὶ
3334 3702 3474 3773 ὑπὲρ
3525 3699 3751 3770 ἐκείνης

2168 3783 2370 3852 ἀλγεῖν,
2403 3784 2539 3849 πρὸς
2563 3783 2815 3838 τοσοῦτον
2845 3785 3088 3856 κρημνὸν
3133 3784 3498 3855 ἐπειγομένης
3532 3781 3748 3836 ἐλθεῖνο

2167 3867 2265 3921 καὶ
2285 3866 2444 3919 τοῦτο
2468 3864 2528 3932 ἐξ
2555 3860 2631 3920 ὧν
2656 3868 2796 3936 μετὰ
2827 3869 3031 3939 πολλῆς
3058 3868 3356 3930 ἐπιεικείας
3387 3865 3755 3937 ἀποκρίνεται

2169 3949 2307 4021 πρὸς
2337 3948 2503 4021 αὐτὴν
2546 3948 2705 4021 δῆλον
2738 3953 2888 4023 ἡμῖν.
2927 3952 3036 4005 Καὶ
3067 3951 3178 4022 γάρ
3207 3952 3335 4022 ἐνῆν
3354 3990 3369 4015 ,
3395 3949 3556 4020 εἰπερ
3581 3948 3753 4003 ἐϐού-

2167 4032 2309 4096 λετο,
2334 4034 2428 4087 καὶ
2457 4032 2912 4106 ὑϐριστικώτερον
2934 4036 3026 4089 καὶ
3050 4034 3378 4107 θρασύτερον
3397 4033 3752 4104 διαλεχθῆναι

2169 4115 2306 4187 πρὸς
2360 4115 2560 4188 αὐτήν
2599 4118 2693 4170 καὶ
2739 4116 2849 4187 γὰρ
2904 4117 2969 4172 ἂν
3013 4119 3248 4183 εὐκόλως
3292 4117 3470 4173 πάντα
3507 4118 3747 4188 ἤνεγκεν

2169 4199 2352 4267 ἐκείνη
2405 4197 2492 4251 διὰ
2536 4197 2628 4253 τὸν
2677 4198 2858 4271 ἔρωτα
2887 4218 2900 4233 ⁸
2953 4201 3066 4255 ἀλλ’
3114 4201 3265 4255 οὐδὲν
3319 4200 3559 4255 τοιοῦτον
3612 4199 3747 4255 οὔτε

2170 4280 2471 4350 ἐφθέγξατο
2527 4280 2650 4334 οὔτε
2689 4284 2971 4356 ἐνενόησεν
2997 4326 3014 4351 ,
3060 4284 3198 4339 ἀλλά
3244 4284 3396 4357 [205]
3447 4284 3750 4355 λογισμοὺς

2169 4365 2503 4435 ἀνακινήσας
2531 4363 2775 4429 εὐσεϐεῖς
2794 4408 2807 4428 ,
2839 4367 2934 4419 καὶ
2969 4368 3036 4422 δι’
3080 4362 3156 4422 ὧν
3184 4367 3322 4440 ᾤετο
3367 4369 3524 4439 μόνον
3552 4368 3748 4439 ἐντρέ-

2167 4448 2289 4519 ψειν
2336 4446 2538 4518 αὐτὴν,
2586 4448 2737 4502 οὐδὲν
2788 4448 2948 4503 πλέον
2995 4450 3354 4523 προσέθηκεν.
3396 4450 3542 4506 Ἰδοὺ
3593 4451 3749 4523 γὰρ,

2169 4533 2333 4602 φησὶν
2354 4572 2368 4594 ,
2409 4535 2442 4585 ὁ
2477 4532 2682 4600 κύριός
2724 4550 2843 4602 μου
2886 4535 2956 4588 οὐ
2989 4533 3267 4604 γινώσκει
3303 4534 3486 4590 οὐδὲν
3523 4532 3598 4589 δι’
3638 4534 3750 4605 ἐμὲ

2167 4615 2287 4669 τῶν
2337 4616 2406 4668 ἐν
2452 4614 2532 4681 τῷ
2573 4616 2714 4683 οἴκῳ
2761 4617 2977 4681 αὑτοῦ,
3010 4618 3106 4673 καί
3155 4618 3355 4673 πάντα
3403 4618 3522 4672 ὅσα
3567 4618 3751 4672 ἐστίν

2167 4698 2327 4765 αὐτῷ
2344 4697 2604 4753 δέδωκεν
2616 4699 2684 4753 ἐν
2708 4697 2783 4767 τῇ
2803 4700 2957 4769 χειρί
2968 4719 3107 4769 μου,
3127 4703 3225 4756 καὶ
3243 4705 3357 4771 οὐχ
3373 4701 3655 4771 ὑπερέχει
3672 4702 3750 4755 ἐν

2167 4780 2243 4850 τῇ
2270 4782 2427 4848 οίκίςι
2454 4783 2640 4851 ταύτῃ
2676 4782 2857 4837 οὐδὲν
2879 4784 3048 4853 ἐμοῦ,
3071 4784 3215 4839 οὐδὲ
3247 4785 3616 4854 ὑπεξῄρηται
3639 4785 3749 4839 ἀπ’

2167 4864 2312 4933 ἐμοῦ
2344 4865 2526 4921 οὐδὲν
2568 4866 2735 4934 πλὴν
2770 4866 2909 4933 σοῦ,
2935 4867 3033 4921 διὰ
3061 4867 3128 4922 τὸ
3163 4869 3239 4923 σὲ
3268 4872 3521 4937 γυναῖκα
3553 4868 3749 4923 αὐτοῦ

2167 4944 2320 5002 εἶναι
2335 4962 2350 4976 °
2382 4949 2625 5016 καὶπῶς
2640 4950 2870 5016 ποιήσω
2894 4950 2959 5004 τὸ
2980 4949 3148 5020 ῥῆμα
3165 4951 3341 5006 τοῦτο
3361 4953 3428 5005 τὸ
3449 4952 3745 5021 πονηρὸν,

2168 5030 2269 5084 καὶ
2294 5032 2705 5103 ἁμαρτήσομαι
2721 5032 2979 5088 ἐνώπιον
3000 5033 3106 5088 τοῦ
3154 5033 3303 5088 Θεοῦ
3321 5051 3340 5098 ;
3358 5035 3469 5088 Καὶ
3488 5036 3629 5105 μετά
3644 5035 3748 5107 τὴν

2168 5114 2433 5184 τοσαύτην
2465 5115 2764 5170 ἐπιείκειαν
2793 5117 2888 5169 καὶ
2914 5116 3013 5189 τὴν
3034 5117 3135 5188 τῆς
3154 5116 3511 5190 σωφροσύνης
3535 5118 3750 5173 ἐπίδει-

2171 5197 2252 5262 ξιν
2282 5197 2714 5270 ἐσυκοφαντήθη,
2746 5199 2842 5253 καὶ
2863 5199 3240 5272 συνεχώρησεν
3276 5203 3305 5256 ό
3333 5203 3486 5266 Θεός.
3525 5201 3743 5274 Ἐδέθη.

2169 5284 2264 5337 καὶ
2295 5283 2414 5336 οὐδὲ
2442 5282 2614 5347 οὕτως
2639 5282 2836 5356 ήλεγξε
2867 5283 2965 5357 τήν
2995 5285 3324 5359 ἐπιϐουλὴν,
3362 5288 3457 5341 καὶ
3493 5287 3594 5360 τὴν
3627 5289 3749 5344 ἀδι-

2168 5385 2264 5422 κοιν
2286 5366 2537 5437 διαϐολὴν
2565 5368 2661 5437 τῆς
2686 5367 2965 5437 γυναικόςο
2983 5368 3237 5424 ἐϐούλετο
3254 5371 3363 5443 γὰρ
3383 5372 3479 5425 καὶ
3508 5372 3745 5437 πολλοὺς

2168 5452 2318 5524 αὐτῷ
2355 5452 2482 5517 τοὺς
2510 5452 2735 5523 μισθοὺς
2768 5453 2864 5507 καὶ
2890 5452 3303 5529 λαμπροτέρους
3330 5455 3583 5525 γενέσθαι
3610 5458 3745 5522 τοὺς

2170 5536 2487 5605 στεφάνους,
2529 5535 2623 5589 καὶ
2664 5534 2754 5589 διὰ
2779 5536 2936 5591 τοῦτο
2980 5539 3074 5591 καὶ
3114 5538 3223 5591 τῶν
3264 5537 3465 5592 δούλων
3505 5538 3600 5591 τοῦ
3643 5538 3746 5611 βα·-

2171 5618 2361 5681 σιλέως
2390 5617 2700 5687 ἀφεθέντων
2720 5618 2881 5683 αὐτὸς
2913 5619 3104 5691 ἔμενεν
3136 5620 3283 5674 ἔνδον
3310 5621 3410 5675 ἐτι.
3457 5621 3532 5675 Σὺ
3565 5621 3623 5674 δέ
3646 5640 3745 5694 μοι

2174 5702 2249 5773 μὴ
2277 5701 2376 5771 τὴν
2405 5701 2817 5772 φιλανθρωπίαν
2842 5702 2937 5757 τοῦ
2965 5703 3372 5775 δεσμοφύλακος
3405 5704 3589 5777 εἴπῃς,
3617 5706 3741 5760 ἀλλ’

2166 5784 2420 5852 ἐξέτασον
2446 5784 2612 5839 αὐτοῦ
2657 5784 2727 5840 16
2750 5785 2994 5857 ῥήματα,
3022 5787 3116 5844 καὶ
3143 5788 3261 5859 ὄψει
3287 5788 3386 5860 τήν
3416 5789 3613 5862 ὀδύνην
3636 5791 3741 5864 τῆς
