4060 6136
299 395 405 451 469

1157 393 1249 450 AD
1287 389 1662 450 STAGIRIUM
1702 391 1744 444 A
1788 386 2088 444 DEMONE
2131 387 2477 444 VEXATUM.
2527 383 2654 439 LIB.
2693 383 2759 438 ll.

3465 383 3568 435 470

331 513 663 580 aulatimque
688 506 977 562 imminutis
1008 505 1128 561 filiis
1157 506 1400 562 universa
1428 502 1751 560 deteriorum
1792 515 1881 556 ac-
1981 503 2154 557 multo
2179 501 2324 556 enim
2359 500 2682 553 clementius
2709 496 2802 551 illo
2833 495 2914 552 usi
2944 502 3102 562 sunt,
3133 513 3296 566 quam
3329 500 3551 560 fratres.

298 606 543 662 cessione
567 603 834 658 toleraret.
859 600 1056 671 Majore
1076 599 1216 654 enim
1239 613 1302 653 ex
1323 595 1624 666 hujusmodi
1646 592 1882 648 adversis

300 698 487 754 dolore
513 694 832 766 angebatur,
874 707 1030 762 quam
1067 699 1191 746 ante
1229 705 1294 746 ex
1331 688 1549 758 Joseph.
1582 687 1788 756 Quippe
1818 699 1881 740 ea

301 788 594 852 calamitas,
621 799 738 855 quae
763 783 1042 838 meliorum
1081 795 1176 852 Spe
1208 789 1260 835 et
1296 779 1690 849 exspectatione
1714 783 1878 840 caret,

303 877 403 933 etsi
443 874 841 931 vehementiore
869 872 1051 927 dolore
1079 885 1178 926 nos
1206 870 1425 934 cruciat,
1458 868 1546 922 ille
1575 875 1750 922 tamen
1773 865 1886 935 ipse

304 969 460 1024 dolor
481 968 586 1023 cito
612 967 826 1032 lenitur,
854 965 978 1020 dum
1009 965 1185 1019 animo
1210 961 1509 1033 desperatio
1537 959 1693 1029 hujus
1718 959 1887 1012 corri-

304 1059 490 1131 genda:
533 1057 785 1128 ingeritur
816 1073 830 1106 :
858 1071 977 1125 qua:
1027 1069 1154 1110 vero
1199 1067 1450 1122 suspensa
1493 1060 1608 1118 est,
1649 1049 1886 1104 animum

307 1149 642 1219 requiescere
669 1162 772 1201 non
797 1146 920 1199 sinit
944 1186 958 1212 ,
991 1143 1284 1198 futurorum
1313 1141 1685 1198 incertitudine
1706 1138 1887 1193 anxie-

309 1247 470 1294 tatem
506 1237 701 1308 jugiter
742 1235 895 1290 nobis
939 1248 1136 1305 augens
1181 1241 1236 1288 et
1287 1246 1547 1288 renovans
1581 1248 1594 1284 :
1623 1229 1777 1298 idque
1821 1243 1885 1282 cx

309 1331 463 1386 beato
501 1328 661 1383 David
691 1327 840 1382 facile
862 1324 1281 1380 animadvertere
1311 1337 1612 1393 possumus,
1648 1320 1736 1390 qui
1764 1334 1884 1373 eum

308 1420 484 1475 adhuc
521 1420 730 1474 vivente
769 1418 1041 1488 plangeret
1083 1415 1210 1478 lilio,
1239 1429 1304 1469 eo
1353 1414 1466 1482 ipso
1509 1420 1717 1466 mortuo
1756 1423 1813 1463 se
1851 1424 1880 1462 a

311 1511 436 1568 ﬂetu
477 1510 737 1566 continuit
777 1526 790 1564 :
832 1507 974 1580 quod
1016 1521 1138 1562 cum
1184 1506 1322 1561 servi
1367 1505 1508 1559 illius
1549 1505 1885 1566 mirarentur,

311 1617 630 1672 causamque
655 1601 1004 1670 requirerent,
1036 1598 1173 1653 hanc
1205 1597 1372 1668 ipsam
1401 1596 1658 1651 rationem
1689 1594 1888 1662 allega-

312 1694 406 1758 vit,
431 1708 588 1762 qnam
617 1707 716 1762 ego
743 1691 918 1746 modo.
949 1690 1136 1746 Merito
1160 1689 1318 1760 igitur
1338 1687 1602 1743 Jacobhis
1625 1684 1893 1740 metuebat

313 1783 479 1852 magis
507 1791 662 1852 atque
686 1780 959 1836 tremebat.
993 1778 1099 1834 Sed
1133 1787 1378 1849 aspectus
1412 1777 1499 1832 ille
1525 1774 1891 1831 desiderabilis

311 1887 375 1926 ac
393 1872 586 1942 Joseph
606 1871 765 1926 facies
780 1871 1103 1940 voluptatem
1131 1870 1203 1924 illi
1230 1877 1283 1924 et
1306 1869 1533 1940 quietem
1555 1865 1888 1938 postmodum

314 1963 556 2032 praebuit.
610 1963 674 2017 Et
715 1963 840 2032 quid
891 1962 1014 2021 inde
1056 1961 1338 2030 voluptatis
1379 1969 1738 2029 consequutus
1779 1958 1892 2013 est?

312 2053 460 2108 Sicut
483 2053 622 2108 enim
645 2052 1112 2109 vehementissimo
1135 2050 1241 2122 igni
1261 2050 1444 2106 adusta
1469 2051 1703 2106 membra
1725 2063 1893 2119 quan-

315 2145 552 2198 tumlibet
593 2144 710 2214 quis
745 2143 1058 2214 refrigerare
1087 2143 1362 2209 moliatur,
1389 2141 1519 2196 nihil
1545 2140 1753 2210 proficit
1781 2157 1794 2193 :
1820 2140 1892 2195 ita

315 2241 370 2288 et
398 2234 536 2288 illius
568 2243 814 2288 moestum
853 2232 1086 2286 animum
1130 2231 1382 2303 nimiique
1421 2230 1620 2286 doloris
1666 2229 1892 2288 flammis

315 2323 556 2377 adustum
587 2323 716 2381 nihil
745 2332 858 2378 erat
878 2323 1017 2392 quod
1041 2337 1282 2377 recreare
1300 2330 1495 2392 posset,
1515 2321 1747 2375 maxime
1772 2336 1890 2375 cum

314 2427 376 2467 ea
405 2420 558 2467 aetate
582 2413 758 2467 nullus
785 2412 894 2467 fere
918 2413 986 2466 sit
1016 2412 1298 2481 voluptatis
1327 2426 1512 2466 sensus
1544 2429 1557 2465 :
1589 2411 1728 2480 quod
1754 2411 1888 2464 Ber-

315 2503 432 2556 zelli
458 2516 714 2557 excusans
737 2501 947 2558 diccbat
987 2502 1051 2556 ad
1095 2501 1255 2557 David
1287 2518 1300 2554 :
1335 2501 1468 2566 Quot
1509 2503 1614 2555 dies
1647 2518 1893 2557 annorum

315 2595 427 2646 vita:
465 2608 587 2646 meae
628 2593 734 2646 illic
780 2603 924 2646 erunt
964 2593 1108 2660 mihi,
1137 2602 1192 2646 ut
1230 2592 1497 2647 ascendant
1538 2609 1651 2646 cum
1689 2609 1804 2663 rege
1839 2593 1893 2646 in

311 2683 636 2738 Jerusalem?
672 2682 839 2738 Filius
868 2685 1118 2755 octoginta
1145 2701 1390 2739 annorum
1409 2702 1518 2739 sum
1548 2685 1734 2752 hodie;
1773 2702 1893 2738 num

313 2776 595 2830 discernunt
627 2776 754 2830 inter
789 2776 970 2830 bonum
1009 2785 1056 2829 et
1096 2776 1225 2830 inter
1260 2777 1488 2832 malum?
1530 2769 1651 2830 nunt
1675 2778 1892 2848 gustabit

311 2882 482 2920 servus
509 2876 624 2922 tuus
645 2883 968 2938 quacumque
992 2869 1258 2922 comederit
1283 2878 1374 2923 aut
1405 2869 1618 2923 biberit?
1657 2886 1777 2922 num
1801 2886 1893 2923 au-

311 2956 450 3009 diant
470 2958 781 3010 cantantium
801 2958 1020 3011 uirorum
1046 2968 1134 3011 aut
1161 2959 1428 3012 mulierum
1447 2961 1625 3013 voces?
1651 2959 1719 3012 Et
1739 2977 1894 3028 quare

310 3063 482 3102 servus
508 3057 620 3103 tuus
646 3050 811 3119 grauis
835 3051 900 3103 sit
929 3051 1132 3103 domino
1161 3067 1272 3105 meo
1293 3051 1400 3121 regi
1426 3051 1500 3114 (2.
1530 3052 1654 3121 Reg.
1684 3053 1767 3106 l9.
1800 3053 1889 3106 54.

312 3139 437 3210 55)?
484 3139 679 3195 Verum
705 3142 827 3211 quid
856 3141 956 3196 hoc
981 3157 1047 3196 ex
1076 3142 1192 3196 aliis
1218 3142 1552 3211 conjieimus,
1581 3158 1701 3196 cum
1731 3144 1888 3199 liceat

311 3233 484 3300 ipsum
520 3231 702 3287 audire
736 3233 801 3288 de
825 3248 882 3288 se
917 3233 1280 3301 profitentem?
1319 3234 1508 3289 Postea
1553 3235 1694 3288 enim
1733 3251 1891 3305 quam

314 3324 478 3377 tilium
514 3323 735 3390 viderat,
766 3339 796 3378 a
827 3325 1102 3379 Pharaone
1130 3325 1196 3380 de
1225 3325 1345 3380 vita:
1379 3341 1488 3380 suae
1526 3327 1680 3380 annis
1724 3327 1889 3381 inter-

311 3423 524 3484 rogatus
551 3433 563 3469 :
596 3413 751 3469 Parvi
791 3425 928 3480 sunt,
959 3415 1145 3486 inquit,
1178 3426 1225 3470 et
1252 3417 1373 3470 mali
1411 3417 1516 3471 dies
1557 3418 1672 3481 mei,
1709 3429 1756 3472 et
1791 3435 1892 3473 non

313 3515 636 3575 perunxerunt
661 3507 728 3558 ad
754 3506 858 3560 dies
884 3514 1083 3575 patrum
1104 3522 1324 3561 meorum
1346 3504 1499 3576 (Gen.
1524 3507 1610 3562 4⁸1.
1635 3507 1692 3577 9)
1721 3526 1734 3563 :
1757 3507 1891 3562 adeo

312 3597 548 3651 vivacem
593 3612 769 3651 rerum
808 3606 1075 3667 gestarum
1115 3596 1422 3652 memoriam
1461 3612 1642 3652 secum
1681 3612 1892 3667 semper

310 3687 546 3756 gerebat.

383 3780 472 3834 1‘2.
515 3779 616 3834 Sed
645 3780 782 3835 enim
814 3780 950 3834 ﬁlius
973 3781 1072 3840 iste
1101 3781 1276 3841 clarus
1304 3795 1356 3840 et
1374 3787 1636 3856 gloriosus
1663 3785 1883 3856 Joseph,

311 3874 462 3944 cujus
493 3875 820 3931 calamitates
845 3892 949 3930 non
976 3891 1191 3931 suarum
1223 3877 1582 3947 magnitudine
1611 3877 1886 3932 calamita-

313 3976 424 4021 tum
445 3968 682 4038 operuit?
725 3969 925 4039 Nempe
961 3970 1100 4024 enim
1139 3978 1287 4040 pater
1322 3969 1434 4039 ejus
1481 3986 1644 4024 unum
1685 3978 1886 4025 tantum

311 4056 529 4112 fratrem
575 4058 934 4114 insidiatorem
986 4074 1171 4128 passus
1219 4068 1333 4126 est,
1380 4059 1464 4112 hic
1502 4067 1678 4113 autem
1722 4060 1890 4115 multo

313 4149 490 4219 plures
512 4168 524 4204 :
543 4158 700 4219 atque
727 4150 815 4204 ille
841 4149 1050 4218 quidem
1080 4165 1177 4219 per
1195 4150 1422 4218 priorem
1445 4164 1656 4204 omnem
1677 4159 1886 4204 (etatem

312 4239 364 4293 in
391 4254 596 4294 summa
623 4254 798 4293 rerum
823 4241 974 4309 copia
1013 4247 1068 4294 et
1108 4240 1290 4309 requie
1325 4240 1554 4294 nutritus
1583 4249 1696 4306 est;
1726 4241 1811 4294 hic
1835 4243 1886 4294 in

312 4331 535 4386 alienam
579 4345 710 4400 puer
756 4331 1010 4386 adductus
1055 4333 1322 4402 regionem
1373 4333 1576 4388 itineris
1621 4349 1886 4390 aerumnas

313 4422 545 4492 perferre
569 4423 854 4492 cogebatur
885 4440 898 4476 :
930 4437 992 4477 ac
1018 4421 1214 4478 Iacobo
1243 4422 1454 4493 quidem
1481 4422 1664 4478 aderat
1691 4432 1880 4490 mater,

312 4514 530 4568 insidias
549 4514 782 4579 leniens;
815 4513 898 4569 hic
923 4513 1349 4569 adolescentulus
1374 4513 1584 4582 quando
1613 4514 1687 4567 illi
1717 4523 1885 4569 matre

309 4622 442 4675 opus
484 4615 631 4672 erat,
665 4617 787 4662 tunc
825 4607 1052 4661 maxime
1097 4607 1198 4660 isto
1239 4605 1500 4674 adjutorio
1544 4605 1787 4660 desertus
1831 4615 1887 4661 et

311 4699 592 4753 destitutus
627 4708 728 4753 est.
775 4697 856 4752 Ad
897 4699 1010 4751 haec
1043 4697 1184 4751 Esau
1211 4695 1421 4765 quidem
1450 4710 1614 4765 usque
1642 4696 1708 4749 ad
1734 4711 1883 4750 com-

311 4788 655 4843 minationem
684 4795 882 4841 tantum
910 4786 1163 4842 Jacobqu
1193 4787 1507 4855 perterruit;
1551 4795 1605 4840 at
1631 4801 1756 4840 vero
1790 4786 1884 4842 Jo-

311 4880 461 4950 sephi
505 4879 695 4934 fratres
736 4878 951 4934 insidias
991 4879 1044 4932 in
1083 4889 1321 4948 apertum
1345 4893 1476 4948 opus
1507 4877 1884 4947 perduxerunt,

309 4983 470 5039 atque
514 4979 638 5024 ante
683 4968 899 5022 insidias
943 4968 1134 5022 invidia
1185 4969 1434 5023 commoti
1481 4968 1760 5024 detrahere
1811 4971 1885 5024 illi

313 5075 597 5129 numquam
627 5059 944 5114 destiterunt
968 5077 979 5115 :
1005 5075 1110 5130 quo
1136 5059 1261 5130 quid
1286 5060 1526 5115 acerbius
1551 5076 1668 5115 esse
1696 5062 1878 5130 possit,

308 5167 467 5221 quant
493 5166 585 5206 eos
611 5151 924 5221 quibuscum
961 5150 1165 5205 habitas
1203 5151 1448 5206 inimicos
1486 5153 1632 5222 pati?
1677 5151 1883 5207 Detule-

309 5250 428 5295 runt
475 5241 606 5295 enint
652 5241 796 5295 illum
841 5242 1046 5295 crimine
1083 5243 1217 5296 malo
1245 5243 1260 5274 ¹
1287 5283 1302 5307 ,
1345 5253 1392 5297 et
1432 5245 1651 5298 uidentes
1693 5246 1825 5313 quod
1852 5263 1885 5300 a

309 5341 449 5403 patre
473 5331 665 5386 caeteris
689 5332 854 5385 liberis
881 5334 985 5388 suis
1019 5334 1133 5404 plus
1171 5333 1480 5404 diligeretur,
1517 5335 1724 5388 oderant
1749 5353 1880 5403 eum,

309 5438 396 5476 nec
416 5431 643 5493 poterant
672 5423 716 5478 ei
740 5425 1004 5496 quicquam
1031 5425 1241 5496 paci/ice
1259 5425 1394 5496 loqui
1425 5425 1584 5496 (Gen.
1604 5427 1691 5481 37.
1708 5426 1763 5480 2.
1791 5429 1824 5482 4
1841 5431 1882 5496 ).

311 5523 500 5596 Neque
527 5523 671 5577 enim
691 5564 708 5590 ,
739 5521 885 5592 quod
933 5522 1035 5575 sub
1081 5517 1476 5588 negotiatorum
1513 5518 1755 5589 regiique
1783 5533 1886 5573 eu-

317 5615 482 5673 nuchi
517 5629 682 5669 manu
733 5611 873 5680 fuit,
920 5619 1028 5665 tam
1059 5623 1226 5682 grave
1271 5607 1346 5661 illi
1393 5607 1563 5663 fuisse
1594 5607 1824 5664 dixerim
1869 5627 1883 5664 :

370 5761 386 5820 ξ
422 5760 491 5809 sic
511 5761 561 5809 in
575 5766 685 5809 LXX
707 5759 1057 5820 lnterpretibus
1079 5757 1286 5820 legitur;
1311 5771 1453 5807 secus
1474 5760 1524 5810 in
1539 5760 1740 5812 Hebraeo
1762 5769 1810 5812 et
1831 5761 1881 5811 in

308 5818 522 5884 Vulgata,
543 5822 628 5871 ubi
648 5821 824 5886 εὐδριώ
839 5818 1015 5872 fratres
1036 5818 1283 5871 accusasse
1305 5821 1490 5872 dicitur.

2055 587 2267 658 Josephi
2290 589 2516 659 exemplo
2541 589 2804 642 utitur.—
2831 587 3077 643 Attamen
3124 604 3193 644 ne
3231 590 3309 644 sic
3347 591 3560 660 quidem

1986 680 2184 750 quievit
2209 680 2566 736 calamitatum
2588 696 2727 736 saeva
2755 681 2942 748 hiems,
2979 681 3173 752 quippe
3197 682 3566 740 vehementior

1990 773 2218 844 procella
2240 764 2445 830 irruens
2471 775 2642 843 ipsum
2668 788 2851 828 rursus
2874 772 2984 829 fere
3012 774 3286 831 demersit.
3314 775 3563 830 Fortasse

1991 881 2076 920 me
2103 865 2363 936 quiSpiam
2407 865 2508 921 hoc
2549 866 2598 920 in
2633 866 2760 921 loco
2799 865 3018 920 insidias
3041 865 3271 920 dominae
3299 865 3563 921 dicturum

1990 956 2284 1019 existimet;
2331 971 2429 1026 ego
2466 971 2594 1010 vero
2632 965 2752 1010 ante
2787 970 2904 1012 eam
2947 971 3158 1026 quoque
3200 965 3566 1028 tempestatem

1991 1046 2147 1099 aliam
2176 1047 2450 1100 smviorem
2477 1045 2668 1100 dicam.
2697 1045 2866 1101 Grave
2887 1047 3122 1116 quidem,
3150 1063 3209 1102 re
3235 1062 3356 1102 vera
3381 1062 3564 1118 grave,

1991 1137 2281 1191 calumnias
2323 1136 2622 1206 hujusmodi
2670 1137 2949 1192 criminum
2989 1139 3091 1206 pati
3121 1137 3487 1208 damnarique,
3516 1149 3568 1194 et

1991 1241 2260 1280 carcerem
2293 1235 2396 1280 tam
2429 1227 2637 1296 prolixo
2665 1235 2900 1295 tempore
2930 1226 3160 1282 incolere
3189 1242 3413 1297 puerum
3445 1228 3567 1282 libe-

1992 1332 2131 1384 rum,
2155 1317 2406 1383 nobilem,
2431 1317 2651 1388 ejusque
2673 1319 3002 1373 necessitatis
3023 1317 3274 1374 hactenus
3299 1320 3567 1391 ignarum,

1992 1406 2084 1460 sed
2114 1421 2242 1461 sane
2269 1407 2482 1476 gravius
2511 1407 2595 1463 his
2625 1408 2870 1462 omnibus
2899 1408 2974 1462 illi
3004 1409 3173 1462 visum
3201 1418 3349 1479 puto,
3381 1409 3568 1464 fluctus

1993 1499 2164 1554 artatis
2191 1500 2600 1569 compescuisse.
2633 1498 2686 1555 Si
2715 1500 2855 1555 enim
2887 1500 3032 1554 nulla
3059 1500 3300 1571 flagranti
3323 1503 3564 1571 concupi-

1994 1592 2192 1646 scentia
2219 1600 2396 1646 motus
2430 1592 2568 1646 illius
2595 1606 2806 1648 amores
2835 1591 3220 1663 blanditiasque
3257 1595 3568 1662 respuisset,

1994 1697 2100 1734 non
2142 1681 2267 1735 mihi
2297 1681 2368 1736 ita
2395 1680 2688 1736 laudandus
2724 1689 2882 1752 atque
2909 1681 3252 1737 admirandus
3276 1683 3567 1749 videretur,

1992 1772 2187 1828 Christi
2216 1773 2416 1827 scilicet
2435 1773 2711 1828 sententiae
2730 1772 2986 1827 credenti.
3013 1771 3193 1842 Neque
3212 1774 3352 1828 enim
3376 1775 3462 1830 ille
3481 1789 3567 1831 eos

1993 1865 2082 1935 qni
2109 1874 2293 1918 natura
2315 1873 2438 1918 sunt
2465 1863 2712 1927 eunuchi,
2733 1863 2828 1918 sed
2849 1864 2937 1934 qui
2963 1863 3166 1932 seipsos
3183 1873 3569 1930 castraverunt,

1994 1956 2182 2028 dignos
2227 1971 2390 2026 regno
2430 1957 2679 2012 caelorum
2720 1956 2852 2010 dixit
2900 1955 3128 2027 (Matth.
3174 1956 3259 2012 19.
3313 1955 3436 2029 12).
3478 1957 3572 2013 Sin

1995 2061 2122 2100 vero
2147 2061 2330 2112 secus,
2364 2061 2520 2117 quam
2552 2046 2642 2101 ille
2671 2046 2945 2101 victoriam
2978 2047 3285 2102 retulisset?
3319 2047 3574 2106 adversus

1995 2152 2151 2208 quem
2192 2136 2448 2192 dimicans
2485 2152 2739 2192 coronam
2785 2139 3110 2207 reportaret?
3152 2153 3382 2208 quonam
3423 2143 3574 2196 hoste

1995 2239 2247 2300 superato
2290 2230 2462 2284 vietor
2503 2230 2953 2299 proclamaretur,
2997 2231 3043 2285 si
3088 2233 3262 2288 nullus
3303 2243 3445 2288 esset
3486 2235 3575 2304 qui

1994 2319 2374 2387 obluctaretur,
2403 2336 2630 2392 eumque
2661 2321 2916 2377 niteretur
2935 2321 3199 2390 dejicere?
3227 2324 3406 2394 Neque
3431 2327 3574 2381 enim

1995 2424 2086 2464 eos
2113 2410 2202 2480 qni
2230 2411 2298 2466 ab
2331 2412 2675 2466 animantium
2709 2413 2849 2469 coitu
2888 2412 3287 2478 abstinuerunt,
3315 2415 3575 2471 castitatis

1994 2501 2202 2556 ratione
2229 2502 2612 2572 praedicamus,
2640 2503 2780 2574 quod
2821 2512 3023 2558 naturae
3062 2504 3216 2558 insita
3248 2521 3351 2559 non
3384 2507 3451 2559 sit
3480 2505 3572 2558 lin-

1991 2591 2221 2660 jusmodi
2249 2593 2698 2662 concupiscentia.
2722 2595 2776 2648 Si
2800 2594 2958 2663 igitur
2978 2595 3132 2649 beato
3155 2596 3224 2649 illi
3249 2596 3575 2652 adolescenti

1994 2684 2254 2753 ejusmodi
2285 2686 2419 2754 ignis
2448 2685 2577 2739 nihil
2605 2686 2859 2741 molestus
2877 2686 2994 2752 fuit,
3019 2687 3141 2758 quid
3164 2697 3245 2742 est
3271 2688 3408 2757 quod
3436 2689 3575 2743 illius

1993 2775 2290 2829 castitatem
2318 2775 2388 2828 ita
2420 2775 2774 2848 admiramur?
2821 2776 2971 2843 Quod
3013 2778 3055 2831 si
3089 2792 3154 2832 eo
3182 2765 3438 2847 tempore,
3469 2795 3575 2849 quo

1994 2865 2359 2922 vehementius
2387 2866 2691 2938 hujusmodi
2733 2867 2947 2923 ﬂamma
2985 2872 3322 2926 succenditur
3348 2876 3574 2944 (agebat

1993 2958 2188 3026 quippe
2216 2966 2338 3011 tunc
2359 2959 2671 3026 vigesimum
2698 2960 2868 3014 aetatis
2888 2959 3141 3033 annum),
3172 2971 3226 3016 et
3261 2977 3380 3018 cum
3418 2966 3575 3022 nullis

1994 3047 2221 3102 admotis
2251 3048 2367 3103 aliis
2396 3048 2640 3103 fomentis
2669 3049 3012 3104 intolerabilis
3042 3066 3136 3119 per
3162 3067 3220 3106 se
3248 3064 3330 3108 est
3357 3054 3454 3109 ista
3473 3056 3572 3125 vis,

1996 3147 2122 3192 tunc
2159 3136 2391 3192 maxime
2421 3137 2686 3206 impudica
2714 3138 2903 3192 mulier
2922 3139 3220 3197 castissime
3249 3143 3573 3201 adolescenti

1995 3227 2238 3282 insidiata
2265 3235 2366 3293 est,
2393 3236 2594 3282 tantum
2621 3227 2744 3282 huic
2770 3227 2998 3284 flamma:
3023 3229 3212 3284 virium
3239 3247 3303 3287 ex
3327 3233 3438 3288 suis
3460 3234 3575 3290 ille-

1994 3320 2165 3374 cehris
2191 3329 2244 3374 et
2271 3320 2595 3374 ornamentis
2622 3319 2879 3389 adjiciens
2898 3361 2911 3386 ,
2951 3329 3204 3390 quantum
3235 3323 3304 3376 illi
3332 3335 3450 3378 erat
3479 3341 3574 3394 per

1995 3421 2279 3464 naturam:
2311 3409 2428 3478 quis
2461 3410 2572 3479 jam
2619 3419 2728 3464 tum
2774 3411 2915 3466 illius
2961 3411 3169 3479 fluctus,
3224 3416 3499 3471 tumultus.
3521 3427 3574 3470 et

1991 3499 2311 3556 anxietatem
2330 3514 2579 3556 enarrare
2602 3500 2845 3577 sufﬁciat,
2871 3522 2989 3568 eum
3018 3515 3334 3574 intrinsecus
3360 3522 3572 3590 quidem

1992 3600 2046 3646 et
2069 3590 2264 3651 natura
2289 3596 2437 3655 illum
2481 3611 2534 3658 et
2577 3613 2706 3657 mtas
2749 3607 3137 3674 perturbarent,
3182 3625 3376 3681 arsque
3404 3613 3544 3687 .lEgy

1990 3691 2118 3761 ptiae
2144 3693 2475 3749 extrinsecus
2496 3694 2787 3764 pelliceret,
2816 3697 3060 3768 istudque
3087 3715 3190 3753 non
3224 3717 3331 3757 uno
3355 3703 3460 3770 die,
3490 3707 3574 3764 vel

1993 3781 2220 3848 duobus,
2233 3783 2328 3838 sed
2349 3783 2575 3854 plurimo
2597 3793 2836 3855 tempore
2854 3787 3147 3856 perferret?
3173 3791 3428 3861 Equidem
3452 3810 3574 3850 reor

1993 3871 2166 3941 ipsum
2196 3881 2322 3928 tunc
2354 3888 2460 3928 non
2493 3874 2592 3929 sibi
2631 3883 2832 3930 tantum
2865 3878 3102 3932 timuisse
3126 3919 3142 3944 ,
3179 3881 3274 3936 sed
3303 3882 3377 3936 illi
3407 3885 3567 3940 etiam

1993 3960 2321 4030 indoluisse,
2367 3962 2508 4032 quod
2549 3962 2618 4018 ad
2662 3973 2861 4020 tantum
2903 3967 3248 4038 przrcipitium
3294 3975 3573 4040 pervenire

1991 4049 2288 4107 festinaret.
2331 4053 2503 4122 Atque
2541 4052 2668 4107 illud
2705 4068 2772 4109 ex
2807 4055 2981 4111 verbis
3014 4073 3132 4126 qua:
3171 4060 3374 4116 mulieri
3415 4064 3568 4132 plena

1991 4145 2266 4200 modestiae
2311 4146 2586 4216 respondit
2624 4147 2778 4202 nobis
2817 4159 3062 4205 constare
3104 4153 3316 4220 poterit.
3359 4155 3569 4210 Etenim

1992 4233 2186 4289 licebat
2229 4235 2303 4290 illi
2345 4234 2602 4304 profecto,
2634 4237 2680 4290 si
2705 4238 2998 4304 voluisset,
3039 4250 3093 4296 et
3132 4247 3569 4304 contumeliosius

1993 4336 2048 4381 et
2085 4325 2335 4381 audacius
2358 4327 2424 4381 ad
2453 4327 2593 4382 illam
2624 4329 2797 4398 loqui,
2829 4331 3088 4399 siquidem
3115 4333 3198 4388 illa
3224 4351 3318 4405 per
3349 4339 3564 4394 nimiam

1993 4418 2190 4472 amoris
2219 4417 2324 4471 vim
2356 4417 2507 4473 facile
2535 4427 2722 4474 cuncta
2761 4421 3064 4488 tolerasset;
3098 4440 3279 4480 verum
3306 4429 3434 4483 nihil
3472 4432 3571 4486 hu.

1988 4507 2221 4576 jusmodi
2253 4508 2501 4577 loquutus
2529 4518 2610 4564 est
2637 4518 2729 4563 aut
2747 4511 3016 4579 cogitavit,
3044 4513 3135 4567 sed
3165 4515 3262 4584 piis
3287 4519 3566 4587 cogitatio-

1994 4599 2149 4654 nibus
2176 4599 2405 4655 admmis
2442 4615 2505 4655 ea
2545 4600 2878 4656 solummodo
2917 4602 3164 4672 loquutus
3198 4617 3299 4671 est,
3331 4624 3424 4676 per
3447 4626 3566 4680 qua:

1993 4690 2212 4760 putabat
2254 4691 2395 4745 illam
2439 4707 2594 4760 posse
2625 4691 2823 4760 pudore
2851 4693 2988 4746 allici
3012 4733 3028 4758 ,
3069 4694 3304 4765 nihilque
3340 4701 3567 4769 amplius

1995 4782 2207 4851 adjecit.
2238 4781 2391 4850 Ecce,
2423 4783 2586 4847 enim,
2617 4783 2812 4853 inquit,
2841 4784 3073 4839 dominus
3098 4803 3235 4842 meus
3258 4802 3462 4860 propter
3486 4809 3567 4847 me

1993 4875 2123 4928 nihil
2145 4875 2237 4930 scit
2261 4891 2434 4929 eorum
2457 4891 2570 4946 qua:
2601 4886 2716 4930 sunt
2747 4876 2799 4929 in
2835 4877 2984 4932 domo
3016 4896 3108 4932 sua
3132 4894 3153 4933 :
3180 4890 3227 4935 et
3261 4883 3430 4936 omnia
3457 4900 3569 4954 quae

1991 4981 2082 5020 sua
2105 4973 2220 5019 sunt
2248 4965 2386 5022 dedit
2411 4966 2464 5020 in
2491 4983 2646 5020 manu
2673 4983 2801 5032 utea,
2833 4967 3057 5039 nihilque
3083 4970 3137 5024 in
3166 4971 3316 5027 domo
3336 4991 3432 5028 sua
3451 4977 3570 5045 plus

1993 5056 2137 5110 habet
2161 5073 2312 5128 quam
2336 5073 2425 5129 ego
2452 5073 2470 5111 .'
2499 5074 2655 5129 neque
2677 5059 2870 5128 aliquid
2895 5061 3029 5131 quod
3055 5078 3155 5117 non
3180 5063 3371 5119 dederit
3391 5066 3446 5122 in
3471 5085 3567 5138 po-

1994 5158 2168 5203 testate
2200 5164 2311 5202 mea
2344 5157 2524 5219 praeter
2551 5157 2617 5215 te,
2650 5165 2707 5204 eo
2734 5151 2868 5220 quod
2896 5167 3026 5205 uxor
3048 5153 3187 5207 illius
3222 5156 3292 5209 sis
3313 5172 3332 5210 :
3355 5167 3401 5210 et
3439 5175 3566 5226 quo-

1992 5241 2139 5294 modo
2165 5241 2350 5311 faciant
2375 5241 2469 5296 hoc
2491 5241 2689 5297 uerbum
2711 5242 2922 5310 malum,
2950 5251 3005 5296 ut
3034 5260 3230 5312 peccent
3253 5261 3429 5301 coram
3458 5247 3566 5304 Deo

1992 5329 2154 5399 (Gen.
2195 5331 2284 5386 59.
2318 5333 2370 5387 5.
2404 5332 2514 5404 9)?
2553 5333 2617 5387 Et
2659 5341 2832 5387 tamen
2877 5341 2996 5402 post
3025 5341 3220 5388 tantam
3251 5337 3562 5394 modestiam

1990 5431 2240 5493 tantaque
2281 5424 2537 5480 castitatis
2580 5424 2772 5480 indicia
2816 5424 2933 5480 falsi
2970 5425 3207 5481 criminis
3247 5428 3565 5485 calumniam

1992 5514 2204 5580 subivit,
2227 5514 2471 5586 Deusque
2494 5515 2632 5571 istud
2661 5514 2776 5572 fieri
2802 5515 3062 5586 permisit.
3090 5515 3311 5574 Vinctus
3336 5529 3437 5584 est,
3468 5535 3566 5576 nec

1988 5613 2065 5668 sic
2093 5610 2328 5684 prodidit
2347 5609 2564 5665 insidias
2591 5608 2945 5679 injustamque
2966 5607 3204 5665 mulieris
3221 5609 3559 5666 calumniam.

1990 5701 2213 5757 Volebat
2241 5701 2383 5756 enim
2423 5699 2718 5770 c0piosiora
2761 5697 2979 5768 prtemia
3017 5712 3346 5768 coronasque
3371 5699 3563 5754 clario-

1987 5806 2072 5848 res
2103 5807 2398 5862 prwpat‘art‘
2417 5834 2430 5859 ,
2461 5800 2616 5861 atque
2658 5789 2777 5846 ideo
2811 5789 2938 5860 ipsis
2969 5805 3176 5862 quoque
3204 5792 3371 5847 servis
3408 5795 3565 5864 regiis
