4060 6136
538 383 632 440 471

532 494 770 554 dimissis
816 493 930 565 ipse
971 491 1208 547 inclusus
1248 491 1643 560 perseverabat.
1695 490 1774 544 'l'u
1818 491 1941 543 nolo
1985 489 2113 543 mihi

534 587 769 642 custodis
794 585 1129 641 clementiam
1157 583 1375 652 objicias
1401 624 1415 648 ,
1453 597 1635 637 verum
1662 581 1827 650 ipsius
1850 580 2007 635 verba
2033 580 2113 633 di-

535 677 782 747 ligentius
810 676 1089 730 examines
1109 716 1123 741 ,
1151 683 1205 728 et
1233 672 1482 742 inSpieies
1508 672 1666 725 animi
1697 672 1952 725 dolorem.
1985 670 2112 723 Nam

531 781 653 821 etim
698 768 961 821 somnium
1015 768 1390 835 interpretatus
1444 772 1607 828 esset,
1654 763 1801 834 regio
1851 763 2115 831 pincenue

533 856 665 911 dixit
708 855 848 910 :Sed
876 865 1120 909 memento
1143 856 1239 908 mei
1268 871 1356 923 per
1382 854 1718 923 temetipsum,
1749 869 1860 906 curn
1888 851 1973 905 tibi
1996 853 2115 904 bene

516 947 707 1018 fuerit,
750 947 1004 1015 faciesque
1039 962 1191 1015 super
1230 961 1309 998 me
1343 944 1759 1009 misericordiam,
1800 953 1846 996 et
1884 959 2114 1011 suggeras

534 1035 799 1091 Pharaoni
839 1036 900 1090 de
940 1052 1036 1098 me,
1079 1047 1126 1087 et
1170 1034 1350 1089 educes
1388 1050 1467 1087 me
1511 1034 1573 1086 de
1612 1048 1810 1085 carcere
1848 1034 1965 1098 isto,
1997 1033 2115 1102 quia

533 1129 670 1199 furto
700 1127 924 1182 sublatus
945 1143 1057 1179 sum
1084 1126 1148 1179 de
1171 1134 1302 1178 terra
1327 1124 1655 1178 Hebra’orum
1677 1139 1696 1178 :
1719 1134 1763 1176 et
1790 1124 1870 1176 hic
1894 1139 1992 1176 non
2019 1124 2116 1193 feci

532 1220 819 1290 quicquam,
838 1218 925 1273 sed
946 1219 1255 1271 innocentem
1276 1218 1550 1285 injecerunt
1573 1231 1650 1268 me
1670 1214 1720 1267 in
1744 1215 1947 1267 domum
1976 1213 2116 1267 lacus

532 1310 686 1381 hujus
713 1308 874 1380 (Gen.
901 1309 991 1364 40.
1022 1310 1107 1362 Η.
1142 1306 1266 1378 15).
1309 1307 1423 1361 Etsi
1453 1307 1593 1361 enim
1623 1306 1854 1360 claustra
1886 1304 2116 1359 carceris

531 1403 688 1458 facile
716 1403 939 1469 ferebat,
968 1417 1088 1457 cum
1116 1401 1195 1456 eis
1224 1400 1525 1455 hominibus
1548 1400 1746 1463 vivere,
1774 1407 1899 1468 puta
1935 1398 2115 1466 sepul-

536 1509 751 1549 crorum
776 1492 1139 1559 violatoribus,
1163 1491 1384 1554 furibus,
1403 1489 1698 1559 parricidis,
1721 1488 1993 1552 adulteris,
2020 1488 2117 1542 ho-

533 1582 743 1637 micidis
771 1582 887 1653 (his
915 1582 1055 1637 enim
1086 1590 1245 1651 atque
1272 1579 1571 1650 hujusmodi
1601 1578 1810 1647 plenum
1841 1586 1956 1632 erat
1984 1578 2114 1632 illud

534 1673 964 1741 habitaculum),
992 1672 1204 1741 gravius
1235 1670 1340 1724 illis
1370 1685 1433 1724 ac
1459 1668 1731 1724 molestius
1757 1675 1890 1721 erat.
1930 1666 2114 1737 Neque

534 1762 588 1818 id
632 1762 839 1828 solum,
881 1761 973 1816 sed
1011 1761 1151 1830 quod
1193 1760 1447 1830 plurimos
1489 1759 1785 1813 intueretur
1822 1750 2037 1812 frustra
2065 1767 2119 1810 et

534 1855 765 1910 inaniter
793 1853 899 1907 illic
927 1851 1183 1908 macerari
1214 1860 1268 1906 et
1286 1850 1494 1906 confici.
1527 1849 1635 1904 Sed
1662 1857 1861 1915 tamen,
1891 1847 1945 1902 id
1974 1846 2117 1917 quod

531 1952 641 2000 tute
666 1943 823 1999 modo
847 1943 1089 2013 quereris
1108 1983 1124 2009 ,
1155 1957 1339 1998 servus
1368 1941 1582 2011 quidem
1603 1941 1827 1995 vinculis
1849 1939 2081 2009 eripicba
2111 1974 2117 1979 ~

532 2047 640 2109 tur,
660 2035 794 2091 liber
812 2045 989 2090 autem
1018 2037 1069 2089 iu
1098 2035 1351 2090 aerumnis
1378 2033 1713 2104 persistebat.
1742 2033 1893 2101 Quod
1923 2047 1966 2086 ει
1997 2033 2118 2102 quis

531 2129 683 2199 regni
731 2129 1053 2184 mentionem
1098 2125 1294 2189 faciat,
1346 2126 1432 2181 hic
1471 2125 1599 2179 mihi
1644 2141 1828 2180 rursus
1869 2139 2115 2179 curarum

530 2234 778 2285 examen,
810 2220 1106 2290 vigiliarum
1131 2227 1185 2273 et
1210 2218 1356 2273 mille
1395 2218 1732 2288 negotiorum
1772 2215 2112 2270 difficultates

534 2353 676 2373 ρ...-

1278 376 1333 434 S.
1363 375 1638 432 JOANNIS
1674 372 2145 433 CHRYSOSTOMI
2183 374 2496 433 ARCHIEP.
2526 372 3061 432 CONSTANTINOP.

3701 382 3822 437 472

2222 487 2276 542 in
2303 487 2533 543 medium
2557 486 2811 544 adducet:
2836 504 2954 558 qua:
2977 486 3152 543 omnia
3180 489 3242 547 iis
3268 488 3357 559 qui
3386 490 3614 562 quietam
3636 494 3821 547 curis-

2221 594 2325 649 que
2350 596 2566 635 vacuam
2597 582 2756 635 vitam
2782 581 3024 651 diligunt,
3046 596 3149 635 non
3170 581 3389 636 nimium
3406 583 3635 652 jucunda
3657 597 3814 639 sunt.

2220 671 2485 726 Prteterea
2514 673 2708 726 sanctis
2738 672 2840 726 illis
2866 672 3077 741 quidem
3101 673 3143 725 si
3166 671 3288 742 quid
3320 673 3494 727 laetum
3520 675 3814 744 continge-

2219 760 2328 828 bat,
2363 764 2552 816 mirum
2586 764 2818 833 profecto
2852 778 2956 817 non
2988 775 3102 818 erat
3127 805 3142 829 ,
3177 779 3297 818 cum
3335 765 3558 820 necdum
3585 766 3816 821 cmleste

2219 868 2438 923 regnum
2473 854 2684 923 planum
2714 863 2766 909 et
2795 864 3037 925 apertum
3064 866 3226 921 esset,
3254 871 3352 910 nec
3375 856 3669 911 futurorum
3711 855 3823 909 bo-

2221 961 2408 999 norum
2440 947 2723 1015 promissio
2750 947 3026 1003 manifesta
3061 966 3073 1000 :
3102 964 3243 1003 nunc
3264 963 3389 1002 vero
3417 948 3627 1018 quando
3651 959 3819 1006 tanta

2220 1036 2479 1091 bonorum
2507 1039 2656 1107 copia
2684 1040 2997 1107 proponitur
3016 1081 3028 1101 ,
3057 1054 3249 1109 resque
3284 1039 3489 1092 cunctis
3518 1035 3815 1091 manifcsu

2219 1138 2321 1195 est,
2355 1130 2657 1196 audebitnc,
2687 1130 2929 1196 obsecro,
2958 1132 3067 1198 jam
3109 1130 3371 1203 quispiam
3412 1130 3623 1196 dolere,
3662 1128 3712 1183 si
3759 1129 3813 1183 in

2219 1222 2467 1290 praesenti
2498 1222 2603 1274 vita
2626 1221 2875 1290 iucundis
2915 1222 3073 1275 nullis
3114 1220 3435 1290 perfruatur,
3465 1229 3554 1273 aut
3585 1235 3815 1288 prorsus

2222 1310 2273 1366 in
2305 1313 2403 1366 hac
2430 1315 2531 1366 vita
2559 1312 2712 1367 dulce
2746 1311 2940 1381 aliquid
2977 1312 3298 1367 existimabit
3323 1311 3410 1379 qui
3439 1311 3522 1368 illa
3557 1310 3816 1367 noverit?

2222 1403 2288 1455 lit
2328 1401 2453 1469 quid
2497 1401 2596 1456 hoc
2633 1402 2811 1459 animo
2837 1401 2938 1456 dici
2967 1400 3224 1470 abjeetius
3249 1408 3457 1469 potest,
3489 1403 3554 1464 si,
3578 1414 3811 1468 sperans

2224 1494 2381 1561 paulo
2405 1500 2521 1562 post
2550 1494 2599 1545 in
2624 1494 2809 1547 cmlum
2839 1508 2896 1548 se
2923 1493 3287 1562 migraturum,
3321 1492 3474 1559 hujus
3500 1492 3686 1545 mundi
3712 1506 3805 1546 re-

2221 1583 2400 1652 quiem
2447 1584 2675 1653 inquirat
2702 1599 2763 1639 ac
2788 1584 3193 1654 prosperitatum
3228 1583 3409 1638 umbra
3436 1583 3577 1637 nulla
3614 1582 3812 1637 melio-

2223 1673 2376 1727 rem?
2413 1671 2621 1743 Yanitas
2649 1674 2788 1728 enim
2817 1674 3113 1737 sanitatum,
3146 1673 3334 1743 inquit,
3367 1681 3415 1726 et
3454 1673 3628 1727 omnia
3666 1677 3814 1727 uani—

2225 1772 2300 1816 tas
2330 1758 2684 1833 (Eccle.l.2).
2727 1763 2875 1830 Quod
2902 1763 2948 1835 si
2981 1764 3054 1830 is,
3086 1764 3175 1833 qui
3205 1766 3479 1833 prmsentis
3509 1765 3631 1818 vita:
3661 1765 3814 1821 voln-

2224 1860 2395 1923 ptates
2435 1868 2543 1922 prae
2577 1853 2787 1907 caeteris
2825 1854 3128 1910 hominibus
3163 1854 3333 1910 fuerat
3360 1865 3640 1927 expertus,
3675 1855 3815 1910 hanc

2224 1936 2477 1997 adversus
2520 1943 2639 1997 illas
2677 1943 2992 2005 sententiam
3023 1944 3161 2008 tulit,
3187 1945 3353 1998 multo
3393 1945 3562 2013 magis
3605 1959 3706 1997 nos
3738 1943 3811 1998 ita

2224 2031 2362 2086 afﬁci
2407 2041 2460 2087 et
2500 2034 2697 2086 sentire
2735 2033 3000 2097 convenit,
3028 2034 3217 2103 quibus
3258 2034 3385 2088 nihil
3415 2044 3496 2089 est
3522 2049 3815 2089 commune

2223 2140 2342 2179 cum
2383 2135 2541 2188 terra,
2577 2124 2873 2197 quibuSque
2917 2126 2968 2180 in
3013 2118 3238 2194 superna
3279 2126 3549 2201 inscriptis
3588 2126 3811 2181 civitate

2229 2225 2502 2287 totamque
2529 2217 2654 2270 illuc
2681 2226 2913 2271 mentem
2943 2219 3230 2273 transferre
3250 2217 3455 2286 jussum
3488 2225 3590 2272 est.

689 2346 3805 2375 —-q———-——————————-—————O——-—————,—-————-———————————.—

896 2437 1820 2613 EJUSDEM
1888 2438 2193 2598 AD
2297 2437 3410 2595 STAGIRIUM

1842 2669 1947 2729 DE
1991 2670 2395 2734 TRISTITIA
2447 2675 2488 2737 ³.

1577 2807 2052 2916 LIBER
2139 2812 2859 2939 TERTIUS.

1948 3019 2366 3065 W

607 3138 657 3192 1.
687 3133 944 3190 Sufficerc
973 3130 1187 3202 quidem
1219 3137 1462 3200 poterant
1491 3143 1552 3183 ea
1579 3142 1698 3199 qua:
1732 3127 1870 3182 dicta
1898 3137 2021 3182 sunt
2045 3129 2111 3183 ad

534 3226 969 3300 exstinguendam
998 3225 1247 3280 mmroris
1274 3221 1541 3276 flammam
1563 3264 1575 3285 ,
1605 3230 1763 3289 atque
1790 3222 2118 3291 persuaden-

534 3323 661 3378 dum
701 3320 921 3376 meliore
947 3332 1009 3373 ac
1048 3315 1415 3386 tranquilliora
1441 3327 1562 3368 esse
1592 3312 1770 3367 animo
1803 3331 1815 3366 :
1851 3329 2031 3368 verum
2065 3324 2123 3368 ut

535 3412 830 3470 consolatio
855 3411 925 3464 sit
951 3408 1288 3473 cumulatior,
1317 3415 1369 3460 et
1396 3405 1537 3459 hunc
1563 3405 1754 3459 librum
1781 3404 2011 3473 adjicere
2039 3406 2122 3459 in-

535 3506 682 3562 stitui
705 3546 722 3571 ,
754 3503 881 3559 illud
910 3504 1007 3557 abs
1042 3511 1096 3555 te
1134 3500 1361 3570 primum
1403 3497 1674 3567 inquirens
1705 3515 1719 3552 :
1755 3496 1846 3550 Dic
1873 3538 1887 3562 ,
1920 3511 2040 3560 oro,
2067 3495 2110 3551 si

540 3598 659 3666 quis
686 3604 740 3650 te
765 3595 831 3649 ad
872 3607 1092 3663 regnum
1135 3597 1384 3646 terrestre
1421 3595 1637 3642 voearet
1659 3628 1675 3654 ,
1704 3597 1860 3656 atque
1890 3594 2013 3641 ante
2032 3575 2121 3641 ius

536 3702 779 3759 gressum
801 3684 916 3753 ejus
939 3683 1184 3746 civitatis,
1213 3680 1296 3735 vel
1320 3687 1604 3748 antequam
1628 3692 1880 3731 coronam
1906 3677 2117 3746 accipe-

540 3793 628 3834 res
669 3777 720 3831 in
761 3774 1024 3840 stabulum
1056 3772 1320 3826 divertere
1349 3783 1566 3824 necesse
1604 3777 1778 3834 esset,
1810 3768 1897 3821 ubi
1938 3768 2031 3821 luti
2061 3781 2124 3822 ac

539 3871 670 3925 fumi
697 3868 980 3940 plurimum
1011 3865 1377 3931 viatorumque
1402 3859 1654 3913 tumultus
1682 3866 1846 3923 esset,
1879 3867 1930 3911 et
1961 3858 2126 3931 latro-

541 3979 667 4018 num
698 3959 1048 4032 perturbatio,
1062 3968 1372 4023 summaque
1392 3965 1633 4022 pressura
1648 3958 1701 4004 et
1716 3949 1978 4019 angustia,
1999 3965 2125 4021 num

544 4053 614 4107 ad
658 4052 745 4107 illa
775 4050 946 4105 tristia
987 4046 1305 4117 cogitatione
1335 4040 1722 4097 convertereris
1745 4081 1759 4106 ,
1794 4056 1970 4094 nonne
1998 4054 2126 4094 vero

543 4145 632 4197 illa
670 4141 847 4197 omnia
872 4139 1021 4209 quasi
1050 4136 1181 4191 nihil
1211 4143 1391 4190 essent
1411 4117 1824 4188 contemneres?
1852 4130 2130 4198 Quomodo

544 4234 700 4304 igitur
722 4246 826 4285 non
847 4228 1130 4284 absurdum
1159 4225 1343 4288 fuerit,
1375 4224 1599 4281 terrenis
1630 4223 1787 4278 rebus
1813 4223 2126 4297 potiturum,

544 4338 640 4393 spe
668 4321 815 4392 regni
853 4320 1054 4383 elatum
1085 4316 1213 4371 nihil
1245 4316 1327 4371 his
1354 4329 1471 4385 qua:
1499 4314 1708 4368 inierint
1749 4312 1970 4369 adversa
2002 4313 2132 4366 inci-

544 4417 721 4472 derint
757 4414 998 4470 contrahi
1020 4456 1035 4480 ,
1064 4411 1131 4471 ad
1171 4410 1330 4466 caelos
1357 4418 1533 4464 autem
1560 4408 1872 4464 accersitum
1902 4423 1995 4477 per
2019 4408 2131 4460 sin-

545 4510 664 4581 gula
690 4524 809 4580 quae
838 4508 888 4563 in
914 4504 1213 4570 diversorio
1238 4502 1550 4571 contingunt
1575 4500 1745 4555 tristia
1777 4498 2025 4554 decidere
2051 4507 2130 4552 at-

545 4616 652 4673 que
690 4597 1027 4670 perturbari?
1056 4594 1301 4654 Profecto
1329 4593 1470 4646 enim
1504 4591 1796 4645 diversorio
1827 4602 1888 4642 ac
1930 4588 2124 4643 stabuli

549 4694 879 4750 habitatione
904 4689 1071 4745 nihilo
1096 4688 1378 4758 praesentis
1399 4686 1521 4740 vitae
1543 4693 1709 4738 status
1732 4683 1951 4746 melior;
1979 4681 2138 4750 idque

548 4801 670 4840 cum
702 4782 870 4838 sancti
898 4781 1053 4835 nobis
1078 4779 1311 4833 indicare
1331 4785 1608 4846 cuperent,
1649 4774 1883 4844 ImSpites
1909 4786 1971 4827 ac
2009 4788 2130 4842 per-

549 4875 765 4945 cgrinos
781 4874 988 4942 seipsos
1013 4869 1372 4939 appellabunt,
1401 4867 1485 4921 bis
1500 4866 1673 4921 verbis
1697 4880 1797 4920 nos
1813 4852 2132 4929 erudientes,

547 4974 603 5015 et
632 4965 749 5017 laeta
778 4961 957 5017 stneuli
1005 4958 1284 5029 praesentis
1321 4964 1376 5011 et
1415 4956 1581 5010 tristia
1610 4955 1854 5009 deridere
1875 4996 1890 5019 ,
1922 4963 2081 5024 atque
2107 4967 2135 5006 a

557 5066 696 5110 terra
732 5054 1043 5125 longissime
1066 5059 1301 5106 remotos
1327 5058 1436 5103 toto
1459 5050 1634 5104 animo
1656 5050 1888 5103 cmlestia
1913 5050 2137 5114 ambire,

554 5156 713 5216 atque
739 5145 805 5201 ad
837 5161 898 5199 ea
930 5154 1092 5199 totam
1125 5140 1417 5197 transferre
1445 5139 1839 5210 cogitationem.
2032 5198 2057 5207 κ

629 5238 789 5293 Hosis
832 5235 1115 5306 exemplum
1158 5232 1325 5300 offert.
1357 5261 1428 5272 —-
1455 5233 1568 5301 Age
1608 5231 1785 5300 itaque
1824 5228 1890 5283 ad
1929 5238 2142 5285 sanctos

557 5333 701 5402 ipsos
728 5328 1021 5394 veniamus,
1043 5341 1074 5379 a
1096 5324 1295 5394 'Joseph
1325 5322 1388 5377 ad
1411 5322 1607 5376 Mosem
1634 5318 1928 5374 orationem
1962 5329 2140 5373 trans-

558 5427 812 5480 ferentes.
844 5421 942 5476 Hic
961 5419 1123 5483 enim,
1148 5416 1381 5473 omnium
1416 5415 1503 5484 qui
1531 5413 1583 5468 iu
1607 5422 1748 5467 terra
1795 5411 2142 5466 versabantur

562 5516 876 5574 mitissimus
896 5552 911 5576 ,
939 5511 1170 5583 gignitur
1196 5501 1479 5579 gentilibus
1512 5504 1725 5576 quidem
1754 5503 1864 5558 suis
1892 5502 1944 5556 vi
1970 5502 2146 5557 duris-

560 5612 711 5667 simae
737 5605 1005 5664 servitutis
1033 5600 1327 5674 oppressis,
1356 5599 1616 5655 alieuatus
1642 5603 1817 5651 autem
1846 5609 1876 5648 a
1906 5594 2142 5675 parenti-

625 5768 642 5797 ι
665 5761 814 5831 0911)..
843 5760 1067 5831 Ejusdem
1089 5757 1154 5831 ad
1177 5756 1398 5831 eteadem
1419 5754 1564 5808 etiam
1586 5753 1645 5805 de
1666 5747 1873 5811 tristitia.
1892 5745 2050 5813 δεινῇ,
2078 5744 2145 5807 ad

563 5825 784 5877 eumdem
804 5823 1060 5890 Stagiritem
1076 5829 1237 5873 Sermo
1261 5826 1352 5869 Ill.

2222 3131 2323 3186 bus
2345 3174 2359 3197 ,
2391 3132 2741 3203 iguoransque
2769 3149 2798 3186 a
2827 3133 3015 3205 quibus
3040 3129 3248 3203 genitus
3274 3141 3442 3198 esset,
3473 3132 3638 3202 priori
3672 3136 3821 3190 omni

2228 3232 2384 3277 mtalc
2423 3239 2452 3277 a
2496 3224 2732 3279 barbaris
2776 3225 2901 3279 viris
2947 3224 3252 3279 educatur:
3284 3240 3389 3295 quo
3432 3224 3558 3294 quid
3601 3225 3822 3294 gravius

2228 3314 2451 3369 llobrmo
2477 3357 2491 3382 ,
2522 3317 2876 3385 singularique
2902 3316 3178 3387 prudentia
3222 3298 3447 3385 praedito
3484 3315 3822 3370 adolescenti

2227 3406 2398 3474 potuit
2425 3407 2757 3476 contingere,
2783 3408 2881 3460 etsi
2910 3406 3100 3460 millies
3127 3405 3264 3459 ﬁlius
3294 3405 3434 3473 regis
3454 3420 3573 3459 esse
3605 3415 3824 3473 putare-

2232 3501 2358 3554 tur?
2388 3499 2503 3554 Non
2533 3509 2708 3553 autem
2739 3500 2838 3554 hoc
2869 3499 2984 3554 solo
3015 3497 3306 3568 angebatur
3334 3497 3423 3551 ille
3452 3506 3598 3559 tunc,
3631 3512 3822 3552 verum

2230 3592 2369 3662 quod
2408 3593 2701 3648 intueretur
2734 3605 2945 3663 gentem
2986 3607 3134 3646 suam
3174 3590 3397 3645 summis
3423 3590 3819 3645 calamitatibus

2233 3685 2481 3754 Opprimi.
2513 3684 2610 3750 Qui
2639 3685 2779 3738 enim
2817 3685 2931 3739 sine
2969 3683 3178 3737 illorum
3206 3683 3376 3736 salute
3401 3696 3469 3736 ne
3495 3682 3684 3737 vivere
3702 3683 3824 3752 qui-

2233 3775 2377 3841 dem,
2400 3790 2571 3845 neque
2593 3775 2643 3829 in
2666 3775 2758 3830 Dei
2782 3776 2917 3829 libro
2937 3772 3197 3830 conscribi
3218 3773 3533 3843 patiebatur,
3551 3772 3825 3840 quomodo

2233 3867 2369 3921 aula:
2398 3867 2559 3936 regia:
2589 3866 2841 3937 regnique
2871 3865 3023 3921 bonis
3064 3863 3166 3919 frui
3198 3863 3457 3933 potuisset
3477 3903 3492 3925 ,
3519 3876 3641 3915 cum
3681 3870 3825 3915 tanta

2233 3973 2420 4013 omnes
2462 3966 2777 4028 tempestate
2814 3958 3016 4027 jactare
3049 3954 3276 4026 gentiles
3305 3951 3588 4009 cerneret?
3612 3951 3750 4006 Nam
3778 3953 3821 4006 si

2234 4064 2331 4103 nos
2361 4063 2572 4119 quoque
2604 4056 2721 4118 post
2752 4057 2855 4101 tam
2886 4046 3050 4099 multa
3086 4044 3277 4099 smcula
3303 4052 3518 4098 exertos
3542 4083 3557 4108 ,
3586 4042 3824 4095 nullam-

2235 4157 2339 4212 que
2381 4140 2678 4212 hujusmodi
2708 4153 2921 4194 causam
2949 4136 3426 4193 commiserationis
3453 4150 3580 4203 erga
3610 4132 3821 4187 Judzeos

2236 4235 2514 4298 habentes,
2549 4241 2689 4287 tanta
2716 4232 2858 4287 subit
2885 4230 3180 4286 occisorum
3212 4243 3495 4298 puerorum
3526 4223 3818 4280 commise-

2237 4327 2392 4390 ratio,
2425 4323 2551 4394 quid
2574 4323 2756 4377 beatus
2786 4322 2873 4376 ille
2901 4336 3003 4375 non
3031 4334 3219 4391 passus
3243 4326 3326 4373 est
3344 4359 3359 4385 ,
3389 4317 3477 4388 qui
3509 4325 3619 4371 tam
3643 4316 3818 4384 singu-

2240 4419 2337 4475 lari
2376 4418 2565 4475 afl'ectu
2606 4417 2748 4487 genti
2777 4431 2885 4470 suae
2929 4415 3211 4469 adstrictus
3250 4415 3391 4483 ipsas
3418 4426 3606 4465 eorum
3646 4409 3820 4465 clades

2240 4511 2408 4566 oculis
2436 4508 2792 4579 percipiebat,
2825 4522 2887 4562 ac
2929 4522 3023 4562 eos
3068 4513 3327 4575 prmterca
3368 4502 3459 4572 qui
3505 4503 3670 4555 tantis
3706 4499 3819 4553 illos

2242 4602 2395 4659 malis
2417 4601 2717 4655 alﬁcicbant
2735 4608 3012 4672 parentum
3040 4597 3190 4651 titulo
3214 4596 3479 4650 honorare
3500 4589 3819 4663 cogebatur?

2241 4694 2386 4751 Reor
2424 4693 2595 4765 ipsum
2625 4694 2848 4746 miseros
2884 4690 3004 4744 illos
3034 4698 3158 4743 tunc
3186 4688 3414 4742 infantes
3445 4686 3561 4755 plus
3588 4685 3817 4746 luxisSe,

2244 4803 2402 4858 quam
2428 4785 2651 4841 fecerint
2675 4791 2924 4853 parentes
2950 4781 3047 4853 ipsi
3076 4798 3090 4835 :
3118 4779 3257 4850 quod
3282 4796 3349 4834 ex
3374 4780 3503 4848 ipsis
3522 4778 3689 4847 liquet
3710 4788 3818 4845 qu:e

2246 4886 2427 4950 postea
2452 4876 2635 4947 gessit.
2664 4874 2795 4930 Cum
2819 4874 2959 4928 enim
2982 4888 3102 4927 eum
3126 4871 3215 4942 qui
3240 4867 3388 4941 p'ater
3408 4884 3527 4924 esse
3549 4868 3815 4938 putabatur

2246 4988 2345 5027 nec
2373 4968 2641 5025 suadendo
2668 4968 2899 5031 ﬂectere,
2929 4980 3103 5035 neque
3132 4978 3324 5032 cegere
3354 4962 3574 5026 valeret,
3607 4970 3664 5013 ut
3695 4957 3827 5011 fera--

2247 5065 2349 5123 lent
2394 5061 2828 5134 tyranuicamque
2870 5057 3163 5127 jussionem
3208 5062 3530 5117 removeret,
3574 5051 3686 5119 ipse
3726 5059 3817 5101 una

2249 5154 2509 5210 malorum
2551 5151 2913 5206 communium
2959 5148 3123 5201 voluit
3163 5161 3281 5201 esse
3326 5146 3608 5214 particeps.
3649 5139 3820 5209 Neque

2250 5242 2389 5299 istud
2421 5250 2503 5297 est
2540 5240 2680 5313 quod
2723 5256 2820 5311 ego
2865 5253 3005 5293 nunc
3047 5245 3321 5309 tantopere
3357 5232 3614 5300 admiror,
3651 5229 3741 5285 sed
3763 5242 3817 5282 ex

2250 5335 2395 5392 ccede
2416 5335 2504 5389 illa
2521 5333 2830 5403 conjiciens,
2846 5346 3003 5402 quam
3027 5328 3291 5399 przeterito
3314 5336 3555 5400 tempore
3581 5321 3815 5380 maeroris

2253 5429 2521 5485 flammam
2565 5426 2774 5487 aluerit,
2815 5424 2866 5478 id
2907 5421 3191 5477 admodum
3229 5429 3437 5489 stupeo.
3469 5416 3600 5473 Nam
3640 5414 3728 5485 qui
3763 5426 3820 5466 es

2255 5505 2483 5576 maxima
2513 5518 2711 5572 doloris
2739 5516 2788 5569 vi
2818 5514 2883 5569 ad
2910 5512 3249 5568 homicidium
3283 5510 3523 5580 protinus
3549 5507 3735 5576 erupit.
3762 5516 3821 5557 ex

2255 5629 2320 5670 eo
2347 5626 2507 5678 opere
2535 5610 2624 5681 qui
2655 5609 2799 5679 prius
2826 5605 2989 5661 animi
3015 5606 3169 5660 dolor
3200 5604 3355 5658 fuerit
3378 5601 3625 5658 ostendit.
3652 5596 3822 5664 Neque

2256 5706 2399 5772 enim
2436 5711 2585 5763 tanta
2630 5701 2750 5755 illos
2793 5698 3127 5754 vehementia
3168 5695 3309 5750 ultus
3348 5693 3553 5757 fuisset,
3588 5688 3683 5744 nisi
3712 5685 3822 5755 plus

2258 5809 2413 5866 quam
2441 5801 2615 5864 patres
2643 5788 2742 5861 ipsi
2768 5803 2951 5845 eorum
2980 5787 3133 5843 malis
3159 5784 3541 5842 contabuisset.
3569 5776 3700 5852 Quid
3729 5773 3820 5845 igi-
