4060 6136
320 373 418 430 επ

316 489 516 564 ψυχῆς.
536 491 690 546 Μετά
715 493 823 566 γὰρ
850 494 911 549 τὸ
944 493 1199 549 ἐπιλῦσαι
1216 497 1276 550 τὸ
1302 497 1436 570 ὄναρ
1473 498 1626 568 ἔλεγε
1658 499 1796 570 πρὸς
1817 502 1909 554 τὸν

316 576 585 646 οἰνοχόον*
636 578 810 633 Ἀλλὰ
844 580 1152 649 μνήσθητί
1178 600 1295 651 μου
1327 582 1424 637 διὰ
1450 584 1733 649 σεαυτοῦ,
1759 584 1906 639 ὅταν

318 654 390 713 εὖ
425 675 524 712 σοι
558 657 820 729 γένηται,
855 663 954 716 καί
988 664 1263 731 ποιήσεις
1291 666 1384 719 ἐπ’
1433 665 1539 736 ἐμὲ
1577 667 1770 734 ἔλεος,
1809 668 1909 723 καὶ

315 742 648 811 μνησθήσῃ
679 744 814 814 περὶ
832 745 981 814 ἐμοῦ
1015 747 1165 815 πρὸς
1188 748 1418 817 Φαραὼ,
1446 750 1544 803 καὶ
1575 749 1815 816 ἐξάξεις
1832 768 1908 821 με

315 824 387 877 ἐκ
412 825 531 895 ,τοῦ
560 827 941 897 ὀχυρώματος
976 832 1210 895 τούτου,
1254 832 1342 884 ὅτι
1392 831 1595 901 κλοπῇ
1632 832 1908 902 ἐκλάπην

315 907 385 961 ἐκ
413 906 529 977 γῆς
578 909 881 979 Ἑϐραίων,
927 914 1027 967 καὶ
1065 908 1183 967 ὧδε
1232 917 1344 969 οὐκ
1387 914 1655 980 ἐποίησα
1701 915 1904 984 οὐδὲν,

315 990 457 1045 ἀλλ’
478 991 769 1048 ἐνέϐαλόν
796 1012 873 1065 με
899 998 986 1063 εὶς
1016 997 1126 1051 τὸν
1162 993 1332 1051 οἷκον
1360 997 1467 1051 τοῦ
1502 997 1737 1053 λάκκου
1774 1002 1908 1053 τού-

314 1090 445 1127 του.
478 1075 541 1128 Et
580 1076 690 1148 γὰρ
725 1080 821 1132 καὶ
853 1079 914 1132 τὸ
947 1079 1273 1152 καθεῖρχθαι
1318 1080 1512 1151 έφερεν
1546 1081 1806 1145 εὐκόλως,
1843 1083 1906 1135 τὸ

316 1157 450 1224 γοῦν
500 1160 762 1225 τοιούτοις
798 1160 966 1235 συζῇν
1024 1163 1275 1235 ἀνδράσι,
1317 1164 1725 1237 τυμϐωρύχοις,
1781 1166 1907 1219 κλέ-

316 1258 501 1309 πταις,
518 1244 897 1316 πατραλοίαις,
926 1250 1156 1318 μοιχοῖς,
1175 1248 1524 1319 ἀνδροφόνοις
1543 1247 1770 1319 (τούτων
1793 1249 1903 1319 γάρ

316 1324 573 1382 ἁπάντων
628 1328 724 1381 καὶ
768 1328 878 1382 τῶν
916 1330 1174 1385 τοιούτων
1204 1331 1266 1385 τὸ
1299 1333 1508 1403 οἴκημα
1538 1331 1696 1386 τοῦτο
1731 1334 1904 1403 ἐμπέ-

314 1408 568 1481 πληστο),
606 1410 826 1466 πάντων
864 1412 1015 1484 αύτῷ
1042 1413 1341 1486 βαρύτερον
1378 1411 1467 1487 ἦν.
1507 1416 1619 1469 Καὶ
1647 1416 1707 1468 οὐ
1744 1416 1903 1470 τοῦτο

316 1492 477 1562 μόνον
507 1494 670 1548 αὑτὸν
702 1494 891 1548 ἐλύπει
926 1497 1021 1551 καὶ
1041 1496 1271 1566 ἐθλιϐεν,
1305 1498 1443 1552 ἀλλά
1463 1501 1559 1553 καὶ
1578 1499 1642 1552 τὸ
1672 1497 1901 1564 πολλοὺς

312 1576 446 1646 όρᾷν
479 1577 600 1649 είκῆ
631 1579 724 1631 καὶ
753 1580 930 1650 μάτην
952 1581 1411 1653 ταριχευομένους
1429 1584 1565 1636 ἐκεῖ.
1599 1582 1902 1652 Ἀλλ’ὅμως

312 1659 342 1710 6
375 1658 477 1728 μὲν
508 1660 728 1733 οἰκέτης
750 1701 763 1726 ,
809 1663 947 1736 ὅπερ
975 1664 1220 1737 ἀποδύρῃ
1255 1667 1351 1719 καὶ
1386 1667 1451 1720 σὺ
1474 1665 1591 1730 νῦν,
1624 1665 1900 1735 ἀπηλλάτ-

310 1759 434 1795 τετο
456 1743 566 1797 τῶν
603 1745 840 1817 δεσμῶν,
873 1749 902 1800 ό
925 1746 983 1801 δέ
1005 1748 1288 1820 ἐλεύθερος
1320 1749 1481 1820 ἔμενε
1520 1749 1899 1820 ταλαιπωρού-

313 1842 477 1895 μενος
503 1826 606 1880 ἐτι.
646 1829 709 1881 El
739 1829 796 1883 δὲ
840 1830 940 1899 τὴν
973 1830 1250 1901 βασιλείαν
1287 1833 1436 1901 λέγοι
1475 1850 1579 1900 τις,
1609 1833 1772 1886 πάλιν
1805 1851 1894 1904 μοι

310 1909 402 1963 τὸν
427 1911 596 1982 ἐσμὸν
622 1910 731 1968 τῶν
757 1913 1053 1983 φροντίδων
1077 1916 1173 1969 καὶ
1204 1916 1305 1986 τῆς
1334 1916 1641 1986 ἀγρυπνίας
1667 1917 1762 1970 καὶ
1786 1916 1894 1969 τῶν

314 1994 525 2065 μυρίων
552 1997 898 2067 πραγμάτων
924 1997 1062 2068 ἐρεῖ,
1092 1997 1238 2069 άπερ
1266 1998 1482 2053 ἅπαντα
1502 2003 1614 2064 τοῖς
1640 2001 1731 2053 τὸν
1758 1999 1893 2071 ὴσύ-

312 2093 429 2148 χιον
467 2078 563 2133 καὶ
598 2079 934 2152 ἀπράγμονα
964 2080 1080 2152 βίον
1129 2082 1531 2152 ἀσπαζομένοις
1586 2083 1653 2137 οὐ
1690 2083 1893 2153 σφόδρα

1135 378 1226 433 AD
1267 378 1648 439 STAGIRIUM
1688 382 1732 435 A
1771 382 2081 438 DIEMONE
2137 378 2499 439 VEXATUM.
2520 380 2649 436 LIB.
2695 380 2784 436 ΙΙῙ.

3484 383 3592 440 472

2012 502 2130 556 ἐστὶ
2167 500 2289 554 καθ’
2328 499 2544 570 ἡδονήν.
2593 498 2777 568 Χωρὶς
2809 495 2865 550 δέ
2892 496 3101 550 τούτων
3143 496 3373 563 ἐκείνοις
3411 499 3509 570 μὲν
3539 500 3590 553 εῖ

2012 584 2106 638 καί
2151 600 2202 636 τι
2248 581 2485 654 χρηστὸν
2534 579 2763 649 ἐγίνετο,
2812 578 2927 634 ἀλλ’
2977 579 3131 633 οὔπω
3166 582 3281 654 ⁹τῆς
3312 581 3591 651 βασιλείας

2008 666 2449 739 τετρανωμένης,
2484 663 2606 717 οὐδὲ
2643 664 2742 734 τῆς
2776 662 2881 716 τῶν
2923 663 3220 734 μελλόντων
3261 667 3590 736 ἐπαγγελίας

2008 750 2175 822 οὔσης
2209 751 2449 820 φανερᾶς
2470 766 2483 779 ·
2526 746 2759 801 ἐνταῦθα
2791 746 2847 800 δὲ
2876 746 3005 801 ἔνθα
3033 749 3268 801 τοσαῦτα
3308 750 3595 823 πρόκειται

2010 834 2211 903 ἀγαθὰ,
2260 834 2355 887 καὶ
2401 833 2536 885 πᾶσι
2580 831 2641 884 τὸ
2680 831 2915 901 πρᾶγμα
2951 830 3109 901 δῆλόν
3150 833 3322 899 ἐστιν,
3364 832 3591 905 ἀλγήσει

2007 937 2111 983 τις,
2153 917 2273 971 εἰπέ
2301 933 2413 987 μοι,
2442 917 2492 969 εί
2516 915 2611 968 καὶ
2640 914 2869 985 μηδενὸς
2906 913 3046 967 κατὰ
3082 913 3173 969 τὸν
3202 916 3445 987 παρόντα
3476 917 3594 986 βίον

2007 1001 2377 1058 ἀπολαύσεται
2414 996 2653 1071 χρηστοῦ
2672 1039 2685 1064 ,
2723 998 2860 1062 ὅλως
2881 998 2939 1051 δέ
2974 998 3210 1069 χρηστὸν
3241 1000 3508 1070 ήγήσεταί
3536 1015 3590 1053 τι

2005 1086 2115 1138 τῶν
2161 1083 2347 1138 ἐνθάδε
2392 1082 2695 1153 γινομένων
2735 1082 2918 1135 ἐκεῖνα
2946 1081 3135 1149 εἰδὼς;
3164 1081 3276 1134 Καὶ
3304 1082 3356 1135 τί
3385 1080 3590 1152 ταύτης

2004 1169 2388 1239 ταπεινότερον
2423 1166 2620 1236 γένοιτ’
2656 1163 2722 1218 ἂν
2758 1165 2856 1235 τῆς
2902 1164 3099 1235 ψυχῆς,
3146 1166 3196 1217 εἰ
3230 1164 3589 1237 προσδοκῶσα

2009 1253 2205 1325 μικρὸν
2250 1251 2477 1323 ὓστερον
2527 1248 3035 1321 μεταναστήσεσθαι
3064 1260 3090 1289 ει
3125 1249 3262 1320 πρὸς
3300 1248 3393 1303 τὸν
3431 1249 3589 1319 οὐρα-

2005 1336 2116 1403 νὸν,
2167 1335 2268 1398 τὰς
2306 1331 2540 1387 ἐνταῦθα
2583 1331 2796 1394 ἀνέσεις
2842 1329 3146 1402 ἐπιζητοίη,
3182 1330 3277 1385 καὶ
3303 1330 3400 1403 τὴν
3428 1333 3588 1396 σκιᾶς

2003 1419 2154 1475 οὐδὲν
2183 1417 2548 1488 διαφέρουσαν
2577 1414 2876 1485 εὐθυμίαν;
2906 1414 3243 1482 Ματαιότης
3271 1413 3403 1486 γὰρ,
3429 1415 3585 1487 φησὶ,

1999 1498 2429 1572 ματαιοτήτων,
2473 1497 2547 1551 τὰ
2588 1496 2787 1551 πάντα
2812 1497 3162 1566 ματαιότης.
3202 1496 3267 1548 Et
3322 1496 3378 1549 δὲ
3409 1500 3437 1551 6
3482 1498 3589 1568 μά-

2002 1583 2159 1639 λιστα
2190 1583 2405 1636 πάντων
2433 1578 2737 1651 ἀνθρώπων
2775 1582 2969 1651 πεῖραν
2998 1577 3100 1650 τῆς
3128 1576 3221 1632 τοῦ
3251 1577 3367 1648 βίου
3406 1578 3588 1633 λαϐὼν

2003 1666 2216 1737 ἡδονῆς,
2245 1663 2504 1734 τοιαύτην
2550 1661 2814 1734 ἐξήνεγκε
2864 1664 2984 1717 κατ’
3029 1663 3201 1733 αὐτῆς
3246 1661 3345 1733 τὴν
3374 1661 3589 1731 ἀπόφα-

2008 1768 2113 1814 σιν,
2171 1748 2353 1820 πολλῷ
2385 1748 2586 1820 μᾶλλον
2631 1748 2780 1818 ἡμᾶς
2807 1747 2948 1800 οὓτω
2975 1744 3278 1800 διακεῖσθαι
3323 1745 3418 1798 καὶ
3464 1762 3592 1816 φρο-

2005 1837 2114 1889 νεῖν
2153 1833 2289 1906 χρὴ,
2320 1834 2446 1897 τοὺς
2474 1831 2629 1886 οὐδὲν
2674 1831 2772 1903 μὲν
2805 1830 2983 1885 κοινὸν
3027 1829 3164 1902 πρὸς
3182 1828 3281 1900 τὴν
3311 1830 3415 1899 γῆν
3440 1827 3590 1898 ἐχονο

2000 1934 2121 1984 τας,
2168 1919 2250 1980 είς
2288 1915 2347 1971 δέ
2375 1916 2474 1988 τὴν
2504 1915 2617 1970 ἀνω
2667 1913 2822 1968 πόλιν
2863 1913 3259 1984 ἐγγραφέντας,
3286 1911 3378 1966 καὶ
3412 1911 3590 1966 πάντα

2004 2000 2311 2072 μετοικίσας.
2346 2000 2437 2054 τὸν
2470 1998 2595 2053 νοῦν
2625 1997 3013 2062 κελευσθέντας
3034 1999 3167 2050 ἐκεῖ.

2064 2098 2092 2127 ⁸
2110 2097 2243 2149 Colb.
2274 2100 2327 2147 et
2345 2096 2495 2147 Savil.
2524 2096 2920 2159 μεταστήσεσθαι.

312 2270 3591 2301 W

689 2444 841 2520 ῖεολ]
896 2459 1198 2577 ΤΟΥ
1253 2461 1747 2580 ΑΥΤΟΥ
1823 2462 2239 2579 ΠΡΟΣ
2297 2460 3206 2579 ΣΤΑΓΕΙΡΙΟΝ

1643 2728 1804 2781 ΠΕΡΙ
1854 2727 2158 2782 ΑΘΥΜΙΑΣ
2182 2742 2229 2784 ει.

1517 2937 1882 3024 ΛΟΓΟΣ
1935 2938 2354 3022 ΤΡΙΤΟΣ.

378 3284 450 3333 α’.
503 3272 685 3328 Ἱκανὰ
733 3272 831 3345 μὲν
876 3270 969 3330 οῦν
1008 3277 1103 3330 καὶ
1147 3279 1216 3334 τὰ
1256 3280 1523 3354 εἰρημένα
1572 3279 1763 3333 σϐέσαι
1801 3278 1900 3348 τῆς

310 3361 550 3432 ἀθυμίας
578 3358 676 3430 τὴν
707 3359 900 3428 φλόγα,
941 3360 1036 3413 καὶ
1074 3364 1258 3415 πεῖσαι
1304 3364 1432 3435 ῥᾷον
1473 3362 1775 3417 διακεῖσθαι
1803 3362 1902 3434 τὴν

308 3445 513 3516 ψυχὴνο
535 3443 675 3498 ὥστε
704 3442 762 3497 δὲ
788 3445 851 3497 ἐκ
881 3446 1199 3517 περιουσίας
1231 3446 1488 3515 γενέσθαι
1511 3448 1611 3518 τὴν
1646 3464 1903 3519 παραμυσ

312 3529 454 3589 θίαν,
481 3530 575 3582 καὶ
602 3527 794 3582 τοῦτον
827 3527 1044 3597 ἔγνωκά
1083 3546 1165 3582 σοι
1208 3531 1526 3602 προσθεῖναι
1586 3531 1677 3585 τόν
1719 3531 1899 3600 λόγον,

311 3611 490 3667 ἐκεῖνό
522 3629 582 3664 σε
613 3611 833 3683 πρῶτον
863 3612 1123 3683 ἐρόμενος
1146 3631 1159 3643 ο
1192 3614 1314 3667 εἰπὲ
1342 3615 1451 3685 γάρ
1494 3632 1606 3685 μοι,
1643 3616 1697 3668 εῖ
1717 3614 1800 3679 τίς
1840 3631 1900 3667 σε

312 3698 395 3758 εἰς
420 3695 695 3766 βασιλείαν
728 3694 913 3748 ἐκάλει
953 3696 1051 3765 τὴν
1085 3698 1143 3749 ἐν
1162 3699 1228 3769 τῇ
1259 3699 1354 3768 γῇ,
1383 3696 1504 3750 εἶτα
1534 3698 1663 3770 πρὶν
1687 3699 1769 3762 εἰς
1800 3686 1899 3768 τὴν

313 3779 469 3832 πόλιν
490 3778 773 3845 εἰσελθεῖν,
793 3780 887 3833 καὶ
914 3779 1007 3833 τὸν
1036 3780 1301 3847 στέφανον
1321 3781 1716 3853 ἀναδήσασθαι,
1742 3782 1902 3853 ἐμελ-

311 3862 403 3926 λες
423 3862 484 3915 ἐν
511 3862 816 3934 πανδοκείῳ
855 3863 1169 3929 καταλύειν,
1206 3865 1262 3919 ἐν
1289 3856 1334 3932 ᾧ
1371 3864 1466 3918 καὶ
1513 3864 1773 3937 βόρϐορος
1806 3867 1901 3920 καὶ

312 3946 539 4013 καπνὸς,
561 3948 656 4001 καὶ
683 3945 979 4018 ὁδοιπόρων
1016 3946 1266 4020 θόρυϐος,
1297 3948 1392 4003 καὶ
1418 3948 1633 4022 λῃστῶν
1661 3938 1898 4022 ταραχὴ,

311 4031 408 4085 καὶ
452 4029 783 4101 στενοχωρία
820 4030 913 4082 καὶ
939 4029 1118 4101 θλίψις
1150 4030 1341 4102 πολλὴ.
1375 4027 1485 4103 ἆρα
1516 4031 1581 4085 ἂν
1622 4033 1901 4105 ἀπεστρά-

314 4130 420 4184 φης
467 4113 603 4183 πρὸς
654 4114 837 4165 ἐκεῖνα
875 4112 944 4165 τά
982 4113 1225 4185 λυπηρὰ,
1266 4113 1381 4167 ἀλλ’
1416 4114 1517 4168 ούκ
1546 4115 1613 4168 ἂν
1646 4116 1903 4171 ἁπάντων

313 4196 498 4251 αὐτῶν
542 4195 619 4258 ὡς
650 4195 804 4249 οὐδὲν
834 4194 1007 4249 ὄντων
1038 4196 1479 4268 κατεφρόνησας;
1508 4198 1633 4262 Πῶς
1677 4194 1770 4253 οῦν
1801 4200 1902 4253 οὐκ

311 4281 516 4336 ἄτοπον
557 4280 658 4350 τῆς
694 4277 793 4350 μὲν
839 4278 945 4350 γῆς
987 4278 1250 4350 μέλλοντα
1287 4282 1509 4352 κρατεῖν
1566 4281 1757 4352 μηδενὶ
1793 4281 1902 4335 τῶν

313 4362 698 4434 ἐμπιπτόντων
744 4362 1130 4418 συστέλλεσθαι
1178 4363 1456 4437 δυσχερῶν
1499 4368 1621 4429 ταῖς
1655 4366 1754 4435 τῆς
1803 4364 1898 4436 βα-

315 4447 522 4511 σιλείας
560 4446 741 4501 ἐλπίσι
773 4447 1177 4519 γαυρούμενον,
1213 4449 1349 4520 πρὸς
1378 4449 1435 4503 δὲ
1479 4450 1605 4513 τοὺς
1640 4449 1902 4520 οὐρανοὺς

315 4531 667 4603 στελλόμενον
697 4531 1060 4584 καταπίπτειν
1083 4532 1178 4584 καὶ
1210 4530 1556 4602 θορυϐεῖσθαι
1583 4534 1667 4601 ἐφ’
1687 4534 1902 4603 ἑκάστῳ

314 4615 426 4669 τῶν
454 4617 511 4670 ἐν
537 4614 617 4685 τῷ
646 4614 981 4685 καταγωγίῳ
1009 4613 1185 4685 τούτῳ
1209 4615 1619 4684 συμϐαινόντων
1650 4619 1782 4687 ἡμῖν
1812 4617 1898 4669 λυο

318 4697 512 4771 πηρῶν
558 4699 616 4759 b;
657 4698 1018 4767 Καταγωγίου
1062 4699 1171 4768 γὰρ
1215 4700 1310 4751 καὶ
1358 4699 1458 4769 τῆς
1502 4700 1560 4752 ἐν
1604 4699 1905 4771 πανδοκείῳ

321 4783 491 4853 μονῆς
524 4783 677 4836 οὐδὲν
710 4782 849 4855 α’ύτη
883 4784 916 4854 ἡ
943 4782 1037 4836 τοῦ
1069 4782 1186 4853 βίου
1215 4783 1408 4838 τούτου
1462 4784 1801 4849 κατάστασις
1828 4786 1907 4838 διε

317 4868 593 4937 ἐνήνοχεν·
612 4868 706 4920 καὶ
737 4867 897 4921 τοῦτο
915 4869 965 4921 οἱ
992 4868 1138 4938 ἀγιοι
1170 4868 1338 4936 δεῖξαι
1375 4868 1689 4940 βουλόμενοι
1721 4869 1907 4933 ξένους

319 4951 415 5005 καὶ
443 4949 860 5021 παρεπιδήμους
899 4951 1129 5006 ἐκάλουν
1157 4953 1406 5017 ἑαυτοὺς,
1424 4952 1514 5007 διά
1544 4951 1749 5006 τούτων
1780 4969 1909 5005 παι-

318 5032 567 5097 δεύοντες
596 5037 748 5105 ήμᾶς
793 5034 902 5088 τῶν
937 5037 1200 5107 ῥημάτων
1244 5038 1338 5090 καὶ
1370 5037 1479 5092 τῶν
1513 5037 1769 5110 χρηστῶν
1814 5039 1908 5091 καὶ

319 5117 429 5171 τῶν
475 5117 714 5188 ἀνιαρῶν
734 5118 845 5172 τῶν
876 5121 935 5173 ἐν
962 5120 1041 5191 τῷ
1072 5122 1299 5193 παρόντι
1324 5121 1425 5194 βίῳ
1451 5121 1782 5192 καταγελᾷν,
1811 5122 1909 5176 καὶ

319 5201 421 5272 τῆς
464 5201 570 5271 γῆς
615 5202 1028 5274 ἀπαλλαγέντας
1070 5204 1200 5276 ὃλην
1246 5207 1551 5277 προσδῆσαι
1579 5205 1658 5277 τῷ
1690 5205 1906 5278 οὐρανῷ

321 5285 420 5358 τὴν
439 5282 638 5358 ψυχήν.

394 5370 532 5441 Φέρε
559 5366 653 5424 οὖν
686 5373 773 5426 ἐπ’
798 5373 995 5437 αὐτοὺς
1023 5375 1149 5437 τοὺς
1178 5374 1366 5443 ἁγίους
1388 5371 1653 5442 ἔλθωμεν,
1679 5372 1787 5426 ἀπὸ
1813 5372 1908 5427 τοῦ

335 5454 532 5524 Ἰωσὴφ
560 5454 653 5509 ἐπὶ
684 5455 777 5509 τὸν
814 5455 1021 5510 Μωσέα
1055 5456 1383 5529 μεταθέντες
1404 5445 1499 5510 τὸν
1527 5454 1704 5525 λόγον.
1741 5450 1910 5521 Οὗτος

320 5538 433 5607 γὰρ
469 5540 497 5590 ό
546 5540 765 5593 πάντων
806 5541 1116 5611 πραότατος
1144 5541 1252 5595 τῶν
1280 5541 1374 5593 ἐπὶ
1400 5540 1501 5612 τῆς
1530 5540 1634 5611 γῆς
1664 5536 1908 5593 τίκτεται

324 5620 425 5691 μὲν
458 5622 566 5676 τῶν
608 5624 825 5679 οἰκείων
867 5625 1215 5695 πραττόντων
1262 5624 1483 5690 κακῶς,
1527 5622 1908 5696 ἀλλοτριωθεὶς

316 5800 323 5805 ο
386 5779 411 5806 ³
440 5778 575 5827 Coll).
594 5779 698 5828 τοῦ
727 5779 875 5828 αὐτοῦ
911 5780 976 5836 εἰς
1000 5781 1081 5829 τὸν
1105 5781 1246 5829 αὐτὸν
1271 5783 1339 5831 ἔτι
1372 5783 1481 5845 περὶ
1499 5781 1716 5844 ἀθυμίας,
1754 5782 1905 5832 εωίΙ.

319 5840 436 5887 Iob;
456 5841 537 5887 τὸν
562 5842 704 5887 αὐτὸν
729 5843 992 5887 Σταγείρων
1025 5843 1125 5887 λὸγ-
1154 5843 1221 5887 γ’.

319 5845 436 5904 πρὸς
456 5845 537 5887 τὸν
562 5845 704 5889 αὐτὸν
729 5845 992 5913 Σταγείρων
1025 5845 1125 5905 λὸγ.
1154 5845 1221 5905 γ’.

381 5900 412 5941 b
436 5901 605 5975 Ματρί.
633 5904 855 5975 ριβιινιι.
904 5920 953 5957 In
977 5913 1114 5957 ιρκιυ
1160 5907 1399 5971 λυπηρῶν,
1421 5905 1557 5960 Colb.
1581 5909 1633 5958 et
1673 5904 1820 5957 Savil.
1854 5906 1903 5956 in

317 5975 471 6028 marg.
496 5965 754 6028 δυσχερῶν.

2006 3276 2064 3330 δὲ
2109 3274 2217 3328 τῶν
2259 3275 2527 3329 τεκόντων
2581 3270 2763 3336 αὐτὸν,
2820 3270 2913 3324 καὶ
2966 3271 3092 3336 τοὺς
3148 3274 3588 3345 γεννησαμένους

2003 3361 2282 3432 ἀγνοήσας
2304 3361 2484 3412 πᾶσαν
2530 3357 2631 3427 τὴν
2664 3354 2888 3428 πρώτην
2918 3354 3133 3426 ἡλικίαν
3163 3357 3268 3411 ὑπὸ
3299 3357 3593 3432 βαρϐάρων

2004 3443 2215 3515 ἀνδρῶν
2265 3442 2666 3513 ἀνατρέφεται·
2710 3434 2772 3494 οὗ
2814 3440 2867 3493 τί
2894 3438 3093 3507 γένοιτ’
3122 3439 3188 3494 ἂν
3210 3440 3595 3515 χαλεπώτερον

2018 3528 2254 3600 Ἑϐραίῳ
2307 3526 2581 3599 μειρακίῳ
2627 3523 2723 3577 καὶ
2760 3522 2886 3576 νοῦν
2939 3522 3139 3594 ἔχοντι,
3179 3525 3283 3579 κᾶν
3333 3524 3595 3598 μυριάκις

2004 3608 2146 3666 εἶναι
2173 3611 2304 3683 δοκῇ
2335 3609 2601 3681 βασιλέως
2626 3607 2774 3673 υίός;
2807 3607 2942 3660 Τότε
2968 3606 3024 3659 δέ
3053 3607 3115 3660 οὐ
3140 3607 3299 3661 τοῦτο
3338 3609 3498 3679 μόνον
3523 3604 3594 3680 ἦν

2003 3696 2065 3749 τὸ
2107 3695 2301 3761 δεινὸν,
2337 3694 2450 3748 ἀλλ’
2491 3695 2576 3747 ὅτι
2618 3694 2714 3745 καὶ
2748 3691 2812 3745 τὸ
2852 3691 3127 3760 ὁμόφυλον
3177 3692 3324 3747 ἀπαν
3370 3695 3429 3745 ἐν
3472 3696 3595 3758 ταῖς

2005 3781 2263 3851 ἐσχάταις
2288 3778 2437 3850 ἐώρα
2467 3778 2795 3848 συμφοραῖς.
2845 3775 2904 3828 '0
2929 3774 3038 3847 γὰρ
3070 3775 3205 3848 μηδὲ
3228 3775 3329 3847 ζῇν
3359 3777 3594 3848 ἀνασχόα

2009 3880 2190 3933 μενος,
2237 3861 2371 3935 μηδὲ
2409 3863 2468 3913 ἐν
2511 3864 2579 3932 τῇ
2617 3858 2784 3931 βίϐλῳ
2821 3858 3136 3929 γεγράφθαι
3177 3857 3273 3912 τοῦ
3316 3858 3454 3912 Θεοῦ
3490 3860 3591 3931 τῆς

2006 3947 2282 4018 σωτηρίας
2326 3946 2427 4017 τῆς
2477 3944 2703 3999 ἐκείνων
2752 3943 2945 4014 χωρὶς,
2981 3941 3101 4006 πῶς
3133 3941 3200 3996 ἀν
3249 3941 3358 3996 τῶν
3388 3944 3448 3996 ἐν
3478 3947 3593 4008 τοῖς

2006 4029 2303 4100 βασιλείοις
2334 4028 2611 4082 ἀπέλαυσε
2645 4025 2829 4080 καλῶν
2861 4027 2921 4078 ἐν
2950 4024 3193 4096 τοσούτῳ
3216 4024 3448 4080 κλύδωνι
3479 4043 3594 4080 κει-

2009 4113 2204 4183 μένους
2233 4111 2377 4184 όρῶν
2405 4113 2653 4175 ἅπαντας
2669 4128 2684 4177 ;
2703 4110 2766 4163 Εί
2787 4110 2897 4181 γὰρ
2920 4109 3069 4181 ἡμᾶς
3090 4110 3217 4173 τοὺς
3248 4108 3389 4180 μετά
3412 4110 3597 4165 τοσοῦο

2005 4214 2096 4250 τον
2127 4195 2321 4266 χρόνον
2358 4193 2763 4265 γεγενημένους
2780 4194 2877 4247 καὶ
2896 4192 3054 4246 οὐδὲν
3082 4191 3294 4246 τοιοῦτο
3316 4192 3596 4265 δικαίωμα

2007 4277 2353 4350 συμπαθείας
2400 4277 2538 4348 πρὸς
2574 4275 2867 4340 Ἰουδαίους
2898 4277 3123 4347 ἔχοντας
3148 4275 3405 4340 τοσοῦτος
3446 4277 3596 4342 ἔλεος

2004 4362 2426 4434 είσέρχεταιτῆς
2450 4360 2833 4423 παιδοκτονίας
2856 4360 3093 4429 ἐκείνης,
3117 4359 3171 4412 τί
3202 4360 3305 4413 οὐκ
3334 4360 3403 4414 ἂν
3437 4361 3467 4413 ὁ
3494 4378 3596 4431 μαο

2005 4448 2196 4519 κάριος
2220 4448 2430 4509 ἐκεῖνος
2449 4444 2619 4498 ἔπαθε
2639 4484 2654 4510 ,
2689 4442 2868 4514 πολλῷ
2898 4444 2998 4514 μὲν
3026 4442 3105 4513 τῷ
3133 4444 3289 4514 πόθῳ
3321 4444 3458 4515 πρὸς
3485 4446 3595 4498 πᾶν

2004 4530 2067 4584 τὸ
2094 4530 2246 4594 ἐθνος
2274 4526 2844 4598 συνδεδεμένος,δψεσι
2862 4526 2921 4580 δὲ
2937 4525 3036 4589 τάς
3051 4525 3279 4580 ἐκείνων
3301 4526 3595 4597 παραλαμ-

2005 4616 2183 4670 ϐάνων
2219 4612 2526 4684 συμφορὰς,
2568 4611 2663 4664 καὶ
2710 4612 2836 4674 τοὺς
2873 4608 3047 4663 ταῦτα
3089 4609 3493 4682 ἐργαζομένους
3524 4610 3593 4665 τά

2007 4698 2156 4753 κακά
2173 4700 2352 4767 γονεῖς
2369 4693 2776 4767 ἐπιγράφεσθαι
2805 4693 3250 4765 ἀναγκαζόμενος
3271 4711 3286 4761 ;
3317 4692 3461 4763 Ἐγὼ
3484 4693 3595 4764 γὰρ

2007 4783 2168 4837 αὐτὸν
2201 4782 2296 4834 καὶ
2315 4780 2428 4833 τῶν
2451 4778 2722 4832 τεκόντων
2760 4776 2963 4848 μᾶλλον
2985 4781 3112 4843 τοὺς
3146 4778 3367 4843 ἀθλίους
3398 4780 3597 4845 παῖδας

2006 4867 2249 4929 ἐκείνους
2271 4860 2428 4935 οἶμαι
2457 4862 2578 4916 τότε
2613 4861 2861 4915 πενθεῖψ
2910 4863 3008 4917 καὶ
3040 4860 3200 4916 τοῦτο
3231 4863 3390 4934 δῆλον
3424 4861 3485 4928 ἐξ
3519 4856 3597 4917 ὧν

2011 4952 2150 5025 μετά
2192 4949 2368 5003 ταῦτα
2403 4945 2660 5018 ἔπραξεν.
2707 4944 2927 5018 Ἐπειδὴ
2966 4945 3074 5016 γάρ
3106 4945 3231 5000 οὔτε
3270 4946 3479 5001 πείθειν
3519 4944 3597 5000 εἴ-

2008 5053 2136 5107 χεν,
2177 5031 2303 5087 οὔτε
2353 5029 2687 5099 ἀναγκάζειν
2729 5028 2964 5100 ἠδύνατο
3009 5031 3101 5083 τὸν
3144 5030 3407 5084 δοκοῦντα
3452 5026 3594 5085 εἶναι

2010 5117 2163 5191 [205]
2193 5115 2404 5188 πατέρα
2439 5112 2730 5168 καταλύειν
2763 5113 2825 5166 τὸ
2846 5112 3110 5185 θηριῶδες
3132 5115 3229 5168 καὶ
3275 5115 3596 5186 τυραννικὸν

2009 5203 2312 5273 ἐπίταγμα,
2345 5200 2508 5262 αὐτὸς
2557 5197 2724 5268 όμόσε
2768 5196 2956 5252 λοιπὸν
2989 5200 3102 5262 τοῖς
3138 5198 3362 5253 ἐκείνων
3397 5198 3596 5270 ἐχώρει

2012 5288 2220 5349 κακοῖς.
2270 5283 2381 5337 Kal
2416 5283 2479 5336 οὺ
2510 5280 2671 5335 τοῦτο
2700 5280 2967 5352 θαυμάζω
3010 5281 3263 5335 τοσοῦτον
3305 5282 3419 5348 νῦν,
3477 5282 3593 5335 ἀλλ’

2008 5370 2118 5423 ἀπὸ
2146 5368 2240 5422 τοῦ
2284 5367 2446 5436 φόνου
2478 5364 2881 5435 στοχαζόμενος
2909 5366 3042 5436 ὅσην
3068 5367 3127 5418 ἐν
3167 5363 3245 5435 τῷ
3275 5364 3596 5437 παρελθόντι

2009 5455 2185 5525 χρόνῳ
2202 5451 2376 5523 φλόγα
2406 5448 2645 5520 ἀθυμίας
2673 5448 2891 5520 ἔτρεφε,
2918 5447 3128 5520 ταύτην
3142 5448 3343 5520 μᾶλλον
3360 5448 3596 5518 ἐκπλήτ-

2008 5554 2193 5608 τομαι.
2249 5535 2309 5590 Ὀ
2339 5533 2448 5606 γὰρ
2477 5535 2557 5597 είς
2590 5533 2749 5604 φόνον
2787 5530 3109 5604 ἀπορρήξας
3144 5534 3241 5604 τὴν
3265 5535 3428 5587 ὠδῖνα
3454 5532 3598 5584 ἐκείο

2010 5640 2129 5692 νην,
2173 5619 2411 5689 ἐδήλωσε
2449 5617 2539 5671 διὰ
2570 5616 2681 5670 τῶν
2709 5617 2956 5688 ἐσχάτων
2984 5617 3055 5671 τά
3083 5618 3344 5689 πρότερα.
3379 5615 3452 5669 οὐ
3486 5614 3596 5684 γάρ

2012 5706 2074 5759 ἀν
2112 5703 2252 5777 μετά
2283 5702 2553 5770 τοσαύτης
2586 5701 2769 5763 αὐτοῖς
2792 5702 3151 5775 σφοδρότητος
3183 5703 3409 5772 ἤμυνεν,
3436 5701 3486 5752 εί
3521 5698 3596 5769 μὴ

2008 5788 2116 5842 τῶν
2155 5786 2408 5859 πατέρων
2459 5784 2657 5854 μᾶλλον
2677 5786 2789 5847 τοῖς
2841 5786 3066 5839 ἐκείνων
3101 5787 3327 5855 ἐτήκετο
3380 5787 3594 5847 κακοῖς.

2012 5873 2077 5927 Τί
2100 5869 2193 5926 οῦν
2217 5870 2403 5940 ἐπειδὴ
2430 5872 2624 5941 ἤμυνε,
2658 5870 2752 5923 καὶ
2770 5869 2869 5940 τὴν
2900 5870 3078 5940 ψυχὴν
3100 5870 3376 5923 ἀνέπαυσε
3398 5866 3597 5939 μικρὸν

2014 5958 2121 6013 ἀπὸ
2162 5958 2260 6029 τῆς
2296 5954 2532 6026 ἀθυμίας
2558 5953 2805 6025 ἐκείνης;
2830 5949 2937 6027 ἆρα
2966 5953 3207 6028 ἠδυνῄθη
3248 5953 3433 6008 τέλεον
3460 5953 3596 6007 ἀπο-
