4060 6136
508 322 616 385 475

509 444 708 500 λαῦσαι
734 442 836 515 τῆς
878 443 1230 515 παραμυθίας
1253 446 1473 519 ἐκείνης
1496 446 1596 516 τῆς
1622 446 1731 499 ἀπὸ
1752 446 1849 516 τῆς
1876 430 2094 519 ἐκδική-

511 546 652 591 σεως
703 527 1112 600 γεγενημένηςς
1149 530 1391 602 Δευτέρα
1430 531 1529 600 μὲν
1572 524 1667 583 οὖν
1705 530 1806 583 οὐκ
1858 528 2095 599 ἔφθασεν

507 613 713 684 ἡμέρα,
757 609 991 681 καὶςτῆς
1039 610 1314 683 προτέρας
1344 613 1508 684 ἐτέρα
1545 611 1903 684 χαλεπωτέρα
1930 612 2094 666 διεδέο

508 713 632 769 χετο
662 694 754 748 τὸν
788 695 1060 766 μακάριον
1102 697 1311 752 ἐκεῖνον
1342 697 1525 767 ὀδύνη,
1574 696 1672 752 καὶ
1716 696 1879 767 φόϐος
1907 698 2095 751 τοσοῦ-

504 796 619 842 τος,
663 777 739 841 ὡς
768 777 863 830 καὶ
900 777 1173 833 ἀπελάσαι
1212 780 1312 851 τῆς
1353 780 1633 850 Αἰγύπτου
1686 781 1870 851 πάσης
1907 781 2092 834 αὐτόν.

505 862 690 914 Δεινδν
720 861 819 932 μὲν
855 856 949 916 οῦν
996 864 1089 916 καὶ
1133 863 1194 917 τὸ
1235 863 1326 932 ὑφ’
1376 863 1596 917 ὁτουοῦν
1630 862 1850 917 ἀκούειν
1883 864 2093 930 κακῶς,

505 945 637 998 ὅταν
670 943 727 997 δὲ
756 943 852 997 καὶ
885 943 994 998 τῶν
1040 946 1513 1018 εὐεργετηθέντων
1557 963 1645 1011 τις
1674 949 1703 1000 6
1736 945 1896 1001 τοῦτο
1924 946 2095 1001 ποιῶν

503 1022 562 1100 ᾖν
606 1024 701 1081 καὶ
741 1027 842 1091 τὰς
879 1030 960 1092 εἰς
1001 1029 1165 1083 αὑτὸν
1209 1029 1533 1102 εὐεργεσίας
1558 1030 1794 1102 ὀνειδίζῃ
1835 1031 1929 1085 καί
1960 1048 2096 1103 προ-

508 1111 674 1183 φέρῃ,
701 1112 797 1181 Μὴ
838 1112 1082 1168 ἀνελεῖν
1118 1131 1197 1185 με
1249 1115 1360 1185 γὰρ
1415 1113 1519 1181 σὺ,
1559 1115 1715 1186 φησί,
1759 1113 1976 1181 θέλεις,
2025 1114 2097 1169 ὃν

508 1197 735 1263 τρόπον
758 1196 998 1263 ἀνεῖλες
1029 1197 1172 1267 χθὲς
1202 1199 1310 1252 τὸν
1338 1200 1699 1269 Αίγύπτιον;
1716 1198 1836 1252 τότε
1869 1199 2095 1270 δὴ,τότε

507 1281 541 1349 ἡ
585 1279 744 1350 ῦϐρις
781 1279 1056 1351 ἀφόρητος
1101 1281 1332 1350 γίνεται,
1369 1283 1462 1336 καὶ
1488 1282 1691 1337 δύναιτ’
1724 1281 1791 1337 ἀν
1824 1283 1918 1337 καί
1958 1283 2097 1337 ἀπο-

511 1362 695 1427 πνίξαι
727 1360 817 1416 τὸν
845 1362 1232 1435 ὑϐριζόμενον·
1260 1364 1514 1418 τοσοῦτον
1551 1364 1689 1436 μετά
1717 1366 1816 1436 τῆς
1856 1366 2096 1437 ἀθυμίας

509 1447 709 1516 ἐπάγει
735 1447 828 1501 καὶ
859 1446 952 1499 τὸν
979 1447 1171 1519 θυμόν.
1222 1449 1346 1502 Ἑπί
1371 1447 1427 1503 δὲ
1461 1448 1555 1502 τοῦ
1583 1450 1827 1513 Μωσέως
1856 1449 1951 1504 καὶ
1981 1450 2097 1521 τρί-

507 1548 601 1584 τον
636 1532 824 1602 ἕτερον
865 1531 1075 1595 τούτοις
1124 1532 1359 1605 προσῆν,
1394 1535 1423 1586 6
1466 1531 1561 1585 τοῦ
1612 1533 1875 1604 βασιλέως
1909 1533 2092 1601 φόϐος,

509 1614 568 1677 6;
593 1614 767 1679 οὕτως
807 1614 1080 1686 ἐκράτησε
1116 1616 1216 1686 τῆς
1259 1615 1354 1670 τοῦ
1398 1615 1608 1669 δικαίου
1648 1616 1849 1687 ψυχῆς,
1885 1617 1961 1677 ὡς
2000 1618 2097 1673 καὶ

509 1698 610 1768 τῆς
637 1698 822 1770 χώρας
865 1686 1289 1768 ἀπάσηςάῦτὸν
1336 1698 1608 1752 ἐκϐαλεῖν.
1650 1686 1862 1752 Γίνεται
1905 1698 1969 1769 δὴ
2002 1695 2095 1753 οὖν

511 1781 691 1850 φυγὰς
714 1783 742 1834 6
764 1780 856 1834 τοῦ
881 1780 1144 1852 βασιλέως
1173 1781 1288 1845 υἰός
1308 1797 1323 1811 ·
1351 1780 1492 1835 ὥστε
1524 1782 1579 1834 εί
1607 1798 1690 1846 τις
1718 1781 1881 1836 αὑτὸν
1914 1800 2095 1853 μακα-

513 1863 655 1936 ρίζει
684 1863 775 1917 διὰ
804 1863 905 1937 τὴν
925 1865 984 1917 ἐν
1010 1865 1125 1927 τοῖς
1155 1864 1447 1935 βασιλείοις
1480 1865 1802 1937 ἀνατροφὴν
1843 1864 1939 1918 νῦν
1963 1883 2095 1937 μνη·

513 1935 787 2015 μονευέτω
819 1935 920 2017 τῆς
948 1946 1209 2016 ἀφθονίας
1251 1948 1488 2021 ἐκείνης,
1538 1935 1633 2003 καί
1679 1935 1878 2020 μυρίας
1923 1935 2094 2021 αύτὴν

508 2029 699 2101 δψεται
742 2030 983 2101 ἀθυμίας
1015 2031 1111 2084 καὶ
1147 2031 1438 2096 δυσκολίας
1486 2031 1746 2085 ὑπόθεσιν
1776 2031 1855 2102 τῷ
1899 2031 2093 2106 δικαίῳ

511 2113 904 2184 γεγενημένην.
947 2114 1022 2167 Ού
1070 2114 1180 2185 γάρ
1223 2115 1372 2168 ἐστιν
1418 2114 1534 2168 ῖσον
1576 2116 1633 2168 ἐν
1677 2114 1921 2187 ἰδιωτικῇ
1960 2132 2094 2185 τρα-

511 2196 681 2267 φέντα
726 2197 894 2268 οἰκία,
938 2198 1031 2251 καὶ
1062 2197 1294 2261 πολλοὺς
1345 2197 1444 2269 μὲν
1481 2197 1735 2269 μόχθους,
1791 2199 1993 2263 πολλὰς
2038 2198 2095 2253 δὲ

507 2278 818 2349 ἀποδημίας
877 2280 971 2334 καὶ
1021 2279 1399 2352 ταλαιπωρίας
1458 2280 1831 2352 ὑπομείναντα
1886 2282 2095 2346 πλάνας

510 2361 797 2431 ἀνέχεσθαι
827 2363 1067 2433 μακρὰς,
1100 2364 1196 2416 καὶ
1230 2364 1300 2417 τὰ
1342 2363 1442 2435 τῆς
1471 2363 1760 2437 ἀλλοτρίας
1802 2366 2094 2437 ὑπομένειν

507 2458 569 2496 τε
613 2445 759 2498 κακά
792 2458 847 2510 ιι,
901 2446 994 2499 καὶ
1042 2446 1178 2519 μηδὲ
1216 2449 1295 2512 είς
1344 2448 1603 2519 βραχεῖαν
1652 2452 1847 2521 πεῖραν
1889 2449 2095 2505 τούτων

508 2525 733 2581 ἐλθόντα
766 2528 918 2593 ποτὲ,
963 2529 1079 2583 ἀλλ’
1105 2531 1164 2583 ἐν
1208 2529 1528 2596 πολυτελείᾳ
1577 2531 1961 2586 διατελέσαντα
2002 2533 2096 2587 τὸν

509 2609 726 2690 ἅπαντα
754 2611 947 2681 χρόνον
974 2612 1033 2664 τὸ
1058 2613 1188 2666 αὐτὸ
1224 2614 1288 2684 δὴ
1319 2613 1477 2667 τοῦτο
1518 2615 1713 2668 παθεῖν
1731 2633 1744 2646 ο
1776 2616 1956 2687 πολλῴ
1985 2616 2095 2690 γάρ

507 2686 664 2756 οὗτος
711 2694 922 2746 ἐκείνου
969 2695 1359 2766 χαλεπωτέρας
1387 2693 1713 2767 αἰσθήσεται
1751 2699 1850 2769 τῆς
1892 2686 2093 2769 φυγῆς,

509 2775 565 2828 εἴ
591 2793 722 2829 ποτε
752 2778 833 2841 εἰς
853 2777 1057 2847 ταύτην
1089 2782 1428 2849 καταστῆναι
1457 2780 1696 2851 συμϐαίη
1726 2782 1826 2851 τὴν
1848 2782 2096 2854 ἀνάγκην

510 2859 692 2929 αύτῷ*
737 2859 766 2913 6
799 2859 862 2930 δὴ
906 2859 1146 2929 κάκείνῳ
1177 2862 1298 2914 τότε
1330 2862 1633 2917 συνέϐαινε.
1669 2864 1779 2917 Καὶ
1808 2866 2097 2937 γενόμενος

509 2942 710 3012 φυγὰς,
748 2943 1046 3011 κατάγεται
1083 2944 1181 3013 μὲν
1222 2943 1373 3015 παρὰ
1402 2945 1559 3017 ἀνδρί
1594 2947 1957 3020 είδωλολάτρῃ
2002 2949 2098 3004 καὶ

507 3025 793 3096 ἀλλοφύλῳ
812 3043 824 3057 ·
850 3027 945 3080 καὶ
970 3025 1128 3083 τοῦτο
1154 3026 1210 3080 δὲ
1235 3027 1571 3099 είςάθυμίας
1598 3029 1757 3099 λόγον
1785 3032 1845 3084 οὐ
1877 3031 2094 3103 μικρὸν,

511 3108 813 3175 ξενίζεσθαι
839 3110 990 3181 παρὰ
1006 3109 1084 3180 τῷ
1108 3109 1406 3181 δαιμονίοις
1435 3112 1717 3183 ἱερωμένῳ
1742 3114 1932 3184 χρόνον
1953 3113 2098 3168 οὔτω

514 3194 746 3266 μακρόν.
793 3193 1189 3266 Ἐγχειρισθεὶς
1224 3193 1281 3246 δὲ
1318 3193 1418 3265 τὴν
1447 3194 1556 3247 τῶν
1592 3197 1860 3267 ποιμνίων
1900 3196 2095 3271 ἐπιμέε

510 3272 660 3333 λειαν
686 3276 796 3331 τῶν
821 3276 1055 3342 ἐκείνου,
1086 3275 1231 3330 οῦτω
1258 3276 1327 3330 τά
1350 3278 1765 3349 τεσσαράκοντα
1804 3279 1900 3352 ἔτη
1929 3280 2099 3335 διετέ-

507 3356 684 3414 λεσεν.
704 3361 767 3414 Et
792 3359 850 3415 δέ
875 3377 982 3414 τινι
998 3356 1156 3413 τοῦτο
1181 3359 1347 3429 μηδὲν
1369 3356 1511 3413 εἶναι
1540 3360 1892 3430 δοκεῖδεινδν,
1911 3362 2097 3427 ἐξετά-

509 3460 697 3513 σωμεν
720 3445 848 3508 τοὺς
881 3443 955 3515 μὴ
972 3442 1059 3497 διὰ
1092 3441 1256 3515 φόϐον
1288 3443 1382 3498 καὶ
1406 3442 1524 3507 δέος
1545 3444 1961 3516 ἀποδημοῦντας
2003 3446 2097 3500 καὶ

510 3527 944 3598 κρυπτομένους,
989 3525 1127 3580 ἀλλά
1173 3527 1300 3590 τοὺς
1337 3527 1518 3582 ἑκοντὶ
1555 3529 1752 3601 μικρὸν
1778 3530 1879 3601 τῆς
1917 3530 2097 3595 οἰκίας

511 3607 945 3680 διασπωμένους.
973 3608 1091 3673 πῶς
1124 3608 1368 3674 ἀλύουσι,
1395 3611 1513 3675 πῶς
1541 3611 1977 3684 δυσχεραίνουσι,
2000 3613 2099 3667 πό·

513 3709 624 3746 σων
657 3692 880 3761 ἀγαθῶν
902 3692 930 3733 ι’
972 3694 1072 3764 τὴν
1117 3693 1380 3747 ἐπάνοδον
1418 3693 1678 3752 τίθενται.
1717 3696 1886 3751 Ὅταν
1917 3696 1975 3750 δὲ
2005 3698 2097 3750 καὶ

510 3776 680 3850 φόϐος
709 3778 884 3848 προσῇ
926 3776 1021 3829 καὶ
1054 3776 1169 3846 βίος
1204 3775 1576 3849 ταλαίπωρος,
1630 3779 1726 3832 καὶ
1754 3778 1825 3832 τά
1862 3780 2098 3851 φορτικά

509 3863 683 3917 ταῦτα
711 3861 807 3913 καὶ
843 3860 1056 3931 ἐπαχθῆ
1083 3860 1186 3932 τῆς
1220 3859 1446 3933 ἡδίστης
1489 3861 1753 3919 ἐπανόδου
1791 3863 2097 3934 κουφότερα

510 3947 794 4017 φαίνηται,
827 3943 926 3998 θέα
956 3961 1046 4015 μοι
1065 3942 1127 3997 τὸ
1148 3943 1392 4001 ποικίλον
1418 3943 1519 4014 τῆς
1548 3945 1854 4015 συμφορᾶς.
1874 3945 1965 4017 Μὴ
1988 3945 2094 4017 γὰρ

511 4029 699 4091 ἁπλῶς
737 4026 980 4097 ἀκούσῃς
1005 4026 1089 4091 τὸ,
1129 4026 1500 4095 ἐποίμαινεν,
1547 4026 1665 4081 ἀλλ’
1717 4027 2095 4101 ἀναμνήσθητι

510 4113 606 4168 νῦν
641 4113 751 4166 τῶν
787 4112 1049 4183 ῥημάτων
1076 4108 1170 4164 τοῦ
1209 4108 1424 4175 Ἰακὼϐ,
1449 4104 1525 4165 ὧν
1551 4111 1690 4182 πρὸς
1709 4111 1800 4168 τὸν
1829 4113 2096 4186 κηδεστὴν

510 4197 829 4267 ἀπωδύρετο
874 4194 1086 4264 λέγων’
1144 4194 1293 4264 Ἐγὼ
1343 4194 1711 4250 ἀπετίννυον
1753 4199 1893 4265 παρ’
1943 4195 2093 4270 [ἳθϐ]

509 4278 770 4348 ἐμαυτοῦ
793 4275 1100 4346 κλέμματα
1120 4277 1345 4347 ἡμέρας
1374 4276 1474 4331 καί
1506 4277 1814 4348 κλέμματα
1839 4282 2060 4346 νυκτός
2077 4297 2093 4313 ο

508 4364 804 4434 ἐγενόμην
843 4356 956 4429 τῆς
980 4358 1205 4432 ἡμέρας
1238 4363 1678 4433 συπνιαιόμενος
1708 4362 1791 4430 τῷ
1814 4365 2091 4433 καύματι,

510 4448 608 4502 καί
637 4446 716 4513 τῷ
751 4445 986 4516 auersa?)
1010 4445 1119 4515 τῆς
1144 4447 1384 4514 νυκτὸς,
1411 4448 1509 4501 καί
1532 4447 1877 4518 ἀφίστατοό
1903 4449 2096 4516 ὕπνος

509 4532 630 4587 ἀπὸ
678 4530 797 4586 τῶν
828 4528 1155 4600 ὀφθαλμῶν
1186 4548 1327 4598 μου.
1366 4529 1554 4585 Ταῦτα
1589 4531 1699 4601 γὰρ
1741 4531 1955 4588 ἅπαντα
1999 4532 2095 4586 καί¹

509 4615 685 4686 τούτῳ
737 4613 1061 4685 συμϐαίνειν
1091 4614 1238 4677 εἰκὸς
1277 4609 1368 4683 ἦν,
1404 4615 1498 4667 ἐπὶ
1542 4614 1786 4667 πλείοσιν
1823 4614 1970 4669 έτεσι
1999 4613 2096 4669 καὶ

512 4701 650 4774 μετά
695 4699 942 4771 μείζονος
960 4698 1059 4768 τῆς
1087 4697 1471 4770 σφοδρότητος,
1497 4698 1607 4769 ὅσῳ
1634 4698 1726 4751 καὶ
1748 4699 1781 4769 ἡ
1818 4697 1971 4770 χώρα
1996 4700 2097 4770 τῆς

509 4783 696 4857 χώρας
742 4780 1074 4853 ἐρημοτέρα.
1132 4781 1199 4837 Εἰ
1244 4782 1302 4835 δὲ
1350 4782 1425 4854 μὴ
1461 4781 1787 4853 ἀπωδύρατο
1833 4782 2005 4836 ταῦτα
2066 4784 2096 4836 6

508 4866 771 4934 Μωῦσῆς,
805 4864 925 4918 οὐδὲ
956 4863 1066 4935 γὰρ
1092 4875 1115 4903 ε
1145 4867 1174 4918 ὁ
1199 4866 1466 4938 μακάριος
1497 4868 1703 4930 ἐκεῖνος
1730 4860 1885 4920 εἶπεν
1928 4866 2015 4932 ἂν,
2045 4865 2095 4919 εἰ

514 4954 589 5021 μὴ
616 4951 695 5011 εἰς
731 4946 933 5018 πολλὴν
951 4946 1046 5000 τοῦ
1083 4950 1410 5019 πράγματος
1429 4950 1666 5020 κατέστη
1697 4949 1795 5020 τὴν
1823 4950 2091 5021 ἀνάγκην,

510 5034 605 5086 καὶ
637 5032 744 5085 ὑπὸ
788 5031 890 5101 τῆς
929 5032 1327 5103 ἀγνωμοσύνης
1358 5031 1452 5085 τοῦ
1506 5032 1766 5104 κηδεστοῦ
1809 5036 1889 5097 εἰς
1922 5035 2095 5088 ταῦτα

510 5116 683 5171 ἐλθεῖν
735 5113 965 5184 ἐϐιάσθη
992 5114 1061 5168 τά
1092 5115 1335 5187 ῥήματα.
1378 5116 1554 5189 Ἰκανὴ
1589 5118 1686 5187 μὲν
1709 5112 1802 5178 οὖν
1837 5119 1933 5172 καὶ
1954 5120 2092 5187 αὑτὴ

512 5199 632 5253 καθ’
652 5198 852 5270 ἑαυτὴν
867 5200 901 5269 ἡ
921 5196 1177 5269 ἀλλοτρία
1200 5199 1539 5254 ταπεινῶσαι
1565 5200 1654 5253 τὸν
1677 5201 1867 5271 ἄνδρα,
1886 5202 1977 5256 τὸν
2000 5204 2095 5257 καί

511 5284 703 5356 χρείας
734 5284 923 5337 ἕνεκεν
958 5281 1346 5352 ἀποδημοῦντα
1388 5283 1569 5354 μόνον.
1618 5283 1708 5347 Ὠς
1743 5284 1851 5354 γὰρ
1884 5284 2091 5357 ὄρνεον,

512 5370 701 5440 φησὶν,
729 5368 860 5422 ὅταν
886 5366 1199 5438 ἐκπετασθῇ
1229 5369 1295 5420 ἐκ
1320 5368 1420 5437 τῆς
1446 5369 1667 5432 νοσσιᾶς
1703 5367 1891 5431 αὑτοῦ,
1922 5368 2095 5437 οὕτως

512 5453 608 5508 ἀνθ
618 5470 799 5526 ρωπος
824 5451 1126 5518 δουλοῦται,
1152 5451 1280 5509 ὅταν
1306 5448 1621 5523 ἀποξενωθῇ
1663 5452 1771 5506 ἀπὸ
1802 5453 1910 5508 τῶν
1950 5455 2094 5510 ἰδίων

576 5572 602 5646 ξ¹
624 5569 762 5646 (ξομ).
783 5569 1295 5646 ὑπομείναντωπόνους
1316 5571 1563 5646 ἀνέχεσθαι
1583 5572 1809 5646 μακροὺς,
1832 5573 1913 5646 καί
1934 5574 1995 5623 τά
2013 5581 2096 5634 τῆς

511 5635 761 5713 ἀλλοτρίας
778 5633 923 5713 κακά,
967 5633 1136 5713 612ml.
1154 5633 1483 5713 ’ὑπομείναντα
1504 5633 1696 5710 πλάνας
1712 5635 1983 5713 (ἀνέχεσθαυ
2003 5633 2095 5697 μα-

517 5697 647 5760 κρὰς,
664 5695 829 5760 καὶγτᾴ
865 5700 950 5752 τῆς
971 5695 1222 5760 ἀλλοτρίας
1256 5695 1503 5759 ὑπομένειν
1525 5698 1687 5760 κακά,
1712 5695 1876 5760 SaV'il,
1892 5695 2095 5755 πλάνους

516 5757 588 5805 ἀν.
611 5775 659 5817 μ.
685 5757 842 5805 καὶτὰ
862 5762 945 5814 τῆς
961 5757 1210 5822 ἀλλοτρίας
1225 5757 1474 5821 ὑπομένειν
1495 5775 1547 5807 τε
1567 5759 1712 5807 κακά.
1867 5758 1879 5772 ⁸

576 5816 606 5858 δ
626 5818 761 5870 COIb.
794 5826 846 5867 Cl
868 5819 1014 5867 Savil.
1039 5820 1189 5867 πόσον
1214 5820 1404 5880 ἀγαθόν.

579 5882 604 5911 θ
628 5881 680 5928 Si
702 5885 832 5929 nota:
851 5882 1103 5939 marginuli
1132 5880 1282 5930 Savil.
1309 5883 1449 5937 ﬁdes.
1473 5883 1741 5941 legendum
1768 5889 1931 5935 esset:
1961 5887 2015 5935 Εἰ
2041 5887 2092 5935 δὲ

520 5939 648 6003 μὴ...
673 5943 886 6000 Μωῠσῆς
906 5945 968 6005 μὴ
993 5944 1251 6008 θαυμάσῃς
1280 5945 1387 5994 οὐδὲ
1410 5939 1674 6009 γάρζιιυιτ.

1207 325 1264 381 S.
1303 324 1589 385 JOANNIS
1629 322 2122 386 CHRYSOSTOMI
2172 330 2490 388 ARCIIIEP.
2536 331 3080 389 CONSTANTINOP.

3674 328 3789 387 6⁸14

2196 450 2396 505 τόπων.
2435 453 2567 507 Τότε
2592 453 2648 507 δὲ
2687 452 2825 523 πρὸς
2846 451 3018 523 τούτῳ
3043 451 3164 504 οὐδὲ
3191 449 3333 520 ὑπὲρ
3368 450 3469 521 τῆς
3502 450 3640 513 ἰδίας
3674 467 3788 504 σω-

2193 533 2387 605 τηρίας
2419 531 2531 607 εἶχε
2577 536 2820 608 θαρρεῖν,
2869 535 2983 589 ἀλλ’
3017 535 3206 608 ὥσπερ
3251 551 3336 597 τις
3374 533 3596 605 οἰκέτης
3626 532 3787 605 ὠμὸν

2194 617 2461 689 δεσπότην
2504 619 2746 690 ἀποδρὰς
2780 619 2972 690 τρέμει
3001 618 3322 684 διαπαντὸς.
3351 618 3447 672 καὶ
3472 618 3682 671 δέδοικε
3708 616 3791 689 μὴ

2197 699 2340 770 ἀλῷ·
2363 698 2506 754 οὕτω
2535 702 2630 755 καὶ
2654 705 2683 755 6
2711 704 2979 773 μακάριος
3022 702 3230 773 Μωσῆς
3270 702 3422 773 φόϐῳ
3476 700 3680 770 συνέζη
3705 699 3791 755 δι-

2196 786 2410 855 ηνεκεῖ·
2442 785 2537 838 καὶ
2565 784 2726 855 δῆλον
2755 784 2813 852 ἐξ
2854 780 2929 838 ὧν
2961 786 3164 840 καὶτοῦ
3198 785 3333 840 Θεοῦ
3359 785 3495 855 μετά
3525 783 3792 837 τοσοῦτον

2195 868 2387 938 χρόνον
2401 867 2716 938 κελεύοντος
2736 868 3013 933 ἀπελθεῖν,
3047 869 3339 924 ἀναδύεται
3372 868 3470 922 καὶ
3490 868 3665 931 ὀκνεῖ,
3691 866 3793 920 καὶ

2194 936 2368 1004 ταῦτα
2396 936 2636 1015 ἀκούσας
2687 953 2769 1007 ὅτι
2796 950 2857 1006 '0
2877 951 3066 1021 ζητῶν
3093 952 3209 1022 τὴν
3228 951 3444 1023 ψυχὴν
3472 950 3664 1006 αὐτοῦ
3692 948 3792 1005 τέ·

2196 1035 2440 1103 θνηκεν.

2270 1155 2337 1226 β’.
2389 1156 2610 1228 Ἐπειδὴ
2638 1156 2696 1210 δέ
2730 1171 2860 1210 ποτε
2898 1153 3124 1227 ἐπείσθη
3158 1152 3255 1208 καὶ
3290 1151 3520 1217 άτᾶιλθε,
3554 1153 3651 1205 καὶ
3682 1150 3790 1221 τὴν

2197 1241 2431 1306 γυναῖκα
2451 1240 2543 1293 καὶ
2563 1240 2691 1304 τοὺς
2711 1239 2906 1302 παῖδας
2919 1238 3238 1310 ἠναγκάσθη
3259 1237 3601 1300 καταλιπεῖν,
3618 1234 3789 1288 πάλιν

2200 1321 2436 1395 μέμψεις
2459 1324 2553 1378 καὶ
2578 1324 2765 1396 ὕϐρεις
2791 1324 2884 1378 καὶ
2909 1323 3130 1377 ἀπειλαὶ
3156 1322 3308 1394 παρά
3335 1321 3429 1375 τοῦ
3453 1319 3788 1393 κρατοῦντος

2195 1406 2296 1475 τῆς
2320 1406 2598 1474 Αἰγύπτου
2614 1407 2755 1471 τότε,
2786 1407 3110 1478 κατηγορίαι
3136 1405 3194 1460 δὲ
3226 1406 3320 1460 καὶ
3347 1405 3478 1477 ἀραὶ
3497 1402 3650 1476 παρά
3672 1400 3791 1455 τῶν

2197 1489 2669 1560 εὐεργετουμένων
2715 1490 2915 1546 αὐτῶν.
2957 1490 3017 1546 '0
3050 1492 3148 1562 μὲν
3187 1485 3286 1544 οὖν
3318 1489 3523 1557 ἔλεγεν·
3575 1485 3788 1547 ⁸1νατί,

2194 1573 2385 1642 Μωσῆ
2409 1575 2509 1629 καί
2546 1575 2781 1645 Ἀαρὼν,
2803 1574 3189 1644 διαστρέφετς
3209 1574 3317 1628 τὸν
3336 1572 3491 1629 λαὸν
3520 1570 3644 1627 ἀπὸ
3665 1569 3790 1624 τῶν

2196 1653 2387 1726 ἔργων
2419 1655 2651 1722 αὐτῶν;
2697 1657 3003 1714 Ἀπέλθετε
3052 1659 3312 1724 ἕκαστος
3343 1654 3510 1727 ὑμῶν
3538 1654 3694 1724 πρὸς
3712 1653 3791 1706 τὰ

2195 1737 2341 1808 ἔργα
2361 1739 2571 1795 αὑτοῦ·
2608 1744 2657 1796 οἱ
2691 1742 2749 1796 δὲ
2778 1743 3143 1814 Ἰσραηλῖται·
3172 1741 3335 1802 Ἵδοι,
3371 1741 3556 1811 φασιν,
3575 1742 3608 1793 ὀ
3638 1737 3790 1804 Θεὸς

2196 1820 2354 1890 ὑμᾶς
2382 1824 2481 1878 καὶ
2513 1825 2732 1892 κρίναι,
2754 1826 2843 1880 ὅτι
2865 1826 3227 1892 ἐϐδελύξατε
3247 1824 3361 1893 τὴν
3385 1822 3589 1893 ὀσμὴν
3612 1820 3790 1890 ἡμῶν

2195 1903 2453 1960 ἐνώπιον
2485 1907 2714 1977 Φαραὼ,
2738 1909 2835 1963 καί
2863 1907 3122 1964 ἐνώπιον
3137 1907 3257 1964 τῶν
3279 1908 3663 1977 θεραπόντων
3686 1906 3788 1958 αὑ-

2197 1990 2325 2052 τοῦ,
2354 1989 2567 2045 δοῦναι
2586 1992 2895 2061 ῥομφαίαν
2921 1995 3008 2059 εἰς
3035 1993 3140 2059 τὰς
3180 1993 3384 2061 χεῖρας
3409 1988 3612 2045 αὐτῶν
3630 1990 3790 2043 ἀπο-

2197 2072 2422 2129 κτεῖναι
2446 2073 2625 2145 ἡμᾶς.
2672 2077 2908 2149 Λυπηρά
2951 2076 3049 2149 μὲν
3082 2073 3175 2132 οῦν
3199 2074 3374 2130 ταῦτα
3410 2075 3507 2129 καὶ
3542 2072 3788 2143 ἐπαχθῆ,

2195 2158 2257 2211 τὸ
2281 2159 2337 2212 δέ
2377 2160 2595 2213 πάντων
2636 2160 3041 2233 φορτικώτερον
3095 2163 3271 2214 ἐκεῖνο
3292 2156 3381 2232 ἦν,
3410 2161 3494 2212 ὅτι
3526 2155 3791 2211 εἰσελθὼν

2198 2243 2290 2296 καὶ
2322 2242 2491 2314 μυρία
2519 2244 2985 2315 ἐπαγγειλάμενος
3013 2244 3215 2312 ἀγαθὰ,
3249 2242 3589 2314 ἐλευθερίαν,
3609 2239 3792 2294 ἀπαλ·

2196 2324 2366 2398 λαγὴν
2394 2327 2503 2381 τῶν
2524 2327 2886 2398 ἐπικειμένων
2913 2327 3118 2388 κακῶν,
3136 2327 3311 2394 ἔδοξεν
3336 2322 3474 2380 εἶναι
3503 2321 3790 2379 άπατεὼν.

2197 2411 2272 2462 Οὐ
2303 2409 2412 2482 γὰρ
2442 2412 2603 2482 μόνον
2628 2411 2811 2475 αὐτοῖς
2835 2413 2935 2468 οὐκ
2970 2410 3341 2487 ἐπεκ-ουφίσθη
3374 2409 3436 2463 τὸ
3456 2409 3556 2479 τῆς
3575 2410 3792 2460 ἐπικει-

2201 2493 2367 2566 μένης
2391 2494 2634 2560 δουλείας
2659 2496 2845 2568 βάρος,
2878 2495 3012 2550 ἀλλά
3043 2496 3137 2550 καὶ
3154 2495 3289 2568 πρὸς
3313 2494 3374 2548 τὸ
3405 2491 3794 2564 χαλεπώτερον

2198 2578 2527 2644 ἐπετείνετο,
2558 2580 2652 2633 καὶ
2679 2580 2708 2633 6
2743 2580 3135 2653 προσδοκηθελς
3163 2577 3531 2651 ἐλευθερωτὴς
3564 2576 3793 2629 ἔσεσθαι

2198 2662 2293 2717 τοῦ
2324 2663 2526 2727 παντὸς
2563 2664 2771 2730 ἔθνους,
2818 2664 2913 2719 καί
2944 2662 3101 2717 τοῦτο
3130 2662 3626 2732 ἐπαγγειλάμενος,
3678 2659 3793 2712 τῶν

2200 2746 2587 2815 στρεϐλώσεων
2618 2748 2713 2802 καὶ
2750 2747 2858 2802 τῶν
2896 2748 3175 2819 μαστίγων
3210 2748 3384 2809 αἴτιος
3410 2744 3591 2810 ἔδοξεν
3612 2739 3784 2807 εἶναι,

2198 2832 2292 2885 καὶ
2337 2830 2619 2895 ἐπίϐουλος
2644 2831 2736 2885 καὶ
2762 2830 2997 2903 λυμεὼν.
3027 2832 3123 2893 Τίς
3149 2831 3250 2883 οὐκ
3272 2829 3338 2883 ἂν
3376 2829 3484 2881 ὑπὸ
3510 2828 3613 2899 τῆς
3651 2826 3794 2880 ἀθυ-

2201 2916 2332 2986 μίας
2365 2915 2643 2986 κατεπόθη
2696 2915 2914 2987 ῥᾳδίως,
2949 2913 3318 2985 ὑποσχόμενος
3346 2914 3447 2983 μὲν
3474 2911 3633 2965 λύσιν
3677 2910 3794 2964 τῶν

2198 2998 2467 3053 τοσούτων
2494 2998 2701 3063 κακῶν,
2734 2998 2872 3069 μετά
2900 2998 2957 3051 δέ
2984 2997 3081 3069 τὴν
3125 2997 3422 3066 ὑπόσχεσιν
3465 2994 3795 3068 προσθήκην

2200 3079 2402 3153 ἑτέρων
2454 3082 2853 3152 χαλεπωτέρων
2897 3081 3054 3148 ίδών;
3122 3079 3348 3151 Ἤθύμει
3408 3080 3508 3149 μὲν
3563 3076 3658 3133 οὖν
3710 3079 3794 3142 ὡς

2198 3163 2427 3236 ἀθυμεῖν
2455 3164 2600 3228 εἰκὸς
2637 3165 2729 3219 τὸν
2773 3164 2947 3217 ταῦτα
2988 3162 3255 3220 ἀκούοντα
3300 3162 3395 3216 καὶ
3430 3162 3669 3235 ὁρῶντα,
3722 3162 3794 3216 οὐ

2197 3248 2579 3319 παρετρέπετο
2601 3248 2658 3302 δὲ
2674 3248 2778 3302 ὑπὸ
2798 3247 2890 3302 τοῦ
2922 3248 3144 3311 πάθους,
3176 3247 3290 3303 ἀλλ’
3317 3247 3507 3318 ἔμενεν
3536 3246 3791 3317 ἀκλινὴς,

2198 3332 2377 3386 καίτοι
2408 3334 2531 3396 ταῖς
2579 3331 2933 3401 ἐπαγγελίαις
2963 3331 3070 3386 τῶν
3098 3331 3400 3402 γινομένων
3446 3331 3509 3384 ού
3548 3330 3792 3402 συμϐαιο

2197 3416 2416 3481 νόντων,
2444 3415 2578 3469 ἀλλὰ
2609 3416 2703 3469 καὶ
2734 3415 3076 3487 μαχομένων.
3108 3414 3428 3486 Προσελθὼν
3455 3415 3512 3468 δὲ
3537 3414 3622 3485 τῷ
3642 3411 3793 3485 Θεῷ,

2198 3498 2292 3552 καὶ
2323 3497 2622 3569 διαλεχθεὶς
2656 3494 2796 3571 ὑπὲρ
2825 3498 3052 3561 τούτων,
3087 3499 3179 3552 καὶ
3203 3499 3615 3570 ἀποδυράμενος
3657 3494 3795 3550 πολ-

2198 3580 2285 3634 λά·
2333 3577 2457 3634 εἶπε
2509 3581 2637 3651 γάρ,
2678 3582 2832 3652 φησὶ,
2865 3582 3064 3649 Κύριε,
3098 3580 3197 3635 διὰ
3221 3582 3277 3634 τί
3309 3581 3627 3645 ἐκάκωσας
3678 3578 3796 3633 τὸν

2197 3666 2351 3720 λαόν
2378 3681 2517 3729 σου,
2552 3666 2650 3720 καί
2695 3667 2854 3720 ἱνατί
2905 3665 3270 3733 ἀπέστειλας
3291 3681 3403 3736 με;
3427 3666 3527 3719 καί
3559 3664 3661 3734 ἀφ’
3710 3657 3791 3720 οὗ

2197 3752 2665 3819 εὶσπεπῴευμαι
2705 3749 2856 3819 πρὸς
2891 3749 3101 3819 Φαραὼ
3138 3751 3408 3820 λαλῆσαι
3436 3751 3535 3805 ἐπὶ
3559 3749 3640 3815 τῷ
3692 3746 3788 3815 σῷ

2198 3835 2460 3903 ὀνόματι,
2490 3832 2760 3888 ἐκάκωσε
2806 3833 2913 3888 τὸν
2950 3834 3107 3889 λαὸν
3139 3835 3375 3900 τοῦτον,
3413 3835 3507 3889 καὶ
3546 3837 3661 3889 οὐκ
3687 3834 3787 3902 ἐῤ-

2189 3919 2360 3987 ῥύσω
2376 3919 2482 3971 τὸν
2502 3916 2657 3971 λαόν
2680 3933 2819 3972 σου’
2845 3918 3019 3972 ταῦτα
3046 3919 3110 3990 δὴ
3130 3915 3222 3973 οὖν
3260 3919 3556 3992 θρηνήσας,
3592 3919 3686 3972 καὶ
3717 3919 3787 3973 τά

2198 3999 2337 4056 αύτά
2358 4000 2519 4056 πάλιν
2546 3999 2784 4066 ἀκούσας
2825 4001 2968 4075 άπερ
2998 4004 3093 4057 καὶ
3128 4002 3416 4074 πρότερον,
3448 4001 3785 4071 ἀπαγγέλλει

2200 4084 2300 4156 μέν
2332 4084 2473 4140 αύτά
2499 4087 2613 4150 τοῖς
2656 4086 3017 4158 Ἰσραηλίταις
3057 4086 3240 4150 πάλιν,
3287 4087 3347 4141 οὐ
3384 4086 3785 4158 παραδέχονται

2196 4169 2254 4223 δὲ
2288 4172 2487 4224 ἐκεῖνοι
2510 4169 2587 4242 τῷ
2615 4172 2936 4247 κρατεῖσθαι
2961 4171 3061 4238 τάς
3088 4172 3262 4243 ψυχὰς
3290 4173 3395 4227 ὑπὸ
3423 4172 3516 4226 τοῦ
3530 4173 3784 4244 καμάτου

2196 4254 2291 4306 καί
2316 4253 2420 4323 τῆς
2431 4253 2531 4308 ἀθυ
2541 4253 2689 4326 μίας.
2715 4254 3224 4326 Οὑκεὶσήκουσαν
3247 4255 3357 4327 γάρ
3370 4253 3652 4322 Μωσέως,
3682 4272 3785 4325 φη-

2198 4336 2302 4400 σὶν,
2323 4337 2443 4391 ἀπὸ
2467 4335 2576 4404 τῆς
2595 4338 2850 4407 ἀθυμίας
2878 4339 2977 4393 καί
2997 4340 3114 4394 ἀπὸ
3133 4337 3251 4393 τῶν
3270 4338 3461 4409 ἔργων
3485 4338 3608 4393 τῶν
3631 4337 3784 4412 [207]

2195 4419 2499 4488 σκληρῶν.
2531 4422 2643 4476 Καὶ
2666 4421 2824 4477 τοῦτο
2847 4423 2901 4476 δὲ
2930 4425 3031 4495 οὑχ
3058 4423 3134 4489 ὡς
3161 4423 3348 4494 ἔτυχεν
3371 4424 3531 4479 αὐτὸν
3547 4423 3783 4478 ἐθλιϐεν.

2206 4504 2296 4568 Ὠς
2328 4503 2386 4557 δὲ
2414 4505 2507 4558 ὲ.πί
2546 4504 2658 4559 τῶν
2707 4507 2950 4578 σημείων
2974 4507 3204 4576 ἐγίνετο,
3252 4508 3348 4561 καὶ
3377 4506 3643 4573 πολλάκις
3679 4508 3786 4562 ὑπὸ

2194 4587 2289 4643 τοῦ
2310 4586 2511 4661 Φαραὼ
2548 4586 2888 4659 διαπαιχθείς
2914 4590 3112 4661 ἧνεγκε
3151 4591 3412 4660 γενναίως
3448 4592 3545 4646 καὶ
3577 4592 3784 4664 ταύτην

2195 4672 2293 4745 τὴν
2325 4672 2636 4745 χλευασίαν,
2671 4672 3011 4743 ἀπαλλαγεὶς
3051 4675 3149 4746 τῆς
3181 4674 3481 4743 Αἰγύπτου,
3515 4675 3610 4730 καὶ
3645 4675 3782 4750 θαρ-

2197 4758 2373 4829 ρήσας
2407 4756 2547 4829 μετά
2578 4755 2685 4811 τῶν
2737 4757 3003 4811 Ἰουδαίων
3050 4757 3255 4824 λοιπὸν,
3291 4760 3419 4831 πρὶν
3441 4759 3785 4813 ἀναπνεῦσαι

2194 4841 2396 4906 τέλεον,
2426 4840 2505 4913 τῷ
2532 4841 2801 4913 προτέρῳ,
2827 4840 3025 4912 μᾶλλον
3049 4842 3105 4895 δὲ
3136 4844 3230 4897 καὶ
3257 4841 3437 4913 πολλῷ
3465 4841 3676 4914 μείζονι
3690 4841 3783 4897 τοῦ

2197 4926 2462 5000 προτέρου
2494 4926 2933 4997 κατελαμϐάνετο
2964 4927 3133 4997 φόϐῳ.
3154 4926 3322 4981 Οὔπω
3352 4927 3460 4998 γὰρ
3489 4926 3613 4981 ὅλαι
3635 4930 3784 4999 τρεῖς

2197 5011 2419 5084 ἡμέραι,
2444 5011 2537 5065 καὶ
2559 5012 2684 5075 τοὺς
2719 5009 3025 5083 βαρϐάρους
3040 5009 3285 5074 ἅπαντας
3318 5010 3458 5082 μετά
3475 5010 3584 5063 τῶν
3601 5009 3785 5064 ὃπλων

2195 5092 2334 5149 εἶδον
2374 5095 2601 5166 πλησίον
2640 5094 2882 5159 ἑστῶτας
2924 5095 3125 5160 αὐτῶν,
3165 5096 3257 5149 καὶ
3288 5096 3483 5150 ταυτὸν
3516 5094 3782 5166 ἔπασχον,

2195 5176 2307 5235 οἷον
2336 5182 2383 5233 εξ
2405 5180 2671 5254 δραπέται
2696 5180 2842 5244 τινὲς
2867 5179 2962 5234 ἐπὶ
3013 5181 3113 5252 τῆς
3144 5179 3429 5252 ἀλλοτρίας
3477 5181 3637 5251 ἄφνω
3672 5184 3784 5246 τοῖς

2196 5263 2305 5317 τῶν
2356 5263 2634 5317 δεσποτῶν
2670 5264 3003 5334 ἐμπεσόντες
3034 5263 3352 5336 ὸφθαλμοίςο
3384 5266 3418 5336 ἢ
3448 5266 3498 5318 εἰ
3528 5265 3786 5336 καθάπερ

2196 5348 2350 5403 αὐτοὶ
2376 5348 2439 5418 δὴ
2466 5340 2613 5402 οῦτοι
2641 5346 2825 5402 εἴποτε
2854 5348 3068 5420 συμϐὰν
3099 5351 3354 5421 χρηστοῖς
3382 5349 3659 5420 ὀνείρασιν
3696 5352 3786 5402 ἐν·

2195 5433 2590 5504 τρυφήσαντες,
2618 5433 2712 5486 καλ⁸
2749 5432 2953 5504 ταύτην
2984 5434 3380 5503 φαντασθέντες
3406 5432 3506 5503 τὴν
3533 5433 3782 5486 ἀπαλλα-

2196 5517 2322 5588 γὴν,
2360 5513 2480 5570 εἷτα
2518 5516 2892 5589 διεγερθέντες
2925 5512 3084 5590 εὗρον
3140 5519 3368 5582 ἑαυτοὺς
3413 5520 3473 5572 ἐν
3518 5519 3782 5588 Αἰγύπτῳ

2198 5602 2383 5665 πάλιν,
2426 5599 2520 5654 καὶ
2552 5604 2664 5664 τοῖς
2698 5601 2905 5673 ὁμοίοις
2948 5604 3157 5666 κακοῖς.
3194 5601 3413 5656 Μᾶλλον
3449 5603 3506 5656 δὲ
3542 5604 3645 5656 οὑκ
3666 5598 3782 5656 οἶδα

2194 5688 2248 5739 τί
2284 5688 2350 5742 ἀν
2384 5704 2469 5750 τις
2505 5687 2703 5750 αὐτοὺς
2731 5688 2864 5760 φαίη
2890 5687 3130 5759 νομίζειν
3156 5689 3309 5760 ὄναρ,
3339 5689 3438 5753 τάς
3469 5693 3613 5760 τρεῖς
3645 5688 3784 5759 ἡμέ-

2198 5788 2298 5842 ρας
2352 5771 2451 5839 τῆς
2497 5770 2840 5844 ἀπαλλαγῆς,
2872 5773 2906 5843 ἦ
2941 5772 3040 5844 τὴν
3074 5773 3353 5845 παροῦσαν
3398 5774 3524 5844 ὄψιν
3565 5774 3785 5847 ἐκείνην

2198 5855 2296 5923 τὴν
2333 5853 2579 5926 φρικώδη
2637 5857 2731 5908 καὶ
2788 5855 3043 5927 φοϐεράνσ
3081 5857 3321 5928 τοσαύτη
3370 5856 3777 5928 κατεσκεδάσθη

2198 5940 2307 6002 τοῖς
2337 5939 2590 5993 ἁπάντων
2615 5938 2912 6014 ὀφθαλμοῖς
2932 5926 3175 6012 ἀθυμίας
3206 5926 3390 6012 ἀχλύς.
3428 5943 3485 5997 '0
3500 5942 3556 5995 δὲ
3574 5926 3780 6013 Μωσῆς
