4060 6136
390 335 498 391 473

394 457 477 500 tur
509 454 852 518 posteaquam
892 449 1009 507 illos
1044 451 1185 507 ultus
1212 462 1313 521 est,
1346 471 1472 510 num
1509 456 1592 513 vel
1633 472 1820 529 parum
1849 462 1967 517 ani-

391 553 511 594 mus
563 555 629 595 ex
664 557 896 598 mterore
926 543 1016 599 illo
1045 546 1310 600 relaxatus
1349 549 1469 602 est?
1501 552 1739 619 potuitne
1767 551 1966 608 diutius

378 630 492 686 ἰ’ιυὶ
528 634 893 690 consolatione
932 634 1070 690 illius
1094 636 1349 693 ultionis?
1391 638 1489 694 Vix
1515 640 1631 696 dies
1655 643 1821 698 altera
1848 644 1968 699 illu-

1212 343 1303 399 ΑΒ
1339 344 1711 406 STAGlRlUM
1751 351 1790 404 Α
1833 350 2132 412 υΔΕΜΟΝΕ
2172 359 2519 421 νΕΧΑΤυΜ.
2561 367 2670 424 LlB
2732 370 2816 425 lll.

3539 391 3641 448 474

2075 467 2245 524 salute
2270 485 2488 529 securus
2511 490 2631 533 esse
2657 489 2861 548 poterat
2892 483 2997 551 ille,
3023 487 3117 542 sed
3144 499 3199 545 ut
3222 505 3406 551 servus
3429 498 3638 569 aliquis,

2074 558 2493 656 crudelissimum
2532 565 2803 625 dominum
2840 573 3131 645 ellugiens,
3165 591 3320 649 pavet
3345 558 3555 656 semper
3580 558 3643 646 ac

2077 647 2304 717 trepidat
2322 667 2388 707 ne
2408 654 2646 723 capiatur
2669 674 2683 712 :
2707 659 2778 715 ita
2797 671 2851 716 et
2870 663 3056 721 beatus
3077 647 3248 726 Moses
3269 673 3322 728 in
3344 647 3486 732 metu
3507 693 3642 736 sem-

391 732 561 840 Ireret,
588 726 949 828 cum-beatum
976 726 1122 828 illum
1149 726 1300 782 dolor
1325 729 1460 784 alius
1480 739 1533 786 et
1553 731 1768 801 quidem
1792 734 1968 836 priore
2072 751 2169 806 per
2192 747 2307 796 erat
2336 758 2351 796 :
2379 742 2535 814 idque
2556 760 2622 802 ex
2647 763 2713 803 eo
2735 752 2964 809 maxime
2992 755 3187 826 liquet,
3219 726 3495 831 quod—lle;

388 813 545 885 longe
590 817 802 885 gravior
844 815 1087 887 excepit,
1129 826 1411 890 tantusque
1452 830 1644 889 metus,
1689 834 1746 878 ut
1791 824 1962 894 ipsum

388 907 621 981 Egypto
652 916 759 963 tota
785 908 1112 965 deturbaret.
1141 910 1340 966 Durum
1361 914 1571 984 quidem
1593 930 1656 971 ac
1679 916 1963 972 molestum

387 1010 471 1055 est
490 1042 506 1067 ,
538 1015 567 1053 a
594 1001 781 1070 quovis
811 1001 1024 1057 homine
1052 1002 1345 1059 maledictis
1374 1005 1597 1072 lacessi;
1628 1023 1811 1063 verum
1841 1023 1962 1064 cum

387 1091 658 1146 beneﬁciis
695 1092 955 1162 quiSpiam
990 1092 1209 1149 allectus
1237 1094 1489 1150 beneﬁcia
1536 1098 1647 1168 ipsa
1673 1101 1963 1170 exprobra-

385 1181 520 1235 verit
548 1199 561 1235 :
592 1180 857 1252 Numquid
881 1183 1103 1238 occidere
1128 1201 1205 1238 me
1230 1194 1282 1239 tu
1305 1187 1397 1254 vis,
1427 1187 1612 1258 inquit,
1640 1191 1963 1257 quemadmo-

384 1271 505 1325 dum
524 1269 828 1343 Egyptians
855 1273 961 1327 lteri
989 1275 1213 1330 occidisti
1236 1276 1433 1348 (Exod.
1456 1278 1513 1332 2.
1540 1279 1663 1353 μη
1687 1291 1809 1337 tunc
1825 1284 1979 1352 jam,»

388 1370 512 1416 tunc
532 1364 760 1417 eliieitur
782 1378 843 1419 ea
874 1366 1196 1421 contumelia
1225 1368 1591 1435 intolerabilis,
1615 1373 1685 1426 ita
1714 1381 1768 1426 ut
1794 1374 1962 1443 possit

382 1454 472 1508 illa
502 1454 685 1509 laesum
716 1454 980 1512 suﬁ'ocare
1005 1475 1018 1512 :
1043 1466 1239 1512 tantam
1267 1459 1398 1515 iram
1426 1460 1596 1517 dolori
1620 1464 1955 1534 conjunctam

381 1545 553 1600 aﬁ‘ert.
584 1547 651 1600 At
680 1561 807 1603 vero
832 1547 883 1602 in
915 1548 1060 1604 Mose
1089 1559 1279 1619 praeter
1302 1550 1417 1607 ιιωο
1443 1553 1587 1608 aliud
1615 1571 1823 1626 quoque
1845 1567 1953 1611 tero

387 1636 516 1692 tium
546 1635 716 1692 inerat
734 1679 749 1703 ,
777 1639 917 1708 regis
943 1640 1189 1695 videlicet
1213 1650 1385 1696 metus
1403 1683 1417 1707 ,
1446 1645 1534 1712 qui
1561 1644 1695 1700 adeo
1712 1644 1838 1717 justi
1865 1661 1957 1702 oc-

381 1739 662 1799 cupaverat
690 1732 927 1788 animum
945 1775 958 1797 ,
987 1742 1044 1787 ut
1073 1734 1318 1789 universa
1347 1734 1495 1789 illum
1525 1737 1742 1808 regione
1771 1747 1955 1794 extur-

379 1821 549 1877 baret.
606 1821 850 1878 Efﬁcitur
890 1823 1139 1895 fugitivus
1179 1825 1320 1895 regis
1358 1824 1518 1880 ﬁlius.
1550 1826 1729 1898 Itaque
1762 1829 1808 1883 si
1838 1829 1955 1898 quis

378 1913 537 1983 regiae
577 1912 723 1977 illum
767 1914 1094 1976 educationis
1137 1930 1296 1970 causa
1335 1916 1548 1973 beatum
1581 1918 1875 1986 putaverit,
1908 1918 1954 1973 is

377 2003 537 2058 modo
564 2004 754 2073 prioris
787 2002 1124 2059 abundantiae
1152 2005 1479 2074 recordetur,
1512 2019 1667 2078 atque
1698 2009 1839 2063 illam
1862 2009 1949 2080 ju-

381 2103 465 2148 sto
494 2095 623 2148 viro"
645 2094 845 2170 doloris
873 2096 1099 2167 ingentis
1126 2106 1179 2152 et
1206 2100 1461 2169 angustia:
1489 2101 1763 2155 materiam
1791 2101 1954 2159 fuisse

383 2183 601 2240 videbit.
643 2184 827 2254 Neque
865 2187 1007 2240 enim
1050 2186 1188 2242 idem
1223 2197 1303 2243 est
1339 2189 1637 2259 quempiam
1669 2191 1720 2244 in
1752 2192 1952 2260 privata

378 2280 628 2333 nutritum
645 2279 825 2345 domo,
849 2280 1088 2350 plurimis
1103 2281 1213 2351 jam
1235 2282 1500 2338 laboribus
1526 2285 1809 2356 multisque
1834 2303 1951 2357 per-

373 2369 785 2439 egrinationibus
808 2379 862 2427 et
897 2373 1147 2427 aerumnis
1173 2375 1373 2430 exactis
1393 2417 1409 2441 ,
1437 2375 1622 2446 longos
1657 2376 1845 2432 iterum
1874 2379 1953 2434 la-

373 2461 529 2517 bores
555 2470 713 2534 atque
740 2479 804 2519 ea
830 2464 1164 2519 incommoda
1193 2481 1311 2536 qua:
1345 2475 1496 2522 extra
1525 2470 1749 2538 patrium
1776 2470 1949 2526 solum

370 2558 673 2612 necessario
701 2558 973 2613 subeunda
1003 2568 1127 2613 sunt
1152 2559 1380 2629 perpeti,
1412 2568 1465 2614 et
1490 2576 1610 2616 eum
1637 2563 1726 2632 qui
1756 2563 1853 2618 ista
1883 2578 1951 2620 ne

370 2649 646 2704 minimum
671 2647 884 2719 quidem
911 2647 1069 2703 luerit
1091 2658 1362 2720 expertus,
1388 2650 1483 2706 sed
1506 2651 1557 2705 in
1579 2667 1757 2725 rerum
1785 2652 1951 2708 abun-

365 2744 545 2799 dantia
582 2757 742 2798 omne
776 2751 989 2812 tempus
1027 2743 1281 2798 educatus
1304 2783 1319 2808 ,
1357 2743 1583 2813 idipsum
1616 2744 1744 2814 pati.
1786 2744 1950 2801 Multo

367 2837 511 2892 enim
538 2835 750 2907 gravior
777 2834 828 2890 ei
867 2833 989 2906 luga
1016 2834 1311 2901 videbitur,
1339 2849 1497 2905 quam
1524 2835 1636 2901 illi,
1665 2836 1708 2890 si
1738 2835 1950 2906 quando

365 2926 596 2997 experiri
635 2924 773 2981 banc
814 2926 1117 2994 necessario
1150 2934 1371 2996 cogetur
1401 2942 1417 2979 :
1449 2925 1589 2995 quod
1621 2927 1694 2980 illi
1738 2942 1948 2997 quoque

371 3030 497 3075 tunc
530 3019 770 3089 contigit.
801 3017 981 3088 Itaque
1005 3017 1256 3087 profugus
1280 3017 1500 3072 effectus
1518 3057 1532 3082 ,
1559 3017 1868 3089 alienigenae
1894 3028 1949 3076 et

365 3113 657 3169 idololatraa
677 3111 776 3167 viri
799 3109 1026 3181 hospitio
1047 3109 1236 3165 fruitur
1255 3129 1268 3164 :
1287 3109 1426 3182 quod
1448 3126 1553 3167 non
1575 3112 1841 3181 mediocre
1863 3121 1947 3168 est

367 3203 597 3260 tristitiae
620 3210 1013 3273 argumentum,
1036 3210 1143 3256 tam
1169 3201 1328 3273 longo
1353 3202 1553 3258 scilicet
1581 3210 1817 3274 tempore
1836 3202 1947 3259 da:-

283 3290 287 3293 ’
366 3298 666 3353 moniorum
709 3295 1002 3351 sacerdotis
1047 3295 1308 3365 bospitem
1347 3310 1486 3351 esse.
1515 3295 1729 3351 Tradita
1765 3306 1944 3352 autem

363 3389 465 3445 sibi
505 3386 758 3460 pascendi
796 3385 969 3458 gregis
1003 3386 1237 3443 custodia
1261 3428 1277 3453 ,
1309 3387 1657 3458 quadraginta
1686 3390 1840 3445 annis
1870 3391 1943 3444 ita

365 3480 613 3553 perstitit.
636 3479 803 3534 Porro
824 3479 868 3534 si
891 3479 992 3534 hoc
1011 3478 1201 3534 durum
1227 3493 1335 3533 non
1358 3492 1479 3535 esse
1498 3478 1657 3535 alicui
1680 3479 1939 3550 videatur,

365 3575 411 3627 is
437 3572 589 3627 velim
617 3586 710 3626 eos
732 3571 1018 3635 examinet,
1042 3585 1151 3624 non
1171 3570 1259 3639 qui
1281 3578 1454 3624 metus
1475 3578 1564 3623 aut
1590 3570 1793 3624 timoris
1814 3584 1941 3625 cau-

362 3678 422 3718 sa
451 3663 852 3734 peregrinantur
878 3670 933 3717 et
962 3661 1176 3717 latebris
1205 3659 1492 3724 abduntur,
1520 3658 1615 3716 sed
1643 3659 1733 3731 qui
1753 3671 1941 3730 sponte

361 3770 457 3810 sua
486 3753 646 3809 domo
673 3753 1072 3819 abstrahuntur,
1100 3768 1257 3824 quam
1285 3752 1510 3807 moleste
1531 3791 1548 3817 ,
1579 3767 1735 3822 quam
1762 3752 1940 3823 gravi-

364 3858 445 3902 ter
470 3855 630 3917 agant
652 3887 666 3909 ,
697 3855 1060 3916 quantumque
1087 3842 1352 3900 commodi
1376 3844 1430 3898 in
1459 3842 1633 3899 reditu
1658 3852 1935 3914 reponant.

360 3937 492 3993 Cum
513 3952 641 3992 vero
662 3937 734 3992 illi
754 3946 808 3993 et
827 3946 1002 3992 metus
1021 3936 1268 4002 adfuerit,
1291 3944 1346 3992 et
1365 3936 1470 3991 vita
1489 3937 1739 3992 aerumnis
1760 3937 1936 4007 plena,

362 4029 570 4099 istoque
594 4043 823 4084 onerosa
850 4037 904 4084 et
932 4028 1154 4083 molesta
1182 4027 1355 4083 reditu
1383 4028 1487 4082 isto
1514 4027 1829 4083 suavissimo
1856 4029 1938 4084 ie-

359 4120 506 4175 viora
527 4118 871 4190 iudicaverit,
905 4117 1185 4172 considera
1204 4157 1221 4184 ,
1250 4130 1452 4187 quaeso,
1484 4117 1799 4174 calamitatis
1823 4118 1939 4189 ejus

361 4211 796 4285 magnitudinem.
816 4211 998 4281 Neque
1017 4210 1159 4265 enim
1179 4209 1488 4279 simpliciter
1507 4210 1691 4265 audies
1706 4251 1722 4278 ,
1744 4208 1937 4266 Pasce-

360 4308 443 4363 bat
468 4349 484 4374 ,
509 4306 606 4362 sed
631 4305 808 4361 recole
835 4320 976 4360 nunc
998 4303 1180 4361 Jacobi
1208 4303 1368 4359 verba
1393 4342 1409 4370 ,
1439 4319 1559 4374 qua:
1593 4304 1661 4359 ad
1688 4319 1937 4361 socerum

358 4411 694 4468 conquerens
723 4394 852 4450 dixit
876 4411 889 4449 ε
911 4394 1024 4466 Ego
1047 4412 1079 4449 a
1106 4395 1294 4467 meipso
1315 4393 1583 4448 reddebam
1606 4399 1743 4466 furta
1767 4395 1865 4451 diei
1890 4403 1938 4451 et

357 4490 496 4559 furta
524 4488 681 4543 noctis
707 4506 726 4542 :
751 4487 833 4542 die
857 4490 1036 4541 urebar
1063 4495 1214 4552 testu,
1245 4496 1388 4540 nocte
1410 4486 1523 4558 gelu
1540 4526 1556 4553 ,
1586 4486 1938 4557 recedebalque

357 4598 562 4637 somnus
590 4582 654 4635 ab
689 4581 847 4636 oculis
876 4581 998 4634 meis
1032 4581 1050 4649 (
1079 4578 1204 4633 Gen.
1236 4580 1326 4634 5i.
1353 4578 1443 4634 59.
1468 4579 1537 4635 40
1567 4580 1609 4648 ).
1640 4579 1766 4634 llaec
1791 4580 1936 4635 enim

358 4673 536 4727 omnia
581 4671 658 4726 illi
701 4672 862 4726 etiam
904 4670 1187 4740 contigisse
1225 4669 1516 4738 putandum
1560 4675 1671 4734 est,
1700 4675 1757 4723 et
1780 4669 1935 4724 annis

355 4764 597 4835 pluribus
619 4805 636 4832 ,
662 4774 716 4820 et
750 4762 938 4833 majori
979 4777 1101 4817 cum
1140 4761 1448 4817 difﬁcultate
1475 4778 1489 4814 :
1516 4760 1712 4830 quippe
1747 4768 1831 4816 est
1871 4775 1935 4815 ea

359 4859 505 4929 regio
539 4860 697 4930 longe
721 4858 980 4914 desertior
1007 4865 1164 4928 atque
1193 4856 1472 4922 incultior,
1498 4870 1656 4926 quam
1684 4853 1934 4923 MeSOpo-

361 4951 542 5005 tamia.
574 4951 727 5018 Quod
754 4951 799 5005 si
829 4966 934 5005 non
964 4951 1036 5006 ita
1060 4949 1376 5020 querebatur
1400 4948 1595 5012 Moses,
1625 4962 1724 5003 nec
1749 4946 1934 5002 beatus

356 5042 569 5114 quidem
596 5042 684 5097 ille
708 5050 926 5112 questus
953 5055 1207 5112 umquam
1229 5040 1453 5107 fuisset,
1482 5037 1586 5094 nisi
1606 5052 1812 5094 summa
1838 5051 1935 5092 ne-

357 5133 607 5190 cessitate
643 5134 950 5205 compulsus
975 5175 992 5202 ,
1022 5141 1181 5203 atque
1217 5132 1286 5188 ob
1323 5132 1587 5203 ingratum
1613 5130 1784 5187 soceri
1813 5129 1933 5184 ani-

358 5242 504 5282 mum
542 5226 595 5281 in
639 5227 756 5282 inec
795 5227 959 5283 verba
998 5240 1342 5296 prorumpere
1380 5224 1681 5280 necessario
1719 5230 1935 5279 coactus

359 5326 522 5374 esset.
551 5316 756 5373 Suﬁicit
780 5318 992 5388 quidem
1019 5324 1074 5373 et
1102 5318 1216 5387 ipsa
1237 5331 1334 5386 per
1355 5330 1416 5371 se
1437 5316 1626 5370 alienae
1652 5323 1811 5369 terrae
1840 5314 1936 5368 ba-

359 5407 546 5462 bitatio
574 5407 641 5471 ad
674 5423 796 5463 eum
831 5406 1215 5464 bumiliandum
1243 5406 1413 5461 virum
1439 5445 1454 5471 ,
1484 5405 1573 5475 qui
1604 5405 1934 5459 necessitatis

361 5508 566 5556 tantum
592 5516 752 5557 causa
782 5501 1166 5573 peregrinatur.
1193 5499 1343 5556 Sicut
1369 5499 1510 5553 enim
1535 5496 1647 5550 avis
1670 5538 1686 5565 ,
1717 5511 1836 5552 cum
1867 5512 1933 5553 ex

361 5590 488 5646 nido
528 5606 627 5648 suo
663 5592 987 5659 avolaverit,
1014 5591 1216 5647 facilius
1249 5590 1453 5660 capitur
1477 5588 1670 5662 (Prov.
1698 5588 1790 5644 27.
1815 5587 1883 5659 8)
1916 5605 1931 5642 :

360 5681 433 5738 ita
457 5691 514 5739 et
538 5681 719 5748 homo,
745 5697 866 5738 cum
888 5698 919 5738 a
944 5682 1160 5738 sedibus
1184 5681 1409 5753 propriis
1435 5680 1642 5751 longius
1669 5677 1934 5750 profectus

361 5771 545 5840 fuerit,
588 5773 806 5833 servitio
833 5774 1126 5845 subjicitur.
1159 5773 1307 5828 Tune
1343 5788 1468 5829 sero
1496 5787 1593 5829 nec
1624 5771 1692 5830 de
1722 5771 1931 5842 propria

2074 836 2274 929 tantum
2304 836 2555 903 temporis
2584 840 2922 910 praecipiente
2943 854 3003 900 ut
3030 849 3226 906 rediret
3252 851 3304 906 in
3326 836 3636 929 Egyptum,

2072 916 2238 975 lueret
2272 936 2336 978 ac
2373 924 2590 993 titubat,
2616 928 2773 1000 idque
2808 947 2927 988 eum
2963 937 3234 1007 audisset,
3262 916 3540 1016 Defunctus
3566 916 3639 1005 est

2069 1010 2157 1081 qui
2179 1014 2428 1079 quaerebat
2451 1018 2672 1074 animam
2697 1031 2835 1078 luant
2864 1025 3053 1097 (Exod.
3086 1031 3140 1085 4.
3175 1034 3281 1104 19).

2139 1101 2192 1156 2.
2242 1104 2432 1163 Postea
2480 1125 2607 1166 vero
2651 1128 2808 1184 quam
2855 1120 3029 1188 paruit
3077 1132 3130 1177 et
3172 1101 3433 1195 excessit,
3480 1142 3639 1202 atque

2067 1208 2292 1250 uxorem
2335 1211 2397 1252 ac
2438 1199 2633 1257 liberos
2685 1205 2983 1277 relinquere
3029 1223 3245 1270 coactus
3297 1230 3414 1285 est,
3454 1199 3637 1281 rursus

2067 1286 2410 1354 querimonia;
2454 1299 2509 1347 et
2551 1298 2884 1354 contumeliae
2909 1309 2963 1356 et
3000 1304 3157 1360 minae
3196 1307 3264 1363 ab
3298 1326 3364 1365 eo
3389 1314 3477 1383 qui
3512 1324 3636 1372 tunc

2066 1377 2322 1445 regnabat
2357 1379 2411 1434 in
2436 1380 2688 1453 Egypto,
2719 1388 3044 1461 criminaque
3068 1403 3121 1449 et
3147 1377 3423 1458 maledicta
3459 1405 3526 1460 ab
3554 1407 3633 1463 eis

2065 1467 2203 1564 ipsis
2231 1486 2369 1564 quos,
2386 1473 2657 1532 beneﬁciis
2671 1478 2902 1537 fovebat.
2921 1483 3014 1540 Ille
3030 1488 3170 1542 enim
3192 1491 3367 1548 aiebat
3391 1513 3403 1548 :
3436 1496 3628 1564 Quare,

2064 1556 2232 1652 {loses
2264 1571 2311 1617 et
2336 1563 2542 1634 Aaron,
2572 1572 2790 1627 auertitis
2832 1575 3075 1644 papulum
3101 1579 3164 1634 ab
3201 1585 3433 1652 operibus
3445 1556 3632 1644 ’.καὶδὲ

2062 1648 2297 1747 {lea-edite
2347 1659 2682 1728 unusquisque
2738 1674 2950 1720 vestrum
3003 1668 3073 1723 ad
3116 1648 3268 1743 opera
3314 1692 3406 1729 sua
3426 1677 3660 1747 (Exod.'

2062 1737 2116 1793 5.
2147 1740 2182 1795 4
2201 1743 2239 1809 ).
2266 1741 2518 1803 lsraelitae
2542 1758 2740 1819 autem,
2777 1752 2973 1823 Videat,
3005 1737 3238 1829 aiebant,
3266 1764 3402 1821 Deus
3428 1737 3474 1822 et
3491 1771 3634 1841 judi-

2061 1839 2139 1884 cet
2167 1847 2281 1899 vos,
2309 1837 2427 1906 quia
2452 1844 2805 1901 exsecrabilem
2835 1849 3019 1920 fecistis
3062 1853 3263 1909 odorem
3299 1837 3522 1916 nostrum
3548 1879 3633 1919 co-

2059 1936 2171 1975 ram
2198 1921 2471 1983 Pharaone
2497 1942 2543 1984 et
2571 1948 2740 1989 coram
2767 1940 2921 1993 servis
2959 1942 3081 2007 suis,
3110 1954 3164 1998 ut
3201 1946 3386 2003 daretis
3407 1951 3633 2020 gladium

2058 2012 2113 2117 in
2144 2031 2323 2117 "ianus
2349 2036 2530 2117 eorum
2551 2026 2621 2079 ad
2656 2028 3056 2099 interﬁciendum
3093 2053 3182 2092 nos
3213 2026 3386 2111 (Ibid;
3407 2012 3459 2098 ii.
3500 2046 3562 2101 2|
3585 2049 3624 2117 ).

2059 2102 2250 2162 Gravia
2274 2109 2484 2179 quidem
2510 2128 2664 2172 erant
2701 2119 2814 2176 base
2852 2131 2906 2177 et
2944 2127 3188 2194 molesta,
3219 2102 3323 2187 “sed
3364 2135 3488 2190 illud
3516 2102 3631 2193 om-

2059 2197 2204 2251 nium
2233 2203 2621 2274 gravissimum,
2639 2211 2780 2279 quod
2807 2212 3076 2284 ingressus
3100 2219 3165 2274 ad
3190 2235 3315 2277 suos
3332 2224 3633 2284 innumera-

2057 2303 2163 2357 que
2187 2294 2501 2361 promittens
2537 2298 2696 2367 bona,
2729 2303 3045 2373 libertatem,
3075 2309 3484 2372 incumbentium
3513 2335 3629 2375 ma-

2058 2376 2228 2435 lorum
2253 2387 2578 2455 ereptionem
2603 2430 2619 2456 ,
2653 2391 2809 2448 fallax
2841 2411 2959 2452 esse
2990 2401 3285 2468 putabatur.
3313 2405 3427 2462 Non
3457 2409 3628 2465 solum

2057 2470 2198 2525 enim
2230 2472 2334 2529 illis
2361 2485 2486 2533 tunc
2510 2478 2738 2538 levatum
2767 2500 2870 2539 non
2899 2497 2981 2542 est
3010 2490 3334 2551 imminentis
3356 2499 3629 2556 servitutis

2056 2577 2215 2637 onus,
2254 2581 2439 2624 verum
2477 2575 2693 2642 gravius
2725 2587 2806 2631 est
2835 2578 3098 2649 adjectum
3144 2601 3156 2635 :
3188 2593 3243 2640 et
3283 2587 3373 2656 qui
3416 2599 3627 2659 gentem

2056 2674 2269 2715 omnem
2305 2661 2627 2720 liberaturus
2651 2667 2987 2736 sperabatur,
3028 2671 3184 2742 idque
3223 2679 3555 2747 promiserat,
3584 2682 3629 2738 is

2053 2751 2385 2808 crueiatuum
2411 2762 2466 2808 et
2483 2757 2762 2812 verberum
2791 2774 2950 2814 causa
2977 2760 3255 2820 insidiator
3270 2774 3324 2821 et
3348 2780 3626 2840 corruptor

2053 2859 2175 2900 esse
2196 2846 2497 2916 putabatur.
2526 2847 2656 2915 Quis
2680 2864 2786 2904 non
2816 2866 3047 2908 maerore
3076 2865 3201 2911 tunc
3227 2857 3412 2914 fuisset
3434 2861 3624 2917 absor-

2054 2942 2198 3004 ptus,
2242 2949 2366 2991 eum
2405 2937 2673 3006 pollicitus
2716 2947 2794 2995 tot
2839 2942 3100 2997 malorum
3142 2948 3467 3017 ereptionem
3510 2960 3628 3021 post

2054 3023 2489 3091 pollicitationem
2539 3027 2737 3082 diriora
2801 3030 3007 3086 videret
3051 3035 3347 3092 cumulari?
3407 3039 3628 3099 Dolebat

2051 3112 2263 3182 quidem
2290 3123 2544 3185 quantum
2584 3131 2680 3186 par
2713 3126 2829 3173 erat
2856 3135 2979 3175 eum
3019 3122 3110 3192 qui
3156 3124 3277 3180 talia
3317 3127 3528 3184 audiret
3571 3141 3626 3187 et

2050 3203 2289 3272 videret;
2343 3220 2450 3261 non
2502 3221 2564 3264 ea
2596 3216 2770 3264 tamen
2817 3212 3217 3281 perturbatione
3257 3216 3622 3289 dejiciebatur,

2048 3294 2143 3349 sed
2169 3296 2418 3352 manebat
2442 3297 2749 3366 immobilis,
2775 3308 2831 3355 et
2862 3301 3080 3372 quidem
3104 3319 3224 3360 cum
3256 3311 3625 3378 promissioni-

2048 3385 2151 3440 bus
2170 3400 2232 3441 ea
2249 3402 2368 3457 qute
2393 3389 2771 3460 contingebant
2788 3406 2892 3446 non
2918 3393 3091 3449 solum
3115 3411 3221 3452 non
3239 3402 3619 3473 consentirent,

2048 3492 2232 3533 verum
2258 3486 2316 3533 et
2339 3480 2569 3535 maxime
2590 3481 3007 3540 obluctarentur.
3050 3486 3325 3557 Accedens
3348 3501 3524 3548 autem
3552 3498 3621 3553 ad

2048 3573 2235 3639 Deum,
2264 3581 2318 3629 et
2338 3573 2405 3630 de
2424 3574 2506 3630 bis
2525 3576 2771 3647 loquens,
2787 3594 2849 3634 ac
2866 3581 3085 3637 multum
3100 3583 3452 3656 ingemiscens
3471 3634 3485 3658 ,
3514 3591 3621 3648 Do-

2042 3665 2203 3728 mine,
2232 3667 2438 3737 inquit,
2469 3684 2626 3738 quare
2663 3671 2883 3741 aﬂlixisti
2919 3677 3163 3745 populum
3191 3686 3350 3746 tuum,
3395 3692 3442 3736 et
3465 3700 3620 3753 quare

2047 3772 2126 3810 me
2144 3757 2322 3812 misisti
2342 3757 2368 3811 ἲ
2386 3757 2518 3813 Ecce
2532 3760 2663 3814 enim
2682 3777 2745 3815 ea:
2763 3778 2861 3830 quo
2883 3764 3138 3836 ingressus
3157 3785 3268 3822 sum
3291 3770 3360 3823 ad
3382 3770 3586 3828 Pharao
3598 3803 3619 3816 -

2046 3863 2181 3915 stem,
2212 3857 2266 3901 ut
2290 3850 2517 3919 loquerer
2540 3850 2591 3904 in
2607 3852 2807 3906 nomine
2834 3862 2939 3919 tuo,
2972 3856 3146 3925 afﬂixit
3173 3860 3416 3929 populant
3451 3870 3612 3932 luunt,

2044 3953 2134 3991 nec
2163 3937 2386 3994 liberasti
2421 3940 2572 4011 eum(
2594 3940 2731 3996 Ibid.
2760 3959 2808 3997 υ.
2840 3943 2955 4016 25).
2998 3945 3122 4001 itare
3149 3963 3248 4018 ego
3270 3964 3390 4005 Olllll
3431 3952 3520 4008 ille
3542 3954 3619 4009 la-

2046 4037 2311 4085 mentatus
2329 4039 2492 4099 esset,
2520 4040 2681 4104 atque
2705 4033 2891 4090 eadem
2911 4036 3100 4091 iterum
3123 4038 3381 4108 audisset,
3409 4057 3618 4099 annun-

2047 4119 2139 4177 tiat
2163 4120 2377 4190 quidem
2397 4136 2460 4177 ea
2494 4139 2681 4179 rursus
2710 4125 2959 4183 lsraelitis
2981 4140 2997 4185 :
3020 4128 3114 4184 sed
3144 4130 3219 4185 illi
3246 4132 3464 4190 minime
3486 4137 3619 4192 tole-

2043 4218 2183 4275 rant,
2205 4223 2272 4264 eo
2295 4210 2438 4280 quod
2459 4213 2649 4268 animus
2675 4214 2888 4271 illorum
2924 4216 3108 4274 labore
3142 4232 3530 4290 premerentur,
3553 4241 3617 4281 ac

2043 4313 2280 4354 mterore
2321 4299 2629 4357 deﬁcerent.
2666 4301 2811 4369 Non,
2864 4305 3063 4375 inquit,
3111 4310 3381 4366 audierunt
3421 4314 3617 4370 Meum

2043 4408 2149 4463 pm
2165 4393 2397 4464 angustia
2417 4403 2463 4447 et
2480 4393 2733 4449 laboribus
2760 4397 2901 4450 duris
2927 4401 3077 4470 (Gen.
3117 4400 3168 4455 6.
3196 4401 3274 4472 9).
3300 4403 3412 4459 lloc
3438 4414 3617 4461 autem

2043 4483 2182 4539 baud
2211 4499 2398 4554 parum
2426 4484 2571 4539 illum
2592 4484 2875 4556 afﬂigebat.
2901 4487 2968 4542 Ut
2995 4503 3125 4543 vero
3143 4490 3209 4544 ad
3227 4491 3373 4561 signa
3399 4503 3616 4550 ventum

2041 4584 2144 4644 est,
2168 4576 2362 4645 sarpius
2388 4590 2416 4629 a
2447 4564 2728 4632 Pbaradne
2756 4576 2975 4633 delusus
3010 4594 3128 4633 eam
3174 4581 3474 4638 irrisionem
3501 4585 3617 4641 for-

2043 4669 2166 4723 titer
2196 4668 2335 4722 tulit.
2364 4667 2499 4723 Cum
2530 4684 2663 4724 vero
2701 4668 2956 4725 liberatus
2986 4671 3198 4726 tandem
3238 4689 3309 4729 ex
3354 4674 3613 4748 Egypto,

2040 4771 2201 4832 atque
2219 4778 2321 4817 una
2349 4777 2469 4817 cum
2499 4760 2698 4817 Judzeis
2710 4762 2819 4831 jam
2840 4762 2952 4818 fere
2967 4778 3184 4818 securus
3207 4767 3494 4834 videretur,
3521 4784 3614 4826 an-

2041 4860 2252 4923 tequam
2294 4853 2450 4921 plene
2487 4852 2842 4921 respirasset,
2889 4854 3099 4922 priore,
3148 4855 3255 4908 imo
3292 4872 3421 4913 vero
3461 4859 3620 4929 longe

2038 4944 2280 5015 graviore
2303 4952 2447 4999 metu
2471 4953 2749 5013 correptus
2772 4953 2872 4999 est.
2897 4944 2993 5001 Vix
3035 4947 3178 5001 enim
3211 4950 3364 5003 tertia
3406 4949 3620 5006 efﬁnxe-

2040 5043 2123 5091 rat
2146 5035 2281 5102 dies,
2323 5050 2444 5090 cum
2484 5044 2705 5106 repente
2740 5036 2997 5093 barbaros
3020 5053 3210 5096 omnes
3231 5052 3468 5100 armatos
3499 5059 3625 5100 cer-

2041 5136 2174 5183 nunt
2206 5142 2368 5199 super
2399 5143 2459 5184 se
2501 5129 2736 5195 irruens;
2763 5137 2923 5199 atque
2949 5129 3089 5186 idem
3123 5136 3265 5201 passi
3299 5142 3446 5202 sunt,
3473 5135 3619 5205 quod

2039 5218 2244 5288 fugitivi
2266 5218 2429 5287 servi,
2446 5219 2575 5274 dum
2603 5220 2657 5274 in
2679 5220 2851 5274 aliena
2879 5222 3097 5292 regione
3135 5234 3357 5293 repente
3377 5224 3620 5281 domino—

2040 5323 2157 5364 rum
2206 5310 2391 5365 oculos
2430 5310 2751 5366 offendunt:
2781 5313 2866 5367 vel
2906 5322 3054 5369 certe
3092 5315 3539 5384 quemadmodum
3570 5317 3616 5371 si

2040 5400 2117 5456 illi
2158 5401 2258 5472 ipsi
2297 5402 2581 5472 aliquando
2608 5404 2968 5461 somniassent
3010 5421 3070 5461 se
3104 5408 3298 5477 lauari,
3327 5419 3382 5466 et
3404 5425 3523 5465 esse
3551 5424 3613 5462 ea

2041 5493 2300 5549 servitute
2323 5493 2598 5561 liberatos,
2620 5509 2684 5550 ac
2706 5495 2919 5550 demum
2955 5501 3251 5566 experrecti
3282 5516 3343 5554 se
3369 5501 3420 5554 in
3446 5499 3610 5570 Egy-
3710 5568 3735 5577 ³

2042 5592 2133 5654 pto
2157 5593 2213 5639 et
2252 5585 2307 5638 in
2334 5584 2536 5641 eisdem
2582 5587 2737 5641 malis
2766 5586 3112 5643 invenissent.
3146 5589 3257 5644 imo
3283 5606 3409 5645 vero
3435 5595 3617 5647 nescio

2039 5675 2166 5742 quid
2188 5675 2263 5730 illi
2291 5677 2556 5731 somnium
2595 5685 2871 5747 reputassc
2904 5678 3243 5733 existimandi
3270 5689 3393 5734 sunt
3415 5677 3617 5745 potius,

2042 5768 2272 5825 triduine
2324 5768 2467 5823 illam
2509 5766 2898 5835 liberationem,
2944 5784 3012 5823 an
3060 5779 3376 5839 praesentem
3427 5785 3605 5825 rerum
