4060 6136
357 392 469 453 4·ῗὸ

357 509 459 566 καὶ
489 505 696 572 μείζονι
730 506 905 574 σκότῳ
938 505 1294 575 συνεχόμενος
1316 500 1404 575 ἦν.
1437 505 1511 557 υὺ
1540 502 1648 575 γὰρ
1685 501 1813 565 τοὺς
1850 501 1944 553 Δί-

360 595 626 665 γυπτίους
662 593 918 644 ἐδεδοίκει
981 591 1160 661 μόνον,
1223 590 1476 659 καθάπερ
1526 589 1620 642 καὶ
1676 590 1724 641 οί
1766 586 1943 640 λοιποὶ

374 676 723 748 Ἰσραηλῖται,
750 675 885 728 ἀλλά
935 676 1029 728 καὶ
1054 673 1275 735 τούτους
1314 674 1430 742 μετ’
1452 670 1694 724 ἐκείνων.
1740 669 1943 739 Ἀμφό-

359 776 507 831 τεροι
536 758 646 829 γὰρ
669 759 744 821 ὡς
783 757 1061 810 ἀπατεῶνι
1090 758 1185 809 καὶ
1206 756 1391 826 εἴρωνι
1420 757 1707 825 προσεῖχον
1733 752 1939 814 λοιπὸν,

359 844 409 897 ot
448 844 547 914 μὲν
600 842 737 912 μετὰ
767 840 858 894 τοῦ
898 838 1205 911 καταγελᾷν
1258 841 1353 893 καὶ
1398 838 1769 907 ἐπεμϐαίνειν,
1804 838 1852 888 οἱ
1886 835 1943 887 δὲ

362 927 502 999 μετά
534 925 629 980 τοῦ
664 924 955 979 δάκνεσθαι
984 925 1078 977 καὶ
1106 924 1356 994 ἀθυμεῖν.
1410 922 1571 975 ’Λλλά
1605 920 1656 973 τί
1682 920 1789 990 χρὴ
1823 918 1944 972 τού-

355 1030 471 1075 τοις
500 1007 895 1079 τεκμαίρεσθαι
916 1008 1013 1076 τὴν
1047 1007 1286 1077 ἀθυμίαν
1316 1005 1409 1059 τοῦ
1437 1004 1647 1075 ἀνδρὸς,
1681 1002 1854 1072 παρὸν
1879 1004 1943 1055 ἐκ
2029 1029 2032 1033 ~

276 1120 281 1127 ~
331 1096 455 1164 ,τῆς
485 1092 691 1145 ἄνωθεν
715 1091 1029 1163 ἐνεχθείσης
1068 1092 1255 1161 φωνῆς
1293 1093 1471 1144 πᾶσαν
1497 1087 1663 1143 αὑτοῦ
1695 1088 1794 1156 τὴν
1824 1085 1941 1139 ὀδύ-

332 1166 455 1247 ἕνην
512 1174 878 1246 καταμαθείν;
931 1173 1159 1243 Σιγῶντι
1190 1173 1299 1244 γὰρ
1336 1175 1431 1227 καὶ
1470 1173 1606 1242 μηδὲ
1652 1170 1837 1242 διᾶραι
1874 1169 1943 1222 τὰ

357 1259 508 1331 χείλη
561 1258 851 1328 τολμῶντι,
887 1259 1052 1329 φησὶν
1077 1259 1106 1310 6
1155 1256 1307 1318 Θεός’
1348 1260 1407 1310 Τί
1444 1253 1611 1322 βοᾷς
1642 1253 1796 1322 πρὸς
1828 1251 1942 1321 ,ιιέῖ

354 1344 447 1396 τὸν
475 1342 701 1414 θόρυϐον
743 1342 842 1413 τῆς
891 1341 1071 1411 ψυχῆς
1104 1339 1267 1393 αὐτοῦ
1307 1339 1373 1393 δι’
1403 1341 1519 1402 ἐνὸς
1553 1339 1797 1410 ῥήματος
1819 1334 1944 1389 τού-

356 1442 450 1478 του
484 1426 762 1494 ἐμφαίνων
783 1428 934 1496 ἡμῖν.

425 1529 495 1591 γ’.
545 1521 763 1594 Ἐπειδὴ
791 1522 847 1575 δέ
872 1520 1147 1575 καὶτοῦτο
1175 1519 1337 1591 ἐλύθη
1364 1519 1423 1572 τὸ
1445 1518 1583 1585 δέος,
1603 1518 1696 1572 καὶ
1717 1515 1942 1589 μείζονα

357 1611 518 1665 πάλιν
546 1611 710 1683 ᾔρετο
736 1611 805 1663 τά
853 1609 1022 1664 δεινά,
1050 1611 1161 1663 Καὶ
1191 1609 1298 1680 γὰρ
1349 1609 1442 1662 καὶ
1469 1606 1578 1660 τῶν
1624 1604 1941 1675 Αἰγυπτίων

355 1699 450 1752 καὶ
489 1699 582 1751 τοῦ
607 1697 806 1770 Φαραὼ
834 1696 1212 1768 χαλεπώτερον
1243 1695 1390 1766 αὐτῷ
1414 1695 1479 1748 δι’
1496 1694 1623 1765 ὅλης
1644 1693 1942 1764 ἐκέχρηντο

352 1787 454 1857 τῆς
477 1786 599 1840 ὁδοῦ
646 1788 696 1840 οἱ
725 1789 854 1857 παρ’
890 1787 1054 1839 αὐτοῦ
1089 1782 1582 1856 δημαγωγούμενοι
1610 1780 1706 1835 καὶ
1735 1780 1801 1834 δι’
1840 1781 1941 1833 αὺ-

352 1872 447 1926 τοῦ
477 1874 688 1951 μυρίων
732 1872 1138 1935 ἀπολαύσαντες
1183 1870 1424 1941 ἀγαθῶν.
1458 1871 1568 1923 Καὶ
1595 1868 1810 1942 πρῶτον
1842 1868 1941 1939 μὲν

353 1964 638 2016 ἐπέκειντο
668 1963 914 2035 σφοδρῶς
947 1963 1231 2035 ἄγχοντες,
1285 1962 1380 2014 καὶ
1417 1959 1555 2030 κρέα
1582 1957 1941 2020 ἀπαιτοῦντες

352 2055 517 2111 αὐτὸν
538 2056 609 2110 τὰ
640 2059 697 2110 ἐν
730 2036 1142 2128 Αἰγύπτῳ,’καὶ
1174 2057 1289 2117 τοῖς
1325 2054 1422 2125 μὲν
1448 2052 1715 2125 παροῦσιν
1744 2052 1939 2123 ἀχαρι-

354 2145 626 2211 στοῦντες,
648 2146 716 2199 τὰ
752 2145 810 2199 δὲ
836 2145 1078 2217 πρότερα
1107 2141 1511 2214 ἐπιζητοῦντες,
1543 2141 1571 2194 6
1596 2141 1813 2195 πάντων
1845 2140 1941 2211 βα-

353 2240 579 2311 ρύτερον
613 2236 700 2312 ἦν.
731 2240 795 2295 Τί
829 2240 937 2310 γὰρ
972 2237 1355 2311 χαλεπώτερον
1381 2237 1447 2290 ἂν
1476 2234 1700 2300 ἔπαθεν,
1730 2237 1779 2289 εί
1812 2251 1940 2304 μαι-

350 2331 593 2403 νομένων
660 2332 756 2385 καὶ
809 2330 1238 2401 παραπαιόντων
1292 2329 1505 2400 ἀνδρῶν
1563 2326 1938 2397 ἐπετέτραπτο

351 2423 711 2491 στρατηγεῖνς
756 2419 894 2473 Ἀλλ’
920 2421 1071 2490 ὅμως
1109 2420 1281 2472 ταῦτα
1312 2418 1490 2472 πάντα
1515 2415 1781 2485 γενναίως
1808 2414 1936 2483 ἐφε-

352 2524 442 2578 ρεν
468 2511 496 2562 6
526 2509 793 2579 μακάριος
824 2510 1030 2571 ἐκεῖνος
1051 2506 1322 2578 ἅνήρδκαὶ
1342 2508 1391 2558 εί
1421 2506 1521 2575 μὲν
1551 2504 1625 2575 μὴ
1654 2502 1938 2574 φιλοστόρ-

346 2612 462 2664 γως
489 2591 604 2667 εἶχε
633 2597 770 2668 πρὸς
810 2597 1026 2660 αὐτοὺς,
1058 2593 1292 2666 φορητὸν
1334 2593 1401 2647 ἂν
1429 2588 1496 2663 ἦν
1530 2590 1592 2644 τὸ
1621 2591 1814 2656 δεινὸν,
1842 2591 1937 2645 καὶ

346 2683 491 2758 ὑπὲρ
516 2685 624 2738 τῶν
651 2687 731 2747 είς
781 2684 943 2738 αὐτὸν
976 2682 1274 2754 γινομένων
1325 2681 1483 2751 μόνον
1536 2683 1800 2751 παρεῖχεν
1838 2679 1934 2732 ἀλ-

348 2777 487 2842 γεῖψ
538 2773 635 2828 νῦν
660 2772 716 2826 δὲ
755 2772 862 2827 τῶν
896 2771 1098 2841 γονέων
1131 2770 1331 2842 μᾶλλον
1366 2771 1495 2842 περὶ
1534 2768 1732 2832 αὐτοὺς
1758 2768 1937 2821 διατεμ-

348 2862 483 2926 θεὶς,
519 2862 628 2916 ἀπὸ
662 2861 763 2932 τῆς
805 2860 1131 2932 κηδεμονίας
1174 2859 1376 2929 ταύτης
1413 2859 1508 2912 καὶ
1552 2857 1743 2928 ἑτέραν
1790 2852 1934 2924 εἶχεν

347 2949 589 3022 ἀθυμίας
617 2951 887 3025 ἀνάγκην,
919 2950 1019 3019 τὴν
1047 2948 1187 3017 ὑπὲρ
1211 2948 1307 3018 τῆς
1346 2946 1566 2999 ἐκείνων
1607 2944 1936 3014 διαστροφῆς

346 3040 443 3094 καὶ
497 3039 739 3110 μιαρίας,
770 3038 905 3091 Οὐδὲ
934 3037 1044 3106 γὰρ
1069 3034 1243 3098 οὕτως
1273 3034 1434 3087 αὑτὸν
1483 3033 1669 3085 ἔδακνε
1691 3031 1752 3084 τὸ
1779 3031 1935 3102 ὑϐρί-

345 3128 556 3195 ζεσθαι,
591 3128 666 3191 ὡς
697 3127 761 3180 τὸ
812 3126 1050 3189 ἐκείνους
1097 3120 1237 3177 εἶναι
1273 3124 1399 3187 τοὺς
1444 3122 1722 3191 ὑϐριστάς.
1753 3119 1934 3172 Δεινὸν

351 3217 449 3287 μὲν
496 3210 588 3269 οὖν
609 3216 704 3269 καί
726 3214 789 3267 τὸ
819 3212 925 3284 πρὸ
952 3212 1053 3282 τῆς
1074 3212 1335 3283 χορηγίας
1359 3212 1458 3281 τῆς
1483 3209 1785 3279 παραδόξου
1809 3225 1935 3279 τρο-

347 3306 458 3377 φῆς
482 3305 1059 3375 ἐκείνης’άχαριστείν·
1090 3302 1139 3355 οἱ
1170 3302 1226 3354 δὲ
1259 3300 1352 3354 καὶ
1379 3302 1436 3353 ἐν
1465 3299 1648 3369 μέσοις
1667 3300 1779 3362 τοῖς
1803 3297 1934 3350 θαύο

351 3413 483 3467 μασι
498 3396 606 3467 ,τὴν
667 3393 867 3447 κακίαν
925 3391 1270 3445 ἐπεδείκνυον
1319 3389 1418 3461 τὴν
1451 3388 1652 3454 αὐτῶν,
1693 3390 1787 3443 καλ⁵
1834 3387 1933 3459 τὴν

346 3483 695 3557 παρανομίαν
744 3480 838 3535 καὶ⁹
859 3479 959 3552 τὴν
990 3479 1298 3544 πλεονεξίαν
1327 3479 1426 3550 τὴν
1456 3478 1586 3549 περὶ
1607 3476 1707 3547 τὴν
1746 3477 1934 3531 συλλο-

346 3576 472 3643 γὴν,
499 3572 594 3627 καὶ
627 3570 822 3642 μικρὸν
845 3568 1199 3641 προελθόντες
1236 3566 1396 3621 πάλιν
1426 3567 1741 3636 ἐγόγγυζον,
1770 3566 1932 3622 πάλιν

346 3661 658 3732 ἐμέμφοντο
688 3661 810 3721 ταῖς
854 3658 1198 3732 εὐεργεσίαις
1240 3655 1334 3710 τοῦ
1364 3656 1521 3710 Θεοῦ’
1555 3656 1678 3711 καθ’
1705 3657 1932 3711 ἕκαστον

345 3750 406 3804 δέ
454 3748 659 3803 τούτων
711 3747 908 3818 μᾶλλον
960 3746 1070 3800 τῶν
1119 3745 1540 3817 ἁμαρτανόντων
1590 3748 1619 3799 6
1663 3745 1931 3818 μακάριος

346 3839 554 3900 ἐκεῖνος
575 3835 837 3889 ἐκόπτετο
870 3836 962 3889 καὶ
986 3832 1207 3905 ἠθύμει.
1237 3835 1349 3888 Καὶ
1373 3833 1485 3905 γὰρ
1508 3835 1597 3888 ὅτε
1622 3835 1714 3888 τὸν
1733 3834 1931 3906 μόσχον

347 3926 697 3998 εἰργάσαντο,
748 3924 904 3977 αὐτοὶ
937 3924 1035 3994 μὲν
1087 3921 1312 3988 ἔπαιζον
1346 3921 1497 3995 [208]
1528 3923 1624 3977 καὶ
1657 3922 1926 3995 ἐτρύφωνο

345 4017 376 4069 6
423 4013 480 4067 δέ
511 4011 724 4066 πενθῶν
752 4010 847 4064 καὶ
883 4009 1186 4079 ἀνιώμενος
1212 4010 1307 4063 καὶ
1336 4008 1726 4082 καταρώμενος
1751 4009 1931 4080 ἐαυτῷ

345 4101 445 4172 τὴν
474 4098 716 4171 χαλεπὴν
749 4098 964 4168 ἐκείνην
989 4099 1130 4166 ἀρὰν
1156 4097 1363 4166 Μωσῆς
1398 4091 1488 4167 ἦν,
1512 4097 1604 4149 καὶ
1635 4096 1788 4150 οὐδὲν
1831 4098 1929 4150 αὑ-

345 4191 435 4244 τὸν
464 4189 602 4251 ὅλως
623 4185 842 4239 έπειθεν.
865 4186 1165 4256 ἀποστῆναι
1189 4186 1289 4257 τῆς
1314 4183 1656 4254 συμπαθείας
1683 4186 1780 4256 τῆς
1796 4185 1931 4257 πρὸς

345 4275 562 4339 αὐτούς.
593 4275 732 4337 Τοὺς
781 4269 875 4327 οὖν
902 4272 1077 4337 οὕτως
1123 4273 1213 4326 ὑπ’
1242 4272 1405 4326 αὑτοῦ
1438 4272 1803 4342 ποθουμένους
1836 4272 1930 4325 ἐπὶ

344 4363 407 4419 τδ
431 4365 610 4434 χεῖρον
632 4362 720 4415 ἀεὶ
746 4360 1140 4432 προϐαίνοντας
1170 4362 1333 4434 ὁρῶν,
1380 4361 1521 4433 πόσῃ
1545 4360 1710 4434 λύπῃ,
1742 4360 1929 4425 πόσοις

343 4450 403 4504 δέ
456 4451 565 4523 ἄρα
606 4449 1069 4522 συνανεστρέφετο
1097 4449 1385 4521 δάκρυσινί
1423 4450 1484 4502 Εἰ
1542 4448 1651 4519 γὰρ
1709 4447 1806 4502 ἐνα
1845 4466 1929 4512 τις

344 4538 461 4592 υἱὸν
485 4537 624 4609 ἔχων
671 4538 773 4592 οὐκ
797 4537 863 4591 ἂν
891 4537 1108 4589 δύναιτο
1131 4537 1255 4607 ζῇν,
1285 4536 1492 4588 εἴποτε
1526 4535 1766 4590 αἴσθοιτο
1792 4537 1928 4606 πρὸς

344 4627 544 4681 κακίαν
560 4626 722 4681 αὑτὸν
749 4624 1134 4688 ἀποκλίναντα,
1157 4624 1249 4677 καὶ
1270 4626 1319 4679 εί
1341 4624 1556 4677 πάντων
1584 4624 1745 4687 αὐτὸς
1763 4640 1928 4695 πονηο

350 4716 568 4787 ρότερος
595 4714 671 4769 ῶν
702 4715 876 4786 τύχοι,
908 4715 996 4767 τὸν
1053 4714 1321 4786 μυριάδας
1370 4712 1641 4777 τοσαύτας
1670 4714 1727 4767 ἐν
1774 4713 1925 4778 τάξει

343 4804 550 4858 παίδων
582 4804 939 4875 κεκτημένον,
978 4802 1176 4874 μᾶλλον
1209 4801 1265 4854 δὲ
1300 4802 1392 4855 καὶ
1431 4803 1570 4874 ὑπὲρ
1602 4802 1797 4865 παῖδας
1836 4820 1924 4870 φι-

342 4893 558 4947 λοῦντα·
601 4893 778 4956 οὐδεὶς
806 4892 915 4963 γάρ
949 4891 1016 4946 ἂν
1050 4890 1252 4964 ηὔξατο
1293 4890 1475 4962 πατὴρ
1526 4890 1924 4944 συναπολέσθαι

344 4981 494 5035 παιδὶ
545 4981 710 5052 μηδὲν
749 4978 1109 5051 ἡμαρτηκὼς,
1156 4978 1407 5050 καθάπερ
1452 4981 1677 5042 ἐκεῖνος·
1722 4978 1813 5032 τὸν
1859 4977 1925 5049 δὴ

342 5069 484 5122 οὕτω
512 5069 710 5131 παῖδας
747 5067 1085 5138 κεκτημένον
1116 5066 1422 5133 τοσούτους,
1459 5067 1826 5138 μισοπόνηρόν
1862 5083 1922 5119 τε

343 5159 468 5211 ὄντα
494 5156 593 5209 καὶ
618 5155 931 5225 φιλάγαθον,
959 5154 1013 5207 τί
1055 5156 1156 5208 οἴει
1203 5155 1435 5227 πάσχειν
1472 5156 1682 5218 πάντας
1727 5154 1923 5218 αὐτοὺς

340 5245 530 5315 ὥσπερ
556 5244 621 5298 ἐκ
635 5262 780 5308 τινος
813 5244 1158 5315 συνθήματος
1191 5245 1273 5308 είς
1303 5244 1395 5297 τὸν
1430 5244 1533 5313 τῆς
1556 5244 1756 5306 κακίας
1785 5260 1922 5315 κρη-

343 5333 474 5404 μνὸν
508 5334 956 5405 καταδραμόντας
991 5333 1193 5397 ίδόντα;
1220 5334 1295 5387 Οὐ
1320 5333 1429 5404 γὰρ
1445 5333 1574 5387 ἂνεί
1610 5335 1684 5406 μὴ
1715 5334 1921 5405 σφόδρα

343 5422 503 5476 αὐτὸν
529 5421 802 5475 ἐσκότωσε
832 5422 927 5475 καὶ
956 5423 1022 5475 ἐκ
1056 5421 1274 5493 βάθρων
1302 5421 1466 5477 αὐτοῦ
1493 5422 1591 5494 τὴν
1627 5423 1804 5494 ψυχὴν
1834 5426 1924 5477 ἁν-

341 5507 569 5581 έτρεψεν
607 5509 637 5562 6
664 5509 763 5580 τῆς
783 5508 1022 5579 ἀθυμίας
1053 5510 1268 5580 ἐκείνης
1297 5508 1527 5578 ίλιγγος,
1572 5511 1672 5575 τὰς
1707 5512 1921 5576 πλάκας

341 5594 409 5649 ἂν
448 5595 670 5669 ἔρριψεν
694 5596 802 5649 ἀπὸ
833 5596 942 5649 τῶν
976 5598 1176 5669 χειρῶν
1209 5597 1304 5652 καὶ
1328 5597 1665 5669 συνέτριψεν,
1694 5598 1811 5652 ἀλλ’
1837 5600 1919 5654 ίά-

341 5698 475 5735 σατο
499 5684 710 5754 ταχέως
732 5685 829 5756 τὴν
871 5685 1176 5756 συμφοράν.
1226 5685 1384 5739 Ἀλλά
1412 5686 1466 5740 τί
1495 5688 1745 5760 ποιήσας,
1765 5689 1917 5753 είπέ;

343 5770 438 5822 καὶ
467 5770 575 5842 γὰρ
605 5774 634 5824 6
660 5772 760 5842 τῆς
786 5772 1026 5841 ἰατρείας
1053 5773 1276 5846 τρόπος,
1300 5777 1348 5828 εί
1373 5776 1465 5829 καὶ
1497 5776 1920 5849 παρεμυθήσατο

342 5864 404 5913 τό
429 5861 669 5929 γεγονὸς,
706 5861 822 5915 ἀλλ’
852 5862 1001 5933 ὅμως
1049 5865 1143 5918 καὶ
1171 5864 1333 5929 αὐτὸς
1362 5865 1569 5921 πολλῶν
1613 5866 1776 5940 ἔγεμε
1825 5868 1919 5922 δα-

344 5948 547 6020 κρύων·
589 5948 682 6003 καὶ
710 5950 882 6016 οὐδεὶς
909 5950 1049 6007 οὕτω
1078 5952 1276 6019 λίθινος
1304 5949 1392 6028 ἦν,
1433 5955 1507 6020 ὡς
1540 5956 1705 6029 μηδὲν
1735 5958 1924 6014 παθεῖν

1176 386 1268 441 AD
1307 383 1687 443 STAGIRIUM
1727 383 1768 437 A
1810 379 2119 439 DIEMONE
2156 382 2668 440 VEXATUM.LIB.
2712 385 2801 441 ΙΙΙ.

3530 387 3635 446 476

2051 501 2315 571 ἀδελφοὺς
2345 502 2441 555 καὶ
2485 504 2766 571 συγγενεῖς
2798 501 2902 555 ὑπὸ
2942 501 3051 555 τῶν
3081 500 3299 556 οἰκείων
3330 507 3635 574 σφαττομέ-

2051 610 2175 657 νους
2203 593 2367 666 ὁρῶν,
2399 596 2496 648 καὶ
2526 596 2605 658 είς
2630 594 2946 667 τρισχιλίων
2981 595 3251 667 σωμάτων
3274 594 3507 667 ἀριθμὸν
3536 596 3637 666 τὴν

2050 686 2289 757 ἐλεεινὴν
2316 687 2518 759 ταύτην
2540 688 2919 757 ἐκτεινομένην
2946 688 3181 758 σφαγήν.
3204 689 3315 741 Καὶ
3340 687 3448 760 γὰρ
3475 688 3636 759 μεῐς

2050 778 2178 841 τοὺς
2199 778 2394 841 παῖδας
2429 780 2554 841 τοὺς
2591 778 2800 852 ἑαυτῶν
2845 779 2973 832 ὅταν
3006 780 3099 833 ἐπί
3135 797 3239 834 τινι
3266 780 3636 852 λαμϐάνωμεν

2049 868 2226 940 δεινῷ,
2257 869 2622 940 στρεϐλοῦμεν
2653 871 2774 941 μὲν,
2809 872 2904 925 καὶ
2930 871 3325 943 μαστιγοῦμεν,
3357 875 3457 926 οὐκ
3480 874 3643 930 ἀναλ-

2050 962 2178 1032 γητὶ
2233 962 2292 1015 δέ
2342 960 2498 1016 τοῦτο
2556 963 2889 1034 πράττομεν,
2931 963 3067 1017 ἀλλά
3111 964 3250 1035 μετά
3275 964 3508 1035 θλίψεως
3534 966 3635 1018 οὐκ

2049 1054 2330 1119 ἐλάττονος
2353 1055 2463 1110 τῶν
2510 1056 2827 1127 πασχόντων
2852 1051 3052 1111 αὐτῶν.

2118 1179 2181 1232 δ’.
2217 1180 2421 1234 Πολλοῦ
2447 1180 2511 1253 δὴ
2529 1181 2652 1235 τότε
2673 1181 2904 1246 πένθους
2933 1182 3096 1236 αὐτὸν
3129 1182 3224 1236 καὶ
3250 1182 3309 1237 1:6
3340 1183 3634 1255 στρατόπε-

2049 1269 2135 1321 δον
2160 1270 2394 1341 ἔχοντος,
2418 1272 2580 1344 ἑτέρα
2604 1272 2765 1327 πάλιν
2794 1273 3001 1343 ἀγωνία
3021 1273 3387 1345 προσετίθετο.
3410 1273 3527 1329 Οὐκ
3552 1274 3633 1330 ἔτι

2048 1361 2157 1433 γὰρ
2204 1363 2387 1426 αὐτοῖς
2419 1366 2837 1436 στρατηγήσειν,
2858 1364 2974 1418 ἀλλ’
3001 1364 3412 1436 ἐγκαταλείψειν
3446 1366 3629 1431 αὐτὸν,

2049 1454 2141 1511 καὶ
2166 1453 2382 1525 ἀγγέλῳ
2413 1455 2754 1529 παραδώσειν
2786 1458 2885 1529 τὴν
2918 1459 3253 1529 προστασίαν
3270 1458 3448 1515 αὐτῶν
3473 1459 3633 1530 ἠπεί-

2047 1545 2210 1617 λησεν
2234 1548 2263 1599 6
2290 1547 2444 1612 Θεὸς,
2483 1549 2512 1601 ὃ
2558 1549 2776 1604 πάντων
2806 1551 3205 1624 ἀφορητότερον
3233 1547 3301 1622 ἦν
3329 1551 3407 1621 τῷ
3432 1554 3629 1623 Μωσῇ.

2053 1634 2317 1688 ’Ἄκουσον
2348 1635 2479 1704 γοῦν
2536 1633 2625 1691 οἶά
2654 1655 2789 1710 φησι
2819 1638 2956 1710 πρὸς
3002 1639 3093 1692 τὸν
3132 1639 3285 1693 Θεόν·
3329 1643 3398 1694 El
3427 1640 3513 1710 μὴ
3546 1640 3630 1694 σὺ

2046 1722 2231 1789 αὐτὸς
2253 1727 2608 1796 συμπορεύῃ
2639 1745 2762 1796 μοι,
2783 1729 2869 1798 μὴ
2899 1729 3206 1800 ἀναγάγῃς
3223 1747 3300 1799 με
3326 1730 3628 1785 ἐντεῦθεν.

2058 1811 2220 1883 Ὁρᾷς
2245 1813 2362 1878 πῶς
2397 1815 2552 1884 φόϐοι
2570 1816 2787 1884 φόϐους,
2806 1818 2900 1871 καὶ
2920 1817 3086 1871 λῦπαι
3103 1818 3398 1890 διεδέχοντο
3419 1819 3594 1884 λύπας
3612 1838 3627 1885 ;

2045 1900 2156 1954 Καὶ
2188 1902 2309 1955 οὐδὲ
2336 1902 2498 1975 μέχρι
2526 1904 2729 1958 τούτων
2758 1906 2945 1959 ἵστατο
2972 1905 3035 1959 τὸ
3066 1906 3259 1962 δεινόν·
3303 1907 3419 1961 ἀλλ’
3439 1909 3629 1980 ἐπειδὴ

2045 1989 2139 2041 καὶ
2169 1989 2328 2044 τοῦτο
2372 1990 2558 2046 ἔπεισε
2592 1993 2684 2046 τὸν
2721 1993 2874 2058 Θεὸν,
2910 1994 3005 2048 καὶ
3049 1994 3341 2050 ἐπένευσεν
3387 1996 3415 2047 6
3445 1996 3631 2065 φιλάν‹

2046 2076 2283 2147 θρωπος,
2339 2081 2435 2133 καὶ
2461 2079 2560 2152 τὴν
2592 2084 2752 2153 χάριν
2779 2082 2970 2150 ἔδωκε,
3009 2083 3171 2137 πάλιν
3202 2084 3416 2155 ἑτέραις
3466 2085 3631 2139 αὑτὸν

2045 2167 2399 2237 περιέϐαλλον
2447 2168 2683 2233 ὀδύναις,
2730 2169 2822 2224 τὸν
2867 2170 3024 2225 ἵλεων
3062 2174 3354 2244 γενόμενον
3398 2173 3631 2245 παροξύ-

2044 2273 2248 2321 νοντες,
2310 2257 2404 2310 καὶ
2449 2259 2570 2322 ταῖς
2620 2258 2878 2329 ἐσχάταις
2944 2261 3169 2324 ἑαυτοὺς
3221 2261 3630 2335 περιπείροντες

2046 2348 2373 2416 συμφοραῖς.
2411 2346 2566 2400 Μετά
2591 2348 2698 2420 γὰρ
2720 2348 2819 2419 τὴν
2856 2349 3071 2421 σφαγὴν
3098 2350 3199 2422 τήν
3226 2351 3630 2425 πολυδάκρυτον

2044 2431 2187 2486 οὓτω
2246 2434 2657 2507 προσέκρουσαν
2718 2436 2899 2500 πάλιν,
2947 2437 3020 2502 ὡς
3053 2437 3452 2493 ἐκκαλέσασθαι
3509 2439 3629 2494 καθ’

2045 2519 2252 2574 ἑαυτῶν
2304 2521 2395 2575 τὸν
2448 2523 2778 2594 ἐμπρησμὸν
2815 2525 3039 2592 ἐκεῖνον,
3088 2525 3148 2589 ὃς
3178 2525 3375 2598 μικροῦ
3422 2527 3630 2589 πάντας

2043 2607 2322 2679 ἀνήλωσεν
2358 2608 2447 2673 ἂν,
2498 2612 2546 2663 εί
2590 2612 2663 2682 μὴ
2722 2612 2817 2665 καὶ
2869 2612 3012 2666 οὕτω
3043 2613 3211 2685 πολλῇ
3257 2616 3386 2687 περὶ
3433 2617 3627 2680 αὐτοὺς

2045 2696 2427 2770 φιλανθρωπία
2469 2700 2740 2772 ἐχρήσατο
2769 2711 2818 2752 ιι.
2876 2700 2967 2773 Τῷ
3002 2702 3058 2755 δὲ
3091 2704 3300 2774 Μωῦσῇ
3340 2703 3534 2774 διπλῆν
3572 2706 3630 2757 ἐν

2043 2784 2218 2839 ἅπασι
2250 2784 2349 2857 τὴν
2380 2785 2622 2857 ἀθυμίαν
2658 2783 2800 2842 εἶναι
2841 2788 3142 2856 συνέϐαινε,
3173 2790 3252 2862 τῷ
3291 2808 3353 2843 τε
3384 2792 3628 2856 ἐκείνους

2042 2873 2399 2940 ἀπόλλυσθαι,
2439 2875 2533 2930 καὶ
2584 2876 2663 2948 τῷ
2698 2879 2827 2940 τοὺς
2864 2877 3326 2949 ὑπολειπομένους
3371 2877 3629 2950 ἀδιορθῴ-

2041 2973 2169 3020 τους
2229 2958 2413 3027 μένειν
2454 2960 2549 3013 καὶ
2601 2961 2767 3030 μηδὲν
2812 2962 2879 3013 ἐκ
2910 2962 3012 3031 τῆς
3040 2963 3267 3017 ἐκείνων
3323 2964 3631 3035 κερδαίνειν

2044 3048 2354 3116 συμφορᾶς.
2382 3046 2550 3101 Οὔπω
2583 3050 2692 3119 γὰρ
2721 3048 2872 3112 τέλος
2901 3045 3048 3119 εἶχεν
3081 3051 3290 3115 ἐκεῖνος
3317 3053 3346 3104 ὁ
3376 3050 3628 3117 θάνατος,

2041 3134 2138 3186 καὶ
2165 3135 2215 3187 οί
2245 3133 2686 3206 περιλειφθέντες
2710 3135 2817 3189 τῶν
2853 3136 3153 3207 κρομμύων
3177 3137 3506 3208 ἐμέμνηντο,
3533 3140 3631 3193 καὶ

2041 3225 2152 3286 τοῖς
2186 3223 2452 3294 παροῦσιν
2478 3222 2858 3295 ἐδυσχέραινον
2884 3223 3151 3293 λέγοντες*
3190 3225 3473 3295 Τίς-,ἡμεῖς
3502 3229 3628 3296 ψω-

2035 3309 2164 3379 μιεῐ
2190 3310 2369 3378 κρέας
2387 3327 2407 3374 ;
2450 3310 2873 3382 Ἐμνήσθημεν
2897 3310 3011 3381 γὰρ
3048 3312 3192 3379 τοὺς
3232 3315 3464 3382 ἰχθύας,
3519 3315 3630 3384 οὓς

2038 3402 2331 3470 ήσθίομεν
2361 3399 2431 3453 ἐν
2449 3401 2745 3470 Αἰγύπτῳ,
2788 3399 2887 3455 καί
2915 3400 3052 3467 τοὺς
3080 3402 3335 3469 σικυοὺς
3365 3403 3465 3457 καὶ
3485 3404 3627 3471 τοὺς

2039 3488 2310 3555 πέπονας
2363 3489 2463 3542 καὶ
2501 3488 2577 3542 τὰ
2621 3488 2826 3557 πράσα
2854 3488 2956 3544 καὶ
2990 3491 3063 3544 τὰ
3104 3490 3378 3560 κρόμμυα
3404 3492 3503 3545 καί
3553 3493 3628 3547 τὰ

2040 3580 2341 3649 σκόροδα.’
2354 3580 2469 3635 Νῦν
2494 3579 2552 3633 δὲ
2580 3581 2614 3651 ή
2636 3580 2779 3651 ψυχὴ
2808 3580 2964 3652 ήμῶν
2996 3580 3323 3652 κατάξηρος,
3359 3582 3508 3654 [209]
3531 3583 3625 3636 οὑ-

2037 3667 2126 3722 δέν
2153 3667 2293 3740 πλὴν
2328 3670 2406 3733 εἰς
2429 3669 2490 3722 τὸ
2523 3668 2700 3739 μάννα
2722 3671 2772 3723 οἱ
2812 3669 3082 3741 ὀφθαλμοὶ
3102 3669 3279 3741 ἡμῶν.
3316 3669 3485 3724 Ἔνθα
3521 3689 3626 3742 μη-

2039 3756 2157 3810 κέτι
2186 3758 2367 3828 φέρων
2394 3756 2494 3830 τὴν
2517 3757 2913 3829 ἀγνωμοσύνην
2939 3758 3120 3811 αὐτῶν
3149 3759 3178 3811 6
3209 3759 3471 3830 Μωῦσῆς,
3490 3775 3626 3831 παρ-

2039 3848 2274 3900 αιτεῖται
2304 3845 2404 3918 τήν
2428 3846 2770 3918 προστασίαν
2803 3846 3049 3918 νικηθεὶς
3081 3846 3187 3900 ὑπὸ
3225 3847 3326 3917 τῆς
3358 3846 3621 3917 ἀθυμίας,

2039 3934 2132 3987 καὶ
2158 3933 2388 3988 θάνατον
2420 3932 2640 4004 εὔχεται
2665 3933 2785 3986 ἀντὶ
2826 3933 2927 4005 τῆς
2966 3935 3169 4006 πικρᾶς
3206 3933 3421 4005 ἐκείνης
3457 3933 3619 4006 ζωῆς.

2051 4022 2383 4077 Ἐ’πάκουσον
2415 4021 2480 4092 δὴ
2528 4022 2623 4075 καὶ
2668 4021 2776 4075 τῶν
2807 4021 3067 4093 ῥημάτων
3102 4022 3301 4075 αὐτῶν·
3324 4022 3434 4076 Καὶ
3492 4017 3625 4077 εἷπε

2036 4108 2319 4177 Μωϋσῆς,
2355 4111 2510 4181 φησὶ,
2551 4109 2701 4179 πρὸς
2727 4110 2835 4162 τὸν
2883 4110 3052 4164 Θεὼυ
3094 4109 3268 4164 Ἱνατι
3311 4108 3624 4177 ἐκάκωσας

2036 4195 2144 4248 τὸν
2169 4194 2505 4264 θεράποντά
2536 4213 2674 4263 σου,
2706 4197 2808 4253 καὶ
2838 4196 2937 4251 διὰ
2963 4198 3022 4251 τι
3046 4199 3158 4266 οὺχ
3182 4196 3409 4267 εὕρηκα
3445 4196 3624 4268 χάριν

2035 4283 2315 4337 ἐναντίον
2346 4285 2485 4349 σοῦ,
2510 4284 2799 4339 ἐπιθεῖναι
2829 4285 2945 4354 τὴν
2971 4286 3164 4355 ὁρμὴν
3184 4285 3288 4340 τοῦ
3303 4286 3455 4341 λαοῦ
3484 4287 3621 4341 τού-

2036 4390 2141 4426 του
2173 4372 2267 4424 ἐπ’
2299 4371 2434 4442 ἐμέ;
2482 4371 2580 4441 Μὴ
2616 4373 2731 4443 ἐγὼ
2768 4374 2840 4427 ἐν
2885 4374 3097 4444 γαστρὶ
3151 4373 3374 4429 ἔλαϐον
3424 4373 3623 4429 πάντα

2035 4465 2142 4519 τὸν
2160 4462 2322 4518 λαὸν
2353 4462 2569 4516 τοῦτον
2592 4463 2630 4531 ἢ
2684 4464 2799 4533 ἐγὼ
2827 4463 3036 4517 ἔτεκον
3082 4463 3277 4525 αὑτὸν,
3313 4463 3401 4517 ὅτι
3420 4463 3619 4534 λέγεις

2029 4571 2152 4622 μοι,
2177 4552 2333 4607 Λάϐε
2362 4550 2552 4605 αὑτὸν
2601 4554 2689 4617 εἰς
2738 4550 2846 4604 τόν
2871 4552 3103 4604 κόλπον
3134 4566 3273 4615 σου,
3299 4551 3442 4605 ὡσεὶ
3484 4553 3619 4621 (ipa:

2034 4642 2275 4710 τιθηνός
2331 4641 2437 4695 τὸν
2481 4638 2831 4709 θηλὰζοντα,
2874 4642 2963 4707 εἰς
3012 4639 3127 4709 τὴν
3152 4638 3266 4711 γῆν
3295 4639 3375 4708 ῆν
3412 4639 3619 4709 ὤμοσα

2032 4730 2158 4798 τοῖς
2204 4729 2505 4798 πατράσιν
2548 4727 2782 4793 αὑτῶν;
2826 4730 3020 4784 Πόθεν
3070 4746 3174 4799 μοι
3208 4729 3354 4797 κρέα
3407 4728 3617 4783 δοῦναι

2033 4819 2213 4874 παντὶ
2232 4818 2313 4885 τῷ
2334 4816 2463 4884 λαῷ
2500 4819 2710 4885 τούτῳ,
2746 4817 2835 4872 ὅτι
2885 4819 3209 4873 κλαίουσιν
3238 4818 3331 4872 ἐπ’
3357 4817 3488 4889 ἐμοὶ
3517 4818 3617 4872 λέ·

2031 4930 2262 4983 τοντες,
2287 4912 2393 4978 Δὸς
2431 4911 2575 4979 ἡμῖν
2597 4910 2760 4980 κρέα,
2779 4913 2881 4966 ἵνα
2908 4912 3218 4982 φάγωμεν;
3238 4913 3321 4965 Οὐ
3349 4909 3616 4976 δυνήσο-

2024 5020 2135 5073 μαι
2171 5003 2285 5073 ἐγὼ
2307 5004 2498 5072 μόνος
2517 5002 2723 5071 φέρειν
2746 5002 2851 5057 τὸν
2871 5002 3029 5057 λαὸν
3050 5001 3288 5065 τοῦτον,
3315 5001 3404 5055 ὅτι
3424 5001 3617 5068 ,ϐαρύ-

2029 5092 2206 5158 τερόν
2247 5107 2349 5160 μοι
2396 5090 2530 5145 ἐστὶ
2572 5089 2639 5143 τὸ
2668 5088 2833 5160 ῥῆμα
2872 5091 3071 5145 τοῦτο·
3127 5089 3278 5144 εἰδὲ
3311 5090 3499 5156 οὕτως
3540 5090 3614 5142 οὐ

2030 5179 2221 5248 ποιεῖς
2260 5199 2383 5251 μοι,
2431 5181 2793 5236 ἀπόκτεινόν
2837 5196 2915 5250 με
2942 5178 3267 5247 ἀναιρέσει,
3307 5181 3360 5232 εί
3389 5178 3614 5245 εὕρηκα

2028 5274 2206 5343 χάριν
2257 5274 2536 5329 ἐναντίον
2592 5290 2729 5330 σου.
2771 5274 2958 5327 Ταῦτα
3008 5276 3218 5337 ἐκεῖνος
3256 5272 3556 5345 ἐφθέγξατο
3583 5272 3612 5323 6

2028 5362 2219 5427 εἰπὼν,
2247 5364 2357 5418 Καὶ
2386 5363 2522 5427 νῦν,
2546 5365 2597 5416 εὶ
2611 5363 2728 5433 μὲν
2746 5361 2907 5432 ἀφῇς
2931 5362 3134 5427 αὐτοῖς
3155 5360 3272 5429 τὴν
3297 5361 3607 5428 ἁμαρτίαν,

2027 5451 2195 5521 ἄφες·
2228 5454 2282 5505 εὶ
2313 5451 2382 5504 δὲ
2428 5451 2535 5522 μὴ,
2563 5449 2892 5520 ἐξάλειψόν
2924 5466 3001 5520 με
3032 5450 3101 5503 ἐκ
3130 5449 3241 5517 τῆς
3267 5448 3492 5513 ,βίϐλου
3535 5442 3610 5516 ἧς

2026 5540 2313 5610 ἔγραψας.
2345 5538 2534 5605 Οὕτως
2559 5540 2719 5593 αὑτὸν
2747 5541 2778 5610 ή
2808 5538 3013 5609 ἀθυμία
3033 5536 3407 5609 περιέτρεψεν.
3430 5535 3607 5603 Ὅπερ

2028 5633 2298 5704 πάσχουσι
2331 5632 2422 5685 καὶ
2451 5633 2630 5700 γονεῖς
2664 5630 2923 5693 πολλάκις
2947 5626 3470 5699 δυσανασχετοῦντες
3490 5627 3603 5688 τοῖς

2026 5721 2331 5790 γινομένοις
2360 5720 2465 5774 ὑπὸ
2502 5720 2611 5773 τῶν
2642 5718 2888 5772 παιδίων.
2924 5720 3044 5772 Ὅτι
3077 5717 3184 5787 γὰρ
3233 5715 3327 5767 καὶ
3364 5712 3503 5784 μετά
3534 5710 3604 5765 τὰ

2096 5893 2120 5920 ⁸
2141 5894 2221 5940 Sic
2243 5891 2393 5939 Savil.
2423 5889 2467 5941 in
2492 5888 2740 5951 margine;
2767 5888 2815 5939 in
2851 5888 3056 5949 reliquis
3083 5886 3205 5946 haec,
3230 5886 3269 5933 εἰ
3308 5884 3432 5947 μὴ...
3461 5884 3576 5948 ἐχρή

2036 5971 2175 6016 σατο,
2197 5953 2395 6001 desunt.
