4060 6136
417 344 522 403 4Ἱ7

426 464 650 537 ῥήματα
677 459 850 516 ταῦτα
895 461 995 515 ούκ
1028 460 1306 516 ἐπαύσατο
1358 462 1458 533 τῆς
1515 459 1862 525 συμπαθείας
1906 460 2007 530 τῆς

421 547 561 619 πρὸς
592 546 809 609 αὐτοὺς,
844 543 902 611 ἐξ
934 538 1010 599 ὧν
1045 545 1183 617 μετὰ
1201 544 1375 601 ταῦτα
1399 545 1642 617 ἐποίησε,
1675 543 1830 616 δῆλον
1854 544 2006 615 ήμῖν.

432 628 650 699 Ἐπειδὴ
710 628 820 698 γὰρ
879 628 1018 699 μετά
1074 629 1137 682 τὸ
1192 630 1320 695 τοὺς
1373 630 1756 692 κατασκόπους
1804 627 2011 681 ἀνελεῖν

422 711 762 783 ἐπεχείρουν,
795 711 890 764 καὶ
918 711 1087 777 λίθοις
1122 711 1285 766 αὑτὸν
1327 712 1568 774 ἔϐαλλον,
1606 708 1885 780 διαφυγὼν
1912 708 2013 772 τὰς

423 799 614 868 χεῖρας
669 793 850 848 αὐτῶν
920 795 1013 848 ἐπὶ
1069 796 1171 867 τὴν
1247 795 1388 866 ὑπὲρ
1446 795 1624 849 αὐτῶν
1688 793 1852 865 εὐχὴν
1902 791 2012 845 πά-

425 878 511 932 λιν
547 877 833 949 ἐτρέπετο,
891 878 986 931 καὶ
1032 878 1125 933 τὸν
1183 878 1320 933 Θεὸν
1371 879 1671 953 παρεκάλει
1723 877 1881 933 τλεων
1918 891 2014 944 γε-

424 960 613 1015 νέσθαι
664 963 779 1024 τοῖς
837 959 1187 1032 βουλομένοις
1250 963 1413 1018 αὐτὸν
1469 963 1696 1018 ἀνελεῖν·
1739 960 1882 1015 οὕτω
1921 959 2015 1012 καὶ

429 1045 528 1115 τῆς
588 1046 827 1117 φυσικῆς
875 1046 1257 1120 φιλοστοργίας
1314 1047 1669 1118 σφοδρότερον
1738 1042 1889 1115 αύτῷ
1953 1041 2016 1094 τὸ

432 1130 652 1202 φίλτρον
715 1130 977 1184 ἐνέκειτο.
1043 1132 1165 1188 Τῶν
1223 1132 1403 1186 τοίνυν
1462 1130 1824 1185 κατασκόπων
1883 1126 2018 1180 ἀπο-

433 1213 722 1279 θανόντων,
772 1215 867 1268 καὶ
919 1214 1013 1268 τοῦ
1075 1215 1308 1279 πένθους
1376 1214 1739 1286 ἀκμάζοντος,
1805 1208 2018 1264 οὐδέπω

434 1297 795 1370 παρελθόντος
821 1298 1038 1370 χρόνου,
1079 1300 1240 1354 πάλιν
1278 1299 1469 1371 ἐτέρας
1503 1297 1734 1351 έπλεκον
1777 1292 2020 1365 ἀθυμίας

434 1380 720 1445 ὑποθέσεις
750 1382 921 1453 αὐτῷ,
974 1382 1190 1454 πρῶτον
1231 1385 1330 1455 μὲν
1376 1384 1477 1436 ούκ
1512 1380 1873 1453 ἀνασχόμενοι
1920 1394 2022 1431 κω-

433 1462 653 1529 λύοντος
701 1466 978 1536 πολεμεῖν,
1034 1464 1289 1538 δεύτερον
1336 1467 1395 1521 δὲ
1460 1464 1865 1526 κατακοπέντες
1917 1458 2023 1514 ὑπὸ

431 1547 543 1602 τῶν
606 1548 1007 1620 Ἀμαληκιτῶν·
1062 1544 1205 1622 ἦσαν
1256 1548 1314 1604 δὲ
1343 1548 1438 1604 καὶ
1486 1548 1594 1620 πρὸ
1628 1546 1723 1602 τοῦ
1782 1544 2022 1615 πολέμου

435 1632 627 1685 τούτου
674 1636 741 1704 τῇ
802 1632 1001 1703 χολέρᾳ
1056 1634 1150 1687 καὶ
1199 1634 1265 1703 τῇ
1330 1630 1744 1703 γαστριμαργίᾳ
1781 1629 2026 1698 δαπανη-

439 1714 625 1777 θέντες
659 1715 880 1778 ίκανῶς.
919 1715 1030 1770 Καὶ
1066 1714 1177 1785 γὰρ
1202 1714 1515 1770 ἀπέκτεινε
1536 1754 1551 1779 ,
1587 1715 1772 1784 φησὶν,
1803 1711 1872 1766 ἐν
1900 1709 2026 1775 τοῖς

436 1800 718 1851 πλείοσιν
745 1797 974 1863 αὐτῶν,
1006 1797 1096 1852 ἔτι
1136 1797 1248 1868 τῆς
1280 1797 1568 1867 βρώσεως
1607 1797 1806 1865 οὔσης
1841 1793 1913 1847 ἐν
1943 1790 2027 1858 τῷ

433 1880 685 1949 στόματι
706 1880 924 1935 αὐτῶν.
951 1881 1301 1952 Θεασάμενος
1323 1882 1381 1935 δὲ
1402 1882 1497 1935 καὶ
1516 1881 1609 1935 τὸν
1634 1880 1865 1934 θάνατον
1890 1877 2028 1930 ἐκεῖ·

437 1980 528 2017 νον
551 1964 642 2017 τὸν
657 1964 844 2028 πολὺν,
873 1963 1027 2019 οὔπω
1054 1965 1153 2037 τῆς
1183 1964 1425 2035 ἀθυμίας
1451 1964 1554 2036 τῆς
1592 1964 1686 2018 ἐπὶ
1716 1960 1895 2032 τούτῳ
1929 1975 2030 2012 πε-

439 2048 760 2120 παυμένης,
812 2049 986 2122 ἑτέρῳ
1029 2049 1192 2104 πάλιν
1236 2049 1493 2105 ἐϐάλλετο
1536 2046 1764 2111 πένθει,
1813 2044 1908 2099 καὶ
1948 2043 2028 2106 εἰς

439 2133 696 2205 τοιαύτην
736 2134 985 2207 ἀνάγκην
1033 2134 1359 2201 καθίστατο,
1408 2134 1487 2198 ὡς
1535 2131 1663 2197 τοὺς
1709 2127 2032 2205 ἀγαπητοὺς

441 2218 536 2271 καὶ
565 2217 855 2288 φιλτάτους
883 2218 1108 2283 τούτους
1136 2217 1396 2284 εὖξασθαι
1435 2217 1570 2287 ξένῳ
1596 2216 1702 2270 τινὶ
1724 2215 1821 2282 καὶ
1851 2227 2033 2284 παρα-

439 2300 575 2372 δόξῳ
601 2301 816 2373 θανάτῳ
842 2300 1145 2356 καταλῦσαι
1168 2301 1261 2355 τὸν
1290 2301 1405 2372 βίον
1422 2316 1435 2331 ⁸
1463 2299 1640 2364 οὕτως
1660 2300 1711 2352 οἱ
1733 2297 1833 2370 μὲν
1859 2293 2032 2366 πυρὸς

440 2385 705 2456 ἀφθέντος
732 2385 993 2459 ἐξαίφνης
1023 2385 1365 2458 ἐκαύθησαν,
1411 2386 1461 2440 οἰ
1504 2384 1562 2437 δὲ
1595 2380 1893 2453 γενομένου
1930 2378 2034 2450 χά-

444 2485 649 2539 σματος
697 2468 1098 2541 κατεπόθησαν·
1143 2469 1239 2524 καὶ
1277 2466 1402 2522 οὔτε
1444 2464 1802 2539 εὐαρίθμητοι
1854 2478 2033 2527 τινες,

444 2554 579 2608 ἀλλά
610 2554 1000 2610 πεντεκαίδεκα
1026 2553 1279 2625 χιλιάδων
1308 2552 1517 2626 ἀνδρῶν
1538 2551 1756 2615 πλείους
1784 2549 1835 2603 οι
1861 2547 2035 2602 ταῦτα

445 2638 709 2701 παθόντες
736 2633 897 2709 ἦσαν.
925 2637 1128 2690 Τούτου
1158 2636 1213 2693 δὲ
1241 2634 1556 2709 γενομένου,
1588 2634 1707 2698 πῶς
1730 2633 1859 2696 τοὺς
1888 2632 2035 2686 ἐκεί-

446 2738 554 2775 νων
594 2723 909 2790 συγγενεῖς,
945 2719 1064 2784 πῶς
1103 2720 1230 2783 τοὺς
1270 2718 1457 2789 φίλους
1505 2718 1643 2791 πρὸς
1686 2716 1779 2771 τὸν
1831 2714 2038 2770 Μωσέα

443 2804 745 2859 διακεῖσθαι
763 2804 910 2868 εἰκὸς
932 2798 1032 2875 ἦν;
1059 2803 1177 2865 πῶς
1204 2802 1261 2855 δὲ
1284 2800 1447 2856 αὑτὸν
1465 2800 1557 2855 τὸν
1575 2800 1802 2871 Μωσῆν,
1826 2798 2040 2871 ὁρῶντα

447 2889 543 2944 καὶ
576 2888 767 2949 παῖδας
795 2888 1065 2959 ὀρφανοὺς
1094 2887 1188 2940 xal
1210 2887 1474 2955 γυναῖκας
1504 2885 1677 2956 χήρας
1704 2883 1813 2937 ἀπὸ
1835 2881 2040 2953 ταύτης

449 2972 748 3042 γενομένας
790 2971 890 3042 τῆς
934 2971 1218 3042 συμφορᾶς
1238 3009 1252 3032 ,
1289 2969 1382 3022 καὶ
1414 2967 1513 3039 τὴν
1548 2966 1787 3039 ἀδελφὴν
1820 2967 1917 3020 καὶ
1947 2964 2040 3019 τὸν

450 3056 676 3127 ἀδελφὸν
717 3055 1177 3126 τελευτήσαντας,
1205 3053 1299 3107 καὶ
1328 3052 1455 3115 τοὺς
1488 3052 1638 3115 υἱοὺς
1676 3052 1802 3114 τοὺς
1830 3050 2041 3104 ἐκείνου

452 3141 753 3204 καυθέντας
770 3138 912 3211 ὑπὲρ
928 3136 1275 3209 παρανομίας
1293 3135 1439 3200 τινός
1456 3154 1471 3200 ;
1495 3133 1716 3189 Τούτων
1736 3134 1795 3189 δὲ
1810 3134 2043 3189 ἕκαστον

453 3224 638 3280 ἰκανὸν
666 3224 761 3279 καὶ
796 3223 965 3295 μηδὲν
1005 3220 1341 3275 πεπονθυῖαν
1367 3218 1556 3289 θλϊψαι
1587 3218 1787 3290 ψυχὴν,
1820 3219 1951 3290 μήτι
1979 3234 2043 3286 γε

452 3308 729 3371 τοσούτοις
774 3308 878 3379 ήδη
935 3304 1403 3375 κατεργασθεῖσαν
1441 3305 1652 3367 κακοῖς.
1720 3304 1809 3367 Ὠς
1847 3302 1907 3357 δὲ
1948 3301 2045 3356 τὸν

456 3395 759 3449 Χαναναίου
803 3388 967 3456 εἷλον,
1013 3392 1109 3445 καὶ
1144 3390 1364 3461 μακρὰν
1401 3386 1664 3442 ἐκύκλουν
1697 3387 1838 3455 ὁδὸν,
1880 3386 2045 3442 πάλιν

456 3478 754 3547 ἐγόγγυζον
781 3477 832 3530 οἰ
871 3475 1111 3529 Ἰουδαῖοι
1135 3513 1151 3541 ,
1181 3474 1277 3528 καὶ
1316 3471 1481 3527 πάλιν
1509 3469 1828 3526 ἀπώλλυντο
1847 3510 1863 3537 ,
1904 3470 2047 3542 νόσῳ

460 3562 562 3633 μὲν
596 3561 696 3616 οὐκ
730 3560 809 3613 ἔτι
838 3558 1092 3631 καθάπερ
1120 3557 1215 3612 καὶ
1240 3556 1456 3629 πρώην,
1502 3556 1624 3610 οὐδὲ
1656 3556 1791 3628 πυρὶ
1819 3555 1913 3609 καὶ
1951 3555 2049 3625 χά-

460 3662 628 3715 σματι
659 3644 911 3715 καθάπερ
944 3642 1039 3696 καὶ
1085 3642 1373 3713 πρότερον,
1422 3640 1642 3695 ἰοϐόλων
1680 3640 1737 3694 δὲ
1772 3640 2049 3711 δήγμασιν

459 3726 657 3794 ὄφεων,
689 3722 738 3776 οἳ
767 3724 975 3787 πάντας
1011 3720 1077 3776 ἂν
1116 3721 1312 3785 αὐτοὺς
1336 3718 1649 3782 ἀπώλεσαν,
1686 3720 1736 3771 εἰ
1768 3719 1845 3789 μὴ
1887 3717 2049 3772 πάλιν

461 3811 490 3863 ὀ
519 3807 724 3877 Μωσῆς
746 3804 1057 3878 προσελθὼν
1081 3802 1233 3876 [210]
1258 3803 1506 3856 ἱκέτευσε
1522 3801 1613 3854 τὸν
1637 3800 1789 3855 Θεόν.
1828 3800 2049 3872 Ἐπειδὴ

459 3891 517 3946 δὲ
547 3891 640 3945 καί
662 3888 866 3958 ταύτης
891 3887 1286 3960 ἀπηλλάγησαν
1310 3887 1411 3957 τῆς
1438 3886 1644 3957 φθορᾶς
1671 3882 1886 3947 καὶτὰς
1907 3883 2051 3954 ἀρὰς

460 3973 557 4028 τοῦ
593 3973 837 4043 μάντεως
866 3972 1151 4042 ἐξέφυγον,
1182 3970 1343 4024 πάλιν
1373 3970 1599 4031 ἑαυτοὺς
1636 3966 1865 4038 ἔρριψαν
1909 3966 2052 4019 κατά

463 4058 571 4111 τῶν
615 4058 1012 4130 χαλεπωτάτων
1042 4054 1327 4126 κρημνῶν,
1367 4053 1462 4107 καὶ
1496 4052 1634 4124 μετά
1672 4051 1772 4115 τὰς
1796 4051 2051 4122 εὐλογίας

462 4144 556 4199 τού
589 4143 839 4210 Βαλαάμ,
867 4142 1065 4213 μᾶλλον
1087 4141 1144 4193 δὲ
1171 4138 1266 4192 τοῦ
1289 4136 1424 4192 Θεοῦ
1453 4137 1471 4211 (
1486 4138 1559 4192 ού,
1576 4137 1686 4210 γάρ
1710 4138 1809 4209 τῆς
1839 4137 2049 4191 ἐκείνου

464 4226 835 4299 προαιρέσεως
867 4221 935 4296 ἦν
959 4223 1035 4293 ,τά
1070 4224 1312 4295 ῥήματα,
1356 4222 1492 4276 ἀλλά
1524 4224 1622 4295 τῆς
1662 4220 1921 4293 κινούσης
1955 4221 2054 4275 αύ-

461 4313 555 4365 τὸν
580 4310 932 4381 δυνάμεως),
959 4307 1298 4379 ἐπόρνευσαν
1330 4308 1411 4371 εἰς
1454 4305 1554 4369 τάς
1591 4305 1700 4359 τῶν
1737 4303 2051 4374 ἀλλοφύλων

462 4395 771 4468 θυγατέρας
793 4403 835 4462 ⁸,
864 4393 960 4447 καὶ
995 4391 1359 4463 ἐτελέσθησαν
1390 4391 1469 4462 τῷ
1501 4389 1855 4462 Βεελφεγώρ.
1901 4389 1957 4444 '0
1993 4390 2052 4445 δὲ

464 4482 670 4555 Μωσῆς
697 4475 794 4553 τὴν
818 4478 1086 4549 τοσαύτην
1112 4476 1255 4551 ὀρῶν
1283 4476 1545 4549 αἰσχύνην
1576 4477 1671 4530 καὶ
1698 4475 1789 4529 τὸν
1815 4474 2049 4543 γέλωτα,

466 4566 627 4621 πάλιν
656 4564 855 4628 αὐτοὺς
883 4562 1146 4635 ἀλλήλους
1177 4562 1545 4617 κατακόπτειν
1576 4559 1830 4613 ἐκέλευσε
1854 4558 2049 4627 λέγων·

476 4649 893 4705 Ἀποκτείνατε
939 4646 1200 4712 ἕκαστος
1251 4646 1359 4699 τὸν
1405 4642 1675 4713 πλησίον
1715 4641 1903 4697 αὑτοῦ
1945 4641 2055 4695 τὸν

462 4730 897 4803 τετελεσμένον
919 4729 1002 4796 τῷ
1047 4729 1421 4799 Βεελφεγώρ·
1471 4726 1723 4798 καθάπερ
1767 4724 1860 4779 ἐπί
1908 4741 2055 4789 τινος

464 4816 779 4888 τραύματος
807 4813 1008 4877 πολλὰς
1041 4813 1139 4884 μὲν
1179 4812 1436 4875 λαϐόντος
1462 4810 1634 4881 τομὰς
1659 4810 1755 4864 καὶ
1791 4808 2017 4873 καύσεις
2036 4849 2052 4875 ,

465 4901 616 4955 οὐδὲν
657 4902 715 4954 δὲ
758 4900 979 4971 ἄμεινον
1022 4897 1195 4969 ταύτῃ
1242 4896 1610 4959 διατεθέντος,
1657 4894 1867 4949 κελεύοι
1913 4895 1943 4935 ι»
1973 4910 2056 4959 τις

467 4984 629 5040 πάλιν
661 4984 882 5054 τέμνειν
906 4982 1000 5038 καὶ
1036 4981 1215 5036 καίειν
1240 4980 1302 5034 τὸ
1331 4979 1704 5052 περιλειφθέν.
1736 4979 1810 5032 Σὺ
1837 4979 1897 5033 δέ
1917 4977 2054 5033 ταύ-

466 5086 566 5130 τας
607 5068 821 5123 ἀκούων
847 5068 946 5131 τὰς
972 5064 1279 5128 δυσκολίας,
1310 5064 1385 5136 μὴ
1418 5063 1624 5127 ταύτας
1660 5064 1819 5133 μόνον
1848 5061 2055 5134 συμϐε-

467 5152 696 5225 ϐηκέναι
724 5151 912 5223 νόμιζε
931 5193 946 5219 ,
977 5148 1154 5204 καίτοι
1186 5150 1281 5203 καὶ⁹
1307 5147 1417 5201 τῶν
1442 5147 1712 5219 κειμένων
1740 5147 1841 5201 οὐκ
1868 5146 2056 5215 ὀλίγας

470 5236 790 5310 παρέλιπον,
813 5236 942 5299 τοὺς
969 5233 1258 5303 πολέμους,
1286 5232 1385 5296 τάς
1415 5231 1524 5285 τῶν
1551 5229 1765 5302 ἐχθρῶν
1796 5228 2054 5284 ἐναντιώ-

471 5340 608 5387 σεις,
630 5320 729 5385 τὰς
754 5320 970 5393 μακρὰς
998 5316 1328 5389 ὁδοιπορίας,
1354 5316 1455 5389 τῆς
1485 5315 1722 5385 ἀδελφῆς
1746 5314 1845 5387 τήν
1872 5314 2053 5389 ὕϐριν,

468 5407 571 5479 τὴν
601 5403 893 5478 τιμωρίαν,
923 5403 1009 5473 ἐφ’
1109 5401 1309 5474 μᾶλλον
1336 5402 1544 5464 ἐκεῖνος
1573 5401 1602 5454 ὀ
1627 5398 1933 5470 πραότατος
1961 5398 2056 5472 ήλ-

470 5508 606 5565 γησε
634 5491 863 5561 Μωσῆς.
908 5488 1045 5543 Ἀλλ’
1078 5489 1230 5561 ὅμως
1269 5485 1368 5542 κᾶν
1406 5485 1626 5542 ἅπαντά
1650 5502 1735 5549 τις
1770 5486 2056 5561 συναγάγῃ

474 5578 615 5651 μετά
646 5575 927 5650 ἀκριϐείας
950 5616 964 5640 ,
1008 5575 1130 5629 οὐδὲ
1159 5573 1453 5647 μυριοστὸν
1497 5573 1663 5645 μέρος
1691 5571 1762 5626 τά
1801 5589 2055 5644 γεγραμο-

474 5662 612 5735 μένα
654 5661 761 5717 τῶν
807 5659 1186 5731 γεγενημένων
1226 5657 1395 5714 ἐστίν.
1432 5659 1494 5713 Εί
1541 5658 1650 5731 γὰρ
1691 5656 1918 5711 οἰκετῶν
1972 5672 2056 5720 τις

536 5790 564 5850 9
589 5788 739 5839 Savil.
764 5789 915 5839 habet
932 5787 1154 5850 γυναῖκας
1175 5786 1430 5850 καὶ-θυγατ.

486 5849 722 5957 “gs-gum.
744 5847 953 5914 κελεύοι,
972 5848 1123 5901 δειγίὶ.
1147 5856 1199 5899 οι
1224 5847 1396 5899 Morel.
1422 5849 1619 5910 κελεύει,
1643 5848 1790 5900 Savil.
1819 5848 1878 5898 ad
1900 5858 2050 5909 marg.

558 5945 565 5955 .
621 5928 669 5957 η.

558 5928 649 5973 ,ευῃ
659 5949 669 5961 .

1112 345 1172 402 S.
1215 343 1500 401 JOANNIS
1536 342 2024 401 CHRYSOSTOMI
2064 340 2383 400 ARCHIEP.
2425 340 2976 401 CONSTANTINOP.

3580 349 3693 409 678

2110 457 2306 528 ὀλίγων
2335 457 2395 512 ἐν
2425 457 2574 529 οἰκίᾳ.
2610 458 2921 527 προεστὼς,
2955 458 3052 513 καὶ
3082 458 3457 531 παροξυσμῶν
3485 461 3581 515 καὶ
3604 460 3703 516 λύ-

2111 560 2221 614 πης
2251 542 2450 615 μυρίας
2471 541 2584 615 ἔχει
2612 542 2939 615 προφάσεις·
2968 545 2998 597 ό
3030 543 3305 614 μυριάδων
3339 543 3613 600 τοσούτων
3642 547 3704 601 ἐν

2116 628 2527 699 τεσσαράκοντα
2567 626 2742 682 ἐτεσιν
2768 626 3161 699 ἐπιτροπεῦσαι
3192 630 3706 696 καταναγκασθεὶς,

2115 711 2211 765 καὶ
2238 713 2296 765 ἐν
2339 712 2566 783 ἐρήμῳ,
2606 710 2736 766 ἔνθα
2773 713 2911 782 μήτε
2945 710 3053 783 ἀὴρ
3090 713 3229 783 μήτε
3263 711 3410 783 ὕδωρ
3438 708 3527 783 ἦν,
3561 715 3709 769 πόσα

2116 798 2416 869 πράγματα
2450 795 2574 850 καθ’
2608 795 2847 867 ἐκάστην
2893 795 3107 866 ἡμέραν
3141 794 3286 867 ἔχειν
3323 795 3714 865 ἠναγκάζετο,

2117 881 2291 945 πόσας
2340 880 2656 952 φροντίδας,
2710 880 2883 943 πόσας
2921 878 3164 950 ἀθυμίας
3202 880 3298 936 καὶ
3338 879 3559 946 ζώντων
3607 882 3715 937 καὶ

2117 964 2587 1037 τελευτησάντωνῑ
2641 963 2752 1019 Kal
2798 962 2910 1034 γὰρ
2934 962 3031 1018 καὶ
3069 963 3501 1035 τελευτήσαντας
3530 963 3716 1018 ἀπαν-

2119 1065 2217 1112 τας
2254 1044 2396 1104 εἶδεν
2420 1047 2516 1112 οὓς
2549 1047 2811 1120 ἐξήγαγε,
2846 1046 2987 1118 πλὴν
3011 1045 3222 1118 ἀνδρῶν
3243 1047 3338 1102 δύο
3368 1048 3569 1120 μόνων,
3610 1048 3717 1104 καὶ

2118 1135 2246 1195 τοὺς
2285 1133 2379 1186 ἀπ’
2421 1131 2647 1185 ἐκείνων
2674 1129 3079 1201 γεγενημένους
3118 1131 3221 1185 οὐκ
3259 1131 3466 1204 ἠξιώθη
3502 1134 3583 1197 εἰς
3608 1133 3717 1205 τὴν

2119 1217 2225 1287 γῆν
2265 1214 2718 1286 τῆςέπαγγελίας
2747 1214 3084 1283 εἰσαγαγεῖν·
3121 1212 3238 1268 ἀλλ’
3266 1211 3375 1269 εἶδε
3410 1217 3510 1288 μὲν
3537 1216 3716 1289 αὐτὴν

2119 1299 2229 1353 ἀπὸ
2269 1299 2371 1369 τῆς
2399 1298 2641 1370 κορυφῆς
2674 1294 2768 1351 τοῦ
2806 1296 2969 1368 ὅρους
2995 1296 3189 1351 Ναϐαὖ
3209 1337 3226 1364 ,
3270 1299 3367 1353 καὶ
3402 1298 3502 1370 τὴν
3541 1300 3714 1369 φύσιν

2121 1381 2295 1454 αὐτῆς
2322 1379 2572 1453 ἐδιδάχθη
2620 1379 2803 1445 καλῶς
2822 1420 2839 1444 ,
2869 1381 3176 1436 ἀπολαῦσαι
3207 1382 3265 1436 δὲ
3295 1382 3467 1453 αὐτῆς
3493 1383 3557 1436 οὐ
3585 1400 3718 1438 συν-

2121 1466 2374 1538 εχωρήθη
2404 1465 2543 1537 μετά
2564 1464 2674 1519 τῶν
2713 1463 2916 1518 λοιπῶν
2958 1463 3329 1537 Ἰσραηλιτῶν,
3365 1465 3481 1519 ἀλλ’
3518 1466 3721 1537 ἔμενεν

2121 1549 2264 1617 ἐξω,
2309 1550 2403 1603 καὶ
2442 1548 2784 1619 ἀπέθνησκεν
2805 1566 2819 1579 ·
2854 1549 2938 1618 ἐφ’
2968 1541 3013 1617 ᾧ
3051 1549 3146 1604 καὶ
3177 1549 3341 1613 αὐτὸς
3385 1548 3723 1620 ἀπωδύρατο

2123 1634 2260 1706 πρὸς
2285 1634 2412 1696 τοὺς
2468 1630 2811 1703 Ἰσραηλίτας
2841 1630 3044 1703 λέγων·
3093 1631 3205 1686 Kal
3235 1633 3451 1701 Κύριος
3488 1636 3521 1688 ό
3570 1632 3725 1699 Θεὸς

2121 1715 2392 1787 ἐθυμώθη
2417 1732 2519 1786 μοι
2561 1714 2694 1782 περὶ
2734 1711 2852 1768 τῶν
2883 1713 3227 1785 λεγομένων
3257 1715 3360 1785 ὑφ’
3391 1714 3580 1786 ὑμῶν,
3618 1716 3725 1770 καί

2122 1800 2361 1871 ὤμοσεν
2390 1799 2492 1852 ἵνα
2518 1796 2605 1868 μὴ
2636 1794 2817 1852 διαϐὦ
2848 1797 2955 1852 τὸν
3000 1797 3312 1866 Ἰορδάνην
3339 1797 3575 1861 τοῦτον,
3611 1798 3720 1852 καί

2124 1885 2226 1939 ἵνα
2244 1883 2331 1954 μὴ
2361 1883 2614 1938 εἰσέλθω
2644 1883 2732 1947 εὶς
2758 1879 2873 1948 τὴν
2892 1879 3033 1951 γῆν,
3058 1879 3140 1950 ἢν
3163 1882 3379 1949 Κύριος
3403 1885 3436 1935 ό
3460 1881 3607 1949 Θεὸς
3636 1881 3727 1935 δί-

2126 1967 2278 2022 δωσί
2318 1983 2417 2021 σοι
2442 1964 2512 2018 ἐν
2549 1965 2773 2034 κλήρῳ.
2821 1962 2969 2034 Ἐγὼ
2996 1965 3109 2036 γὰρ
3150 1964 3519 2032 ἀποθνήσκω
3552 1967 3623 2018 ἐν
3647 1963 3727 2034 τῇ

2126 2051 2207 2124 τῇ
2230 2051 2438 2121 ταύτῃ,
2469 2049 2569 2104 καὶ
2589 2051 2661 2104 οὐ
2685 2048 2967 2104 διαϐαίνω
2996 2049 3104 2104 τὸν
3138 2048 3441 2119 Ἰορδάνην
3468 2049 3691 2104 τοῦτον
3708 2066 3724 2080 ·

2129 2135 2300 2207 ὑμεῖς
2318 2134 2388 2188 δὲ
2412 2133 2803 2205 διαϐήσεσθε,
2826 2133 2929 2188 καὶ
2951 2132 3445 2203 κληρονομήσετε
3469 2133 3587 2201 τὴν
3608 2131 3730 2203 τῆν

2129 2218 2246 2289 τὴν
2269 2217 2505 2288 ἀγαθὴν
2535 2218 2780 2285 ταύτην.
2816 2216 2927 2271 Καὶ
2947 2216 3014 2270 τὸ
3047 2216 3112 2289 δὴ
3145 2217 3367 2272 πάντων
3403 2218 3728 2286 δεινότερον,

2129 2304 2211 2358 ὅτι
2236 2302 2376 2375 μετά
2393 2302 2572 2375 λύπης
2591 2301 2753 2355 αὐτὸν
2774 2302 2856 2366 είς
2882 2300 3008 2373 ᾅδου
3030 2303 3312 2374 κατήγαγε
3328 2319 3342 2333 ·
3366 2302 3435 2356 τά
3457 2302 3569 2374 γὰρ
3598 2301 3732 2373 μέλ·-

2131 2386 2294 2445 λοντα
2335 2387 2464 2449 τοὺς
2508 2384 2791 2449 Ἰουδαίους
2827 2384 3171 2450 διαδέξασθαι
3221 2385 3502 2457 προέμαθε
3542 2383 3729 2448 κακὰ,

2131 2471 2233 2542 τὴν
2257 2469 2721 2543 εἰδωλολατρείαν,
2763 2468 2862 2541 τὴν
2901 2468 3304 2541 αἰχμαλωσίαν,
3345 2470 3450 2534 τάς
3483 2471 3734 2540 ἀφάτευς

2136 2552 2454 2626 συμφορὰς,
2486 2553 2563 2616 ὡς
2597 2552 2793 2624 μηκέτι
2826 2552 2987 2624 μόνον
3016 2552 3179 2607 αὑτὸν
3207 2546 3290 2617 οἷς
3316 2552 3463 2626 ἐώρα
3501 2554 3734 2617 καὶτοῖς

2134 2636 2524 2711 γεγενημένοις
2544 2678 2559 2702 ,
2600 2636 2738 2694 ἀλλά
2782 2637 2878 2693 καὶ
2922 2640 3037 2701 τοῖς
3080 2636 3309 2708 μηδέπω
3353 2637 3736 2709 συμϐεϐηκόσι

2137 2720 2577 2793 κατατρύχεσθαι
2597 2720 2698 2792 τὴν
2723 2719 2923 2792 ψυχήν.
2969 2719 3103 2774 Ἀπὸ
3124 2721 3231 2794 γάρ
3255 2719 3481 2793 πρώτης
3514 2719 3736 2792 ήλικίας

2137 2805 2445 2877 ἀρξάμενος
2475 2803 2768 2859 ὀδυνᾶσθαι
2802 2805 2897 2859 καὶ
2928 2804 3219 2877 ἀδημονεῖν
3262 2804 3400 2876 μετά
3428 2804 3531 2877 τῆς
3561 2805 3735 2876 αὐτῆς

2139 2888 2379 2960 ἀθυμίας
2415 2889 2506 2943 τὸν
2537 2887 2652 2959 βίον
2680 2888 2997 2943 κατέλυσεν.

2210 3005 2273 3055 ε’.
2318 2998 2378 3053 '0
2411 2997 2470 3052 δὲ
2501 2997 2884 3069 διαδεξάμενος
2920 2998 3084 3053 αὑτὸν
3118 2997 3327 3070 Ἰησοῦς
3358 2998 3735 3054 συναπέλαυσε

2145 3088 2244 3161 μὲν
2259 3086 2409 3159 αὐτῷ
2429 3087 2666 3153 πάντων,
2684 3087 2760 3152 ὡς
2776 3089 2972 3154 εἰπεῖν,
2999 3087 3108 3143 τῶν
3128 3088 3390 3160 ἀνιαρῶν·
3423 3089 3474 3141 εί
3489 3088 3548 3142 δέ
3568 3105 3623 3141 τι
3648 3087 3739 3141 διὰ

2141 3178 2202 3231 τὸ
2229 3177 2345 3231 νέον
2373 3176 2468 3248 τῆς
2498 3175 2714 3247 ἡλικίας
2739 3174 2971 3246 ἐξέφυγε
2991 3216 3005 3242 ,
3043 3174 3202 3230 τοῦτο
3231 3175 3370 3247 μετά
3395 3174 3494 3247 τὴν
3523 3175 3739 3230 ἐκείνου

2141 3265 2399 3336 τελευτὴν
2428 3263 2834 3336 ἀνεπλήρωσεν.
2866 3264 2942 3319 Ού
2972 3265 3080 3337 γάρ
3101 3265 3192 3319 ὅτε
3217 3264 3322 3336 ,ἔζη
3359 3264 3518 3335 μόνον
3545 3266 3577 3318 ὁ
3607 3265 3742 3319 Μω-

2145 3357 2246 3427 σῆς
2281 3351 2433 3426 [ΞΗ]
2467 3353 2537 3407 τὰ
2572 3352 2764 3424 ἰμάτια
2794 3352 3050 3425 διέρρηξε
3099 3353 3196 3408 καὶ
3245 3353 3441 3407 σποδὸν
3485 3353 3737 3408 κατεπά-

2146 3460 2307 3507 σατο,
2343 3440 2479 3496 ἀλλά
2512 3440 2605 3496 καὶ
2634 3441 3064 3514 τελευτήσαντος
3101 3442 3263 3496 πάλιν
3294 3443 3374 3506 εἰς
3409 3441 3509 3513 τὴν
3539 3442 3739 3515 αὐτὴν,

2149 3531 2349 3604 μᾶλλον
2380 3530 2439 3585 δὲ
2485 3530 2566 3593 εἰς
2597 3528 2822 3602 μείζονα
2865 3530 3106 3602 κατέστη
3144 3529 3352 3602 ταύτης
3391 3531 3644 3601 ἀνάγκην
3677 3531 3741 3585 ού

2146 3619 2340 3691 χρόνον
2379 3618 2608 3691 βραχὺν,
2640 3618 2778 3673 ἀλλά
2805 3618 2874 3673 δι’
2897 3619 3027 3690 ὅλης
3052 3618 3270 3692 ἡμέρας
3298 3621 3513 3691 πρηνὴς
3551 3619 3745 3690 κείμε-

2146 3726 2235 3773 νος
2256 3708 2349 3763 ἐπὶ
2371 3708 2474 3780 τῆς
2493 3709 2618 3780 γῆς.
2654 3709 2920 3763 ’Ἄκουσον
2943 3707 3008 3779 δὴ
3033 3707 3259 3762 καὶτῶν
3283 3709 3545 3780 ῥημάτων
3571 3706 3745 3763 αὑτοῦ

2144 3796 2241 3851 καὶ
2262 3794 2380 3875 ,τῶν
2416 3794 2686 3867 ὀδυρμῶν·
2712 3795 2826 3849 Kal
2848 3795 3142 3865 διέρρηξε,
3166 3796 3350 3866 φησὶν,
3391 3794 3636 3863 Ἰησοῦς
3670 3795 3750 3850 τὰ

2146 3883 2344 3954 ἱμάτια
2365 3883 2575 3947 αὐτοῦ,
2607 3883 2706 3937 καὶ
2731 3881 2957 3938 ἔπεσεν
2983 3883 3083 3938 ἐπὶ
3133 3885 3463 3953 πρόσωπον
3487 3883 3590 3937 ἐπὶ
3626 3883 3748 3952 τὴν

2146 3970 2267 4042 γῆν
2307 3970 2587 4025 ἐναντίον
2617 3971 2841 4038 Κυρίου
2870 3970 2985 4038 ἓως
3007 3970 3306 4039 ἑσπέρας,
3336 3972 3521 4041 αὐτὸς
3552 3971 3656 4026 και
3689 3974 3749 4026 οι

2147 4060 2538 4129 πρεσϐύτεροι
2596 4055 2836 4127 Ἰσραὴλ
2853 4098 2869 4124 ,
2899 4059 3002 4114 καὶ
3047 4057 3418 4115 ἐπεϐάλοντο
3447 4059 3605 4129 χοῦν
3641 4058 3748 4113 ἐπὶ

2147 4148 2265 4217 τὴν
2307 4147 2587 4219 κεφαλὴν
2610 4147 2831 4216 αὐτῶν,
2860 4146 2961 4202 καί
2997 4143 3169 4203 εἶπεν
3210 4147 3474 4218 Ἰησοῦς·
3506 4147 3744 4217 Δέομαί,

2146 4246 2349 4315 Κύριε,
2370 4245 2530 4301 ἱνατί
2552 4244 2891 4299 διεϐίϐασεν
2922 4246 2957 4299 ὁ
2985 4242 3127 4311 παῖς
3151 4259 3269 4299 σου
3295 4244 3404 4298 τὸν
3427 4243 3586 4299 λαὸν
3609 4243 3748 4299 τοῦ·

2149 4359 2258 4398 τον
2283 4341 2394 4396 τὸν
2442 4338 2745 4410 Ἰορδάνην
2782 4339 3158 4410 παραδοῦναι
3194 4339 3383 4395 αὐτὸν
3410 4338 3491 4406 τῷ
3535 4340 3745 4410 Ἀμορ-

2145 4439 2294 4509 ραίφ
2328 4436 2627 4492 ἀπολέσαι
2682 4434 2840 4506 ἡμᾶς
2851 4452 2871 4503 ;
2898 4438 2969 4491 El
2999 4438 3430 4508 κατεμείναμεν
3478 4438 3580 4492 καὶ
3613 4452 3747 4491 κατ-

2147 4534 2496 4605 ῳκίσθημεν
2536 4531 2699 4602 παρὰ
2726 4532 2838 4587 τὸν
2888 4531 3212 4602 Ἰορδάνην.
3235 4533 3347 4587 Kal
3380 4533 3439 4588 τί
3472 4534 3589 4603 ἐρῶ
3614 4534 3747 4590 ἐπεὶ

2144 4631 2479 4702 μετέϐαλεν
2520 4627 2774 4700 Ἰσραὴλ
2806 4629 2912 4683 τὸν
2954 4627 3185 4699 αὐχένα
3229 4629 3418 4685 αὐτοῦ
3451 4631 3748 4687 ἀπέναντι

2151 4728 2258 4783 τοῦ
2286 4726 2507 4797 ἐχθροῦ
2541 4726 2728 4781 αὐτοῦ
2743 4741 2763 4792 ;
2785 4726 2899 4781 Kal
2928 4726 3203 4793 ἀκούσας
3228 4729 3262 4781 ό
3284 4728 3624 4794 Χαναναῖος
3649 4730 3741 4786 καί

2151 4823 2377 4892 πάντες
2403 4825 2458 4878 ol
2486 4821 2908 4889 κατοικοῦντες
2938 4820 3054 4891 τὴν
3092 4821 3213 4893 γῆν
3256 4825 3722 4893 περικυκλώσου

2151 4939 2256 4977 σιν
2305 4920 2497 4991 ἡμᾶς,
2540 4918 2642 4974 καὶ
2680 4917 3077 4987 έκτρίψουσιν
3109 4917 3270 4988 ἡμᾶς
3315 4919 3436 4975 ἀπὸ
3465 4919 3579 4989 τῆς
3611 4920 3728 4991 γῆς

2153 5015 2339 5073 Ταῦτα
2368 5015 2607 5082 ἀκούσας
2633 5016 2663 5070 ὀ
2693 5014 2826 5079 Θεὸς
2854 5014 3115 5086 ἐνέφηνεν
3142 5014 3295 5086 αύτῷ
3322 5017 3423 5087 τῆς
3455 5016 3626 5088 ἥττης
3656 5020 3728 5071 τὸ

2151 5116 2353 5171 αἴτιον·
2392 5114 2486 5169 καὶ
2515 5112 2704 5185 μαθὼν
2737 5112 2946 5177 πάντας
2985 5112 3156 5185 ἄρδην
3195 5096 3497 5181 ἀπώλεσεν,
3539 5115 3603 5168 ού
3655 5113 3751 5173 τὸν

2152 5212 2515 5286 ἡμαρτηκότα
2542 5210 2725 5282 μόνον,
2759 5208 2899 5264 ἀλλά
2923 5209 3020 5265 καὶ
3046 5212 3331 5279 συγγενεῖς
3363 5211 3460 5265 καὶ
3486 5209 3748 5275 οἰκείους,

2152 5312 2248 5365 καὶ
2274 5309 2383 5364 τῶν
2409 5306 2746 5381 θρεμμάτων
2772 5305 2836 5361 τὸ
2877 5305 3102 5378 πλῆθος,
3130 5308 3268 5379 ὅπερ
3298 5308 3400 5380 οὐχ
3443 5307 3521 5371 ὼς
3552 5307 3748 5379 ἔτυχεν

2151 5405 2301 5478 αὐτῷ
2319 5404 2418 5479 τὴν
2446 5404 2626 5477 ψυχὴν
2643 5402 2980 5477 διετάραξεν.
3004 5404 3069 5458 Εἰ
3097 5403 3208 5476 γὰρ
3236 5405 3400 5475 ἡμεῖς
3430 5403 3750 5477 ἀλλοτρίους

2151 5503 2386 5577 δρῶντες
2434 5500 2834 5575 κολαζομένους
2868 5499 2991 5555 ούδέ
3026 5500 3155 5555 ἰδεῖν
3194 5499 3505 5572 ἀνεχόμεθα
3526 5540 3543 5565 ,
3569 5499 3620 5553 τί
3645 5499 3746 5555 οὐκ

2154 5599 2221 5655 ἂν
2249 5598 2448 5654 ἔπαθεν
2473 5600 2680 5662 ἐκεῖνος
2705 5598 2835 5662 τοὺς
2857 5595 3166 5668 ὁμοφύλους
3196 5596 3293 5652 καὶ
3333 5595 3745 5668 συστρατιώτας

2152 5696 2418 5761 τοιούτοις
2450 5693 2794 5769 περιϐάλλων
2833 5696 3052 5762 κακοῑς;
3084 5693 3136 5747 τί
3164 5693 3221 5746 δὲ
3250 5695 3283 5764 ή
3314 5692 3426 5747 τῶν
3466 5692 3745 5747 Γαδαωνι-

2156 5795 2264 5851 τῶν
2288 5796 2474 5867 ἀπάτη
2501 5796 2597 5851 καὶ
2618 5796 2653 5866 ή
2682 5793 2951 5865 γενομένη
2979 5792 3119 5849 κατά
3146 5792 3256 5847 τῶν
3283 5791 3456 5863 πέραν
3481 5790 3580 5846 τοῦ
3613 5790 3747 5863 Ἰορ-

2163 5893 2321 5950 δάνου
2352 5892 2795 5966 κατοικησάντων
2825 5891 3008 5962 φυλῶν
3036 5889 3271 5955 ὑποψίαι
3316 5888 3370 5944 τί
3408 5887 3467 5943 δὲ
3500 5887 3561 5943 τὸ
3592 5886 3749 5939 πολέ-
