4060 6136
307 295 408 348 477

306 403 729 475 perturbaverat.
757 400 906 470 Quod
936 409 992 457 et
1017 409 1260 470 parentes
1287 414 1429 468 saepe
1455 399 1744 468 patiuntur,
1767 411 1886 452 cum

305 495 372 550 iis
401 494 739 563 indignantur
765 507 884 561 qua:
907 507 938 544 a
970 490 1090 544 ﬁliis
1112 489 1263 544 ﬁunt.
1293 488 1423 543 Nam
1457 487 1597 557 quod
1623 501 1720 541 nec
1746 495 1893 556 post-

306 599 370 640 ea
422 599 670 653 umquam
706 582 924 638 desierit
980 582 1190 636 illorum
1231 579 1500 645 misereri,
1532 579 1696 648 liquet
1736 592 1801 632 ex
1828 577 1893 631 iis

312 691 432 747 qtae
460 685 642 746 postea
684 674 866 744 gessit.
896 673 1029 728 Cum
1060 673 1204 728 enim
1249 671 1395 726 illum
1425 679 1546 741 post
1573 670 1766 725 missos
1794 684 1892 723 ex-

315 767 613 837 ploratores
662 764 906 819 occidere
954 770 1252 829 tentarent,
1303 765 1584 833 ipsumque
1627 759 1890 830 lapidibus

305 859 557 921 obruere,
585 855 840 925 elI‘ugiens
866 853 1078 908 illorum
1105 867 1313 918 manus,
1337 866 1524 906 rursus
1544 850 1609 905 ad
1630 850 1889 904 orandum

308 965 408 1020 pro
431 949 510 1004 eis
534 946 970 1010 convertebatur,
1003 945 1274 1014 Deumque
1303 943 1406 997 illis
1431 941 1717 1013 prepitium
1749 940 1887 1006 ﬁeri,

307 1042 398 1113 qui
428 1056 489 1097 se
526 1054 720 1096 necare
759 1038 1082 1108 cupiebant,
1116 1037 1429 1107 precabatur
1458 1053 1471 1089 :
1501 1035 1636 1089 adeo
1678 1047 1890 1103 quoque

308 1133 538 1189 naturali
567 1147 752 1188 amore
781 1130 1146 1187 vehementior
1185 1130 1260 1184 illi
1303 1130 1473 1184 inerat
1512 1126 1750 1182 allectus.
1783 1124 1888 1180 Ita-

309 1240 413 1296 que
440 1222 864 1293 exploratoribus
894 1221 1140 1286 mortuis,
1169 1234 1232 1274 ac
1259 1219 1485 1289 ingentis
1510 1215 1682 1271 adhuc
1717 1213 1890 1268 luctus

309 1315 540 1370 necdum
580 1314 710 1368 hora
755 1312 1058 1383 praeterita,
1089 1324 1275 1365 rursus
1319 1309 1396 1364 illi
1436 1308 1568 1363 alias
1604 1304 1890 1361 nectebant

308 1405 559 1461 maeroris
584 1418 795 1459 causas.
825 1403 1005 1458 Primo
1026 1401 1168 1457 enim
1198 1415 1432 1471 pugnare
1462 1397 1761 1468 prohibenti
1783 1410 1887 1450 non

307 1495 833 1565 obtemperaverunt,
854 1492 1088 1548 secundo
1109 1493 1177 1547 ab
1193 1490 1503 1546 Amalecitis
1519 1488 1718 1545 concisi
1740 1494 1884 1554 sunt,

306 1595 364 1643 et
389 1597 514 1642 ante
548 1586 744 1642 bellum
774 1584 915 1640 istud
941 1592 995 1640 et
1034 1583 1156 1639 bilis
1187 1591 1241 1638 et
1281 1582 1417 1654 gulae
1459 1595 1616 1636 causa
1659 1579 1890 1634 maxime

305 1677 609 1748 consumpti
631 1686 774 1732 sunt.
801 1675 940 1730 Nam
969 1675 1174 1740 occidit,
1195 1674 1387 1743 inquit,
1418 1672 1662 1743 plurimos
1692 1685 1884 1734 eorum,

307 1789 423 1827 cum
450 1771 618 1825 adhuc
662 1786 776 1824 esca
819 1777 947 1824 esset
986 1769 1042 1822 in
1083 1783 1170 1822 ore
1212 1781 1384 1821 eorum
1422 1763 1610 1836 (Psal.
1639 1761 1726 1816 '77.
1755 1759 1886 1830 50).

309 1862 512 1933 Ingenti
550 1870 726 1916 autem
759 1862 860 1915 hac
898 1859 1106 1912 illorum
1137 1855 1282 1912 caide
1308 1855 1541 1924 inspecta
1562 1895 1577 1919 ,
1605 1867 1726 1907 cum
1755 1866 1887 1906 nec-

308 1955 436 2012 dum
468 1956 553 2008 liic
577 1953 731 2010 dolor
753 1950 1192 2024 quievisset,~alio
1217 1963 1402 2004 rursus
1431 1946 1694 2001 invaditur
1719 1945 1883 2010 luctu,

308 2058 559 2118 tantaque
603 2046 922 2102 necessitate
967 2043 1286 2099 constrictus
1324 2049 1438 2102 est.
1473 2048 1530 2094 ut
1571 2039 1700 2093 istos
1743 2039 1886 2107 ipsos

307 2146 414 2194 tam
443 2137 666 2192 dilectos
701 2144 859 2206 atque
906 2134 1262 2190 amatissimos
1301 2145 1441 2186 novo
1469 2131 1646 2200 aliquo
1670 2143 1732 2183 ac
1760 2143 1886 2199 per-

305 2229 489 2300 egrino
517 2228 704 2283 mortis
743 2241 940 2298 genere
968 2226 1128 2280 vitam
1160 2224 1310 2278 ﬁnire
1343 2231 1668 2293 precaretur.
1697 2219 1772 2275 Ita
1797 2218 1886 2274 alii

305 2319 520 2390 quidam
557 2325 872 2388 erumpente
898 2317 1019 2387 igne
1057 2322 1280 2385 repente
1317 2313 1565 2369 incendio
1588 2309 1884 2381 conflagra-

305 2420 533 2477 verunt,
564 2411 651 2465 alii
683 2421 840 2465 terra:
876 2408 1022 2462 hiatu
1051 2407 1288 2476 absorpti
1329 2415 1490 2460 sunt:
1519 2418 1690 2474 neque
1731 2403 1885 2472 pauci

305 2503 544 2572 aliquot,
575 2501 670 2556 sed
696 2501 844 2570 plura
871 2514 1028 2569 quam
1059 2496 1362 2569 quindecim
1403 2494 1678 2551 hominum
1719 2493 1884 2548 millia

306 2593 408 2648 ista
434 2593 576 2662 passi
606 2599 749 2646 sunt.
781 2591 895 2646 Hoc
922 2597 1136 2658 peracto
1156 2629 1170 2654 ,
1199 2603 1304 2657 quo
1341 2587 1520 2641 animo
1549 2586 1758 2641 illorum
1789 2599 1884 2639 co—

303 2693 496 2755 gnatos
536 2691 589 2738 et
625 2683 826 2736 amicos
851 2681 1133 2735 adversum
1159 2679 1359 2734 Moscm
1390 2676 1555 2732 fuisse
1592 2675 1884 2747 putandum

304 2774 424 2829 est?
465 2787 573 2843 quo
617 2772 744 2827 item
771 2772 970 2826 Mosem
1000 2771 1173 2840 ipsum
1204 2785 1324 2825 cum
1368 2776 1612 2825 cerneret
1655 2768 1885 2838 pupillos

304 2863 444 2918 filios
467 2873 522 2918 et
549 2877 740 2918 uxores
771 2861 957 2916 viduas
982 2877 1047 2916 ex
1077 2876 1140 2916 ea
1170 2859 1472 2916 calamitate
1498 2857 1614 2913 ﬁeri
1644 2851 1882 2923 videret;

304 2955 432 3010 item
462 2954 681 3010 fratrem
708 2969 862 3009 suum
891 2969 953 3008 ac
981 2966 1219 3008 sororem
1246 2951 1351 3004 vita
1377 2949 1691 3014 excessisse,
1717 2949 1886 3002 illius-

306 3061 412 3118 que
438 3046 576 3101 ﬁlios
605 3045 1054 3115 praevaricationis
1077 3043 1300 3112 alicujus
1329 3055 1488 3096 causa
1514 3040 1652 3111 ignis
1677 3039 1886 3094 ustione

305 3138 567 3210 periisse?
598 3137 798 3190 Ilorum
831 3149 961 3189 sane
996 3135 1202 3205 singula
1228 3133 1361 3188 nihil
1390 3133 1549 3188 etiam
1575 3138 1727 3185 antea
1759 3145 1884 3198 per-

304 3244 519 3300 pessum
559 3227 794 3282 animum
835 3226 1050 3281 allicere
1091 3225 1278 3279 dolore
1319 3222 1650 3294 potuissent,
1691 3219 1885 3274 nedum

307 3331 386 3378 tot
407 3322 514 3392 jam
545 3321 701 3376 malis
738 3320 1048 3375 exercitum.
1081 3317 1152 3374 Ut
1189 3326 1365 3372 autem
1396 3314 1697 3370 Chananaso
1723 3327 1884 3382 supe—

304 3427 423 3472 rato
451 3417 666 3485 longum
692 3414 792 3470 iter
817 3412 1103 3469 circumire
1129 3412 1475 3481 cogebantur,
1501 3422 1714 3463 rursum
1741 3421 1886 3460 mur-

305 3522 584 3563 muravcre
605 3505 797 3572 Judaei,
821 3517 1142 3574 rursumque
1163 3501 1386 3572 periere,
1410 3514 1515 3555 non
1539 3499 1649 3570 jam
1670 3496 1884 3568 quidem

306 3601 509 3655 morbis
536 3607 593 3653 ut
620 3598 788 3668 prius,
816 3613 921 3652 non
946 3596 1067 3667 igne
1093 3605 1183 3650 aut
1210 3595 1358 3649 hiatu
1385 3601 1540 3648 terrae
1559 3632 1574 3658 ,
1602 3589 1697 3645 sed
1723 3602 1887 3642 vene-

307 3701 552 3748 natorum
583 3690 914 3761 serpentium
953 3688 1252 3755 morsibus,
1299 3685 1391 3757 qui
1428 3683 1665 3754 profecto
1700 3694 1887 3736 omnes

308 3784 698 3856 perdidissent,
729 3783 830 3838 nisi
873 3797 1060 3838 rursus
1098 3779 1357 3836 accedens
1397 3777 1463 3832 ad
1503 3777 1670 3831 Deum
1712 3774 1888 3828 Moses

308 3875 556 3945 precibus
581 3875 692 3930 suis
716 3874 832 3945 ejus
861 3874 1140 3929 avertisset
1168 3872 1322 3927 iram.
1352 3869 1542 3925 Postea
1570 3881 1697 3922 vero
1727 3880 1887 3936 quam

308 3983 373 4023 ex
420 3967 520 4022 hac
564 3976 713 4037 peste
762 3966 973 4022 liberati
1020 3973 1146 4019 sunt
1192 3963 1431 4032 vatisque
1478 3958 1888 4029 imprecationes

308 4059 639 4128 effugerunt,
679 4073 892 4112 rursum
923 4058 1129 4126 seipsos
1175 4070 1271 4124 per
1297 4052 1584 4109 durissima
1625 4059 1890 4121 praerupta

307 4149 574 4219 iecerunt,
605 4157 764 4218 atque
792 4153 913 4218 post
938 4146 1336 4201 benedictiones
1364 4143 1600 4208 Balaam,
1630 4141 1739 4195 imo
1762 4155 1891 4195 vero

314 4240 407 4295 Dei
434 4240 634 4309 (neque
661 4237 804 4292 enim
829 4236 972 4291 illius
994 4235 1279 4290 voluntatis
1314 4248 1378 4289 ea
1407 4231 1570 4288 verba
1597 4231 1762 4295 fuere,
1797 4228 1890 4284 sed

313 4331 578 4387 moventis
603 4345 664 4386 se
683 4329 848 4385 divini
873 4327 1104 4400 afflatus)
1135 4325 1380 4382 fornicati
1405 4331 1531 4380 sunt
1555 4339 1676 4379 cum
1702 4320 1894 4376 alieni-

314 4437 570 4493 genarum
597 4421 825 4488 ﬁliabus,
854 4431 910 4477 et
937 4420 1128 4476 initiati
1157 4428 1281 4474 sunt
1306 4417 1656 4486 Beelphegor.
1689 4417 1759 4470 At
1783 4413 1895 4468 Μο-

314 4529 403 4569 ses
451 4514 756 4585 hujusmodi
804 4515 978 4570 scelus
1021 4512 1496 4580 coniusionemque
1538 4523 1645 4563 non
1692 4507 1890 4572 ferens,

315 4621 411 4662 eos
455 4623 638 4664 rursus
682 4623 742 4664 se
783 4609 1009 4663 invicem
1055 4605 1337 4662 concidere
1382 4619 1445 4658 ac
1485 4616 1677 4658 necare
1713 4601 1892 4671 jussit,

317 4699 616 4769 lnterﬁcile,
647 4701 914 4770 inquiens,
940 4699 1282 4769 unusquisque
1307 4695 1592 4767 proximum
1616 4709 1783 4758 suum,
1809 4693 1897 4764 qui

317 4791 546 4845 initiatus
563 4801 638 4846 est
657 4791 970 4864 Beelphegor
994 4791 1074 4862 (Ν
1077 4807 1181 4844 um.
1199 4790 1290 4845 95.
1309 4788 1364 4855 5)
1387 4806 1402 4842 :
1423 4801 1530 4841 non
1557 4800 1714 4840 secus
1737 4799 1894 4855 quam

318 4883 373 4937 in
403 4883 650 4951 vulnere,
680 4882 835 4953 quod.
864 4883 1106 4954 plurimis
1143 4880 1468 4937 sectionibus
1496 4877 1898 4946 ustionibusque

317 4973 580 5043 susceptis
605 4974 738 5028 nihil
766 4974 955 5029 melius
984 4971 1258 5036 habuerit,
1289 4970 1479 5040 aliquis
1498 4968 1682 5038 jubeat
1707 4980 1899 5022 rursus

318 5064 461 5135 quod
499 5065 761 5133 reliquum
791 5072 875 5118 est
909 5078 1094 5118 secare
1121 5071 1281 5132 atque
1319 5075 1494 5116 urere.
1523 5057 1787 5114 Caeterum
1818 5065 1895 5122 tu,

317 5172 439 5212 cum
465 5155 563 5210 has
590 5155 928 5211 difﬁcultates
968 5153 1155 5222 audis,
1199 5153 1306 5208 noli
1333 5162 1520 5223 putare
1549 5153 1649 5206 ista
1692 5157 1898 5205 tantum

317 5248 628 5318 contigisse,
669 5247 929 5317 siquidem
954 5258 1008 5302 et
1036 5248 1151 5317 ipse
1179 5261 1250 5302 ex
1281 5245 1365 5299 his
1389 5260 1507 5314 quae
1543 5243 1739 5313 scripta
1773 5250 1902 5299 sunt

319 5356 427 5396 non
456 5355 622 5412 pauca
651 5352 912 5412 praetereo
931 5384 947 5411 ,
975 5349 1102 5412 puta
1131 5341 1268 5396 bella
1287 5380 1305 5407 ,
1341 5338 1676 5394 inimicorum
1716 5335 1900 5392 obsta-

318 5435 460 5503 cula,
490 5435 794 5506 longissima
824 5435 1044 5501 itinera,
1076 5433 1277 5490 sororis
1300 5431 1714 5499 contumeliam,
1754 5429 1899 5499 ejus-

317 5526 441 5582 dem
465 5541 669 5597 pmnas,
688 5528 878 5598 quibus
898 5527 1210 5582 mitissimus
1229 5525 1320 5580 ille
1333 5523 1506 5579 Moses
1527 5532 1653 5577 tunc
1671 5522 1903 5576 maxime

318 5618 567 5674 indoluit.
599 5620 706 5676 Sed
743 5636 805 5676 ea
843 5627 1022 5675 tamen
1060 5619 1240 5676 omnia
1270 5617 1315 5674 si
1345 5616 1466 5688 quis
1494 5612 1901 5686 diligentissime

320 5711 375 5765 in
404 5726 569 5766 unum
597 5720 867 5784 congerat,
896 5725 964 5768 ne
991 5709 1327 5766 millesimam
1351 5709 1562 5780 quidem
1591 5716 1796 5779 partem
1826 5721 1893 5763 ex

1134 289 1225 344 AD
1263 285 1630 345 STAGIBIUM
1666 287 1708 341 A
1752 285 2054 342 DEMONE
2092 283 2444 342 VEXATUM.
2485 283 2613 339 LIB.
2654 283 2742 340 III.
3065 237 3071 243 Ι
3472 287 3576 345 478

1999 397 2065 454 iis
2093 412 2210 467 qua:
2253 398 2588 467 contigerunt
2625 396 2878 467 scriptam
2927 396 3088 452 fuisse
3127 405 3293 468 putet.
3337 397 3396 454 Si
3432 399 3574 454 enim

1997 489 2087 558 qui
2125 488 2178 542 in
2221 502 2326 542 una
2365 488 2526 542 domo
2564 488 2747 556 paucis
2788 499 2982 558 praeest
3022 490 3225 554 servis,
3270 489 3575 546 innumeras

1996 579 2231 649 quotidie
2251 586 2306 633 et
2332 579 2682 633 irritationum
2710 588 2764 634 et
2788 580 3035 636 maeroris
3061 581 3367 636 occasiones
3393 580 3572 646 habet,

1996 669 2084 738 qui
2127 678 2205 723 tot
2249 669 2481 725 millibus
2522 671 2866 740 quadraginta
2898 673 3053 727 annis
3097 687 3331 741 praeesse
3359 685 3576 729 coactus

1993 772 2111 830 est,
2144 763 2300 832 idque
2342 764 2394 816 in
2437 762 2669 828 deserto,
2714 763 2804 818 ubi
2852 779 3024 834 neque
3070 779 3181 830 aer,
3227 781 3397 834 neque
3437 780 3571 835 aqua

1995 863 2131 919 erat,
2159 863 2288 923 quot
2329 854 2540 924 negotia
2566 853 2788 923 singulis
2825 853 3012 909 diebus
3053 853 3202 910 obire
3241 855 3573 924 cogebatur?

1995 955 2123 1015 quot
2159 961 2333 1011 curas,
2361 955 2490 1016 quot
2516 961 2794 1013 maerores,
2831 955 2887 1001 et
2909 946 3206 1002 viventibus
3233 948 3356 1011 illis,
3390 958 3444 1003 et
3466 949 3574 1002 vita

1993 1035 2225 1090 functis?
2251 1036 2390 1092 Vidit
2411 1037 2551 1091 enim
2573 1051 2781 1102 omnes,
2799 1051 2933 1107 quos
2953 1053 3016 1092 ex
3033 1036 3265 1108 IEgypto
3285 1037 3571 1105 eduxerat,

1993 1137 2266 1192 mortuos,
2314 1136 2508 1198 praeter
2543 1127 2679 1184 duos
2717 1129 2860 1183 viros
2897 1129 3069 1185 solum
3102 1148 3115 1184 :
3143 1144 3341 1198 eosque
3377 1132 3464 1199 qui
3507 1145 3572 1183 ex

1993 1220 2101 1276 illis
2130 1220 2239 1274 nati
2271 1219 2478 1275 fuerant
2519 1220 2708 1290 dignus
2749 1221 2962 1276 habitus
3007 1237 3112 1276 non
3157 1230 3240 1276 est
3280 1221 3334 1275 in
3377 1230 3570 1275 terram

1992 1310 2425 1380 repromissionis
2473 1311 2834 1367 introducere.
2879 1310 3142 1367 Caeterum
3185 1313 3318 1366 vidit
3357 1313 3570 1383 quidem

1993 1417 2111 1459 eam
2156 1411 2352 1457 terram
2393 1418 2458 1457 ex
2497 1404 2694 1459 vertice
2736 1405 2933 1459 montis
2977 1405 3180 1473 Nabau,
3224 1416 3574 1476 naturamque

1993 1497 2135 1553 illius
2185 1497 2385 1565 optime
2431 1496 2650 1563 didicit,
2694 1497 2795 1552 frui
2839 1507 3016 1554 autem
3065 1501 3154 1555 illa
3195 1517 3316 1556 cum
3357 1503 3574 1573 reliquis

1992 1589 2246 1645 lsraelitis
2276 1591 2570 1660 permissus
2595 1607 2700 1646 non
2726 1599 2828 1658 est,
2853 1592 2949 1648 sed
2972 1602 3120 1648 extra
3151 1609 3266 1648 eam
3295 1596 3488 1649 mansit
3512 1608 3574 1650 ac

1991 1687 2234 1734 mortuus
2273 1689 2396 1746 est;
2440 1681 2599 1750 idque
2637 1682 2751 1751 ipse
2783 1683 3033 1738 Israelitis
3062 1699 3398 1754 conquerens
3425 1685 3572 1740 dice-

1990 1769 2082 1826 bat
2111 1788 2124 1826 :
2149 1770 2218 1825 Et
2241 1769 2490 1826 Dominus
2515 1771 2654 1826 Deus
2679 1773 2840 1828 iratus
2867 1781 2938 1827 est
2973 1774 3096 1827 mihi
3121 1775 3184 1828 de
3207 1775 3268 1830 iis
3296 1791 3408 1842 qua:
3434 1775 3573 1830 dice-

1990 1863 2173 1918 bantur
2197 1880 2229 1917 a
2254 1864 2388 1918 vobis
2409 1905 2424 1929 ,
2455 1865 2748 1935 iuravitque
2775 1874 2832 1919 ut
2875 1882 2977 1920 non
3016 1879 3267 1921 transeam
3291 1867 3574 1922 Iordanem

1991 1953 2176 2020 istum,
2210 1971 2301 2008 nec
2343 1955 2600 2026 ingrediar
2639 1957 2690 2009 in
2725 1965 2908 2010 terram
2933 1999 2947 2024 ,
2983 1973 3135 2028 quam
3162 1957 3410 2013 Dominus
3435 1957 3574 2012 Deus

1990 2046 2077 2102 dat
2104 2047 2192 2102 tibi
2217 2049 2270 2102 in
2311 2056 2463 2103 sorte.
2503 2047 2617 2120 Ego
2657 2049 2789 2103 enim
2818 2051 3009 2104 morior
3053 2050 3105 2104 in
3150 2051 3244 2104 hac
3283 2059 3418 2105 terra
3439 2092 3454 2116 ,
3484 2067 3574 2104 nec

1991 2145 2190 2191 transeo
2214 2137 2495 2192 Iordanem
2523 2139 2657 2193 hunc
2679 2154 2699 2193 :
2723 2154 2809 2194 vos
2837 2149 3003 2195 autem
3031 2141 3327 2206 transibitis,
3357 2151 3404 2196 et
3421 2141 3571 2196 liere-

1991 2227 2147 2282 ditate
2176 2229 2491 2297 possidebitis
2531 2238 2719 2286 terram
2746 2231 2878 2285 hanc
2919 2232 3161 2302 optimam
3191 2231 3380 2302 (Deut.
3403 2232 3457 2286 ι.
3479 2232 3570 2286 21.

1989 2318 2081 2390 22)
2095 2357 2109 2371 .
2132 2318 2388 2389 Quodque
2406 2321 2641 2376 omnium
2665 2331 2780 2377 erat
2799 2323 3227 2390 acerbissimum,
3247 2339 3367 2378 cum
3387 2323 3574 2379 dolore

1989 2409 2162 2479 ipsum
2191 2410 2242 2464 in
2271 2410 2538 2466 inlernum
2561 2411 2800 2482 deduxit,
2824 2427 2944 2468 cum
2967 2414 3040 2468 illi
3070 2414 3243 2469 futura
3264 2414 3570 2469 Judzeorum

1989 2500 2128 2554 mala
2155 2501 2519 2570 praeostendit,
2551 2502 2815 2558 idolorum
2846 2505 3050 2560 scilicet
3087 2505 3286 2560 cultum
3307 2547 3322 2571 ,
3349 2505 3574 2575 captivi-

1990 2597 2174 2659 tatem,
2220 2600 2274 2647 et
2303 2593 2632 2648 calamitates
2672 2594 3002 2663 innumeras,
3043 2605 3101 2651 ut
3140 2611 3246 2651 non
3294 2597 3465 2650 solum
3505 2595 3574 2652 de

1988 2681 2155 2750 gestis
2177 2697 2293 2751 quae
2317 2682 2539 2749 viderat,
2569 2684 2663 2739 sed
2691 2685 2850 2740 etiam
2874 2685 2941 2740 de
2966 2686 3031 2740 iis
3053 2701 3172 2756 quas
3196 2687 3424 2742 necdum
3446 2702 3574 2742 con-

1989 2771 2218 2842 tigerant
2237 2813 2252 2838 ,
2277 2773 2604 2845 afﬁigeretur
2627 2778 2827 2832 animo.
2870 2778 3110 2848 Denique
3140 2793 3169 2833 a
3195 2779 3366 2850 prima
3393 2780 3572 2834 statim

1988 2872 2144 2921 aetate
2170 2865 2239 2920 ita
2265 2866 2448 2922 dolere
2472 2882 2534 2922 ac
2565 2884 2792 2925 mcerere
2820 2869 3044 2940 incepit,
3075 2880 3132 2925 ut
3155 2888 3447 2943 numquam
3477 2873 3572 2928 de-

1988 2957 2200 3012 sisteret
2220 2997 2235 3019 ,
2265 2959 2535 3029 vitamque
2559 2976 2678 3015 cum
2708 2963 2960 3017 mmstitia
2987 2964 3182 3018 ﬁniret.
3208 2996 3225 3007 -

2059 3047 2114 3101 5.
2145 3046 2304 3100 Josue
2347 3064 2601 3103 successor
2635 3049 2799 3104 Mosis
2821 3061 2869 3104 et
2897 3053 3005 3122 ipse
3027 3055 3334 3124 aﬂlictus.—
3353 3055 3421 3108 At
3444 3069 3572 3110 vero

1989 3152 2270 3194 successor
2295 3140 2414 3210 ejus
2442 3141 2604 3198 Josue
2626 3183 2640 3208 ,
2669 3144 2907 3198 omnium
2931 3186 2945 3210 ,
2985 3154 3043 3199 ut
3081 3146 3152 3200 ita
3192 3146 3414 3202 dixerim
3434 3187 3447 3211 ,
3477 3148 3573 3201 tri-

1989 3229 2154 3284 stium
2188 3244 2308 3284 cum
2349 3245 2415 3286 eo
2461 3246 2566 3286 una
2611 3233 2902 3302 periculum
2945 3234 3066 3290 fecit
3093 3253 3107 3290 :
3139 3236 3184 3290 si
3228 3235 3355 3306 quid
3393 3245 3570 3292 tamen

1990 3318 2159 3384 illum,
2201 3333 2268 3374 eo
2305 3321 2448 3390 quod
2484 3321 2665 3390 junior
2707 3333 2868 3390 esset,
2911 3323 3126 3395 eﬁ‘ugit,
3159 3325 3261 3380 hoc
3285 3340 3414 3381 sane
3452 3335 3575 3396 post

1990 3419 2220 3465 mortem
2260 3411 2399 3467 illius
2437 3414 2488 3467 in
2530 3429 2596 3468 eo
2637 3415 2958 3471 cumulatius
2999 3417 3274 3487 impletum
3312 3430 3414 3474 est.
3454 3418 3572 3475 Non

1988 3502 2164 3558 solum
2190 3512 2368 3558 autem
2406 3505 2533 3559 dum
2576 3506 2780 3562 viveret
2817 3507 2988 3564 Moses
3028 3510 3343 3564 vestimenta
3385 3510 3561 3579 scidit,

1990 3597 2332 3666 cineremque
2368 3597 2529 3666 capiti
2561 3601 2811 3667 aspersit,
2845 3600 2940 3654 sed
2975 3601 3134 3656 etiam
3166 3611 3447 3672 postquam
3483 3603 3574 3659 ille

1993 3685 2273 3742 defunctus
2311 3697 2392 3744 est
2429 3689 2648 3756 eadem,
2679 3691 2786 3746 imo
2816 3692 2974 3762 longe
3013 3695 3217 3763 majore
3257 3696 3574 3751 necessitate

1992 3777 2047 3834 id
2089 3778 2264 3835 facere
2302 3789 2519 3836 coactus
2554 3790 2669 3847 est,
2713 3797 2820 3838 non
2859 3783 3012 3839 brevi
3052 3794 3310 3856 tempore,
3349 3786 3444 3840 sed
3486 3787 3575 3842 die

1993 3878 2103 3925 tota
2127 3885 2323 3942 pronus
2353 3871 2404 3926 in
2439 3882 2579 3928 terra
2608 3873 2812 3944 jacens.
2849 3875 2986 3931 Audi
3024 3877 3205 3946 utique
3228 3877 3386 3932 verba
3411 3879 3572 3932 etiam

1993 3962 2135 4019 illius
2173 3973 2227 4019 et
2264 3965 2502 4034 ploratus
2541 3983 2554 4019 :
2609 3964 2678 4019 Et
2715 3966 2885 4030 scidit,
2932 3969 3098 4037 inquit
3146 3967 3324 4040 (Josue
3349 3969 3402 4022 7.
3431 3967 3570 4038 6—9),

1992 4053 2024 4107 J
2032 4071 2143 4109 esus
2164 4056 2454 4110 vestimenta
2474 4073 2588 4125 sua,
2611 4057 2921 4128 prociditque
2943 4060 2994 4112 in
3014 4059 3194 4130 {aciem
3216 4076 3368 4130 super
3387 4067 3576 4113 terram

1995 4160 2166 4199 coram
2202 4145 2421 4200 Domino
2465 4164 2621 4217 usque
2664 4149 2732 4201 ad
2773 4163 3062 4218 vesperam,
3105 4149 3216 4219 ipse
3259 4159 3308 4204 et
3354 4150 3574 4204 seniores

1996 4234 2182 4300 Israel,
2213 4237 2551 4307 miseruntque
2579 4239 2833 4308 puluerem
2856 4257 3008 4311 super
3032 4242 3200 4312 capita
3225 4257 3348 4310 sua,
3376 4251 3421 4296 et
3447 4242 3576 4299 dixit

1996 4326 2148 4383 Jesus
2177 4343 2196 4382 .'
2231 4326 2448 4382 Obsecro
2468 4369 2482 4392 ,
2517 4328 2762 4394 Domine,
2790 4340 2844 4384 ut
2877 4331 2999 4400 quid
3039 4332 3263 4386 traduxit
3304 4349 3428 4402 puer
3461 4341 3576 4388 tuus

1999 4420 2243 4490 populum
2266 4418 2398 4473 hunc
2423 4428 2561 4474 trans
2583 4419 2888 4487 Iordanem,
2920 4431 2974 4474 ut
3002 4422 3223 4476 traderes
3253 4439 3367 4476 eum
3388 4423 3574 4477 Amor-

1996 4511 2135 4564 rlta'o
2162 4511 2231 4564 ad
2273 4510 2581 4581 perdendum
2615 4511 2749 4565 nos?
2782 4511 2986 4565 Utinam
3013 4513 3456 4582 permansissemus
3478 4553 3494 4578 ,
3529 4523 3576 4566 et

1999 4603 2231 4659 collocati
2269 4620 2486 4658 essemus
2508 4604 2634 4657 citra
2657 4602 2957 4658 Iordanem.
2992 4603 3056 4657 Et
3083 4604 3207 4675 quid
3235 4603 3400 4656 dicam
3432 4613 3575 4672 post-

1998 4714 2150 4769 quam
2189 4698 2333 4751 uertit
2367 4695 2533 4752 Israel
2568 4707 2706 4768 terga
2743 4696 2993 4750 inimico?
3023 4696 3204 4750 Audiet
3239 4695 3574 4762 Chananams,

1998 4801 2046 4845 et
2072 4805 2242 4845 omnes
2270 4790 2353 4860 qui
2384 4789 2607 4843 habitant
2647 4798 2863 4854 terram,
2891 4798 2936 4843 et
2963 4788 3342 4842 circumdabant
3378 4805 3500 4854 nos,
3531 4797 3579 4842 et

2001 4881 2233 4937 delebant
2257 4883 2318 4935 de
2341 4891 2491 4934 terra.
2523 4881 2668 4934 Talia
2688 4891 2928 4935 orantem
2954 4880 3178 4936 audiens
3198 4881 3336 4935 Deus
3361 4894 3575 4934 causam

2001 4973 2112 5041 illi,
2142 4989 2240 5030 cur
2280 4973 2512 5044 superati
2559 4971 2800 5039 fuerant,
2840 4973 3048 5043 aperuit
3087 4989 3100 5025 :
3131 4988 3291 5043 quam
3329 4972 3418 5026 ille
3454 4987 3576 5027 cum

2001 5063 2293 5130 didicisset,
2325 5063 2557 5134 perdidit
2585 5078 2687 5118 una
2726 5078 2911 5118 omnes
2930 5106 2945 5131 ,
2974 5079 3078 5119 non
3105 5079 3225 5118 eum
3255 5064 3344 5134 qui
3389 5078 3582 5134 pecca-

2002 5165 2154 5214 verat
2195 5157 2365 5211 solum
2386 5197 2401 5222 ,
2453 5155 2549 5211 sed
2591 5164 2846 5226 cognatos
2891 5170 3105 5226 quoque
3151 5157 3205 5210 et
3255 5157 3582 5226 propinquos

2004 5261 2320 5316 omnemque
2363 5245 2615 5300 familiam
2654 5260 2777 5300 cum
2824 5260 3076 5315 pecorum
3118 5245 3473 5300 multitudine.
3523 5244 3579 5300 Id

2004 5349 2181 5393 autem
2211 5335 2350 5392 haud
2383 5352 2572 5407 parum
2615 5335 2759 5391 illius
2799 5335 3130 5406 perturbavit
3163 5335 3420 5390 animum.
3447 5334 3580 5390 Nam

2005 5430 2051 5485 si
2075 5445 2171 5484 nos
2194 5444 2314 5485 cum
2337 5429 2539 5484 alienos
2557 5443 2768 5499 quoque
2793 5427 2971 5498 puniri
2996 5425 3284 5494 cernimus,
3309 5441 3380 5483 ne
3399 5426 3580 5482 videre

2006 5522 2220 5594 quidem
2249 5522 2557 5588 toleramus,
2588 5521 2714 5591 quid
2743 5520 2832 5575 ille
2855 5534 2960 5575 non
2989 5533 3178 5591 passus
3202 5526 3304 5584 est,
3334 5517 3422 5588 qui
3447 5531 3577 5571 con-

2007 5613 2229 5671 tribules
2253 5621 2308 5670 et
2331 5611 2720 5669 commilitones
2746 5611 2906 5666 tantis
2929 5608 3193 5666 afﬁciebat
3219 5607 3414 5664 malis?
3440 5605 3578 5672 Quid

2009 5715 2185 5762 autem
2213 5703 2623 5761 Gabaonitarum
2665 5703 2809 5758 fraus
2838 5702 3174 5774 lribuumque
3211 5709 3357 5755 trans
3404 5697 3584 5754 larda-
