  <div class='ocr_page' id='page_1' title='image "/cluster/home/n/w/nwhite01/storage/ocr_20150623/47/mdp.39015012902212/441.png"; bbox 0 0 4060 6136; ppageno 0'>
   <div class='ocr_carea' id='block_1_1' title="bbox 510 287 612 343">
    <p class='ocr_par' dir='ltr' id='par_1_1' title="bbox 510 287 612 343">
     <span class='ocr_line' id='line_1_1' title="bbox 510 287 612 343; baseline -0.02 0"><span class='ocrx_word' id='word_1_1' title='bbox 510 287 612 343; x_wconf 59' lang='lat'><strong>#79</strong></span> 
     </span>
    </p>
   </div>
   <div class='ocr_carea' id='block_1_2' title="bbox 510 388 2081 462">
    <p class='ocr_par' dir='ltr' id='par_1_2' title="bbox 510 388 2081 462">
     <span class='ocr_line' id='line_1_2' title="bbox 510 388 2081 462; baseline -0.009 -7"><span class='ocrx_word' id='word_1_2' title='bbox 510 413 633 455; x_wconf 88' lang='lat' dir='ltr'><strong>nem</strong></span> <span class='ocrx_word' id='word_1_3' title='bbox 679 395 1025 452; x_wconf 72' lang='lat' dir='ltr'><strong>habitantium</strong></span> <span class='ocrx_word' id='word_1_4' title='bbox 1068 393 1332 462; x_wconf 79' lang='lat' dir='ltr'><strong>suspicio,</strong></span> <span class='ocrx_word' id='word_1_5' title='bbox 1365 391 1490 462; x_wconf 91' lang='lat' dir='ltr'><strong>quid</strong></span> <span class='ocrx_word' id='word_1_6' title='bbox 1530 400 1782 460; x_wconf 86' lang='lat' dir='ltr'><strong>perpetua</strong></span> <span class='ocrx_word' id='word_1_7' title='bbox 1821 388 2081 443; x_wconf 93' lang='lat' dir='ltr'><strong>bellorum</strong></span> 
     </span>
    </p>
   </div>
   <div class='ocr_carea' id='block_1_3' title="bbox 513 479 2082 558">
    <p class='ocr_par' dir='ltr' id='par_1_3' title="bbox 513 479 2082 558">
     <span class='ocr_line' id='line_1_3' title="bbox 513 479 2082 558; baseline -0.008 -15"><span class='ocrx_word' id='word_1_8' title='bbox 513 499 671 558; x_wconf 89' lang='lat' dir='ltr'><strong>atque</strong></span> <span class='ocrx_word' id='word_1_9' title='bbox 702 500 991 557; x_wconf 88' lang='lat' dir='ltr'><strong>pugnarutn</strong></span> <span class='ocrx_word' id='word_1_10' title='bbox 1023 482 1368 538; x_wconf 76' lang='lat' dir='ltr'><strong>exercitatio?</strong></span> <span class='ocrx_word' id='word_1_11' title='bbox 1397 496 1551 550; x_wconf 85' lang='lat' dir='ltr'><strong>quem</strong></span> <span class='ocrx_word' id='word_1_12' title='bbox 1579 481 1676 534; x_wconf 89' lang='lat' dir='ltr'><strong>ista</strong></span> <span class='ocrx_word' id='word_1_13' title='bbox 1703 489 1896 533; x_wconf 89' lang='lat' dir='ltr'><strong>statum</strong></span> <span class='ocrx_word' id='word_1_14' title='bbox 1924 479 2082 532; x_wconf 90' lang='lat' dir='ltr'><strong>animi</strong></span> 
     </span>
    </p>
   </div>
   <div class='ocr_carea' id='block_1_4' title="bbox 512 570 2083 640">
    <p class='ocr_par' dir='ltr' id='par_1_4' title="bbox 512 570 2083 640">
     <span class='ocr_line' id='line_1_4' title="bbox 512 570 2083 640; baseline -0.008 -4"><span class='ocrx_word' id='word_1_15' title='bbox 512 597 616 636; x_wconf 92' lang='lat' dir='ltr'><strong>non</strong></span> <span class='ocrx_word' id='word_1_16' title='bbox 646 575 1006 634; x_wconf 82' lang='lat' dir='ltr'><strong>evertissent?</strong></span> <span class='ocrx_word' id='word_1_17' title='bbox 1048 575 1159 629; x_wconf 87' lang='lat' dir='ltr'><strong>Etsi</strong></span> <span class='ocrx_word' id='word_1_18' title='bbox 1199 574 1340 628; x_wconf 89' lang='lat' dir='ltr'><strong>enim</strong></span> <span class='ocrx_word' id='word_1_19' title='bbox 1370 573 1610 627; x_wconf 84' lang='lat' dir='ltr'><strong>vincebat</strong></span> <span class='ocrx_word' id='word_1_20' title='bbox 1655 570 1849 640; x_wconf 85' lang='lat' dir='ltr'><strong>jugiter</strong></span> <span class='ocrx_word' id='word_1_21' title='bbox 1869 613 1882 637; x_wconf 90' lang='lat'><strong>,</strong></span> <span class='ocrx_word' id='word_1_22' title='bbox 1913 571 2083 624; x_wconf 81' lang='lat' dir='ltr'><strong>victo-</strong></span> 
     </span>
    </p>
   </div>
   <div class='ocr_carea' id='block_1_5' title="bbox 510 659 2083 735">
    <p class='ocr_par' dir='ltr' id='par_1_5' title="bbox 510 659 2083 735">
     <span class='ocr_line' id='line_1_5' title="bbox 510 659 2083 735; baseline -0.009 -9"><span class='ocrx_word' id='word_1_23' title='bbox 510 673 601 726; x_wconf 67' lang='lat' dir='ltr'><strong>riae</strong></span> <span class='ocrx_word' id='word_1_24' title='bbox 631 681 804 724; x_wconf 92' lang='lat' dir='ltr'><strong>tamen</strong></span> <span class='ocrx_word' id='word_1_25' title='bbox 825 667 1146 735; x_wconf 87' lang='lat' dir='ltr'><strong>voluptatem</strong></span> <span class='ocrx_word' id='word_1_26' title='bbox 1173 665 1493 733; x_wconf 91' lang='lat' dir='ltr'><strong>reliquorum</strong></span> <span class='ocrx_word' id='word_1_27' title='bbox 1521 663 1775 716; x_wconf 88' lang='lat' dir='ltr'><strong>bellorum</strong></span> <span class='ocrx_word' id='word_1_28' title='bbox 1801 675 1925 714; x_wconf 90' lang='lat' dir='ltr'><strong>cura</strong></span> <span class='ocrx_word' id='word_1_29' title='bbox 1951 659 2083 713; x_wconf 82' lang='lat' dir='ltr'><strong>oll&#39;u-</strong></span> 
     </span>
    </p>
   </div>
   <div class='ocr_carea' id='block_1_6' title="bbox 508 752 2084 824">
    <p class='ocr_par' dir='ltr' id='par_1_6' title="bbox 508 752 2084 824">
     <span class='ocr_line' id='line_1_6' title="bbox 508 752 2084 824; baseline -0.006 -11"><span class='ocrx_word' id='word_1_30' title='bbox 508 761 726 824; x_wconf 86' lang='lat' dir='ltr'><strong>scabat,</strong></span> <span class='ocrx_word' id='word_1_31' title='bbox 769 757 1097 824; x_wconf 90' lang='lat' dir='ltr'><strong>sortiumque</strong></span> <span class='ocrx_word' id='word_1_32' title='bbox 1137 754 1439 809; x_wconf 74' lang='lat' dir='ltr'><strong>disuibutio</strong></span> <span class='ocrx_word' id='word_1_33' title='bbox 1482 767 1717 807; x_wconf 89' lang='lat' dir='ltr'><strong>summos</strong></span> <span class='ocrx_word' id='word_1_34' title='bbox 1759 752 1830 804; x_wconf 84' lang='lat' dir='ltr'><strong>illi</strong></span> <span class='ocrx_word' id='word_1_35' title='bbox 1875 752 2084 805; x_wconf 90' lang='lat' dir='ltr'><strong>labores</strong></span> 
     </span>
    </p>
   </div>
   <div class='ocr_carea' id='block_1_7' title="bbox 509 842 2082 918">
    <p class='ocr_par' dir='ltr' id='par_1_7' title="bbox 509 842 2082 918">
     <span class='ocr_line' id='line_1_7' title="bbox 509 842 2082 918; baseline -0.005 -16"><span class='ocrx_word' id='word_1_36' title='bbox 509 851 858 918; x_wconf 84' lang='lat' dir='ltr'><strong>ingentesque</strong></span> <span class='ocrx_word' id='word_1_37' title='bbox 881 846 1218 900; x_wconf 88' lang='lat' dir='ltr'><strong>difﬁcultates</strong></span> <span class='ocrx_word' id='word_1_38' title='bbox 1251 844 1504 912; x_wconf 89' lang='lat' dir='ltr'><strong>pariebat.</strong></span> <span class='ocrx_word' id='word_1_39' title='bbox 1535 843 1738 897; x_wconf 89' lang='lat' dir='ltr'><strong>Norunt</strong></span> <span class='ocrx_word' id='word_1_40' title='bbox 1761 842 1856 896; x_wconf 88' lang='lat' dir='ltr'><strong>ista</strong></span> <span class='ocrx_word' id='word_1_41' title='bbox 1884 843 1972 911; x_wconf 88' lang='lat' dir='ltr'><strong>qui</strong></span> <span class='ocrx_word' id='word_1_42' title='bbox 2001 842 2082 894; x_wconf 92' lang='lat' dir='ltr'><strong>vel</strong></span> 
     </span>
    </p>
   </div>
   <div class='ocr_carea' id='block_1_8' title="bbox 509 932 2082 1002">
    <p class='ocr_par' dir='ltr' id='par_1_8' title="bbox 509 932 2082 1002">
     <span class='ocr_line' id='line_1_8' title="bbox 509 932 2082 1002; baseline -0.006 -8"><span class='ocrx_word' id='word_1_43' title='bbox 509 941 783 994; x_wconf 86' lang='lat' dir='ltr'><strong>minimam</strong></span> <span class='ocrx_word' id='word_1_44' title='bbox 813 937 1160 992; x_wconf 85' lang='lat' dir='ltr'><strong>substantiam</strong></span> <span class='ocrx_word' id='word_1_45' title='bbox 1206 935 1483 997; x_wconf 83' lang='lat' dir='ltr'><strong>fratribus,</strong></span> <span class='ocrx_word' id='word_1_46' title='bbox 1517 942 1606 986; x_wconf 87' lang='lat' dir='ltr'><strong>aut</strong></span> <span class='ocrx_word' id='word_1_47' title='bbox 1635 933 1956 1002; x_wconf 90' lang='lat' dir='ltr'><strong>quibuslibet</strong></span> <span class='ocrx_word' id='word_1_48' title='bbox 1982 932 2082 985; x_wconf 87' lang='lat' dir='ltr'><strong>ali-</strong></span> 
     </span>
    </p>
   </div>
   <div class='ocr_carea' id='block_1_9' title="bbox 506 1021 2082 1099">
    <p class='ocr_par' dir='ltr' id='par_1_9' title="bbox 506 1021 2082 1099">
     <span class='ocr_line' id='line_1_9' title="bbox 506 1021 2082 1099; baseline -0.006 -14"><span class='ocrx_word' id='word_1_49' title='bbox 506 1031 659 1099; x_wconf 88' lang='lat' dir='ltr'><strong>cujus</strong></span> <span class='ocrx_word' id='word_1_50' title='bbox 703 1030 990 1084; x_wconf 89' lang='lat' dir='ltr'><strong>heredibus</strong></span> <span class='ocrx_word' id='word_1_51' title='bbox 1036 1025 1451 1080; x_wconf 82' lang='lat' dir='ltr'><strong>distribuendam</strong></span> <span class='ocrx_word' id='word_1_52' title='bbox 1497 1031 1861 1092; x_wconf 88' lang='lat' dir='ltr'><strong>susceperunt.</strong></span> <span class='ocrx_word' id='word_1_53' title='bbox 1905 1021 2082 1076; x_wconf 85' lang='lat' dir='ltr'><strong>Plebis</strong></span> 
     </span>
    </p>
   </div>
   <div class='ocr_carea' id='block_1_10' title="bbox 506 1111 2081 1188">
    <p class='ocr_par' dir='ltr' id='par_1_10' title="bbox 506 1111 2081 1188">
     <span class='ocr_line' id='line_1_10' title="bbox 506 1111 2081 1188; baseline -0.006 -14"><span class='ocrx_word' id='word_1_54' title='bbox 506 1129 684 1174; x_wconf 73' lang='lat' dir='ltr'><strong>autem</strong></span> <span class='ocrx_word' id='word_1_55' title='bbox 714 1120 943 1188; x_wconf 90' lang='lat' dir='ltr'><strong>reliquas</strong></span> <span class='ocrx_word' id='word_1_56' title='bbox 983 1117 1232 1186; x_wconf 85' lang='lat' dir='ltr'><strong>deinceps</strong></span> <span class='ocrx_word' id='word_1_57' title='bbox 1273 1114 1598 1169; x_wconf 84' lang='lat' dir='ltr'><strong>calamitates</strong></span> <span class='ocrx_word' id='word_1_58' title='bbox 1639 1128 1736 1167; x_wconf 89' lang='lat' dir='ltr'><strong>nec</strong></span> <span class='ocrx_word' id='word_1_59' title='bbox 1776 1111 2081 1166; x_wconf 87' lang='lat' dir='ltr'><strong>referendas</strong></span> 
     </span>
    </p>
   </div>
   <div class='ocr_carea' id='block_1_11' title="bbox 507 1205 2082 1279">
    <p class='ocr_par' dir='ltr' id='par_1_11' title="bbox 507 1205 2082 1279">
     <span class='ocr_line' id='line_1_11' title="bbox 507 1205 2082 1279; baseline -0.004 -14"><span class='ocrx_word' id='word_1_60' title='bbox 507 1212 777 1266; x_wconf 77' lang='lat' dir='ltr'><strong>existimo.</strong></span> <span class='ocrx_word' id='word_1_61' title='bbox 827 1210 1008 1279; x_wconf 87' lang='lat' dir='ltr'><strong>Neque</strong></span> <span class='ocrx_word' id='word_1_62' title='bbox 1036 1209 1176 1262; x_wconf 90' lang='lat' dir='ltr'><strong>enim</strong></span> <span class='ocrx_word' id='word_1_63' title='bbox 1217 1217 1299 1262; x_wconf 90' lang='lat' dir='ltr'><strong>est</strong></span> <span class='ocrx_word' id='word_1_64' title='bbox 1326 1207 1578 1276; x_wconf 82' lang='lat' dir='ltr'><strong>propositi</strong></span> <span class='ocrx_word' id='word_1_65' title='bbox 1607 1205 1774 1259; x_wconf 88' lang='lat' dir='ltr'><strong>nostri</strong></span> <span class='ocrx_word' id='word_1_66' title='bbox 1818 1219 2082 1258; x_wconf 67' lang='lat' dir='ltr'><strong>aarumnas</strong></span> 
     </span>
    </p>
   </div>
   <div class='ocr_carea' id='block_1_12' title="bbox 507 1295 2080 1372">
    <p class='ocr_par' dir='ltr' id='par_1_12' title="bbox 507 1295 2080 1372">
     <span class='ocr_line' id='line_1_12' title="bbox 507 1295 2080 1372; baseline -0.004 -17"><span class='ocrx_word' id='word_1_67' title='bbox 507 1303 832 1372; x_wconf 88' lang='lat' dir='ltr'><strong>singulorum</strong></span> <span class='ocrx_word' id='word_1_68' title='bbox 876 1314 1188 1367; x_wconf 89' lang='lat' dir='ltr'><strong>numerare,</strong></span> <span class='ocrx_word' id='word_1_69' title='bbox 1235 1298 1330 1353; x_wconf 92' lang='lat' dir='ltr'><strong>sed</strong></span> <span class='ocrx_word' id='word_1_70' title='bbox 1372 1312 1556 1353; x_wconf 89' lang='lat' dir='ltr'><strong>eorum</strong></span> <span class='ocrx_word' id='word_1_71' title='bbox 1600 1304 1801 1351; x_wconf 90' lang='lat' dir='ltr'><strong>tantum</strong></span> <span class='ocrx_word' id='word_1_72' title='bbox 1839 1295 1927 1364; x_wconf 88' lang='lat' dir='ltr'><strong>qui</strong></span> <span class='ocrx_word' id='word_1_73' title='bbox 1971 1295 2080 1350; x_wconf 90' lang='lat' dir='ltr'><strong>Deo</strong></span> 
     </span>
    </p>
   </div>
   <div class='ocr_carea' id='block_1_13' title="bbox 506 1393 1090 1462">
    <p class='ocr_par' dir='ltr' id='par_1_13' title="bbox 506 1393 1090 1462">
     <span class='ocr_line' id='line_1_13' title="bbox 506 1393 1090 1462; baseline -0.005 -15"><span class='ocrx_word' id='word_1_74' title='bbox 506 1393 788 1448; x_wconf 88' lang='lat' dir='ltr'><strong>admodum</strong></span> <span class='ocrx_word' id='word_1_75' title='bbox 823 1393 1090 1462; x_wconf 80' lang='lat' dir='ltr'><strong>placuere.</strong></span> 
     </span>
    </p>
   </div>
   <div class='ocr_carea' id='block_1_14' title="bbox 576 1475 2082 1552">
    <p class='ocr_par' dir='ltr' id='par_1_14' title="bbox 576 1475 2082 1552">
     <span class='ocr_line' id='line_1_14' title="bbox 576 1475 2082 1552; baseline -0.007 -13"><span class='ocrx_word' id='word_1_76' title='bbox 576 1485 629 1539; x_wconf 86' lang='lat'><strong>6.</strong></span> <span class='ocrx_word' id='word_1_77' title='bbox 660 1484 910 1538; x_wconf 79' lang='lat' dir='ltr'><strong>Samuelis</strong></span> <span class='ocrx_word' id='word_1_78' title='bbox 940 1481 1164 1552; x_wconf 70' lang='lat' dir='ltr'><strong>exemplo</strong></span> <span class='ocrx_word' id='word_1_79' title='bbox 1191 1497 1295 1533; x_wconf 86' lang='lat' dir='ltr'><strong>rem</strong></span> <span class='ocrx_word' id='word_1_80' title='bbox 1343 1479 1580 1533; x_wconf 79' lang='lat' dir='ltr'><strong>illustrat.</strong></span> <span class='ocrx_word' id='word_1_81' title='bbox 1613 1508 1678 1518; x_wconf 93' lang='lat'><strong>—</strong></span> <span class='ocrx_word' id='word_1_82' title='bbox 1701 1475 1955 1544; x_wconf 70' lang='lat' dir='ltr'><strong>Quocirca</strong></span> <span class='ocrx_word' id='word_1_83' title='bbox 1981 1515 1995 1541; x_wconf 90' lang='lat'><strong>,</strong></span> <span class='ocrx_word' id='word_1_84' title='bbox 2035 1475 2082 1530; x_wconf 89' lang='lat' dir='ltr'><strong>si</strong></span> 
     </span>
    </p>
   </div>
   <div class='ocr_carea' id='block_1_15' title="bbox 505 1567 2079 1639">
    <p class='ocr_par' dir='ltr' id='par_1_15' title="bbox 505 1567 2079 1639">
     <span class='ocr_line' id='line_1_15' title="bbox 505 1567 2079 1639; baseline -0.004 -13"><span class='ocrx_word' id='word_1_85' title='bbox 505 1575 743 1639; x_wconf 77' lang='lat' dir='ltr'><strong>videtur,</strong></span> <span class='ocrx_word' id='word_1_86' title='bbox 780 1574 892 1627; x_wconf 88' lang='lat' dir='ltr'><strong>Heli</strong></span> <span class='ocrx_word' id='word_1_87' title='bbox 948 1573 1251 1627; x_wconf 88' lang='lat' dir='ltr'><strong>omittamus</strong></span> <span class='ocrx_word' id='word_1_88' title='bbox 1272 1613 1284 1635; x_wconf 95' lang='lat'><strong>,</strong></span> <span class='ocrx_word' id='word_1_89' title='bbox 1313 1571 1506 1639; x_wconf 88' lang='lat' dir='ltr'><strong>quippe</strong></span> <span class='ocrx_word' id='word_1_90' title='bbox 1532 1578 1585 1622; x_wconf 94' lang='lat' dir='ltr'><strong>et</strong></span> <span class='ocrx_word' id='word_1_91' title='bbox 1626 1569 1671 1622; x_wconf 92' lang='lat' dir='ltr'><strong>is</strong></span> <span class='ocrx_word' id='word_1_92' title='bbox 1729 1583 1822 1636; x_wconf 90' lang='lat' dir='ltr'><strong>per</strong></span> <span class='ocrx_word' id='word_1_93' title='bbox 1851 1567 2079 1620; x_wconf 92' lang='lat' dir='ltr'><strong>ﬁliorum</strong></span> 
     </span>
    </p>
   </div>
   <div class='ocr_carea' id='block_1_16' title="bbox 503 1659 2076 1735">
    <p class='ocr_par' dir='ltr' id='par_1_16' title="bbox 503 1659 2076 1735">
     <span class='ocr_line' id='line_1_16' title="bbox 503 1659 2076 1735; baseline -0.006 -14"><span class='ocrx_word' id='word_1_94' title='bbox 503 1669 650 1735; x_wconf 87' lang='lat' dir='ltr'><strong>vitia,</strong></span> <span class='ocrx_word' id='word_1_95' title='bbox 674 1669 780 1721; x_wconf 90' lang='lat' dir='ltr'><strong>imo</strong></span> <span class='ocrx_word' id='word_1_96' title='bbox 807 1681 932 1721; x_wconf 89' lang='lat' dir='ltr'><strong>vero</strong></span> <span class='ocrx_word' id='word_1_97' title='bbox 950 1681 1042 1734; x_wconf 83' lang='lat' dir='ltr'><strong>per</strong></span> <span class='ocrx_word' id='word_1_98' title='bbox 1067 1679 1214 1718; x_wconf 87' lang='lat' dir='ltr'><strong>suam</strong></span> <span class='ocrx_word' id='word_1_99' title='bbox 1245 1662 1617 1733; x_wconf 78' lang='lat' dir='ltr'><strong>negligentiam</strong></span> <span class='ocrx_word' id='word_1_100' title='bbox 1643 1659 1860 1714; x_wconf 88' lang='lat' dir='ltr'><strong>offendit</strong></span> <span class='ocrx_word' id='word_1_101' title='bbox 1892 1660 2076 1712; x_wconf 89' lang='lat' dir='ltr'><strong>Deum.</strong></span> 
     </span>
    </p>
   </div>
   <div class='ocr_carea' id='block_1_17' title="bbox 505 1749 2078 1828">
    <p class='ocr_par' dir='ltr' id='par_1_17' title="bbox 505 1749 2078 1828">
     <span class='ocr_line' id='line_1_17' title="bbox 505 1749 2078 1828; baseline -0.006 -16"><span class='ocrx_word' id='word_1_102' title='bbox 505 1759 682 1828; x_wconf 82' lang='lat' dir='ltr'><strong>Neque</strong></span> <span class='ocrx_word' id='word_1_103' title='bbox 708 1759 847 1812; x_wconf 87' lang='lat' dir='ltr'><strong>enim</strong></span> <span class='ocrx_word' id='word_1_104' title='bbox 879 1756 996 1810; x_wconf 90' lang='lat' dir='ltr'><strong>ideo</strong></span> <span class='ocrx_word' id='word_1_105' title='bbox 1021 1754 1160 1824; x_wconf 87' lang='lat' dir='ltr'><strong>quod</strong></span> <span class='ocrx_word' id='word_1_106' title='bbox 1203 1753 1370 1806; x_wconf 89' lang='lat' dir='ltr'><strong>malos</strong></span> <span class='ocrx_word' id='word_1_107' title='bbox 1398 1751 1615 1805; x_wconf 87' lang='lat' dir='ltr'><strong>haberet</strong></span> <span class='ocrx_word' id='word_1_108' title='bbox 1643 1749 1780 1804; x_wconf 87' lang='lat' dir='ltr'><strong>ﬁlios</strong></span> <span class='ocrx_word' id='word_1_109' title='bbox 1824 1749 2078 1818; x_wconf 86' lang='lat' dir='ltr'><strong>punieba-</strong></span> 
     </span>
    </p>
   </div>
   <div class='ocr_carea' id='block_1_18' title="bbox 504 1841 2076 1917">
    <p class='ocr_par' dir='ltr' id='par_1_18' title="bbox 504 1841 2076 1917">
     <span class='ocr_line' id='line_1_18' title="bbox 504 1841 2076 1917; baseline -0.005 -15"><span class='ocrx_word' id='word_1_110' title='bbox 504 1858 621 1910; x_wconf 88' lang='lat' dir='ltr'><strong>tur,</strong></span> <span class='ocrx_word' id='word_1_111' title='bbox 659 1847 750 1902; x_wconf 92' lang='lat' dir='ltr'><strong>scd</strong></span> <span class='ocrx_word' id='word_1_112' title='bbox 787 1848 908 1917; x_wconf 92' lang='lat' dir='ltr'><strong>quia</strong></span> <span class='ocrx_word' id='word_1_113' title='bbox 935 1847 1068 1900; x_wconf 87' lang='lat' dir='ltr'><strong>ultra</strong></span> <span class='ocrx_word' id='word_1_114' title='bbox 1098 1845 1334 1900; x_wconf 88' lang='lat' dir='ltr'><strong>debitum</strong></span> <span class='ocrx_word' id='word_1_115' title='bbox 1363 1841 1706 1911; x_wconf 76' lang='lat' dir='ltr'><strong>iu-crepationi</strong></span> <span class='ocrx_word' id='word_1_116' title='bbox 1730 1849 2076 1910; x_wconf 88' lang='lat' dir='ltr'><strong>pepercerat,</strong></span> 
     </span>
    </p>
   </div>
   <div class='ocr_carea' id='block_1_19' title="bbox 502 1932 2080 2006">
    <p class='ocr_par' dir='ltr' id='par_1_19' title="bbox 502 1932 2080 2006">
     <span class='ocr_line' id='line_1_19' title="bbox 502 1932 2080 2006; baseline -0.005 -13"><span class='ocrx_word' id='word_1_117' title='bbox 502 1950 556 1993; x_wconf 90' lang='lat' dir='ltr'><strong>et</strong></span> <span class='ocrx_word' id='word_1_118' title='bbox 583 1954 703 1992; x_wconf 92' lang='lat' dir='ltr'><strong>cum</strong></span> <span class='ocrx_word' id='word_1_119' title='bbox 746 1939 834 1990; x_wconf 88' lang='lat' dir='ltr'><strong>Dei</strong></span> <span class='ocrx_word' id='word_1_120' title='bbox 867 1938 1009 2006; x_wconf 81' lang='lat' dir='ltr'><strong>leges</strong></span> <span class='ocrx_word' id='word_1_121' title='bbox 1049 1936 1392 2000; x_wconf 83' lang='lat' dir='ltr'><strong>violarentur,</strong></span> <span class='ocrx_word' id='word_1_122' title='bbox 1423 1933 1664 1988; x_wconf 85' lang='lat' dir='ltr'><strong>severius</strong></span> <span class='ocrx_word' id='word_1_123' title='bbox 1692 1932 1746 1986; x_wconf 90' lang='lat' dir='ltr'><strong>in</strong></span> <span class='ocrx_word' id='word_1_124' title='bbox 1775 1932 1893 1986; x_wconf 82' lang='lat' dir='ltr'><strong>illos</strong></span> <span class='ocrx_word' id='word_1_125' title='bbox 1936 1932 2080 1986; x_wconf 84' lang='lat' dir='ltr'><strong>ultus</strong></span> 
     </span>
    </p>
   </div>
   <div class='ocr_carea' id='block_1_20' title="bbox 506 2024 2079 2098">
    <p class='ocr_par' dir='ltr' id='par_1_20' title="bbox 506 2024 2079 2098">
     <span class='ocr_line' id='line_1_20' title="bbox 506 2024 2079 2098; baseline -0.004 -14"><span class='ocrx_word' id='word_1_126' title='bbox 506 2046 610 2084; x_wconf 89' lang='lat' dir='ltr'><strong>non</strong></span> <span class='ocrx_word' id='word_1_127' title='bbox 641 2039 739 2084; x_wconf 88' lang='lat' dir='ltr'><strong>est.</strong></span> <span class='ocrx_word' id='word_1_128' title='bbox 765 2028 928 2098; x_wconf 80' lang='lat' dir='ltr'><strong>Cujus</strong></span> <span class='ocrx_word' id='word_1_129' title='bbox 963 2028 1038 2082; x_wconf 88' lang='lat' dir='ltr'><strong>rei</strong></span> <span class='ocrx_word' id='word_1_130' title='bbox 1065 2037 1118 2082; x_wconf 92' lang='lat' dir='ltr'><strong>et</strong></span> <span class='ocrx_word' id='word_1_131' title='bbox 1145 2029 1259 2096; x_wconf 88' lang='lat' dir='ltr'><strong>ipse</strong></span> <span class='ocrx_word' id='word_1_132' title='bbox 1287 2025 1386 2082; x_wconf 89' lang='lat' dir='ltr'><strong>sibi</strong></span> <span class='ocrx_word' id='word_1_133' title='bbox 1429 2025 1670 2079; x_wconf 86' lang='lat' dir='ltr'><strong>conscius</strong></span> <span class='ocrx_word' id='word_1_134' title='bbox 1689 2032 1811 2094; x_wconf 91' lang='lat' dir='ltr'><strong>post</strong></span> <span class='ocrx_word' id='word_1_135' title='bbox 1839 2024 2079 2094; x_wconf 79' lang='lat' dir='ltr'><strong>ingentes</strong></span> 
     </span>
    </p>
   </div>
   <div class='ocr_carea' id='block_1_21' title="bbox 503 2117 2078 2188">
    <p class='ocr_par' dir='ltr' id='par_1_21' title="bbox 503 2117 2078 2188">
     <span class='ocr_line' id='line_1_21' title="bbox 503 2117 2078 2188; baseline -0.003 -14"><span class='ocrx_word' id='word_1_136' title='bbox 503 2121 622 2176; x_wconf 88' lang='lat' dir='ltr'><strong>illas</strong></span> <span class='ocrx_word' id='word_1_137' title='bbox 666 2121 834 2174; x_wconf 89' lang='lat' dir='ltr'><strong>minas</strong></span> <span class='ocrx_word' id='word_1_138' title='bbox 861 2119 1071 2174; x_wconf 87' lang='lat' dir='ltr'><strong>aiebat:</strong></span> <span class='ocrx_word' id='word_1_139' title='bbox 1102 2119 1349 2173; x_wconf 76' lang='lat' dir='ltr'><strong>Dominus</strong></span> <span class='ocrx_word' id='word_1_140' title='bbox 1377 2119 1484 2188; x_wconf 87' lang='lat' dir='ltr'><strong>ipse</strong></span> <span class='ocrx_word' id='word_1_141' title='bbox 1519 2117 1653 2187; x_wconf 78' lang='lat' dir='ltr'><strong>quod</strong></span> <span class='ocrx_word' id='word_1_142' title='bbox 1689 2117 1874 2171; x_wconf 85' lang='lat' dir='ltr'><strong>bonum</strong></span> <span class='ocrx_word' id='word_1_143' title='bbox 1907 2125 1980 2170; x_wconf 81' lang='lat' dir='ltr'><strong>est</strong></span> <span class='ocrx_word' id='word_1_144' title='bbox 2023 2117 2078 2170; x_wconf 81' lang='lat' dir='ltr'><strong>in</strong></span> 
     </span>
    </p>
   </div>
   <div class='ocr_carea' id='block_1_22' title="bbox 507 2207 2078 2282">
    <p class='ocr_par' dir='ltr' id='par_1_22' title="bbox 507 2207 2078 2282">
     <span class='ocr_line' id='line_1_22' title="bbox 507 2207 2078 2282; baseline -0.004 -17"><span class='ocrx_word' id='word_1_145' title='bbox 507 2211 662 2266; x_wconf 84' lang='lat' dir='ltr'><strong>oculis</strong></span> <span class='ocrx_word' id='word_1_146' title='bbox 685 2212 788 2264; x_wconf 82' lang='lat' dir='ltr'><strong>suis</strong></span> <span class='ocrx_word' id='word_1_147' title='bbox 814 2211 962 2282; x_wconf 80' lang='lat' dir='ltr'><strong>faciet</strong></span> <span class='ocrx_word' id='word_1_148' title='bbox 989 2211 1036 2282; x_wconf 90' lang='grc'><strong>(1</strong></span> <span class='ocrx_word' id='word_1_149' title='bbox 1050 2207 1371 2282; x_wconf 74' lang='grc' dir='ltr'><strong>,Βε9.5.18).</strong></span> <span class='ocrx_word' id='word_1_150' title='bbox 1393 2209 1468 2263; x_wconf 87' lang='lat' dir='ltr'><strong>Eo</strong></span> <span class='ocrx_word' id='word_1_151' title='bbox 1485 2209 1660 2278; x_wconf 87' lang='lat' dir='ltr'><strong>itaque</strong></span> <span class='ocrx_word' id='word_1_152' title='bbox 1679 2208 1878 2262; x_wconf 89' lang='lat' dir='ltr'><strong>omisso</strong></span> <span class='ocrx_word' id='word_1_153' title='bbox 1898 2207 1963 2260; x_wconf 86' lang='lat' dir='ltr'><strong>ad</strong></span> <span class='ocrx_word' id='word_1_154' title='bbox 1977 2207 2078 2260; x_wconf 89' lang='lat' dir='ltr'><strong>Sa-</strong></span> 
     </span>
    </p>
   </div>
   <div class='ocr_carea' id='block_1_23' title="bbox 504 2299 2078 2370">
    <p class='ocr_par' dir='ltr' id='par_1_23' title="bbox 504 2299 2078 2370">
     <span class='ocr_line' id='line_1_23' title="bbox 504 2299 2078 2370; baseline -0.002 -15"><span class='ocrx_word' id='word_1_155' title='bbox 504 2303 728 2356; x_wconf 89' lang='lat' dir='ltr'><strong>muelem</strong></span> <span class='ocrx_word' id='word_1_156' title='bbox 779 2303 1069 2356; x_wconf 74' lang='lat' dir='ltr'><strong>veniamus.</strong></span> <span class='ocrx_word' id='word_1_157' title='bbox 1106 2302 1154 2356; x_wconf 89' lang='lat' dir='ltr'><strong>Is</strong></span> <span class='ocrx_word' id='word_1_158' title='bbox 1174 2317 1203 2356; x_wconf 90' lang='lat' dir='ltr'><strong>a</strong></span> <span class='ocrx_word' id='word_1_159' title='bbox 1227 2315 1390 2370; x_wconf 89' lang='lat' dir='ltr'><strong>puero</strong></span> <span class='ocrx_word' id='word_1_160' title='bbox 1411 2300 1639 2354; x_wconf 89' lang='lat' dir='ltr'><strong>nutritus</strong></span> <span class='ocrx_word' id='word_1_161' title='bbox 1661 2300 1712 2354; x_wconf 91' lang='lat' dir='ltr'><strong>in</strong></span> <span class='ocrx_word' id='word_1_162' title='bbox 1743 2300 1940 2369; x_wconf 92' lang='lat' dir='ltr'><strong>templo</strong></span> <span class='ocrx_word' id='word_1_163' title='bbox 1969 2299 2078 2353; x_wconf 90' lang='lat' dir='ltr'><strong>Deo</strong></span> 
     </span>
    </p>
   </div>
   <div class='ocr_carea' id='block_1_24' title="bbox 500 2389 2077 2462">
    <p class='ocr_par' dir='ltr' id='par_1_24' title="bbox 500 2389 2077 2462">
     <span class='ocr_line' id='line_1_24' title="bbox 500 2389 2077 2462; baseline -0.002 -16"><span class='ocrx_word' id='word_1_164' title='bbox 500 2407 712 2462; x_wconf 88' lang='lat' dir='ltr'><strong>semper</strong></span> <span class='ocrx_word' id='word_1_165' title='bbox 742 2407 895 2447; x_wconf 89' lang='lat' dir='ltr'><strong>carus</strong></span> <span class='ocrx_word' id='word_1_166' title='bbox 949 2401 1003 2447; x_wconf 92' lang='lat' dir='ltr'><strong>et</strong></span> <span class='ocrx_word' id='word_1_167' title='bbox 1034 2393 1365 2461; x_wconf 88' lang='lat' dir='ltr'><strong>gratissimus</strong></span> <span class='ocrx_word' id='word_1_168' title='bbox 1394 2390 1533 2454; x_wconf 91' lang='lat' dir='ltr'><strong>fuit,</strong></span> <span class='ocrx_word' id='word_1_169' title='bbox 1582 2399 1828 2460; x_wconf 88' lang='lat' dir='ltr'><strong>tantaque</strong></span> <span class='ocrx_word' id='word_1_170' title='bbox 1870 2389 2077 2443; x_wconf 87' lang='lat' dir='ltr'><strong>virtutis</strong></span> 
     </span>
    </p>
   </div>
   <div class='ocr_carea' id='block_1_25' title="bbox 502 2481 2077 2554">
    <p class='ocr_par' dir='ltr' id='par_1_25' title="bbox 502 2481 2077 2554">
     <span class='ocr_line' id='line_1_25' title="bbox 502 2481 2077 2554; baseline -0.001 -19"><span class='ocrx_word' id='word_1_171' title='bbox 502 2483 689 2538; x_wconf 84' lang='lat' dir='ltr'><strong>indicia</strong></span> <span class='ocrx_word' id='word_1_172' title='bbox 720 2499 750 2537; x_wconf 89' lang='lat' dir='ltr'><strong>a</strong></span> <span class='ocrx_word' id='word_1_173' title='bbox 776 2484 936 2554; x_wconf 90' lang='lat' dir='ltr'><strong>prima</strong></span> <span class='ocrx_word' id='word_1_174' title='bbox 966 2484 1142 2538; x_wconf 90' lang='lat' dir='ltr'><strong>statim</strong></span> <span class='ocrx_word' id='word_1_175' title='bbox 1189 2491 1345 2538; x_wconf 62' lang='lat' dir='ltr'><strong>astate</strong></span> <span class='ocrx_word' id='word_1_176' title='bbox 1387 2481 1658 2552; x_wconf 68' lang='lat' dir='ltr'><strong>praetulit,</strong></span> <span class='ocrx_word' id='word_1_177' title='bbox 1714 2490 1771 2535; x_wconf 91' lang='lat' dir='ltr'><strong>ut</strong></span> <span class='ocrx_word' id='word_1_178' title='bbox 1793 2489 2077 2550; x_wconf 85' lang='lat' dir='ltr'><strong>antequam</strong></span> 
     </span>
    </p>
   </div>
   <div class='ocr_carea' id='block_1_26' title="bbox 502 2571 2078 2640">
    <p class='ocr_par' dir='ltr' id='par_1_26' title="bbox 502 2571 2078 2640">
     <span class='ocr_line' id='line_1_26' title="bbox 502 2571 2078 2640; baseline -0.003 -13"><span class='ocrx_word' id='word_1_179' title='bbox 502 2574 569 2628; x_wconf 87' lang='lat' dir='ltr'><strong>ad</strong></span> <span class='ocrx_word' id='word_1_180' title='bbox 598 2575 774 2629; x_wconf 77' lang='lat' dir='ltr'><strong>viriles</strong></span> <span class='ocrx_word' id='word_1_181' title='bbox 816 2589 983 2628; x_wconf 90' lang='lat' dir='ltr'><strong>annos</strong></span> <span class='ocrx_word' id='word_1_182' title='bbox 1016 2574 1268 2629; x_wconf 87' lang='lat' dir='ltr'><strong>evaderet</strong></span> <span class='ocrx_word' id='word_1_183' title='bbox 1299 2573 1438 2627; x_wconf 91' lang='lat' dir='ltr'><strong>inter</strong></span> <span class='ocrx_word' id='word_1_184' title='bbox 1480 2572 1747 2626; x_wconf 89' lang='lat' dir='ltr'><strong>mirabiles</strong></span> <span class='ocrx_word' id='word_1_185' title='bbox 1793 2571 2078 2640; x_wconf 88' lang='lat' dir='ltr'><strong>prophetas</strong></span> 
     </span>
    </p>
   </div>
   <div class='ocr_carea' id='block_1_27' title="bbox 503 2662 2075 2734">
    <p class='ocr_par' dir='ltr' id='par_1_27' title="bbox 503 2662 2075 2734">
     <span class='ocr_line' id='line_1_27' title="bbox 503 2662 2075 2734; baseline -0.003 -16"><span class='ocrx_word' id='word_1_186' title='bbox 503 2664 912 2729; x_wconf 88' lang='lat' dir='ltr'><strong>inscriberetur,</strong></span> <span class='ocrx_word' id='word_1_187' title='bbox 946 2665 1100 2734; x_wconf 90' lang='lat' dir='ltr'><strong>idque</strong></span> <span class='ocrx_word' id='word_1_188' title='bbox 1141 2680 1260 2718; x_wconf 89' lang='lat' dir='ltr'><strong>eum</strong></span> <span class='ocrx_word' id='word_1_189' title='bbox 1291 2680 1350 2718; x_wconf 90' lang='lat' dir='ltr'><strong>ea</strong></span> <span class='ocrx_word' id='word_1_190' title='bbox 1382 2679 1468 2718; x_wconf 87' lang='lat' dir='ltr'><strong>res</strong></span> <span class='ocrx_word' id='word_1_191' title='bbox 1510 2672 1634 2718; x_wconf 93' lang='lat' dir='ltr'><strong>tunc</strong></span> <span class='ocrx_word' id='word_1_192' title='bbox 1658 2662 1913 2716; x_wconf 89' lang='lat' dir='ltr'><strong>defecisse</strong></span> <span class='ocrx_word' id='word_1_193' title='bbox 1956 2675 2075 2714; x_wconf 85' lang='lat' dir='ltr'><strong>om-</strong></span> 
     </span>
    </p>
   </div>
   <div class='ocr_carea' id='block_1_28' title="bbox 507 2754 2074 2824">
    <p class='ocr_par' dir='ltr' id='par_1_28' title="bbox 507 2754 2074 2824">
     <span class='ocr_line' id='line_1_28' title="bbox 507 2754 2074 2824; baseline -0.003 -16"><span class='ocrx_word' id='word_1_194' title='bbox 507 2755 631 2809; x_wconf 89' lang='lat' dir='ltr'><strong>nino</strong></span> <span class='ocrx_word' id='word_1_195' title='bbox 660 2755 943 2810; x_wconf 87' lang='lat' dir='ltr'><strong>videretur.</strong></span> <span class='ocrx_word' id='word_1_196' title='bbox 973 2755 1091 2809; x_wconf 82' lang='lat' dir='ltr'><strong>Non</strong></span> <span class='ocrx_word' id='word_1_197' title='bbox 1112 2756 1241 2809; x_wconf 82' lang='lat' dir='ltr'><strong>enim</strong></span> <span class='ocrx_word' id='word_1_198' title='bbox 1260 2765 1384 2820; x_wconf 85' lang='lat' dir='ltr'><strong>erat,</strong></span> <span class='ocrx_word' id='word_1_199' title='bbox 1411 2755 1598 2824; x_wconf 89' lang='lat' dir='ltr'><strong>inquit,</strong></span> <span class='ocrx_word' id='word_1_200' title='bbox 1620 2754 1738 2807; x_wconf 82' lang='lat' dir='ltr'><strong>visio</strong></span> <span class='ocrx_word' id='word_1_201' title='bbox 1769 2754 2074 2816; x_wconf 78' lang='lat' dir='ltr'><strong>discernens,</strong></span> 
     </span>
    </p>
   </div>
   <div class='ocr_carea' id='block_1_29' title="bbox 504 2843 2078 2916">
    <p class='ocr_par' dir='ltr' id='par_1_29' title="bbox 504 2843 2078 2916">
     <span class='ocr_line' id='line_1_29' title="bbox 504 2843 2078 2916; baseline -0.003 -16"><span class='ocrx_word' id='word_1_202' title='bbox 504 2857 704 2916; x_wconf 78' lang='lat' dir='ltr'><strong>eratque</strong></span> <span class='ocrx_word' id='word_1_203' title='bbox 752 2847 950 2900; x_wconf 83' lang='lat' dir='ltr'><strong>verbum</strong></span> <span class='ocrx_word' id='word_1_204' title='bbox 1002 2847 1270 2915; x_wconf 84' lang='lat' dir='ltr'><strong>pretiosum</strong></span> <span class='ocrx_word' id='word_1_205' title='bbox 1310 2848 1385 2914; x_wconf 91' lang='grc'><strong>(1.</strong></span> <span class='ocrx_word' id='word_1_206' title='bbox 1415 2845 1538 2915; x_wconf 78' lang='lat' dir='ltr'><strong>Reg.</strong></span> <span class='ocrx_word' id='word_1_207' title='bbox 1571 2847 1623 2898; x_wconf 83' lang='lat'><strong>5.</strong></span> <span class='ocrx_word' id='word_1_208' title='bbox 1672 2844 1746 2913; x_wconf 98' lang='grc'><strong>1).</strong></span> <span class='ocrx_word' id='word_1_209' title='bbox 1804 2843 1900 2896; x_wconf 89' lang='lat' dir='ltr'><strong>llic</strong></span> <span class='ocrx_word' id='word_1_210' title='bbox 1949 2856 2078 2912; x_wconf 84' lang='lat' dir='ltr'><strong>ergo</strong></span> 
     </span>
    </p>
   </div>
   <div class='ocr_carea' id='block_1_30' title="bbox 501 2934 2076 3006">
    <p class='ocr_par' dir='ltr' id='par_1_30' title="bbox 501 2934 2076 3006">
     <span class='ocr_line' id='line_1_30' title="bbox 501 2934 2076 3006; baseline -0.002 -16"><span class='ocrx_word' id='word_1_211' title='bbox 501 2937 733 3003; x_wconf 88' lang='lat' dir='ltr'><strong>Samuel,</strong></span> <span class='ocrx_word' id='word_1_212' title='bbox 766 2937 853 3006; x_wconf 90' lang='lat' dir='ltr'><strong>qui</strong></span> <span class='ocrx_word' id='word_1_213' title='bbox 881 2946 999 3006; x_wconf 87' lang='lat' dir='ltr'><strong>post</strong></span> <span class='ocrx_word' id='word_1_214' title='bbox 1026 2939 1215 2990; x_wconf 84' lang='lat' dir='ltr'><strong>multas</strong></span> <span class='ocrx_word' id='word_1_215' title='bbox 1245 2937 1502 3003; x_wconf 80' lang='lat' dir='ltr'><strong>lucrymas</strong></span> <span class='ocrx_word' id='word_1_216' title='bbox 1547 2945 1700 2988; x_wconf 90' lang='lat' dir='ltr'><strong>natus</strong></span> <span class='ocrx_word' id='word_1_217' title='bbox 1730 2934 1929 3000; x_wconf 82' lang='lat' dir='ltr'><strong>fuerat,</strong></span> <span class='ocrx_word' id='word_1_218' title='bbox 1966 2935 2076 3002; x_wconf 87' lang='lat' dir='ltr'><strong>pri-</strong></span> 
     </span>
    </p>
   </div>
   <div class='ocr_carea' id='block_1_31' title="bbox 504 3026 2073 3097">
    <p class='ocr_par' dir='ltr' id='par_1_31' title="bbox 504 3026 2073 3097">
     <span class='ocr_line' id='line_1_31' title="bbox 504 3026 2073 3097; baseline 0 -16"><span class='ocrx_word' id='word_1_219' title='bbox 504 3043 647 3081; x_wconf 86' lang='lat' dir='ltr'><strong>mum</strong></span> <span class='ocrx_word' id='word_1_220' title='bbox 675 3027 887 3097; x_wconf 87' lang='lat' dir='ltr'><strong>quidem</strong></span> <span class='ocrx_word' id='word_1_221' title='bbox 929 3043 1046 3082; x_wconf 92' lang='lat' dir='ltr'><strong>cum</strong></span> <span class='ocrx_word' id='word_1_222' title='bbox 1082 3029 1375 3082; x_wconf 89' lang='lat' dir='ltr'><strong>intueretur</strong></span> <span class='ocrx_word' id='word_1_223' title='bbox 1406 3028 1712 3097; x_wconf 88' lang='lat' dir='ltr'><strong>magistrum</strong></span> <span class='ocrx_word' id='word_1_224' title='bbox 1743 3026 1795 3079; x_wconf 91' lang='lat' dir='ltr'><strong>in</strong></span> <span class='ocrx_word' id='word_1_225' title='bbox 1849 3037 2073 3082; x_wconf 90' lang='lat' dir='ltr'><strong>mortem</strong></span> 
     </span>
    </p>
   </div>
   <div class='ocr_carea' id='block_1_32' title="bbox 502 3115 2076 3186">
    <p class='ocr_par' dir='ltr' id='par_1_32' title="bbox 502 3115 2076 3186">
     <span class='ocr_line' id='line_1_32' title="bbox 502 3115 2076 3186; baseline 0 -14"><span class='ocrx_word' id='word_1_226' title='bbox 502 3118 644 3172; x_wconf 91' lang='lat' dir='ltr'><strong>illam</strong></span> <span class='ocrx_word' id='word_1_227' title='bbox 692 3119 1046 3173; x_wconf 83' lang='lat' dir='ltr'><strong>miserabilem</strong></span> <span class='ocrx_word' id='word_1_228' title='bbox 1101 3118 1415 3183; x_wconf 85' lang='lat' dir='ltr'><strong>devectum,</strong></span> <span class='ocrx_word' id='word_1_229' title='bbox 1472 3119 1540 3172; x_wconf 89' lang='lat' dir='ltr'><strong>ita</strong></span> <span class='ocrx_word' id='word_1_230' title='bbox 1604 3115 1856 3171; x_wconf 89' lang='lat' dir='ltr'><strong>confusus</strong></span> <span class='ocrx_word' id='word_1_231' title='bbox 1916 3127 2076 3186; x_wconf 90' lang='lat' dir='ltr'><strong>atque</strong></span> 
     </span>
    </p>
   </div>
   <div class='ocr_carea' id='block_1_33' title="bbox 505 3209 2079 3281">
    <p class='ocr_par' dir='ltr' id='par_1_33' title="bbox 505 3209 2079 3281">
     <span class='ocr_line' id='line_1_33' title="bbox 505 3209 2079 3281; baseline -0.001 -17"><span class='ocrx_word' id='word_1_232' title='bbox 505 3212 742 3267; x_wconf 78' lang='lat' dir='ltr'><strong>turbatus</strong></span> <span class='ocrx_word' id='word_1_233' title='bbox 770 3220 887 3277; x_wconf 88' lang='lat' dir='ltr'><strong>cst,</strong></span> <span class='ocrx_word' id='word_1_234' title='bbox 941 3223 999 3266; x_wconf 91' lang='lat' dir='ltr'><strong>ut</strong></span> <span class='ocrx_word' id='word_1_235' title='bbox 1047 3211 1268 3266; x_wconf 88' lang='lat' dir='ltr'><strong>decebat</strong></span> <span class='ocrx_word' id='word_1_236' title='bbox 1305 3221 1509 3281; x_wconf 88' lang='lat' dir='ltr'><strong>gratum</strong></span> <span class='ocrx_word' id='word_1_237' title='bbox 1557 3212 1888 3280; x_wconf 90' lang='lat' dir='ltr'><strong>amicumque</strong></span> <span class='ocrx_word' id='word_1_238' title='bbox 1917 3209 2079 3264; x_wconf 90' lang='lat' dir='ltr'><strong>disci-</strong></span> 
     </span>
    </p>
   </div>
   <div class='ocr_carea' id='block_1_34' title="bbox 501 3302 2072 3372">
    <p class='ocr_par' dir='ltr' id='par_1_34' title="bbox 501 3302 2072 3372">
     <span class='ocr_line' id='line_1_34' title="bbox 501 3302 2072 3372; baseline 0.001 -16"><span class='ocrx_word' id='word_1_239' title='bbox 501 3304 702 3372; x_wconf 87' lang='lat' dir='ltr'><strong>pulum.</strong></span> <span class='ocrx_word' id='word_1_240' title='bbox 733 3304 919 3359; x_wconf 83' lang='lat' dir='ltr'><strong>Postea</strong></span> <span class='ocrx_word' id='word_1_241' title='bbox 969 3303 1211 3358; x_wconf 85' lang='lat' dir='ltr'><strong>Judaicas</strong></span> <span class='ocrx_word' id='word_1_242' title='bbox 1239 3305 1564 3358; x_wconf 66' lang='lat' dir='ltr'><strong>calamitates</strong></span> <span class='ocrx_word' id='word_1_243' title='bbox 1591 3302 1721 3357; x_wconf 88' lang='lat' dir='ltr'><strong>ﬁere</strong></span> <span class='ocrx_word' id='word_1_244' title='bbox 1768 3303 2072 3372; x_wconf 89' lang='lat' dir='ltr'><strong>cogebatur.</strong></span> 
     </span>
    </p>
   </div>
   <div class='ocr_carea' id='block_1_35' title="bbox 502 3394 2075 3465">
    <p class='ocr_par' dir='ltr' id='par_1_35' title="bbox 502 3394 2075 3465">
     <span class='ocr_line' id='line_1_35' title="bbox 502 3394 2075 3465; baseline -0.001 -17"><span class='ocrx_word' id='word_1_245' title='bbox 502 3394 668 3448; x_wconf 83' lang='lat' dir='ltr'><strong>Porro</strong></span> <span class='ocrx_word' id='word_1_246' title='bbox 697 3394 789 3448; x_wconf 87' lang='lat' dir='ltr'><strong>ﬁlii</strong></span> <span class='ocrx_word' id='word_1_247' title='bbox 833 3395 1030 3465; x_wconf 86' lang='lat' dir='ltr'><strong>ipsius,</strong></span> <span class='ocrx_word' id='word_1_248' title='bbox 1063 3410 1180 3448; x_wconf 93' lang='lat' dir='ltr'><strong>cum</strong></span> <span class='ocrx_word' id='word_1_249' title='bbox 1233 3394 1396 3463; x_wconf 89' lang='lat' dir='ltr'><strong>iniqui</strong></span> <span class='ocrx_word' id='word_1_250' title='bbox 1425 3404 1477 3448; x_wconf 92' lang='lat' dir='ltr'><strong>et</strong></span> <span class='ocrx_word' id='word_1_251' title='bbox 1502 3394 1625 3447; x_wconf 89' lang='lat' dir='ltr'><strong>mali</strong></span> <span class='ocrx_word' id='word_1_252' title='bbox 1667 3402 1846 3448; x_wconf 85' lang='lat' dir='ltr'><strong>essent</strong></span> <span class='ocrx_word' id='word_1_253' title='bbox 1867 3435 1882 3459; x_wconf 94' lang='lat'><strong>,</strong></span> <span class='ocrx_word' id='word_1_254' title='bbox 1916 3402 2075 3462; x_wconf 86' lang='lat' dir='ltr'><strong>atque</strong></span> 
     </span>
    </p>
   </div>
   <div class='ocr_carea' id='block_1_36' title="bbox 499 3485 2075 3558">
    <p class='ocr_par' dir='ltr' id='par_1_36' title="bbox 499 3485 2075 3558">
     <span class='ocr_line' id='line_1_36' title="bbox 499 3485 2075 3558; baseline 0 -18"><span class='ocrx_word' id='word_1_255' title='bbox 499 3490 565 3542; x_wconf 89' lang='lat' dir='ltr'><strong>ad</strong></span> <span class='ocrx_word' id='word_1_256' title='bbox 627 3489 833 3542; x_wconf 88' lang='lat' dir='ltr'><strong>culmen</strong></span> <span class='ocrx_word' id='word_1_257' title='bbox 899 3488 1187 3558; x_wconf 89' lang='lat' dir='ltr'><strong>iniquitatis</strong></span> <span class='ocrx_word' id='word_1_258' title='bbox 1243 3489 1637 3557; x_wconf 76' lang='lat' dir='ltr'><strong>pervenissent,</strong></span> <span class='ocrx_word' id='word_1_259' title='bbox 1703 3495 1755 3541; x_wconf 91' lang='lat' dir='ltr'><strong>ct</strong></span> <span class='ocrx_word' id='word_1_260' title='bbox 1805 3485 1905 3540; x_wconf 86' lang='lat' dir='ltr'><strong>hoc</strong></span> <span class='ocrx_word' id='word_1_261' title='bbox 1960 3486 2075 3554; x_wconf 90' lang='lat' dir='ltr'><strong>ipso</strong></span> 
     </span>
    </p>
   </div>
   <div class='ocr_carea' id='block_1_37' title="bbox 501 3581 2075 3651">
    <p class='ocr_par' dir='ltr' id='par_1_37' title="bbox 501 3581 2075 3651">
     <span class='ocr_line' id='line_1_37' title="bbox 501 3581 2075 3651; baseline 0 -18"><span class='ocrx_word' id='word_1_262' title='bbox 501 3596 731 3636; x_wconf 68' lang='lat' dir='ltr'><strong>intlerore</strong></span> <span class='ocrx_word' id='word_1_263' title='bbox 764 3583 910 3635; x_wconf 90' lang='lat' dir='ltr'><strong>illum</strong></span> <span class='ocrx_word' id='word_1_264' title='bbox 954 3581 1254 3636; x_wconf 88' lang='lat' dir='ltr'><strong>afﬁciebant</strong></span> <span class='ocrx_word' id='word_1_265' title='bbox 1279 3623 1292 3645; x_wconf 91' lang='lat'><strong>,</strong></span> <span class='ocrx_word' id='word_1_266' title='bbox 1341 3581 1556 3651; x_wconf 87' lang='lat' dir='ltr'><strong>etquod</strong></span> <span class='ocrx_word' id='word_1_267' title='bbox 1586 3582 1683 3635; x_wconf 82' lang='lat' dir='ltr'><strong>sibi</strong></span> <span class='ocrx_word' id='word_1_268' title='bbox 1724 3582 1941 3650; x_wconf 78' lang='lat' dir='ltr'><strong>praestiti</strong></span> <span class='ocrx_word' id='word_1_269' title='bbox 1974 3581 2075 3634; x_wconf 77' lang='lat' dir='ltr'><strong>ho.</strong></span> 
     </span>
    </p>
   </div>
   <div class='ocr_carea' id='block_1_38' title="bbox 501 3672 2072 3742">
    <p class='ocr_par' dir='ltr' id='par_1_38' title="bbox 501 3672 2072 3742">
     <span class='ocr_line' id='line_1_38' title="bbox 501 3672 2072 3742; baseline -0.001 -15"><span class='ocrx_word' id='word_1_270' title='bbox 501 3674 647 3727; x_wconf 90' lang='lat' dir='ltr'><strong>noris</strong></span> <span class='ocrx_word' id='word_1_271' title='bbox 697 3673 918 3728; x_wconf 89' lang='lat' dir='ltr'><strong>heredes</strong></span> <span class='ocrx_word' id='word_1_272' title='bbox 947 3689 1185 3727; x_wconf 88' lang='lat' dir='ltr'><strong>essenon</strong></span> <span class='ocrx_word' id='word_1_273' title='bbox 1213 3685 1446 3742; x_wconf 86' lang='lat' dir='ltr'><strong>possent.</strong></span> <span class='ocrx_word' id='word_1_274' title='bbox 1477 3673 1745 3726; x_wconf 89' lang='lat' dir='ltr'><strong>Successit</strong></span> <span class='ocrx_word' id='word_1_275' title='bbox 1788 3672 1908 3725; x_wconf 91' lang='lat' dir='ltr'><strong>huic</strong></span> <span class='ocrx_word' id='word_1_276' title='bbox 1938 3687 2072 3726; x_wconf 78' lang='lat' dir='ltr'><strong>mte-</strong></span> 
     </span>
    </p>
   </div>
   <div class='ocr_carea' id='block_1_39' title="bbox 502 3763 2072 3832">
    <p class='ocr_par' dir='ltr' id='par_1_39' title="bbox 502 3763 2072 3832">
     <span class='ocr_line' id='line_1_39' title="bbox 502 3763 2072 3832; baseline -0.001 -14"><span class='ocrx_word' id='word_1_277' title='bbox 502 3765 608 3818; x_wconf 91' lang='lat' dir='ltr'><strong>rori</strong></span> <span class='ocrx_word' id='word_1_278' title='bbox 637 3805 651 3828; x_wconf 94' lang='lat'><strong>,</strong></span> <span class='ocrx_word' id='word_1_279' title='bbox 683 3765 787 3818; x_wconf 89' lang='lat' dir='ltr'><strong>imo</strong></span> <span class='ocrx_word' id='word_1_280' title='bbox 815 3779 940 3819; x_wconf 82' lang='lat' dir='ltr'><strong>vero</strong></span> <span class='ocrx_word' id='word_1_281' title='bbox 987 3779 1093 3818; x_wconf 89' lang='lat' dir='ltr'><strong>non</strong></span> <span class='ocrx_word' id='word_1_282' title='bbox 1140 3765 1439 3830; x_wconf 86' lang='lat' dir='ltr'><strong>successit,</strong></span> <span class='ocrx_word' id='word_1_283' title='bbox 1483 3779 1602 3817; x_wconf 87' lang='lat' dir='ltr'><strong>cum</strong></span> <span class='ocrx_word' id='word_1_284' title='bbox 1648 3764 1792 3832; x_wconf 91' lang='lat' dir='ltr'><strong>prior</strong></span> <span class='ocrx_word' id='word_1_285' title='bbox 1838 3763 2072 3817; x_wconf 89' lang='lat' dir='ltr'><strong>nondum</strong></span> 
     </span>
    </p>
   </div>
   <div class='ocr_carea' id='block_1_40' title="bbox 502 3853 2072 3926">
    <p class='ocr_par' dir='ltr' id='par_1_40' title="bbox 502 3853 2072 3926">
     <span class='ocr_line' id='line_1_40' title="bbox 502 3853 2072 3926; baseline -0.001 -16"><span class='ocrx_word' id='word_1_286' title='bbox 502 3856 821 3926; x_wconf 81' lang='lat' dir='ltr'><strong>quicvisset,</strong></span> <span class='ocrx_word' id='word_1_287' title='bbox 877 3857 968 3910; x_wconf 90' lang='lat' dir='ltr'><strong>sed</strong></span> <span class='ocrx_word' id='word_1_288' title='bbox 1037 3856 1276 3926; x_wconf 86' lang='lat' dir='ltr'><strong>adjectus</strong></span> <span class='ocrx_word' id='word_1_289' title='bbox 1345 3863 1427 3910; x_wconf 89' lang='lat' dir='ltr'><strong>est</strong></span> <span class='ocrx_word' id='word_1_290' title='bbox 1477 3855 1610 3908; x_wconf 91' lang='lat' dir='ltr'><strong>alius</strong></span> <span class='ocrx_word' id='word_1_291' title='bbox 1642 3895 1657 3919; x_wconf 89' lang='lat'><strong>,</strong></span> <span class='ocrx_word' id='word_1_292' title='bbox 1717 3853 2072 3908; x_wconf 87' lang='lat' dir='ltr'><strong>lsraelitarum</strong></span> 
     </span>
    </p>
   </div>
   <div class='ocr_carea' id='block_1_41' title="bbox 507 3944 2070 4017">
    <p class='ocr_par' dir='ltr' id='par_1_41' title="bbox 507 3944 2070 4017">
     <span class='ocr_line' id='line_1_41' title="bbox 507 3944 2070 4017; baseline -0.002 -17"><span class='ocrx_word' id='word_1_293' title='bbox 507 3946 708 4001; x_wconf 89' lang='lat' dir='ltr'><strong>scilicet</strong></span> <span class='ocrx_word' id='word_1_294' title='bbox 741 3946 1083 4016; x_wconf 75' lang='lat' dir='ltr'><strong>iniustissima</strong></span> <span class='ocrx_word' id='word_1_295' title='bbox 1133 3947 1337 4017; x_wconf 81' lang='lat' dir='ltr'><strong>petitio.</strong></span> <span class='ocrx_word' id='word_1_296' title='bbox 1367 3946 1477 4012; x_wconf 85' lang='lat' dir='ltr'><strong>Qua</strong></span> <span class='ocrx_word' id='word_1_297' title='bbox 1524 3946 1575 3998; x_wconf 93' lang='lat' dir='ltr'><strong>in</strong></span> <span class='ocrx_word' id='word_1_298' title='bbox 1618 3960 1677 3998; x_wconf 91' lang='lat' dir='ltr'><strong>re</strong></span> <span class='ocrx_word' id='word_1_299' title='bbox 1698 3944 1768 3997; x_wconf 91' lang='lat' dir='ltr'><strong>ita</strong></span> <span class='ocrx_word' id='word_1_300' title='bbox 1798 3945 2025 3998; x_wconf 91' lang='lat' dir='ltr'><strong>concidit</strong></span> <span class='ocrx_word' id='word_1_301' title='bbox 2055 3987 2070 4011; x_wconf 94' lang='lat'><strong>,</strong></span> 
     </span>
    </p>
   </div>
   <div class='ocr_carea' id='block_1_42' title="bbox 503 4035 2071 4109">
    <p class='ocr_par' dir='ltr' id='par_1_42' title="bbox 503 4035 2071 4109">
     <span class='ocr_line' id='line_1_42' title="bbox 503 4035 2071 4109; baseline -0.003 -17"><span class='ocrx_word' id='word_1_302' title='bbox 503 4047 563 4092; x_wconf 89' lang='lat' dir='ltr'><strong>ut</strong></span> <span class='ocrx_word' id='word_1_303' title='bbox 603 4040 798 4109; x_wconf 77' lang='lat' dir='ltr'><strong>ingenti</strong></span> <span class='ocrx_word' id='word_1_304' title='bbox 847 4039 1206 4092; x_wconf 88' lang='lat' dir='ltr'><strong>consolatione</strong></span> <span class='ocrx_word' id='word_1_305' title='bbox 1249 4038 1524 4107; x_wconf 82' lang='lat' dir='ltr'><strong>indigeret.</strong></span> <span class='ocrx_word' id='word_1_306' title='bbox 1557 4035 1692 4090; x_wconf 79' lang='lat' dir='ltr'><strong>Audi</strong></span> <span class='ocrx_word' id='word_1_307' title='bbox 1732 4037 1910 4104; x_wconf 87' lang='lat' dir='ltr'><strong>itaque</strong></span> <span class='ocrx_word' id='word_1_308' title='bbox 1945 4036 2071 4105; x_wconf 91' lang='lat' dir='ltr'><strong>quid</strong></span> 
     </span>
    </p>
   </div>
   <div class='ocr_carea' id='block_1_43' title="bbox 503 4126 2069 4198">
    <p class='ocr_par' dir='ltr' id='par_1_43' title="bbox 503 4126 2069 4198">
     <span class='ocr_line' id='line_1_43' title="bbox 503 4126 2069 4198; baseline -0.001 -17"><span class='ocrx_word' id='word_1_309' title='bbox 503 4129 575 4183; x_wconf 90' lang='lat' dir='ltr'><strong>illi</strong></span> <span class='ocrx_word' id='word_1_310' title='bbox 598 4129 794 4183; x_wconf 72' lang='lat' dir='ltr'><strong>dixerit</strong></span> <span class='ocrx_word' id='word_1_311' title='bbox 822 4130 990 4183; x_wconf 85' lang='lat' dir='ltr'><strong>Deus:</strong></span> <span class='ocrx_word' id='word_1_312' title='bbox 1027 4127 1148 4181; x_wconf 84' lang='lat' dir='ltr'><strong>Non</strong></span> <span class='ocrx_word' id='word_1_313' title='bbox 1177 4138 1224 4181; x_wconf 87' lang='lat' dir='ltr'><strong>te</strong></span> <span class='ocrx_word' id='word_1_314' title='bbox 1267 4138 1570 4198; x_wconf 77' lang='lat' dir='ltr'><strong>spreverunt,</strong></span> <span class='ocrx_word' id='word_1_315' title='bbox 1602 4127 1689 4181; x_wconf 83' lang='lat' dir='ltr'><strong>sed</strong></span> <span class='ocrx_word' id='word_1_316' title='bbox 1713 4144 1792 4180; x_wconf 84' lang='lat' dir='ltr'><strong>me</strong></span> <span class='ocrx_word' id='word_1_317' title='bbox 1835 4126 1998 4198; x_wconf 82' lang='lat' dir='ltr'><strong>(Ibid.</strong></span> <span class='ocrx_word' id='word_1_318' title='bbox 2016 4128 2069 4182; x_wconf 90' lang='lat'><strong>8.</strong></span> 
     </span>
    </p>
   </div>
   <div class='ocr_carea' id='block_1_44' title="bbox 505 4219 2074 4290">
    <p class='ocr_par' dir='ltr' id='par_1_44' title="bbox 505 4219 2074 4290">
     <span class='ocr_line' id='line_1_44' title="bbox 505 4219 2074 4290; baseline 0.001 -17"><span class='ocrx_word' id='word_1_319' title='bbox 505 4220 558 4273; x_wconf 85' lang='lat'><strong>7.</strong></span> <span class='ocrx_word' id='word_1_320' title='bbox 587 4230 632 4273; x_wconf 84' lang='lat' dir='ltr'><strong>et</strong></span> <span class='ocrx_word' id='word_1_321' title='bbox 673 4219 856 4290; x_wconf 52' lang='lat' dir='ltr'><strong>seqq).</strong></span> <span class='ocrx_word' id='word_1_322' title='bbox 902 4219 1027 4274; x_wconf 87' lang='lat' dir='ltr'><strong>Post</strong></span> <span class='ocrx_word' id='word_1_323' title='bbox 1049 4220 1162 4274; x_wconf 72' lang='lat' dir='ltr'><strong>htec</strong></span> <span class='ocrx_word' id='word_1_324' title='bbox 1190 4227 1364 4275; x_wconf 87' lang='lat' dir='ltr'><strong>tamen</strong></span> <span class='ocrx_word' id='word_1_325' title='bbox 1395 4221 1491 4274; x_wconf 89' lang='lat' dir='ltr'><strong>iste</strong></span> <span class='ocrx_word' id='word_1_326' title='bbox 1515 4219 1649 4274; x_wconf 87' lang='lat' dir='ltr'><strong>adeo</strong></span> <span class='ocrx_word' id='word_1_327' title='bbox 1672 4220 1932 4274; x_wconf 86' lang='lat' dir='ltr'><strong>sollicitus</strong></span> <span class='ocrx_word' id='word_1_328' title='bbox 1958 4231 2074 4274; x_wconf 90' lang='lat' dir='ltr'><strong>erat</strong></span> 
     </span>
    </p>
   </div>
   <div class='ocr_carea' id='block_1_45' title="bbox 503 4309 2074 4381">
    <p class='ocr_par' dir='ltr' id='par_1_45' title="bbox 503 4309 2074 4381">
     <span class='ocr_line' id='line_1_45' title="bbox 503 4309 2074 4381; baseline 0 -17"><span class='ocrx_word' id='word_1_329' title='bbox 503 4310 627 4376; x_wconf 87' lang='lat' dir='ltr'><strong>illis,</strong></span> <span class='ocrx_word' id='word_1_330' title='bbox 656 4318 714 4364; x_wconf 82' lang='lat' dir='ltr'><strong>ut</strong></span> <span class='ocrx_word' id='word_1_331' title='bbox 749 4309 950 4365; x_wconf 86' lang='lat' dir='ltr'><strong>diceret</strong></span> <span class='ocrx_word' id='word_1_332' title='bbox 981 4328 994 4365; x_wconf 93' lang='lat'><strong>:</strong></span> <span class='ocrx_word' id='word_1_333' title='bbox 1024 4310 1154 4364; x_wconf 77' lang='lat' dir='ltr'><strong>Mihi</strong></span> <span class='ocrx_word' id='word_1_334' title='bbox 1181 4320 1347 4366; x_wconf 83' lang='lat' dir='ltr'><strong>autem</strong></span> <span class='ocrx_word' id='word_1_335' title='bbox 1387 4312 1512 4365; x_wconf 80' lang='lat' dir='ltr'><strong>absit</strong></span> <span class='ocrx_word' id='word_1_336' title='bbox 1539 4321 1595 4364; x_wconf 86' lang='lat' dir='ltr'><strong>ut</strong></span> <span class='ocrx_word' id='word_1_337' title='bbox 1623 4328 1838 4381; x_wconf 82' lang='lat' dir='ltr'><strong>peccem,</strong></span> <span class='ocrx_word' id='word_1_338' title='bbox 1879 4322 1924 4364; x_wconf 86' lang='lat' dir='ltr'><strong>et</strong></span> <span class='ocrx_word' id='word_1_339' title='bbox 1950 4313 2074 4365; x_wconf 72' lang='lat' dir='ltr'><strong>desi-</strong></span> 
     </span>
    </p>
   </div>
   <div class='ocr_carea' id='block_1_46' title="bbox 501 4401 2074 4476">
    <p class='ocr_par' dir='ltr' id='par_1_46' title="bbox 501 4401 2074 4476">
     <span class='ocr_line' id='line_1_46' title="bbox 501 4401 2074 4476; baseline 0.005 -19"><span class='ocrx_word' id='word_1_340' title='bbox 501 4415 637 4457; x_wconf 87' lang='lat' dir='ltr'><strong>stam</strong></span> <span class='ocrx_word' id='word_1_341' title='bbox 660 4418 753 4471; x_wconf 84' lang='lat' dir='ltr'><strong>pro</strong></span> <span class='ocrx_word' id='word_1_342' title='bbox 775 4402 912 4455; x_wconf 81' lang='lat' dir='ltr'><strong>vobis</strong></span> <span class='ocrx_word' id='word_1_343' title='bbox 931 4418 1082 4455; x_wconf 85' lang='lat' dir='ltr'><strong>orare</strong></span> <span class='ocrx_word' id='word_1_344' title='bbox 1110 4401 1223 4472; x_wconf 88' lang='lat' dir='ltr'><strong>(Ib.</strong></span> <span class='ocrx_word' id='word_1_345' title='bbox 1248 4402 1461 4472; x_wconf 64' lang='lat'><strong>12.25).</strong></span> <span class='ocrx_word' id='word_1_346' title='bbox 1489 4404 1628 4460; x_wconf 89' lang='lat' dir='ltr'><strong>Istos</strong></span> <span class='ocrx_word' id='word_1_347' title='bbox 1649 4406 1815 4476; x_wconf 83' lang='lat' dir='ltr'><strong>igitur</strong></span> <span class='ocrx_word' id='word_1_348' title='bbox 1841 4408 1915 4462; x_wconf 91' lang='lat' dir='ltr'><strong>ita</strong></span> <span class='ocrx_word' id='word_1_349' title='bbox 1937 4408 2074 4466; x_wconf 87' lang='lat' dir='ltr'><strong>dile-</strong></span> 
     </span>
    </p>
   </div>
   <div class='ocr_carea' id='block_1_47' title="bbox 502 4493 2074 4564">
    <p class='ocr_par' dir='ltr' id='par_1_47' title="bbox 502 4493 2074 4564">
     <span class='ocr_line' id='line_1_47' title="bbox 502 4493 2074 4564; baseline 0.003 -14"><span class='ocrx_word' id='word_1_350' title='bbox 502 4505 620 4551; x_wconf 86' lang='lat' dir='ltr'><strong>etos</strong></span> <span class='ocrx_word' id='word_1_351' title='bbox 656 4510 684 4548; x_wconf 90' lang='lat' dir='ltr'><strong>a</strong></span> <span class='ocrx_word' id='word_1_352' title='bbox 725 4509 782 4550; x_wconf 90' lang='lat' dir='ltr'><strong>se</strong></span> <span class='ocrx_word' id='word_1_353' title='bbox 809 4509 934 4548; x_wconf 91' lang='lat' dir='ltr'><strong>cum</strong></span> <span class='ocrx_word' id='word_1_354' title='bbox 963 4493 1194 4564; x_wconf 85' lang='lat' dir='ltr'><strong>Opprimi</strong></span> <span class='ocrx_word' id='word_1_355' title='bbox 1227 4495 1590 4563; x_wconf 89' lang='lat' dir='ltr'><strong>conspiceret,</strong></span> <span class='ocrx_word' id='word_1_356' title='bbox 1622 4504 1785 4564; x_wconf 89' lang='lat' dir='ltr'><strong>atque</strong></span> <span class='ocrx_word' id='word_1_357' title='bbox 1820 4497 1876 4550; x_wconf 93' lang='lat' dir='ltr'><strong>in</strong></span> <span class='ocrx_word' id='word_1_358' title='bbox 1917 4498 2074 4556; x_wconf 88' lang='lat' dir='ltr'><strong>bellis</strong></span> 
     </span>
    </p>
   </div>
   <div class='ocr_carea' id='block_1_48' title="bbox 503 4585 2077 4658">
    <p class='ocr_par' dir='ltr' id='par_1_48' title="bbox 503 4585 2077 4658">
     <span class='ocr_line' id='line_1_48' title="bbox 503 4585 2077 4658; baseline 0 -14"><span class='ocrx_word' id='word_1_359' title='bbox 503 4588 769 4658; x_wconf 88' lang='lat' dir='ltr'><strong>superari,</strong></span> <span class='ocrx_word' id='word_1_360' title='bbox 795 4585 1070 4655; x_wconf 84' lang='lat' dir='ltr'><strong>Deumque</strong></span> <span class='ocrx_word' id='word_1_361' title='bbox 1090 4594 1281 4639; x_wconf 89' lang='lat' dir='ltr'><strong>contra</strong></span> <span class='ocrx_word' id='word_1_362' title='bbox 1298 4600 1356 4639; x_wconf 89' lang='lat' dir='ltr'><strong>se</strong></span> <span class='ocrx_word' id='word_1_363' title='bbox 1376 4600 1673 4653; x_wconf 89' lang='lat' dir='ltr'><strong>provocare</strong></span> <span class='ocrx_word' id='word_1_364' title='bbox 1691 4600 1852 4656; x_wconf 90' lang='lat' dir='ltr'><strong>quam</strong></span> <span class='ocrx_word' id='word_1_365' title='bbox 1870 4588 2077 4644; x_wconf 83' lang='lat' dir='ltr'><strong>sentire</strong></span> 
     </span>
    </p>
   </div>
   <div class='ocr_carea' id='block_1_49' title="bbox 503 4675 2076 4749">
    <p class='ocr_par' dir='ltr' id='par_1_49' title="bbox 503 4675 2076 4749">
     <span class='ocr_line' id='line_1_49' title="bbox 503 4675 2076 4749; baseline 0 -16"><span class='ocrx_word' id='word_1_366' title='bbox 503 4680 834 4749; x_wconf 89' lang='lat' dir='ltr'><strong>voluptatem</strong></span> <span class='ocrx_word' id='word_1_367' title='bbox 867 4683 1081 4745; x_wconf 91' lang='lat' dir='ltr'><strong>poterat</strong></span> <span class='ocrx_word' id='word_1_368' title='bbox 1101 4675 1124 4727; x_wconf 90' lang='lat'><strong>?</strong></span> <span class='ocrx_word' id='word_1_369' title='bbox 1143 4675 1401 4744; x_wconf 88' lang='lat' dir='ltr'><strong>quidnam</strong></span> <span class='ocrx_word' id='word_1_370' title='bbox 1427 4676 1686 4746; x_wconf 89' lang='lat' dir='ltr'><strong>temporis</strong></span> <span class='ocrx_word' id='word_1_371' title='bbox 1708 4677 1914 4747; x_wconf 74' lang='lat' dir='ltr'><strong>absque</strong></span> <span class='ocrx_word' id='word_1_372' title='bbox 1939 4694 2076 4734; x_wconf 67' lang='lat' dir='ltr'><strong>mm-</strong></span> 
     </span>
    </p>
   </div>
   <div class='ocr_carea' id='block_1_50' title="bbox 502 4766 2076 4839">
    <p class='ocr_par' dir='ltr' id='par_1_50' title="bbox 502 4766 2076 4839">
     <span class='ocr_line' id='line_1_50' title="bbox 502 4766 2076 4839; baseline 0.001 -15"><span class='ocrx_word' id='word_1_373' title='bbox 502 4786 627 4825; x_wconf 89' lang='lat' dir='ltr'><strong>rore</strong></span> <span class='ocrx_word' id='word_1_374' title='bbox 648 4779 702 4825; x_wconf 90' lang='lat' dir='ltr'><strong>et</strong></span> <span class='ocrx_word' id='word_1_375' title='bbox 716 4769 975 4839; x_wconf 85' lang='lat' dir='ltr'><strong>lacrymis</strong></span> <span class='ocrx_word' id='word_1_376' title='bbox 993 4766 1210 4822; x_wconf 87' lang='lat' dir='ltr'><strong>vivere?</strong></span> <span class='ocrx_word' id='word_1_377' title='bbox 1231 4768 1367 4821; x_wconf 76' lang='lat' dir='ltr'><strong>Cum</strong></span> <span class='ocrx_word' id='word_1_378' title='bbox 1389 4783 1517 4822; x_wconf 84' lang='lat' dir='ltr'><strong>vero</strong></span> <span class='ocrx_word' id='word_1_379' title='bbox 1543 4767 1673 4823; x_wconf 92' lang='lat' dir='ltr'><strong>Saul</strong></span> <span class='ocrx_word' id='word_1_380' title='bbox 1697 4771 2076 4825; x_wconf 88' lang='lat' dir='ltr'><strong>constituisset</strong></span> 
     </span>
    </p>
   </div>
   <div class='ocr_carea' id='block_1_51' title="bbox 500 4861 2068 4933">
    <p class='ocr_par' dir='ltr' id='par_1_51' title="bbox 500 4861 2068 4933">
     <span class='ocr_line' id='line_1_51' title="bbox 500 4861 2068 4933; baseline -0.001 -16"><span class='ocrx_word' id='word_1_381' title='bbox 500 4878 706 4933; x_wconf 82' lang='lat' dir='ltr'><strong>regem,</strong></span> <span class='ocrx_word' id='word_1_382' title='bbox 732 4862 927 4916; x_wconf 88' lang='lat' dir='ltr'><strong>alterni</strong></span> <span class='ocrx_word' id='word_1_383' title='bbox 957 4861 1057 4928; x_wconf 90' lang='lat' dir='ltr'><strong>ipsi</strong></span> <span class='ocrx_word' id='word_1_384' title='bbox 1087 4861 1440 4930; x_wconf 87' lang='lat' dir='ltr'><strong>perpetuique</strong></span> <span class='ocrx_word' id='word_1_385' title='bbox 1467 4862 1702 4930; x_wconf 86' lang='lat' dir='ltr'><strong>gemitus</strong></span> <span class='ocrx_word' id='word_1_386' title='bbox 1729 4863 2068 4932; x_wconf 81' lang='lat' dir='ltr'><strong>adjicieban-</strong></span> 
     </span>
    </p>
   </div>
   <div class='ocr_carea' id='block_1_52' title="bbox 503 4947 2076 5019">
    <p class='ocr_par' dir='ltr' id='par_1_52' title="bbox 503 4947 2076 5019">
     <span class='ocr_line' id='line_1_52' title="bbox 503 4947 2076 5019; baseline 0.002 -17"><span class='ocrx_word' id='word_1_387' title='bbox 503 4960 611 5004; x_wconf 91' lang='lat' dir='ltr'><strong>tur.</strong></span> <span class='ocrx_word' id='word_1_388' title='bbox 637 4949 878 5019; x_wconf 85' lang='lat' dir='ltr'><strong>Namque</strong></span> <span class='ocrx_word' id='word_1_389' title='bbox 897 4964 1020 5003; x_wconf 89' lang='lat' dir='ltr'><strong>cum</strong></span> <span class='ocrx_word' id='word_1_390' title='bbox 1042 4947 1367 5002; x_wconf 88' lang='lat' dir='ltr'><strong>sacriﬁcium</strong></span> <span class='ocrx_word' id='word_1_391' title='bbox 1397 4948 1483 5002; x_wconf 90' lang='lat' dir='ltr'><strong>ille</strong></span> <span class='ocrx_word' id='word_1_392' title='bbox 1502 4960 1699 5017; x_wconf 77' lang='lat' dir='ltr'><strong>praeter</strong></span> <span class='ocrx_word' id='word_1_393' title='bbox 1716 4949 1806 5003; x_wconf 89' lang='lat' dir='ltr'><strong>Dei</strong></span> <span class='ocrx_word' id='word_1_394' title='bbox 1832 4952 2076 5006; x_wconf 84' lang='lat' dir='ltr'><strong>volunta-</strong></span> 
     </span>
    </p>
   </div>
   <div class='ocr_carea' id='block_1_53' title="bbox 503 5038 2073 5112">
    <p class='ocr_par' dir='ltr' id='par_1_53' title="bbox 503 5038 2073 5112">
     <span class='ocr_line' id='line_1_53' title="bbox 503 5038 2073 5112; baseline 0.003 -20"><span class='ocrx_word' id='word_1_395' title='bbox 503 5049 610 5093; x_wconf 91' lang='lat' dir='ltr'><strong>tem</strong></span> <span class='ocrx_word' id='word_1_396' title='bbox 639 5039 853 5103; x_wconf 87' lang='lat' dir='ltr'><strong>obtulit,</strong></span> <span class='ocrx_word' id='word_1_397' title='bbox 879 5048 1074 5095; x_wconf 90' lang='lat' dir='ltr'><strong>etcum</strong></span> <span class='ocrx_word' id='word_1_398' title='bbox 1097 5039 1368 5107; x_wconf 85' lang='lat' dir='ltr'><strong>superatis</strong></span> <span class='ocrx_word' id='word_1_399' title='bbox 1390 5038 1703 5095; x_wconf 82' lang='lat' dir='ltr'><strong>Amalecitis</strong></span> <span class='ocrx_word' id='word_1_400' title='bbox 1734 5042 1948 5096; x_wconf 89' lang='lat' dir='ltr'><strong>illorum</strong></span> <span class='ocrx_word' id='word_1_401' title='bbox 1980 5059 2073 5112; x_wconf 81' lang='lat' dir='ltr'><strong>pc-</strong></span> 
     </span>
    </p>
   </div>
   <div class='ocr_carea' id='block_1_54' title="bbox 505 5131 2077 5200">
    <p class='ocr_par' dir='ltr' id='par_1_54' title="bbox 505 5131 2077 5200">
     <span class='ocr_line' id='line_1_54' title="bbox 505 5131 2077 5200; baseline 0.001 -15"><span class='ocrx_word' id='word_1_402' title='bbox 505 5131 677 5200; x_wconf 90' lang='lat' dir='ltr'><strong>percit</strong></span> <span class='ocrx_word' id='word_1_403' title='bbox 709 5132 850 5200; x_wconf 86' lang='lat' dir='ltr'><strong>regi,</strong></span> <span class='ocrx_word' id='word_1_404' title='bbox 887 5131 1050 5199; x_wconf 90' lang='lat' dir='ltr'><strong>idque</strong></span> <span class='ocrx_word' id='word_1_405' title='bbox 1076 5139 1266 5184; x_wconf 87' lang='lat' dir='ltr'><strong>contra</strong></span> <span class='ocrx_word' id='word_1_406' title='bbox 1289 5131 1591 5199; x_wconf 90' lang='lat' dir='ltr'><strong>jussionem</strong></span> <span class='ocrx_word' id='word_1_407' title='bbox 1619 5132 1748 5194; x_wconf 90' lang='lat' dir='ltr'><strong>Dei,</strong></span> <span class='ocrx_word' id='word_1_408' title='bbox 1780 5134 1850 5185; x_wconf 88' lang='lat' dir='ltr'><strong>ita</strong></span> <span class='ocrx_word' id='word_1_409' title='bbox 1892 5135 2077 5188; x_wconf 92' lang='lat' dir='ltr'><strong>animo</strong></span> 
     </span>
    </p>
   </div>
   <div class='ocr_carea' id='block_1_55' title="bbox 503 5218 2075 5289">
    <p class='ocr_par' dir='ltr' id='par_1_55' title="bbox 503 5218 2075 5289">
     <span class='ocr_line' id='line_1_55' title="bbox 503 5218 2075 5289; baseline 0.004 -17"><span class='ocrx_word' id='word_1_410' title='bbox 503 5218 776 5289; x_wconf 89' lang='lat' dir='ltr'><strong>perculsus</strong></span> <span class='ocrx_word' id='word_1_411' title='bbox 801 5227 902 5284; x_wconf 91' lang='lat' dir='ltr'><strong>est,</strong></span> <span class='ocrx_word' id='word_1_412' title='bbox 933 5227 991 5272; x_wconf 88' lang='lat' dir='ltr'><strong>ut</strong></span> <span class='ocrx_word' id='word_1_413' title='bbox 1032 5233 1103 5272; x_wconf 80' lang='lat' dir='ltr'><strong>ex</strong></span> <span class='ocrx_word' id='word_1_414' title='bbox 1151 5233 1216 5273; x_wconf 88' lang='lat' dir='ltr'><strong>eo</strong></span> <span class='ocrx_word' id='word_1_415' title='bbox 1251 5218 1361 5288; x_wconf 88' lang='lat' dir='ltr'><strong>jam</strong></span> <span class='ocrx_word' id='word_1_416' title='bbox 1396 5234 1500 5272; x_wconf 91' lang='lat' dir='ltr'><strong>non</strong></span> <span class='ocrx_word' id='word_1_417' title='bbox 1528 5219 1717 5273; x_wconf 83' lang='lat' dir='ltr'><strong>viderit</strong></span> <span class='ocrx_word' id='word_1_418' title='bbox 1741 5221 1910 5274; x_wconf 88' lang='lat' dir='ltr'><strong>virum</strong></span> <span class='ocrx_word' id='word_1_419' title='bbox 1935 5263 1950 5284; x_wconf 92' lang='lat'><strong>,</strong></span> <span class='ocrx_word' id='word_1_420' title='bbox 1981 5222 2075 5278; x_wconf 87' lang='lat' dir='ltr'><strong>sed</strong></span> 
     </span>
    </p>
   </div>
   <div class='ocr_carea' id='block_1_56' title="bbox 503 5312 2073 5387">
    <p class='ocr_par' dir='ltr' id='par_1_56' title="bbox 503 5312 2073 5387">
     <span class='ocr_line' id='line_1_56' title="bbox 503 5312 2073 5387; baseline 0.003 -20"><span class='ocrx_word' id='word_1_421' title='bbox 503 5327 674 5382; x_wconf 88' lang='lat' dir='ltr'><strong>usque</strong></span> <span class='ocrx_word' id='word_1_422' title='bbox 710 5312 776 5367; x_wconf 92' lang='lat' dir='ltr'><strong>ad</strong></span> <span class='ocrx_word' id='word_1_423' title='bbox 803 5313 1045 5368; x_wconf 90' lang='lat' dir='ltr'><strong>ultimum</strong></span> <span class='ocrx_word' id='word_1_424' title='bbox 1076 5312 1216 5367; x_wconf 90' lang='lat' dir='ltr'><strong>diem</strong></span> <span class='ocrx_word' id='word_1_425' title='bbox 1257 5313 1324 5367; x_wconf 92' lang='lat' dir='ltr'><strong>de</strong></span> <span class='ocrx_word' id='word_1_426' title='bbox 1365 5329 1429 5367; x_wconf 93' lang='lat' dir='ltr'><strong>eo</strong></span> <span class='ocrx_word' id='word_1_427' title='bbox 1461 5313 1649 5367; x_wconf 81' lang='lat' dir='ltr'><strong>luxerit</strong></span> <span class='ocrx_word' id='word_1_428' title='bbox 1673 5323 1726 5367; x_wconf 89' lang='lat' dir='ltr'><strong>et</strong></span> <span class='ocrx_word' id='word_1_429' title='bbox 1755 5315 2073 5387; x_wconf 87' lang='lat' dir='ltr'><strong>lacrytnatus</strong></span> 
     </span>
    </p>
   </div>
   <div class='ocr_carea' id='block_1_57' title="bbox 503 5404 2074 5474">
    <p class='ocr_par' dir='ltr' id='par_1_57' title="bbox 503 5404 2074 5474">
     <span class='ocr_line' id='line_1_57' title="bbox 503 5404 2074 5474; baseline 0.003 -14"><span class='ocrx_word' id='word_1_430' title='bbox 503 5407 592 5470; x_wconf 87' lang='lat' dir='ltr'><strong>sit,</strong></span> <span class='ocrx_word' id='word_1_431' title='bbox 624 5405 837 5474; x_wconf 89' lang='lat' dir='ltr'><strong>quando</strong></span> <span class='ocrx_word' id='word_1_432' title='bbox 887 5405 1045 5461; x_wconf 90' lang='lat' dir='ltr'><strong>etiam</strong></span> <span class='ocrx_word' id='word_1_433' title='bbox 1093 5404 1162 5459; x_wconf 90' lang='lat' dir='ltr'><strong>ob</strong></span> <span class='ocrx_word' id='word_1_434' title='bbox 1207 5404 1409 5460; x_wconf 75' lang='lat' dir='ltr'><strong>doloris</strong></span> <span class='ocrx_word' id='word_1_435' title='bbox 1449 5405 1833 5461; x_wconf 87' lang='lat' dir='ltr'><strong>vehementiam</strong></span> <span class='ocrx_word' id='word_1_436' title='bbox 1877 5421 1910 5461; x_wconf 89' lang='lat' dir='ltr'><strong>a</strong></span> <span class='ocrx_word' id='word_1_437' title='bbox 1961 5409 2074 5464; x_wconf 91' lang='lat' dir='ltr'><strong>Deo</strong></span> 
     </span>
    </p>
   </div>
   <div class='ocr_carea' id='block_1_58' title="bbox 504 5500 2075 5571">
    <p class='ocr_par' dir='ltr' id='par_1_58' title="bbox 504 5500 2075 5571">
     <span class='ocr_line' id='line_1_58' title="bbox 504 5500 2075 5571; baseline 0.001 -17"><span class='ocrx_word' id='word_1_438' title='bbox 504 5500 804 5570; x_wconf 87' lang='lat' dir='ltr'><strong>increpatus</strong></span> <span class='ocrx_word' id='word_1_439' title='bbox 849 5510 949 5555; x_wconf 85' lang='lat' dir='ltr'><strong>est.</strong></span> <span class='ocrx_word' id='word_1_440' title='bbox 1003 5500 1273 5567; x_wconf 81' lang='lat' dir='ltr'><strong>Quousque</strong></span> <span class='ocrx_word' id='word_1_441' title='bbox 1318 5500 1457 5554; x_wconf 90' lang='lat' dir='ltr'><strong>enim</strong></span> <span class='ocrx_word' id='word_1_442' title='bbox 1488 5541 1502 5565; x_wconf 91' lang='lat'><strong>,</strong></span> <span class='ocrx_word' id='word_1_443' title='bbox 1562 5501 1765 5569; x_wconf 90' lang='lat' dir='ltr'><strong>inquit,</strong></span> <span class='ocrx_word' id='word_1_444' title='bbox 1823 5510 1879 5555; x_wconf 88' lang='lat' dir='ltr'><strong>tu</strong></span> <span class='ocrx_word' id='word_1_445' title='bbox 1939 5501 2075 5571; x_wconf 76' lang='lat' dir='ltr'><strong>luges</strong></span> 
     </span>
    </p>
   </div>
   <div class='ocr_carea' id='block_1_59' title="bbox 504 5591 2073 5664">
    <p class='ocr_par' dir='ltr' id='par_1_59' title="bbox 504 5591 2073 5664">
     <span class='ocr_line' id='line_1_59' title="bbox 504 5591 2073 5664; baseline 0.001 -17"><span class='ocrx_word' id='word_1_446' title='bbox 504 5593 636 5647; x_wconf 74' lang='lat' dir='ltr'><strong>Saul</strong></span> <span class='ocrx_word' id='word_1_447' title='bbox 659 5637 670 5656; x_wconf 90' lang='lat'><strong>,</strong></span> <span class='ocrx_word' id='word_1_448' title='bbox 701 5605 745 5647; x_wconf 85' lang='lat' dir='ltr'><strong>et</strong></span> <span class='ocrx_word' id='word_1_449' title='bbox 782 5610 870 5664; x_wconf 81' lang='lat' dir='ltr'><strong>ego</strong></span> <span class='ocrx_word' id='word_1_450' title='bbox 909 5594 1071 5662; x_wconf 79' lang='lat' dir='ltr'><strong>repuli</strong></span> <span class='ocrx_word' id='word_1_451' title='bbox 1103 5594 1245 5646; x_wconf 82' lang='lat' dir='ltr'><strong>illum</strong></span> <span class='ocrx_word' id='word_1_452' title='bbox 1287 5591 1466 5661; x_wconf 84' lang='lat' dir='ltr'><strong>(Ibid.</strong></span> <span class='ocrx_word' id='word_1_453' title='bbox 1513 5593 1598 5647; x_wconf 90' lang='grc'><strong>16.</strong></span> <span class='ocrx_word' id='word_1_454' title='bbox 1644 5593 1741 5661; x_wconf 80' lang='lat' dir='ltr'><strong>l)?</strong></span> <span class='ocrx_word' id='word_1_455' title='bbox 1791 5591 1846 5648; x_wconf 90' lang='lat' dir='ltr'><strong>Si</strong></span> <span class='ocrx_word' id='word_1_456' title='bbox 1899 5607 2073 5649; x_wconf 86' lang='lat' dir='ltr'><strong>autem</strong></span> 
     </span>
    </p>
   </div>
   <div class='ocr_carea' id='block_1_60' title="bbox 505 5686 2073 5758">
    <p class='ocr_par' dir='ltr' id='par_1_60' title="bbox 505 5686 2073 5758">
     <span class='ocr_line' id='line_1_60' title="bbox 505 5686 2073 5758; baseline 0.003 -19"><span class='ocrx_word' id='word_1_457' title='bbox 505 5688 586 5740; x_wconf 86' lang='lat' dir='ltr'><strong>his</strong></span> <span class='ocrx_word' id='word_1_458' title='bbox 613 5689 680 5742; x_wconf 89' lang='lat' dir='ltr'><strong>ita</strong></span> <span class='ocrx_word' id='word_1_459' title='bbox 703 5687 1125 5758; x_wconf 83' lang='lat' dir='ltr'><strong>contingentibus</strong></span> <span class='ocrx_word' id='word_1_460' title='bbox 1161 5686 1389 5756; x_wconf 83' lang='lat' dir='ltr'><strong>lugebat,</strong></span> <span class='ocrx_word' id='word_1_461' title='bbox 1420 5700 1524 5758; x_wconf 89' lang='lat' dir='ltr'><strong>quo</strong></span> <span class='ocrx_word' id='word_1_462' title='bbox 1547 5686 1725 5741; x_wconf 88' lang='lat' dir='ltr'><strong>animo</strong></span> <span class='ocrx_word' id='word_1_463' title='bbox 1751 5696 1872 5744; x_wconf 86' lang='lat' dir='ltr'><strong>tunc</strong></span> <span class='ocrx_word' id='word_1_464' title='bbox 1912 5687 2073 5744; x_wconf 89' lang='lat' dir='ltr'><strong>fuisse</strong></span> 
     </span>
    </p>
   </div>
   <div class='ocr_carea' id='block_1_61' title="bbox 1213 271 3018 335">
    <p class='ocr_par' dir='ltr' id='par_1_61' title="bbox 1213 271 3018 335">
     <span class='ocr_line' id='line_1_61' title="bbox 1213 271 3018 335; baseline -0.004 0"><span class='ocrx_word' id='word_1_465' title='bbox 1213 280 1270 335; x_wconf 89' lang='lat' dir='ltr'><strong>S.</strong></span> <span class='ocrx_word' id='word_1_466' title='bbox 1311 275 1585 334; x_wconf 70' lang='lat' dir='ltr'><strong>JOANNIS</strong></span> <span class='ocrx_word' id='word_1_467' title='bbox 1623 273 2092 332; x_wconf 80' lang='lat' dir='ltr'><strong>CHRYSOSTOMI</strong></span> <span class='ocrx_word' id='word_1_468' title='bbox 2130 271 2448 330; x_wconf 77' lang='lat' dir='ltr'><strong>ARCHIEP.</strong></span> <span class='ocrx_word' id='word_1_469' title='bbox 2489 273 3018 331; x_wconf 80' lang='lat' dir='ltr'><strong>CONSTANTINOP.</strong></span> 
     </span>
    </p>
   </div>
   <div class='ocr_carea' id='block_1_62' title="bbox 3661 277 3776 334">
    <p class='ocr_par' dir='ltr' id='par_1_62' title="bbox 3661 277 3776 334">
     <span class='ocr_line' id='line_1_62' title="bbox 3661 277 3776 334; baseline 0.009 -1"><span class='ocrx_word' id='word_1_470' title='bbox 3661 277 3776 334; x_wconf 59' lang='lat'><strong>480</strong></span> 
     </span>
    </p>
   </div>
   <div class='ocr_carea' id='block_1_63' title="bbox 2196 385 3776 453">
    <p class='ocr_par' dir='ltr' id='par_1_63' title="bbox 2196 385 3776 453">
     <span class='ocr_line' id='line_1_63' title="bbox 2196 385 3776 453; baseline 0.001 -11"><span class='ocrx_word' id='word_1_471' title='bbox 2196 385 2575 442; x_wconf 74' lang='lat' dir='ltr'><strong>existimandus</strong></span> <span class='ocrx_word' id='word_1_472' title='bbox 2632 397 2748 453; x_wconf 87' lang='lat' dir='ltr'><strong>est,</strong></span> <span class='ocrx_word' id='word_1_473' title='bbox 2797 403 2916 442; x_wconf 90' lang='lat' dir='ltr'><strong>cum</strong></span> <span class='ocrx_word' id='word_1_474' title='bbox 2973 398 3053 443; x_wconf 86' lang='lat' dir='ltr'><strong>tot</strong></span> <span class='ocrx_word' id='word_1_475' title='bbox 3095 389 3398 443; x_wconf 86' lang='lat' dir='ltr'><strong>sacerdotes</strong></span> <span class='ocrx_word' id='word_1_476' title='bbox 3443 387 3559 443; x_wconf 88' lang='lat' dir='ltr'><strong>sine</strong></span> <span class='ocrx_word' id='word_1_477' title='bbox 3610 404 3776 444; x_wconf 84' lang='lat' dir='ltr'><strong>causa</strong></span> 
     </span>
    </p>
   </div>
   <div class='ocr_carea' id='block_1_64' title="bbox 2190 479 3776 549">
    <p class='ocr_par' dir='ltr' id='par_1_64' title="bbox 2190 479 3776 549">
     <span class='ocr_line' id='line_1_64' title="bbox 2190 479 3776 549; baseline 0.002 -18"><span class='ocrx_word' id='word_1_478' title='bbox 2190 479 2497 533; x_wconf 86' lang='lat' dir='ltr'><strong>interfecit?</strong></span> <span class='ocrx_word' id='word_1_479' title='bbox 2538 479 2748 549; x_wconf 89' lang='lat' dir='ltr'><strong>quando</strong></span> <span class='ocrx_word' id='word_1_480' title='bbox 2812 495 2968 545; x_wconf 92' lang='lat' dir='ltr'><strong>eum,</strong></span> <span class='ocrx_word' id='word_1_481' title='bbox 3013 483 3101 549; x_wconf 89' lang='lat' dir='ltr'><strong>qui</strong></span> <span class='ocrx_word' id='word_1_482' title='bbox 3155 495 3212 535; x_wconf 90' lang='lat' dir='ltr'><strong>se</strong></span> <span class='ocrx_word' id='word_1_483' title='bbox 3255 480 3436 533; x_wconf 87' lang='lat' dir='ltr'><strong>multis</strong></span> <span class='ocrx_word' id='word_1_484' title='bbox 3501 479 3776 534; x_wconf 80' lang='lat' dir='ltr'><strong>beneﬁciis</strong></span> 
     </span>
    </p>
   </div>
   <div class='ocr_carea' id='block_1_65' title="bbox 2190 567 3779 638">
    <p class='ocr_par' dir='ltr' id='par_1_65' title="bbox 2190 567 3779 638">
     <span class='ocr_line' id='line_1_65' title="bbox 2190 567 3779 638; baseline 0.003 -16"><span class='ocrx_word' id='word_1_485' title='bbox 2190 569 2451 638; x_wconf 89' lang='lat' dir='ltr'><strong>nullisque</strong></span> <span class='ocrx_word' id='word_1_486' title='bbox 2506 567 2710 637; x_wconf 89' lang='lat' dir='ltr'><strong>injuriis</strong></span> <span class='ocrx_word' id='word_1_487' title='bbox 2747 569 3027 634; x_wconf 87' lang='lat' dir='ltr'><strong>affecerat,</strong></span> <span class='ocrx_word' id='word_1_488' title='bbox 3070 568 3305 626; x_wconf 87' lang='lat' dir='ltr'><strong>secundo</strong></span> <span class='ocrx_word' id='word_1_489' title='bbox 3359 583 3416 624; x_wconf 88' lang='lat' dir='ltr'><strong>ut</strong></span> <span class='ocrx_word' id='word_1_490' title='bbox 3448 569 3779 626; x_wconf 62' lang='lat' dir='ltr'><strong>interﬁceret</strong></span> 
     </span>
    </p>
   </div>
   <div class='ocr_carea' id='block_1_66' title="bbox 2190 659 3781 730">
    <p class='ocr_par' dir='ltr' id='par_1_66' title="bbox 2190 659 3781 730">
     <span class='ocr_line' id='line_1_66' title="bbox 2190 659 3781 730; baseline 0.003 -18"><span class='ocrx_word' id='word_1_491' title='bbox 2190 659 2462 728; x_wconf 88' lang='lat' dir='ltr'><strong>profectus</strong></span> <span class='ocrx_word' id='word_1_492' title='bbox 2487 660 2604 714; x_wconf 86' lang='lat' dir='ltr'><strong>est?</strong></span> <span class='ocrx_word' id='word_1_493' title='bbox 2636 659 2845 728; x_wconf 82' lang='lat' dir='ltr'><strong>quando</strong></span> <span class='ocrx_word' id='word_1_494' title='bbox 2871 659 3069 714; x_wconf 91' lang='lat' dir='ltr'><strong>nudum</strong></span> <span class='ocrx_word' id='word_1_495' title='bbox 3099 661 3242 714; x_wconf 88' lang='lat' dir='ltr'><strong>illum</strong></span> <span class='ocrx_word' id='word_1_496' title='bbox 3273 661 3684 730; x_wconf 86' lang='lat' dir='ltr'><strong>prophetautem</strong></span> <span class='ocrx_word' id='word_1_497' title='bbox 3716 678 3781 716; x_wconf 84' lang='lat' dir='ltr'><strong>ac</strong></span> 
     </span>
    </p>
   </div>
   <div class='ocr_carea' id='block_1_67' title="bbox 2188 749 3779 805">
    <p class='ocr_par' dir='ltr' id='par_1_67' title="bbox 2188 749 3779 805">
     <span class='ocr_line' id='line_1_67' title="bbox 2188 749 3779 805; baseline 0.001 -3"><span class='ocrx_word' id='word_1_498' title='bbox 2188 749 2518 804; x_wconf 88' lang='lat' dir='ltr'><strong>decidentem</strong></span> <span class='ocrx_word' id='word_1_499' title='bbox 2562 750 2736 804; x_wconf 87' lang='lat' dir='ltr'><strong>vidit?</strong></span> <span class='ocrx_word' id='word_1_500' title='bbox 2781 766 2899 804; x_wconf 90' lang='lat' dir='ltr'><strong>cum</strong></span> <span class='ocrx_word' id='word_1_501' title='bbox 2945 751 3146 804; x_wconf 89' lang='lat' dir='ltr'><strong>audivit</strong></span> <span class='ocrx_word' id='word_1_502' title='bbox 3199 751 3360 805; x_wconf 84' lang='lat' dir='ltr'><strong>David</strong></span> <span class='ocrx_word' id='word_1_503' title='bbox 3418 752 3470 805; x_wconf 91' lang='lat' dir='ltr'><strong>in</strong></span> <span class='ocrx_word' id='word_1_504' title='bbox 3521 749 3779 804; x_wconf 85' lang='lat' dir='ltr'><strong>familiari</strong></span> 
     </span>
    </p>
   </div>
   <div class='ocr_carea' id='block_1_68' title="bbox 2186 844 3538 913">
    <p class='ocr_par' dir='ltr' id='par_1_68' title="bbox 2186 844 3538 913">
     <span class='ocr_line' id='line_1_68' title="bbox 2186 844 3538 913; baseline 0 -16"><span class='ocrx_word' id='word_1_505' title='bbox 2186 858 2473 912; x_wconf 88' lang='lat' dir='ltr'><strong>congressu</strong></span> <span class='ocrx_word' id='word_1_506' title='bbox 2500 844 2664 897; x_wconf 89' lang='lat' dir='ltr'><strong>multa</strong></span> <span class='ocrx_word' id='word_1_507' title='bbox 2689 854 2873 898; x_wconf 89' lang='lat' dir='ltr'><strong>contra</strong></span> <span class='ocrx_word' id='word_1_508' title='bbox 2905 844 3051 897; x_wconf 91' lang='lat' dir='ltr'><strong>illum</strong></span> <span class='ocrx_word' id='word_1_509' title='bbox 3080 844 3538 913; x_wconf 87' lang='lat' dir='ltr'><strong>conquerentem?</strong></span> 
     </span>
    </p>
   </div>
   <div class='ocr_carea' id='block_1_69' title="bbox 2259 932 3775 1002">
    <p class='ocr_par' dir='ltr' id='par_1_69' title="bbox 2259 932 3775 1002">
     <span class='ocr_line' id='line_1_69' title="bbox 2259 932 3775 1002; baseline -0.001 -16"><span class='ocrx_word' id='word_1_510' title='bbox 2259 933 2310 986; x_wconf 92' lang='lat'><strong>7.</strong></span> <span class='ocrx_word' id='word_1_511' title='bbox 2339 932 2506 986; x_wconf 79' lang='lat' dir='ltr'><strong>David</strong></span> <span class='ocrx_word' id='word_1_512' title='bbox 2547 935 2696 986; x_wconf 86' lang='lat' dir='ltr'><strong>etiam</strong></span> <span class='ocrx_word' id='word_1_513' title='bbox 2719 935 2957 988; x_wconf 67' lang='lat' dir='ltr'><strong>aerumnis</strong></span> <span class='ocrx_word' id='word_1_514' title='bbox 2982 944 3206 988; x_wconf 72' lang='lat' dir='ltr'><strong>vexatus.</strong></span> <span class='ocrx_word' id='word_1_515' title='bbox 3230 963 3302 974; x_wconf 93' lang='lat'><strong>—</strong></span> <span class='ocrx_word' id='word_1_516' title='bbox 3323 935 3609 1002; x_wconf 87' lang='lat' dir='ltr'><strong>Postquam</strong></span> <span class='ocrx_word' id='word_1_517' title='bbox 3638 948 3775 987; x_wconf 83' lang='lat' dir='ltr'><strong>vero</strong></span> 
     </span>
    </p>
   </div>
   <div class='ocr_carea' id='block_1_70' title="bbox 2186 1023 3774 1096">
    <p class='ocr_par' dir='ltr' id='par_1_70' title="bbox 2186 1023 3774 1096">
     <span class='ocr_line' id='line_1_70' title="bbox 2186 1023 3774 1096; baseline 0.001 -19"><span class='ocrx_word' id='word_1_518' title='bbox 2186 1023 2252 1077; x_wconf 90' lang='lat' dir='ltr'><strong>de</strong></span> <span class='ocrx_word' id='word_1_519' title='bbox 2283 1024 2441 1078; x_wconf 81' lang='lat' dir='ltr'><strong>David</strong></span> <span class='ocrx_word' id='word_1_520' title='bbox 2470 1026 2793 1080; x_wconf 89' lang='lat' dir='ltr'><strong>mentionem</strong></span> <span class='ocrx_word' id='word_1_521' title='bbox 2831 1026 2960 1092; x_wconf 91' lang='lat' dir='ltr'><strong>feci,</strong></span> <span class='ocrx_word' id='word_1_522' title='bbox 2994 1027 3174 1080; x_wconf 90' lang='lat' dir='ltr'><strong>nescio</strong></span> <span class='ocrx_word' id='word_1_523' title='bbox 3206 1025 3331 1095; x_wconf 90' lang='lat' dir='ltr'><strong>quid</strong></span> <span class='ocrx_word' id='word_1_524' title='bbox 3361 1041 3532 1096; x_wconf 86' lang='lat' dir='ltr'><strong>agam,</strong></span> <span class='ocrx_word' id='word_1_525' title='bbox 3566 1025 3774 1079; x_wconf 83' lang='lat' dir='ltr'><strong>lamen-</strong></span> 
     </span>
    </p>
   </div>
   <div class='ocr_carea' id='block_1_71' title="bbox 2186 1116 3773 1189">
    <p class='ocr_par' dir='ltr' id='par_1_71' title="bbox 2186 1116 3773 1189">
     <span class='ocr_line' id='line_1_71' title="bbox 2186 1116 3773 1189; baseline 0.002 -20"><span class='ocrx_word' id='word_1_526' title='bbox 2186 1124 2308 1170; x_wconf 88' lang='lat' dir='ltr'><strong>tane</strong></span> <span class='ocrx_word' id='word_1_527' title='bbox 2351 1117 2490 1169; x_wconf 92' lang='lat' dir='ltr'><strong>illius</strong></span> <span class='ocrx_word' id='word_1_528' title='bbox 2521 1117 2676 1187; x_wconf 88' lang='lat' dir='ltr'><strong>longa</strong></span> <span class='ocrx_word' id='word_1_529' title='bbox 2721 1127 2775 1171; x_wconf 92' lang='lat' dir='ltr'><strong>et</strong></span> <span class='ocrx_word' id='word_1_530' title='bbox 2821 1117 3032 1171; x_wconf 88' lang='lat' dir='ltr'><strong>assidua</strong></span> <span class='ocrx_word' id='word_1_531' title='bbox 3052 1159 3066 1181; x_wconf 88' lang='lat'><strong>,</strong></span> <span class='ocrx_word' id='word_1_532' title='bbox 3099 1133 3216 1189; x_wconf 71' lang='lat' dir='ltr'><strong>qua:</strong></span> <span class='ocrx_word' id='word_1_533' title='bbox 3246 1117 3298 1171; x_wconf 87' lang='lat' dir='ltr'><strong>in</strong></span> <span class='ocrx_word' id='word_1_534' title='bbox 3329 1118 3542 1185; x_wconf 87' lang='lat' dir='ltr'><strong>psalmis</strong></span> <span class='ocrx_word' id='word_1_535' title='bbox 3569 1116 3773 1187; x_wconf 80' lang='lat' dir='ltr'><strong>scripta</strong></span> 
     </span>
    </p>
   </div>
   <div class='ocr_carea' id='block_1_72' title="bbox 2185 1207 3776 1272">
    <p class='ocr_par' dir='ltr' id='par_1_72' title="bbox 2185 1207 3776 1272">
     <span class='ocr_line' id='line_1_72' title="bbox 2185 1207 3776 1272; baseline 0.003 -14"><span class='ocrx_word' id='word_1_536' title='bbox 2185 1215 2304 1259; x_wconf 90' lang='lat' dir='ltr'><strong>sunt</strong></span> <span class='ocrx_word' id='word_1_537' title='bbox 2331 1245 2348 1271; x_wconf 96' lang='lat'><strong>,</strong></span> <span class='ocrx_word' id='word_1_538' title='bbox 2379 1207 2430 1259; x_wconf 91' lang='lat' dir='ltr'><strong>in</strong></span> <span class='ocrx_word' id='word_1_539' title='bbox 2478 1207 2709 1261; x_wconf 90' lang='lat' dir='ltr'><strong>medium</strong></span> <span class='ocrx_word' id='word_1_540' title='bbox 2740 1207 2998 1262; x_wconf 87' lang='lat' dir='ltr'><strong>adducam</strong></span> <span class='ocrx_word' id='word_1_541' title='bbox 3020 1248 3035 1272; x_wconf 88' lang='lat'><strong>,</strong></span> <span class='ocrx_word' id='word_1_542' title='bbox 3068 1223 3136 1261; x_wconf 89' lang='lat' dir='ltr'><strong>an</strong></span> <span class='ocrx_word' id='word_1_543' title='bbox 3164 1209 3262 1263; x_wconf 72' lang='lat' dir='ltr'><strong>ista</strong></span> <span class='ocrx_word' id='word_1_544' title='bbox 3310 1209 3402 1263; x_wconf 85' lang='lat' dir='ltr'><strong>tibi</strong></span> <span class='ocrx_word' id='word_1_545' title='bbox 3433 1210 3484 1264; x_wconf 89' lang='lat' dir='ltr'><strong>in</strong></span> <span class='ocrx_word' id='word_1_546' title='bbox 3534 1209 3646 1263; x_wconf 81' lang='lat' dir='ltr'><strong>otio</strong></span> <span class='ocrx_word' id='word_1_547' title='bbox 3685 1225 3776 1262; x_wconf 88' lang='lat' dir='ltr'><strong>rc-</strong></span> 
     </span>
    </p>
   </div>
   <div class='ocr_carea' id='block_1_73' title="bbox 2185 1296 3773 1367">
    <p class='ocr_par' dir='ltr' id='par_1_73' title="bbox 2185 1296 3773 1367">
     <span class='ocr_line' id='line_1_73' title="bbox 2185 1296 3773 1367; baseline 0 -18"><span class='ocrx_word' id='word_1_548' title='bbox 2185 1296 2449 1350; x_wconf 86' lang='lat' dir='ltr'><strong>censenda</strong></span> <span class='ocrx_word' id='word_1_549' title='bbox 2478 1299 2785 1366; x_wconf 87' lang='lat' dir='ltr'><strong>permittens</strong></span> <span class='ocrx_word' id='word_1_550' title='bbox 2830 1299 2994 1367; x_wconf 70' lang='lat' dir='ltr'><strong>ipsius</strong></span> <span class='ocrx_word' id='word_1_551' title='bbox 3023 1299 3195 1367; x_wconf 89' lang='lat' dir='ltr'><strong>potius</strong></span> <span class='ocrx_word' id='word_1_552' title='bbox 3234 1298 3564 1353; x_wconf 87' lang='lat' dir='ltr'><strong>calamitates</strong></span> <span class='ocrx_word' id='word_1_553' title='bbox 3600 1297 3773 1366; x_wconf 74' lang='lat' dir='ltr'><strong>expli-</strong></span> 
     </span>
    </p>
   </div>
   <div class='ocr_carea' id='block_1_74' title="bbox 2185 1385 3770 1457">
    <p class='ocr_par' dir='ltr' id='par_1_74' title="bbox 2185 1385 3770 1457">
     <span class='ocr_line' id='line_1_74' title="bbox 2185 1385 3770 1457; baseline 0.003 -19"><span class='ocrx_word' id='word_1_554' title='bbox 2185 1400 2321 1438; x_wconf 91' lang='lat' dir='ltr'><strong>cem.</strong></span> <span class='ocrx_word' id='word_1_555' title='bbox 2354 1385 2402 1440; x_wconf 92' lang='lat' dir='ltr'><strong>ls</strong></span> <span class='ocrx_word' id='word_1_556' title='bbox 2441 1387 2598 1455; x_wconf 87' lang='lat' dir='ltr'><strong>igitur</strong></span> <span class='ocrx_word' id='word_1_557' title='bbox 2627 1387 2851 1456; x_wconf 89' lang='lat' dir='ltr'><strong>plurima</strong></span> <span class='ocrx_word' id='word_1_558' title='bbox 2879 1387 3092 1456; x_wconf 87' lang='lat' dir='ltr'><strong>quidem</strong></span> <span class='ocrx_word' id='word_1_559' title='bbox 3127 1403 3251 1442; x_wconf 87' lang='lat' dir='ltr'><strong>cum</strong></span> <span class='ocrx_word' id='word_1_560' title='bbox 3296 1403 3483 1457; x_wconf 82' lang='lat' dir='ltr'><strong>greges</strong></span> <span class='ocrx_word' id='word_1_561' title='bbox 3525 1397 3770 1457; x_wconf 81' lang='lat' dir='ltr'><strong>pasceret</strong></span> 
     </span>
    </p>
   </div>
   <div class='ocr_carea' id='block_1_75' title="bbox 2183 1475 3760 1548">
    <p class='ocr_par' dir='ltr' id='par_1_75' title="bbox 2183 1475 3760 1548">
     <span class='ocr_line' id='line_1_75' title="bbox 2183 1475 3760 1548; baseline 0.004 -21"><span class='ocrx_word' id='word_1_562' title='bbox 2183 1475 2404 1530; x_wconf 85' lang='lat' dir='ltr'><strong>adversa</strong></span> <span class='ocrx_word' id='word_1_563' title='bbox 2437 1491 2717 1546; x_wconf 84' lang='lat' dir='ltr'><strong>perpessus</strong></span> <span class='ocrx_word' id='word_1_564' title='bbox 2743 1520 2756 1542; x_wconf 90' lang='lat'><strong>,</strong></span> <span class='ocrx_word' id='word_1_565' title='bbox 2787 1479 3152 1547; x_wconf 87' lang='lat' dir='ltr'><strong>adversusque</strong></span> <span class='ocrx_word' id='word_1_566' title='bbox 3204 1479 3342 1532; x_wconf 83' lang='lat' dir='ltr'><strong>aeris</strong></span> <span class='ocrx_word' id='word_1_567' title='bbox 3379 1479 3760 1548; x_wconf 83' lang='lat' dir='ltr'><strong>intemperiem</strong></span> 
     </span>
    </p>
   </div>
   <div class='ocr_carea' id='block_1_76' title="bbox 2183 1567 3761 1635">
    <p class='ocr_par' dir='ltr' id='par_1_76' title="bbox 2183 1567 3761 1635">
     <span class='ocr_line' id='line_1_76' title="bbox 2183 1567 3761 1635; baseline 0.002 -14"><span class='ocrx_word' id='word_1_568' title='bbox 2183 1576 2237 1621; x_wconf 90' lang='lat' dir='ltr'><strong>ct</strong></span> <span class='ocrx_word' id='word_1_569' title='bbox 2288 1567 2582 1622; x_wconf 88' lang='lat' dir='ltr'><strong>belluarum</strong></span> <span class='ocrx_word' id='word_1_570' title='bbox 2610 1568 2871 1624; x_wconf 88' lang='lat' dir='ltr'><strong>feritatem</strong></span> <span class='ocrx_word' id='word_1_571' title='bbox 2917 1569 3206 1624; x_wconf 87' lang='lat' dir='ltr'><strong>reluctatus</strong></span> <span class='ocrx_word' id='word_1_572' title='bbox 3232 1579 3333 1624; x_wconf 86' lang='lat' dir='ltr'><strong>est.</strong></span> <span class='ocrx_word' id='word_1_573' title='bbox 3362 1569 3602 1635; x_wconf 87' lang='lat' dir='ltr'><strong>Quorum</strong></span> <span class='ocrx_word' id='word_1_574' title='bbox 3630 1571 3761 1625; x_wconf 87' lang='lat' dir='ltr'><strong>alte-</strong></span> 
     </span>
    </p>
   </div>
   <div class='ocr_carea' id='block_1_77' title="bbox 2185 1661 3770 1732">
    <p class='ocr_par' dir='ltr' id='par_1_77' title="bbox 2185 1661 3770 1732">
     <span class='ocr_line' id='line_1_77' title="bbox 2185 1661 3770 1732; baseline 0.004 -20"><span class='ocrx_word' id='word_1_575' title='bbox 2185 1674 2301 1712; x_wconf 89' lang='lat' dir='ltr'><strong>rum</strong></span> <span class='ocrx_word' id='word_1_576' title='bbox 2331 1675 2394 1712; x_wconf 84' lang='lat' dir='ltr'><strong>ex</strong></span> <span class='ocrx_word' id='word_1_577' title='bbox 2440 1661 2504 1713; x_wconf 90' lang='lat' dir='ltr'><strong>iis</strong></span> <span class='ocrx_word' id='word_1_578' title='bbox 2548 1676 2667 1730; x_wconf 74' lang='lat' dir='ltr'><strong>qua:</strong></span> <span class='ocrx_word' id='word_1_579' title='bbox 2721 1661 2884 1716; x_wconf 85' lang='lat' dir='ltr'><strong>Jacob</strong></span> <span class='ocrx_word' id='word_1_580' title='bbox 2930 1661 3107 1728; x_wconf 78' lang='lat' dir='ltr'><strong>dixit,</strong></span> <span class='ocrx_word' id='word_1_581' title='bbox 3158 1662 3380 1716; x_wconf 89' lang='lat' dir='ltr'><strong>alterum</strong></span> <span class='ocrx_word' id='word_1_582' title='bbox 3420 1678 3493 1718; x_wconf 78' lang='lat' dir='ltr'><strong>ex</strong></span> <span class='ocrx_word' id='word_1_583' title='bbox 3537 1663 3602 1717; x_wconf 87' lang='lat' dir='ltr'><strong>iis</strong></span> <span class='ocrx_word' id='word_1_584' title='bbox 3644 1679 3770 1732; x_wconf 71' lang='lat' dir='ltr'><strong>qua:</strong></span> 
     </span>
    </p>
   </div>
   <div class='ocr_carea' id='block_1_78' title="bbox 2183 1749 3770 1822">
    <p class='ocr_par' dir='ltr' id='par_1_78' title="bbox 2183 1749 3770 1822">
     <span class='ocr_line' id='line_1_78' title="bbox 2183 1749 3770 1822; baseline 0.004 -20"><span class='ocrx_word' id='word_1_585' title='bbox 2183 1749 2250 1803; x_wconf 92' lang='lat' dir='ltr'><strong>ad</strong></span> <span class='ocrx_word' id='word_1_586' title='bbox 2293 1749 2419 1805; x_wconf 75' lang='lat' dir='ltr'><strong>Saul</strong></span> <span class='ocrx_word' id='word_1_587' title='bbox 2459 1750 2525 1805; x_wconf 88' lang='lat' dir='ltr'><strong>de</strong></span> <span class='ocrx_word' id='word_1_588' title='bbox 2568 1755 2725 1806; x_wconf 87' lang='lat' dir='ltr'><strong>leone</strong></span> <span class='ocrx_word' id='word_1_589' title='bbox 2771 1761 2824 1807; x_wconf 91' lang='lat' dir='ltr'><strong>et</strong></span> <span class='ocrx_word' id='word_1_590' title='bbox 2867 1767 2988 1806; x_wconf 91' lang='lat' dir='ltr'><strong>ursa</strong></span> <span class='ocrx_word' id='word_1_591' title='bbox 3037 1753 3285 1822; x_wconf 90' lang='lat' dir='ltr'><strong>loquutus</strong></span> <span class='ocrx_word' id='word_1_592' title='bbox 3326 1764 3441 1818; x_wconf 90' lang='lat' dir='ltr'><strong>est,</strong></span> <span class='ocrx_word' id='word_1_593' title='bbox 3478 1769 3770 1822; x_wconf 86' lang='lat' dir='ltr'><strong>possumus</strong></span> 
     </span>
    </p>
   </div>
   <div class='ocr_carea' id='block_1_79' title="bbox 2182 1841 3768 1913">
    <p class='ocr_par' dir='ltr' id='par_1_79' title="bbox 2182 1841 3768 1913">
     <span class='ocr_line' id='line_1_79' title="bbox 2182 1841 3768 1913; baseline 0.003 -18"><span class='ocrx_word' id='word_1_594' title='bbox 2182 1841 2621 1897; x_wconf 86' lang='lat' dir='ltr'><strong>animadvertere.</strong></span> <span class='ocrx_word' id='word_1_595' title='bbox 2668 1843 2854 1898; x_wconf 83' lang='lat' dir='ltr'><strong>Postea</strong></span> <span class='ocrx_word' id='word_1_596' title='bbox 2898 1858 3024 1898; x_wconf 92' lang='lat' dir='ltr'><strong>vero</strong></span> <span class='ocrx_word' id='word_1_597' title='bbox 3065 1859 3221 1913; x_wconf 90' lang='lat' dir='ltr'><strong>quam</strong></span> <span class='ocrx_word' id='word_1_598' title='bbox 3270 1845 3468 1899; x_wconf 83' lang='lat' dir='ltr'><strong>omissa</strong></span> <span class='ocrx_word' id='word_1_599' title='bbox 3527 1845 3634 1898; x_wconf 82' lang='lat' dir='ltr'><strong>vita</strong></span> <span class='ocrx_word' id='word_1_600' title='bbox 3678 1845 3768 1900; x_wconf 81' lang='lat' dir='ltr'><strong>illa</strong></span> 
     </span>
    </p>
   </div>
   <div class='ocr_carea' id='block_1_80' title="bbox 2184 1931 3764 2003">
    <p class='ocr_par' dir='ltr' id='par_1_80' title="bbox 2184 1931 3764 2003">
     <span class='ocr_line' id='line_1_80' title="bbox 2184 1931 3764 2003; baseline 0.003 -20"><span class='ocrx_word' id='word_1_601' title='bbox 2184 1932 2432 2001; x_wconf 89' lang='lat' dir='ltr'><strong>pastorali</strong></span> <span class='ocrx_word' id='word_1_602' title='bbox 2465 1931 2586 1986; x_wconf 91' lang='lat' dir='ltr'><strong>belli</strong></span> <span class='ocrx_word' id='word_1_603' title='bbox 2621 1933 2830 2002; x_wconf 85' lang='lat' dir='ltr'><strong>negotia</strong></span> <span class='ocrx_word' id='word_1_604' title='bbox 2876 1933 3275 2002; x_wconf 84' lang='lat' dir='ltr'><strong>intempestivus</strong></span> <span class='ocrx_word' id='word_1_605' title='bbox 3304 1934 3458 1988; x_wconf 86' lang='lat' dir='ltr'><strong>miles</strong></span> <span class='ocrx_word' id='word_1_606' title='bbox 3497 1934 3764 2003; x_wconf 89' lang='lat' dir='ltr'><strong>arripuit,</strong></span> 
     </span>
    </p>
   </div>
   <div class='ocr_carea' id='block_1_81' title="bbox 2183 2022 3763 2092">
    <p class='ocr_par' dir='ltr' id='par_1_81' title="bbox 2183 2022 3763 2092">
     <span class='ocr_line' id='line_1_81' title="bbox 2183 2022 3763 2092; baseline 0.003 -16"><span class='ocrx_word' id='word_1_607' title='bbox 2183 2023 2368 2076; x_wconf 90' lang='lat' dir='ltr'><strong>omitto</strong></span> <span class='ocrx_word' id='word_1_608' title='bbox 2387 2022 2606 2077; x_wconf 88' lang='lat' dir='ltr'><strong>fratrum</strong></span> <span class='ocrx_word' id='word_1_609' title='bbox 2631 2024 2898 2089; x_wconf 88' lang='lat' dir='ltr'><strong>invidiam,</strong></span> <span class='ocrx_word' id='word_1_610' title='bbox 2923 2025 3019 2080; x_wconf 91' lang='lat' dir='ltr'><strong>etsi</strong></span> <span class='ocrx_word' id='word_1_611' title='bbox 3047 2025 3416 2080; x_wconf 87' lang='lat' dir='ltr'><strong>molestissima</strong></span> <span class='ocrx_word' id='word_1_612' title='bbox 3439 2041 3501 2081; x_wconf 85' lang='lat' dir='ltr'><strong>ea</strong></span> <span class='ocrx_word' id='word_1_613' title='bbox 3530 2042 3616 2080; x_wconf 88' lang='lat' dir='ltr'><strong>res</strong></span> <span class='ocrx_word' id='word_1_614' title='bbox 3644 2027 3763 2092; x_wconf 89' lang='lat' dir='ltr'><strong>fuit,</strong></span> 
     </span>
    </p>
   </div>
   <div class='ocr_carea' id='block_1_82' title="bbox 2183 2112 3764 2186">
    <p class='ocr_par' dir='ltr' id='par_1_82' title="bbox 2183 2112 3764 2186">
     <span class='ocr_line' id='line_1_82' title="bbox 2183 2112 3764 2186; baseline 0.004 -20"><span class='ocrx_word' id='word_1_615' title='bbox 2183 2126 2304 2166; x_wconf 90' lang='lat' dir='ltr'><strong>cum</strong></span> <span class='ocrx_word' id='word_1_616' title='bbox 2354 2112 2702 2168; x_wconf 89' lang='lat' dir='ltr'><strong>clarissimam</strong></span> <span class='ocrx_word' id='word_1_617' title='bbox 2747 2114 2890 2168; x_wconf 82' lang='lat' dir='ltr'><strong>illaut</strong></span> <span class='ocrx_word' id='word_1_618' title='bbox 2969 2114 3440 2186; x_wconf 87' lang='lat' dir='ltr'><strong>admirabilemq-ue</strong></span> <span class='ocrx_word' id='word_1_619' title='bbox 3485 2117 3764 2172; x_wconf 85' lang='lat' dir='ltr'><strong>victoriam</strong></span> 
     </span>
    </p>
   </div>
   <div class='ocr_carea' id='block_1_83' title="bbox 2183 2203 3766 2277">
    <p class='ocr_par' dir='ltr' id='par_1_83' title="bbox 2183 2203 3766 2277">
     <span class='ocr_line' id='line_1_83' title="bbox 2183 2203 3766 2277; baseline 0.004 -21"><span class='ocrx_word' id='word_1_620' title='bbox 2183 2203 2406 2271; x_wconf 88' lang='lat' dir='ltr'><strong>adeptus</strong></span> <span class='ocrx_word' id='word_1_621' title='bbox 2451 2215 2632 2270; x_wconf 90' lang='lat' dir='ltr'><strong>esset,</strong></span> <span class='ocrx_word' id='word_1_622' title='bbox 2673 2207 3126 2262; x_wconf 85' lang='lat' dir='ltr'><strong>vehementiorem</strong></span> <span class='ocrx_word' id='word_1_623' title='bbox 3171 2207 3379 2277; x_wconf 85' lang='lat' dir='ltr'><strong>dejecto</strong></span> <span class='ocrx_word' id='word_1_624' title='bbox 3417 2207 3626 2264; x_wconf 87' lang='lat' dir='ltr'><strong>Goliath</strong></span> <span class='ocrx_word' id='word_1_625' title='bbox 3681 2210 3766 2263; x_wconf 84' lang='lat' dir='ltr'><strong>in-</strong></span> 
     </span>
    </p>
   </div>
   <div class='ocr_carea' id='block_1_84' title="bbox 2184 2294 3769 2364">
    <p class='ocr_par' dir='ltr' id='par_1_84' title="bbox 2184 2294 3769 2364">
     <span class='ocr_line' id='line_1_84' title="bbox 2184 2294 3769 2364; baseline 0.004 -15"><span class='ocrx_word' id='word_1_626' title='bbox 2184 2298 2334 2351; x_wconf 84' lang='lat' dir='ltr'><strong>venit</strong></span> <span class='ocrx_word' id='word_1_627' title='bbox 2377 2294 2648 2352; x_wconf 86' lang='lat' dir='ltr'><strong>inimicum</strong></span> <span class='ocrx_word' id='word_1_628' title='bbox 2698 2298 2821 2354; x_wconf 75' lang='lat' dir='ltr'><strong>Saul</strong></span> <span class='ocrx_word' id='word_1_629' title='bbox 2852 2339 2868 2364; x_wconf 94' lang='lat'><strong>,</strong></span> <span class='ocrx_word' id='word_1_630' title='bbox 2900 2315 3020 2355; x_wconf 91' lang='lat' dir='ltr'><strong>cum</strong></span> <span class='ocrx_word' id='word_1_631' title='bbox 3059 2317 3088 2353; x_wconf 88' lang='lat' dir='ltr'><strong>a</strong></span> <span class='ocrx_word' id='word_1_632' title='bbox 3123 2316 3181 2356; x_wconf 86' lang='lat' dir='ltr'><strong>se</strong></span> <span class='ocrx_word' id='word_1_633' title='bbox 3223 2300 3496 2356; x_wconf 85' lang='lat' dir='ltr'><strong>beneﬁciis</strong></span> <span class='ocrx_word' id='word_1_634' title='bbox 3541 2301 3769 2357; x_wconf 74' lang='lat' dir='ltr'><strong>affectus</strong></span> 
     </span>
    </p>
   </div>
   <div class='ocr_carea' id='block_1_85' title="bbox 2183 2389 3763 2462">
    <p class='ocr_par' dir='ltr' id='par_1_85' title="bbox 2183 2389 3763 2462">
     <span class='ocr_line' id='line_1_85' title="bbox 2183 2389 3763 2462; baseline 0.004 -20"><span class='ocrx_word' id='word_1_635' title='bbox 2183 2399 2342 2444; x_wconf 91' lang='lat' dir='ltr'><strong>esset.</strong></span> <span class='ocrx_word' id='word_1_636' title='bbox 2374 2389 2556 2460; x_wconf 85' lang='lat' dir='ltr'><strong>Neque</strong></span> <span class='ocrx_word' id='word_1_637' title='bbox 2589 2391 2728 2445; x_wconf 91' lang='lat' dir='ltr'><strong>enim</strong></span> <span class='ocrx_word' id='word_1_638' title='bbox 2755 2391 2929 2460; x_wconf 89' lang='lat' dir='ltr'><strong>palam</strong></span> <span class='ocrx_word' id='word_1_639' title='bbox 2954 2391 3208 2448; x_wconf 82' lang='lat' dir='ltr'><strong>adversus</strong></span> <span class='ocrx_word' id='word_1_640' title='bbox 3244 2409 3362 2447; x_wconf 91' lang='lat' dir='ltr'><strong>eum</strong></span> <span class='ocrx_word' id='word_1_641' title='bbox 3401 2394 3763 2462; x_wconf 70' lang='lat' dir='ltr'><strong>praeliabatur,</strong></span> 
     </span>
    </p>
   </div>
   <div class='ocr_carea' id='block_1_86' title="bbox 2183 2480 3764 2554">
    <p class='ocr_par' dir='ltr' id='par_1_86' title="bbox 2183 2480 3764 2554">
     <span class='ocr_line' id='line_1_86' title="bbox 2183 2480 3764 2554; baseline 0.003 -20"><span class='ocrx_word' id='word_1_642' title='bbox 2183 2480 2274 2534; x_wconf 90' lang='lat' dir='ltr'><strong>sed</strong></span> <span class='ocrx_word' id='word_1_643' title='bbox 2306 2481 2595 2534; x_wconf 90' lang='lat' dir='ltr'><strong>amantium</strong></span> <span class='ocrx_word' id='word_1_644' title='bbox 2635 2481 2733 2536; x_wconf 90' lang='lat' dir='ltr'><strong>sibi</strong></span> <span class='ocrx_word' id='word_1_645' title='bbox 2775 2497 3055 2550; x_wconf 89' lang='lat' dir='ltr'><strong>personam</strong></span> <span class='ocrx_word' id='word_1_646' title='bbox 3108 2498 3386 2538; x_wconf 86' lang='lat' dir='ltr'><strong>assumens</strong></span> <span class='ocrx_word' id='word_1_647' title='bbox 3414 2524 3429 2549; x_wconf 94' lang='lat'><strong>,</strong></span> <span class='ocrx_word' id='word_1_648' title='bbox 3485 2485 3764 2554; x_wconf 83' lang='lat' dir='ltr'><strong>ipsiusque</strong></span> 
     </span>
    </p>
   </div>
   <div class='ocr_carea' id='block_1_87' title="bbox 2185 2571 3763 2643">
    <p class='ocr_par' dir='ltr' id='par_1_87' title="bbox 2185 2571 3763 2643">
     <span class='ocr_line' id='line_1_87' title="bbox 2185 2571 3763 2643; baseline 0.003 -19"><span class='ocrx_word' id='word_1_649' title='bbox 2185 2571 2372 2625; x_wconf 91' lang='lat' dir='ltr'><strong>honori</strong></span> <span class='ocrx_word' id='word_1_650' title='bbox 2420 2581 2475 2626; x_wconf 90' lang='lat' dir='ltr'><strong>et</strong></span> <span class='ocrx_word' id='word_1_651' title='bbox 2516 2572 2754 2642; x_wconf 87' lang='lat' dir='ltr'><strong>dignitati</strong></span> <span class='ocrx_word' id='word_1_652' title='bbox 2786 2574 3087 2643; x_wconf 88' lang='lat' dir='ltr'><strong>prospicere</strong></span> <span class='ocrx_word' id='word_1_653' title='bbox 3129 2588 3189 2628; x_wconf 87' lang='lat' dir='ltr'><strong>se</strong></span> <span class='ocrx_word' id='word_1_654' title='bbox 3228 2574 3482 2629; x_wconf 82' lang='lat' dir='ltr'><strong>simula-ns</strong></span> <span class='ocrx_word' id='word_1_655' title='bbox 3508 2617 3522 2640; x_wconf 94' lang='lat'><strong>,</strong></span> <span class='ocrx_word' id='word_1_656' title='bbox 3552 2576 3623 2628; x_wconf 79' lang='lat' dir='ltr'><strong>ita</strong></span> <span class='ocrx_word' id='word_1_657' title='bbox 3664 2575 3763 2629; x_wconf 79' lang='lat' dir='ltr'><strong>ad-</strong></span> 
     </span>
    </p>
   </div>
   <div class='ocr_carea' id='block_1_88' title="bbox 2183 2662 3767 2734">
    <p class='ocr_par' dir='ltr' id='par_1_88' title="bbox 2183 2662 3767 2734">
     <span class='ocr_line' id='line_1_88' title="bbox 2183 2662 3767 2734; baseline 0.004 -20"><span class='ocrx_word' id='word_1_658' title='bbox 2183 2675 2369 2714; x_wconf 83' lang='lat' dir='ltr'><strong>versus</strong></span> <span class='ocrx_word' id='word_1_659' title='bbox 2396 2662 2539 2716; x_wconf 92' lang='lat' dir='ltr'><strong>illum</strong></span> <span class='ocrx_word' id='word_1_660' title='bbox 2565 2663 2761 2717; x_wconf 87' lang='lat' dir='ltr'><strong>inimici</strong></span> <span class='ocrx_word' id='word_1_661' title='bbox 2788 2678 2936 2718; x_wconf 91' lang='lat' dir='ltr'><strong>more</strong></span> <span class='ocrx_word' id='word_1_662' title='bbox 2965 2663 3189 2719; x_wconf 87' lang='lat' dir='ltr'><strong>affectus</strong></span> <span class='ocrx_word' id='word_1_663' title='bbox 3227 2673 3358 2719; x_wconf 91' lang='lat' dir='ltr'><strong>erat.</strong></span> <span class='ocrx_word' id='word_1_664' title='bbox 3391 2665 3558 2720; x_wconf 79' lang='lat' dir='ltr'><strong>Porro</strong></span> <span class='ocrx_word' id='word_1_665' title='bbox 3594 2681 3767 2734; x_wconf 86' lang='lat' dir='ltr'><strong>quan-</strong></span> 
     </span>
    </p>
   </div>
   <div class='ocr_carea' id='block_1_89' title="bbox 2184 2754 3761 2823">
    <p class='ocr_par' dir='ltr' id='par_1_89' title="bbox 2184 2754 3761 2823">
     <span class='ocr_line' id='line_1_89' title="bbox 2184 2754 3761 2823; baseline 0.002 -17"><span class='ocrx_word' id='word_1_666' title='bbox 2184 2760 2294 2806; x_wconf 93' lang='lat' dir='ltr'><strong>tum</strong></span> <span class='ocrx_word' id='word_1_667' title='bbox 2327 2754 2522 2808; x_wconf 88' lang='lat' dir='ltr'><strong>malum</strong></span> <span class='ocrx_word' id='word_1_668' title='bbox 2576 2755 2644 2808; x_wconf 92' lang='lat' dir='ltr'><strong>sit</strong></span> <span class='ocrx_word' id='word_1_669' title='bbox 2672 2770 2768 2823; x_wconf 90' lang='lat' dir='ltr'><strong>pro</strong></span> <span class='ocrx_word' id='word_1_670' title='bbox 2795 2755 2948 2810; x_wconf 90' lang='lat' dir='ltr'><strong>bonis</strong></span> <span class='ocrx_word' id='word_1_671' title='bbox 2997 2757 3134 2810; x_wconf 89' lang='lat' dir='ltr'><strong>mala</strong></span> <span class='ocrx_word' id='word_1_672' title='bbox 3176 2757 3414 2823; x_wconf 88' lang='lat' dir='ltr'><strong>recipere</strong></span> <span class='ocrx_word' id='word_1_673' title='bbox 3435 2797 3452 2822; x_wconf 94' lang='lat'><strong>,</strong></span> <span class='ocrx_word' id='word_1_674' title='bbox 3480 2756 3602 2810; x_wconf 87' lang='lat' dir='ltr'><strong>audi</strong></span> <span class='ocrx_word' id='word_1_675' title='bbox 3630 2757 3761 2811; x_wconf 81' lang='lat' dir='ltr'><strong>bea-</strong></span> 
     </span>
    </p>
   </div>
   <div class='ocr_carea' id='block_1_90' title="bbox 2185 2845 3761 2916">
    <p class='ocr_par' dir='ltr' id='par_1_90' title="bbox 2185 2845 3761 2916">
     <span class='ocr_line' id='line_1_90' title="bbox 2185 2845 3761 2916; baseline 0.003 -20"><span class='ocrx_word' id='word_1_676' title='bbox 2185 2853 2291 2897; x_wconf 90' lang='lat' dir='ltr'><strong>tum</strong></span> <span class='ocrx_word' id='word_1_677' title='bbox 2324 2845 2635 2914; x_wconf 85' lang='lat' dir='ltr'><strong>prophetam</strong></span> <span class='ocrx_word' id='word_1_678' title='bbox 2681 2845 3022 2899; x_wconf 88' lang='lat' dir='ltr'><strong>lamentatcm</strong></span> <span class='ocrx_word' id='word_1_679' title='bbox 3059 2846 3256 2915; x_wconf 86' lang='lat' dir='ltr'><strong>jngiter</strong></span> <span class='ocrx_word' id='word_1_680' title='bbox 3279 2886 3295 2912; x_wconf 90' lang='lat'><strong>,</strong></span> <span class='ocrx_word' id='word_1_681' title='bbox 3323 2854 3376 2900; x_wconf 91' lang='lat' dir='ltr'><strong>et</strong></span> <span class='ocrx_word' id='word_1_682' title='bbox 3412 2861 3554 2916; x_wconf 69' lang='lat' dir='ltr'><strong>mgre</strong></span> <span class='ocrx_word' id='word_1_683' title='bbox 3581 2846 3761 2902; x_wconf 84' lang='lat' dir='ltr'><strong>feren-</strong></span> 
     </span>
    </p>
   </div>
   <div class='ocr_carea' id='block_1_91' title="bbox 2182 2935 3761 3008">
    <p class='ocr_par' dir='ltr' id='par_1_91' title="bbox 2182 2935 3761 3008">
     <span class='ocr_line' id='line_1_91' title="bbox 2182 2935 3761 3008; baseline 0.002 -18"><span class='ocrx_word' id='word_1_684' title='bbox 2182 2945 2288 2990; x_wconf 87' lang='lat' dir='ltr'><strong>tem</strong></span> <span class='ocrx_word' id='word_1_685' title='bbox 2327 2951 2391 2990; x_wconf 89' lang='lat' dir='ltr'><strong>ac</strong></span> <span class='ocrx_word' id='word_1_686' title='bbox 2428 2935 2688 2991; x_wconf 83' lang='lat' dir='ltr'><strong>dicentem</strong></span> <span class='ocrx_word' id='word_1_687' title='bbox 2719 2955 2732 2989; x_wconf 88' lang='lat'>:</span> <span class='ocrx_word' id='word_1_688' title='bbox 2759 2937 2820 2992; x_wconf 84' lang='lat' dir='ltr'><strong>Si</strong></span> <span class='ocrx_word' id='word_1_689' title='bbox 2847 2936 3120 2991; x_wconf 82' lang='lat' dir='ltr'><strong>redduntur</strong></span> <span class='ocrx_word' id='word_1_690' title='bbox 3148 2938 3270 2991; x_wconf 81' lang='lat' dir='ltr'><strong>mihi</strong></span> <span class='ocrx_word' id='word_1_691' title='bbox 3307 2939 3444 2991; x_wconf 84' lang='lat' dir='ltr'><strong>mala</strong></span> <span class='ocrx_word' id='word_1_692' title='bbox 3486 2956 3579 3008; x_wconf 86' lang='lat' dir='ltr'><strong>pro</strong></span> <span class='ocrx_word' id='word_1_693' title='bbox 3619 2939 3761 2993; x_wconf 74' lang='lat' dir='ltr'><strong>bouis</strong></span> 
     </span>
    </p>
   </div>
   <div class='ocr_carea' id='block_1_92' title="bbox 2187 3025 3760 3099">
    <p class='ocr_par' dir='ltr' id='par_1_92' title="bbox 2187 3025 3760 3099">
     <span class='ocr_line' id='line_1_92' title="bbox 2187 3025 3760 3099; baseline 0.003 -20"><span class='ocrx_word' id='word_1_694' title='bbox 2187 3025 2315 3098; x_wconf 84' lang='lat' dir='ltr'><strong>(Jer.</strong></span> <span class='ocrx_word' id='word_1_695' title='bbox 2348 3027 2434 3081; x_wconf 87' lang='grc'><strong>18.</strong></span> <span class='ocrx_word' id='word_1_696' title='bbox 2458 3027 2573 3099; x_wconf 78' lang='lat'><strong>‘20).</strong></span> <span class='ocrx_word' id='word_1_697' title='bbox 2619 3027 2758 3083; x_wconf 91' lang='lat' dir='ltr'><strong>Sane</strong></span> <span class='ocrx_word' id='word_1_698' title='bbox 2784 3029 2941 3082; x_wconf 90' lang='lat' dir='ltr'><strong>etiam</strong></span> <span class='ocrx_word' id='word_1_699' title='bbox 2969 3029 3118 3083; x_wconf 86' lang='lat' dir='ltr'><strong>nullo</strong></span> <span class='ocrx_word' id='word_1_700' title='bbox 3156 3029 3260 3083; x_wconf 91' lang='lat' dir='ltr'><strong>alio</strong></span> <span class='ocrx_word' id='word_1_701' title='bbox 3304 3036 3570 3098; x_wconf 65' lang='lat' dir='ltr'><strong>prmseute</strong></span> <span class='ocrx_word' id='word_1_702' title='bbox 3619 3031 3760 3084; x_wconf 88' lang='lat' dir='ltr'><strong>malo</strong></span> 
     </span>
    </p>
   </div>
   <div class='ocr_carea' id='block_1_93' title="bbox 2182 3119 3760 3189">
    <p class='ocr_par' dir='ltr' id='par_1_93' title="bbox 2182 3119 3760 3189">
     <span class='ocr_line' id='line_1_93' title="bbox 2182 3119 3760 3189; baseline 0.002 -17"><span class='ocrx_word' id='word_1_703' title='bbox 2182 3119 2309 3172; x_wconf 90' lang='lat' dir='ltr'><strong>illud</strong></span> <span class='ocrx_word' id='word_1_704' title='bbox 2337 3119 2509 3173; x_wconf 91' lang='lat' dir='ltr'><strong>solum</strong></span> <span class='ocrx_word' id='word_1_705' title='bbox 2541 3120 2970 3175; x_wconf 88' lang='lat' dir='ltr'><strong>molestissimum</strong></span> <span class='ocrx_word' id='word_1_706' title='bbox 3000 3129 3114 3174; x_wconf 89' lang='lat' dir='ltr'><strong>erat</strong></span> <span class='ocrx_word' id='word_1_707' title='bbox 3139 3162 3154 3186; x_wconf 89' lang='lat'><strong>,</strong></span> <span class='ocrx_word' id='word_1_708' title='bbox 3187 3119 3325 3189; x_wconf 87' lang='lat' dir='ltr'><strong>quod</strong></span> <span class='ocrx_word' id='word_1_709' title='bbox 3366 3121 3470 3174; x_wconf 76' lang='lat' dir='ltr'><strong>dux</strong></span> <span class='ocrx_word' id='word_1_710' title='bbox 3493 3121 3760 3176; x_wconf 81' lang='lat' dir='ltr'><strong>exercitus</strong></span> 
     </span>
    </p>
   </div>
   <div class='ocr_carea' id='block_1_94' title="bbox 2181 3211 3760 3280">
    <p class='ocr_par' dir='ltr' id='par_1_94' title="bbox 2181 3211 3760 3280">
     <span class='ocr_line' id='line_1_94' title="bbox 2181 3211 3760 3280; baseline 0.003 -17"><span class='ocrx_word' id='word_1_711' title='bbox 2181 3219 2484 3278; x_wconf 82' lang='lat' dir='ltr'><strong>suSpectum</strong></span> <span class='ocrx_word' id='word_1_712' title='bbox 2513 3225 2570 3264; x_wconf 91' lang='lat' dir='ltr'><strong>se</strong></span> <span class='ocrx_word' id='word_1_713' title='bbox 2589 3220 2829 3265; x_wconf 88' lang='lat' dir='ltr'><strong>cerneret</strong></span> <span class='ocrx_word' id='word_1_714' title='bbox 2850 3211 2982 3280; x_wconf 88' lang='lat' dir='ltr'><strong>regi,</strong></span> <span class='ocrx_word' id='word_1_715' title='bbox 3001 3211 3090 3279; x_wconf 90' lang='lat' dir='ltr'><strong>qui</strong></span> <span class='ocrx_word' id='word_1_716' title='bbox 3121 3226 3180 3265; x_wconf 91' lang='lat' dir='ltr'><strong>se</strong></span> <span class='ocrx_word' id='word_1_717' title='bbox 3200 3213 3362 3265; x_wconf 91' lang='lat' dir='ltr'><strong>torvis</strong></span> <span class='ocrx_word' id='word_1_718' title='bbox 3386 3212 3557 3267; x_wconf 90' lang='lat' dir='ltr'><strong>oculis</strong></span> <span class='ocrx_word' id='word_1_719' title='bbox 3583 3214 3760 3268; x_wconf 82' lang='lat' dir='ltr'><strong>intue-</strong></span> 
     </span>
    </p>
   </div>
   <div class='ocr_carea' id='block_1_95' title="bbox 2180 3300 3755 3371">
    <p class='ocr_par' dir='ltr' id='par_1_95' title="bbox 2180 3300 3755 3371">
     <span class='ocr_line' id='line_1_95' title="bbox 2180 3300 3755 3371; baseline 0.002 -18"><span class='ocrx_word' id='word_1_720' title='bbox 2180 3308 2346 3355; x_wconf 89' lang='lat' dir='ltr'><strong>retur.</strong></span> <span class='ocrx_word' id='word_1_721' title='bbox 2375 3301 2573 3369; x_wconf 88' lang='lat' dir='ltr'><strong>Ecquid</strong></span> <span class='ocrx_word' id='word_1_722' title='bbox 2591 3300 2710 3355; x_wconf 88' lang='lat' dir='ltr'><strong>dico</strong></span> <span class='ocrx_word' id='word_1_723' title='bbox 2731 3301 2834 3354; x_wconf 77' lang='lat' dir='ltr'><strong>dux</strong></span> <span class='ocrx_word' id='word_1_724' title='bbox 2852 3301 3116 3356; x_wconf 83' lang='lat' dir='ltr'><strong>exercitus</strong></span> <span class='ocrx_word' id='word_1_725' title='bbox 3131 3302 3276 3371; x_wconf 87' lang='lat' dir='ltr'><strong>regi?</strong></span> <span class='ocrx_word' id='word_1_726' title='bbox 3303 3301 3429 3355; x_wconf 86' lang='lat' dir='ltr'><strong>Nam</strong></span> <span class='ocrx_word' id='word_1_727' title='bbox 3455 3302 3498 3355; x_wconf 85' lang='lat' dir='ltr'><strong>si</strong></span> <span class='ocrx_word' id='word_1_728' title='bbox 3525 3302 3755 3370; x_wconf 82' lang='lat' dir='ltr'><strong>idipsum</strong></span> 
     </span>
    </p>
   </div>
   <div class='ocr_carea' id='block_1_96' title="bbox 2181 3390 3756 3460">
    <p class='ocr_par' dir='ltr' id='par_1_96' title="bbox 2181 3390 3756 3460">
     <span class='ocr_line' id='line_1_96' title="bbox 2181 3390 3756 3460; baseline 0.001 -17"><span class='ocrx_word' id='word_1_729' title='bbox 2181 3405 2278 3444; x_wconf 88' lang='lat' dir='ltr'><strong>nos</strong></span> <span class='ocrx_word' id='word_1_730' title='bbox 2300 3405 2326 3441; x_wconf 89' lang='lat' dir='ltr'><strong>a</strong></span> <span class='ocrx_word' id='word_1_731' title='bbox 2346 3392 2512 3444; x_wconf 88' lang='lat' dir='ltr'><strong>servis</strong></span> <span class='ocrx_word' id='word_1_732' title='bbox 2531 3391 2810 3460; x_wconf 88' lang='lat' dir='ltr'><strong>patiamur,</strong></span> <span class='ocrx_word' id='word_1_733' title='bbox 2834 3391 3047 3460; x_wconf 89' lang='lat' dir='ltr'><strong>indigne</strong></span> <span class='ocrx_word' id='word_1_734' title='bbox 3073 3390 3308 3453; x_wconf 87' lang='lat' dir='ltr'><strong>ferimus;</strong></span> <span class='ocrx_word' id='word_1_735' title='bbox 3341 3406 3460 3445; x_wconf 89' lang='lat' dir='ltr'><strong>cum</strong></span> <span class='ocrx_word' id='word_1_736' title='bbox 3483 3400 3658 3445; x_wconf 74' lang='lat' dir='ltr'><strong>autem</strong></span> <span class='ocrx_word' id='word_1_737' title='bbox 3691 3406 3756 3444; x_wconf 78' lang='lat' dir='ltr'><strong>ex</strong></span> 
     </span>
    </p>
   </div>
   <div class='ocr_carea' id='block_1_97' title="bbox 2180 3482 3758 3552">
    <p class='ocr_par' dir='ltr' id='par_1_97' title="bbox 2180 3482 3758 3552">
     <span class='ocr_line' id='line_1_97' title="bbox 2180 3482 3758 3552; baseline -0.001 -16"><span class='ocrx_word' id='word_1_738' title='bbox 2180 3483 2303 3536; x_wconf 91' lang='lat' dir='ltr'><strong>odio</strong></span> <span class='ocrx_word' id='word_1_739' title='bbox 2351 3482 2554 3536; x_wconf 84' lang='lat' dir='ltr'><strong>insidiis</strong></span> <span class='ocrx_word' id='word_1_740' title='bbox 2580 3482 2739 3536; x_wconf 90' lang='lat' dir='ltr'><strong>vitam</strong></span> <span class='ocrx_word' id='word_1_741' title='bbox 2769 3482 3056 3552; x_wconf 89' lang='lat' dir='ltr'><strong>impetunt,</strong></span> <span class='ocrx_word' id='word_1_742' title='bbox 3088 3498 3206 3552; x_wconf 70' lang='lat' dir='ltr'><strong>qua:</strong></span> <span class='ocrx_word' id='word_1_743' title='bbox 3236 3483 3340 3536; x_wconf 88' lang='lat' dir='ltr'><strong>vita</strong></span> <span class='ocrx_word' id='word_1_744' title='bbox 3382 3483 3479 3546; x_wconf 81' lang='lat' dir='ltr'><strong>illa</strong></span> <span class='ocrx_word' id='word_1_745' title='bbox 3516 3482 3758 3536; x_wconf 89' lang='lat' dir='ltr'><strong>acerbior</strong></span> 
     </span>
    </p>
   </div>
   <div class='ocr_carea' id='block_1_98' title="bbox 2180 3573 3760 3648">
    <p class='ocr_par' dir='ltr' id='par_1_98' title="bbox 2180 3573 3760 3648">
     <span class='ocr_line' id='line_1_98' title="bbox 2180 3573 3760 3648; baseline 0 -22"><span class='ocrx_word' id='word_1_746' title='bbox 2180 3573 2362 3627; x_wconf 82' lang='lat' dir='ltr'><strong>fuerit?</strong></span> <span class='ocrx_word' id='word_1_747' title='bbox 2377 3573 2600 3629; x_wconf 87' lang='lat' dir='ltr'><strong>Fcrebat</strong></span> <span class='ocrx_word' id='word_1_748' title='bbox 2614 3585 2787 3629; x_wconf 89' lang='lat' dir='ltr'><strong>tamen</strong></span> <span class='ocrx_word' id='word_1_749' title='bbox 2808 3575 2894 3648; x_wconf 88' lang='lat' dir='ltr'><strong>ille</strong></span> <span class='ocrx_word' id='word_1_750' title='bbox 2906 3575 3080 3628; x_wconf 78' lang='lat' dir='ltr'><strong>ornuia</strong></span> <span class='ocrx_word' id='word_1_751' title='bbox 3099 3582 3154 3628; x_wconf 89' lang='lat' dir='ltr'><strong>et</strong></span> <span class='ocrx_word' id='word_1_752' title='bbox 3172 3573 3454 3636; x_wconf 91' lang='lat' dir='ltr'><strong>tolerabat,</strong></span> <span class='ocrx_word' id='word_1_753' title='bbox 3468 3573 3760 3643; x_wconf 87' lang='lat' dir='ltr'><strong>aderatque</strong></span> 
     </span>
    </p>
   </div>
   <div class='ocr_carea' id='block_1_99' title="bbox 2179 3663 3759 3736">
    <p class='ocr_par' dir='ltr' id='par_1_99' title="bbox 2179 3663 3759 3736">
     <span class='ocr_line' id='line_1_99' title="bbox 2179 3663 3759 3736; baseline -0.001 -16"><span class='ocrx_word' id='word_1_754' title='bbox 2179 3666 2254 3720; x_wconf 93' lang='lat' dir='ltr'><strong>illi</strong></span> <span class='ocrx_word' id='word_1_755' title='bbox 2284 3667 2372 3736; x_wconf 90' lang='lat' dir='ltr'><strong>qui</strong></span> <span class='ocrx_word' id='word_1_756' title='bbox 2399 3681 2456 3721; x_wconf 89' lang='lat' dir='ltr'><strong>se</strong></span> <span class='ocrx_word' id='word_1_757' title='bbox 2474 3668 2735 3735; x_wconf 87' lang='lat' dir='ltr'><strong>perimere</strong></span> <span class='ocrx_word' id='word_1_758' title='bbox 2757 3667 3126 3730; x_wconf 85' lang='lat' dir='ltr'><strong>meditabatur,</strong></span> <span class='ocrx_word' id='word_1_759' title='bbox 3161 3675 3317 3735; x_wconf 89' lang='lat' dir='ltr'><strong>atque</strong></span> <span class='ocrx_word' id='word_1_760' title='bbox 3336 3665 3475 3719; x_wconf 90' lang='lat' dir='ltr'><strong>illius</strong></span> <span class='ocrx_word' id='word_1_761' title='bbox 3496 3663 3633 3719; x_wconf 88' lang='lat' dir='ltr'><strong>bella</strong></span> <span class='ocrx_word' id='word_1_762' title='bbox 3660 3680 3759 3734; x_wconf 83' lang='lat' dir='ltr'><strong>ge-</strong></span> 
     </span>
    </p>
   </div>
   <div class='ocr_carea' id='block_1_100' title="bbox 2180 3757 3760 3828">
    <p class='ocr_par' dir='ltr' id='par_1_100' title="bbox 2180 3757 3760 3828">
     <span class='ocr_line' id='line_1_100' title="bbox 2180 3757 3760 3828; baseline -0.003 -14"><span class='ocrx_word' id='word_1_763' title='bbox 2180 3760 2348 3814; x_wconf 83' lang='lat' dir='ltr'><strong>rebat.</strong></span> <span class='ocrx_word' id='word_1_764' title='bbox 2374 3760 2561 3813; x_wconf 84' lang='lat' dir='ltr'><strong>Postea</strong></span> <span class='ocrx_word' id='word_1_765' title='bbox 2607 3775 2737 3815; x_wconf 85' lang='lat' dir='ltr'><strong>vero</strong></span> <span class='ocrx_word' id='word_1_766' title='bbox 2772 3774 2927 3828; x_wconf 84' lang='lat' dir='ltr'><strong>quam</strong></span> <span class='ocrx_word' id='word_1_767' title='bbox 2955 3759 3191 3821; x_wconf 88' lang='lat' dir='ltr'><strong>recessit,</strong></span> <span class='ocrx_word' id='word_1_768' title='bbox 3215 3768 3377 3826; x_wconf 84' lang='lat' dir='ltr'><strong>atque</strong></span> <span class='ocrx_word' id='word_1_769' title='bbox 3405 3773 3434 3810; x_wconf 90' lang='lat' dir='ltr'><strong>a</strong></span> <span class='ocrx_word' id='word_1_770' title='bbox 3461 3757 3587 3812; x_wconf 90' lang='lat' dir='ltr'><strong>belli</strong></span> <span class='ocrx_word' id='word_1_771' title='bbox 3614 3757 3760 3810; x_wconf 82' lang='lat' dir='ltr'><strong>curis</strong></span> 
     </span>
    </p>
   </div>
   <div class='ocr_carea' id='block_1_101' title="bbox 2179 3849 3761 3920">
    <p class='ocr_par' dir='ltr' id='par_1_101' title="bbox 2179 3849 3761 3920">
     <span class='ocr_line' id='line_1_101' title="bbox 2179 3849 3761 3920; baseline -0.002 -15"><span class='ocrx_word' id='word_1_772' title='bbox 2179 3851 2410 3920; x_wconf 88' lang='lat' dir='ltr'><strong>seipsum</strong></span> <span class='ocrx_word' id='word_1_773' title='bbox 2430 3850 2781 3918; x_wconf 85' lang='lat' dir='ltr'><strong>removit,hoc</strong></span> <span class='ocrx_word' id='word_1_774' title='bbox 2798 3852 2914 3920; x_wconf 89' lang='lat' dir='ltr'><strong>ipso</strong></span> <span class='ocrx_word' id='word_1_775' title='bbox 2934 3850 3144 3919; x_wconf 89' lang='lat' dir='ltr'><strong>quidem</strong></span> <span class='ocrx_word' id='word_1_776' title='bbox 3160 3849 3301 3918; x_wconf 87' lang='lat' dir='ltr'><strong>quod</strong></span> <span class='ocrx_word' id='word_1_777' title='bbox 3314 3864 3374 3904; x_wconf 87' lang='lat' dir='ltr'><strong>se</strong></span> <span class='ocrx_word' id='word_1_778' title='bbox 3393 3849 3578 3920; x_wconf 85' lang='lat' dir='ltr'><strong>procul</strong></span> <span class='ocrx_word' id='word_1_779' title='bbox 3592 3864 3761 3902; x_wconf 89' lang='lat' dir='ltr'><strong>remo-</strong></span> 
     </span>
    </p>
   </div>
   <div class='ocr_carea' id='block_1_102' title="bbox 2183 3939 3760 4010">
    <p class='ocr_par' dir='ltr' id='par_1_102' title="bbox 2183 3939 3760 4010">
     <span class='ocr_line' id='line_1_102' title="bbox 2183 3939 3760 4010; baseline 0.001 -17"><span class='ocrx_word' id='word_1_780' title='bbox 2183 3949 2330 3994; x_wconf 85' lang='lat' dir='ltr'><strong>verat</strong></span> <span class='ocrx_word' id='word_1_781' title='bbox 2349 3951 2665 4010; x_wconf 88' lang='lat' dir='ltr'><strong>apertasque</strong></span> <span class='ocrx_word' id='word_1_782' title='bbox 2685 3941 3361 4006; x_wconf 86' lang='lat' dir='ltr'><strong>inimicitiasconstituerat,</strong></span> <span class='ocrx_word' id='word_1_783' title='bbox 3382 3939 3620 3994; x_wconf 91' lang='lat' dir='ltr'><strong>nonnihil</strong></span> <span class='ocrx_word' id='word_1_784' title='bbox 3641 3939 3760 4008; x_wconf 81' lang='lat' dir='ltr'><strong>plus</strong></span> 
     </span>
    </p>
   </div>
   <div class='ocr_carea' id='block_1_103' title="bbox 2178 4031 3760 4100">
    <p class='ocr_par' dir='ltr' id='par_1_103' title="bbox 2178 4031 3760 4100">
     <span class='ocr_line' id='line_1_103' title="bbox 2178 4031 3760 4100; baseline 0 -16"><span class='ocrx_word' id='word_1_785' title='bbox 2178 4031 2382 4085; x_wconf 82' lang='lat' dir='ltr'><strong>ﬁduciae</strong></span> <span class='ocrx_word' id='word_1_786' title='bbox 2403 4031 2836 4087; x_wconf 80' lang='lat' dir='ltr'><strong>habebatzverum</strong></span> <span class='ocrx_word' id='word_1_787' title='bbox 2853 4047 2972 4087; x_wconf 90' lang='lat' dir='ltr'><strong>eum</strong></span> <span class='ocrx_word' id='word_1_788' title='bbox 2989 4032 3239 4086; x_wconf 87' lang='lat' dir='ltr'><strong>adversus</strong></span> <span class='ocrx_word' id='word_1_789' title='bbox 3254 4039 3423 4087; x_wconf 85' lang='lat' dir='ltr'><strong>tantas</strong></span> <span class='ocrx_word' id='word_1_790' title='bbox 3445 4031 3760 4100; x_wconf 84' lang='lat' dir='ltr'><strong>copiascum</strong></span> 
     </span>
    </p>
   </div>
   <div class='ocr_carea' id='block_1_104' title="bbox 2179 4122 3756 4193">
    <p class='ocr_par' dir='ltr' id='par_1_104' title="bbox 2179 4122 3756 4193">
     <span class='ocr_line' id='line_1_104' title="bbox 2179 4122 3756 4193; baseline 0.001 -20"><span class='ocrx_word' id='word_1_791' title='bbox 2179 4123 2565 4192; x_wconf 86' lang='lat' dir='ltr'><strong>quadringiutis</strong></span> <span class='ocrx_word' id='word_1_792' title='bbox 2584 4124 2710 4178; x_wconf 92' lang='lat' dir='ltr'><strong>viris</strong></span> <span class='ocrx_word' id='word_1_793' title='bbox 2730 4123 2983 4180; x_wconf 88' lang='lat' dir='ltr'><strong>dimicare</strong></span> <span class='ocrx_word' id='word_1_794' title='bbox 3003 4132 3299 4193; x_wconf 85' lang='lat' dir='ltr'><strong>cogeretur,</strong></span> <span class='ocrx_word' id='word_1_795' title='bbox 3325 4131 3467 4176; x_wconf 90' lang='lat' dir='ltr'><strong>metu</strong></span> <span class='ocrx_word' id='word_1_796' title='bbox 3493 4122 3756 4191; x_wconf 85' lang='lat' dir='ltr'><strong>ampliore</strong></span> 
     </span>
    </p>
   </div>
   <div class='ocr_carea' id='block_1_105' title="bbox 2177 4215 3761 4286">
    <p class='ocr_par' dir='ltr' id='par_1_105' title="bbox 2177 4215 3761 4286">
     <span class='ocr_line' id='line_1_105' title="bbox 2177 4215 3761 4286; baseline -0.002 -16"><span class='ocrx_word' id='word_1_797' title='bbox 2177 4232 2336 4285; x_wconf 89' lang='lat' dir='ltr'><strong>quam</strong></span> <span class='ocrx_word' id='word_1_798' title='bbox 2387 4218 2530 4286; x_wconf 88' lang='lat' dir='ltr'><strong>prius</strong></span> <span class='ocrx_word' id='word_1_799' title='bbox 2557 4219 2852 4273; x_wconf 89' lang='lat' dir='ltr'><strong>tenebatur.</strong></span> <span class='ocrx_word' id='word_1_800' title='bbox 2881 4217 3013 4272; x_wconf 86' lang='lat' dir='ltr'><strong>Nam</strong></span> <span class='ocrx_word' id='word_1_801' title='bbox 3038 4217 3122 4272; x_wconf 89' lang='lat' dir='ltr'><strong>cui</strong></span> <span class='ocrx_word' id='word_1_802' title='bbox 3151 4231 3319 4286; x_wconf 83' lang='lat' dir='ltr'><strong>neque</strong></span> <span class='ocrx_word' id='word_1_803' title='bbox 3349 4215 3507 4270; x_wconf 83' lang='lat' dir='ltr'><strong>urbes</strong></span> <span class='ocrx_word' id='word_1_804' title='bbox 3534 4256 3550 4280; x_wconf 92' lang='lat'><strong>,</strong></span> <span class='ocrx_word' id='word_1_805' title='bbox 3586 4230 3761 4284; x_wconf 85' lang='lat' dir='ltr'><strong>neque</strong></span> 
     </span>
    </p>
   </div>
   <div class='ocr_carea' id='block_1_106' title="bbox 2178 4305 3760 4379">
    <p class='ocr_par' dir='ltr' id='par_1_106' title="bbox 2178 4305 3760 4379">
     <span class='ocr_line' id='line_1_106' title="bbox 2178 4305 3760 4379; baseline -0.003 -17"><span class='ocrx_word' id='word_1_806' title='bbox 2178 4310 2583 4374; x_wconf 88' lang='lat' dir='ltr'><strong>munimentum,</strong></span> <span class='ocrx_word' id='word_1_807' title='bbox 2614 4325 2785 4378; x_wconf 87' lang='lat' dir='ltr'><strong>neque</strong></span> <span class='ocrx_word' id='word_1_808' title='bbox 2805 4310 2952 4374; x_wconf 90' lang='lat' dir='ltr'><strong>socii,</strong></span> <span class='ocrx_word' id='word_1_809' title='bbox 2980 4324 3150 4379; x_wconf 88' lang='lat' dir='ltr'><strong>neque</strong></span> <span class='ocrx_word' id='word_1_810' title='bbox 3168 4307 3366 4363; x_wconf 89' lang='lat' dir='ltr'><strong>reditus</strong></span> <span class='ocrx_word' id='word_1_811' title='bbox 3383 4315 3558 4373; x_wconf 90' lang='lat' dir='ltr'><strong>erant,</strong></span> <span class='ocrx_word' id='word_1_812' title='bbox 3584 4305 3760 4359; x_wconf 89' lang='lat' dir='ltr'><strong>consi-</strong></span> 
     </span>
    </p>
   </div>
   <div class='ocr_carea' id='block_1_107' title="bbox 2176 4398 3760 4470">
    <p class='ocr_par' dir='ltr' id='par_1_107' title="bbox 2176 4398 3760 4470">
     <span class='ocr_line' id='line_1_107' title="bbox 2176 4398 3760 4470; baseline -0.002 -15"><span class='ocrx_word' id='word_1_813' title='bbox 2176 4401 2303 4455; x_wconf 91' lang='lat' dir='ltr'><strong>dera</strong></span> <span class='ocrx_word' id='word_1_814' title='bbox 2319 4416 2422 4470; x_wconf 89' lang='lat' dir='ltr'><strong>quo</strong></span> <span class='ocrx_word' id='word_1_815' title='bbox 2442 4403 2621 4455; x_wconf 91' lang='lat' dir='ltr'><strong>animo</strong></span> <span class='ocrx_word' id='word_1_816' title='bbox 2636 4411 2767 4466; x_wconf 85' lang='lat' dir='ltr'><strong>erat,</strong></span> <span class='ocrx_word' id='word_1_817' title='bbox 2788 4416 2906 4455; x_wconf 89' lang='lat' dir='ltr'><strong>cum</strong></span> <span class='ocrx_word' id='word_1_818' title='bbox 2923 4402 3174 4456; x_wconf 85' lang='lat' dir='ltr'><strong>adversus</strong></span> <span class='ocrx_word' id='word_1_819' title='bbox 3201 4399 3391 4455; x_wconf 82' lang='lat' dir='ltr'><strong>fretum</strong></span> <span class='ocrx_word' id='word_1_820' title='bbox 3408 4398 3492 4452; x_wconf 90' lang='lat' dir='ltr'><strong>his</strong></span> <span class='ocrx_word' id='word_1_821' title='bbox 3511 4399 3760 4453; x_wconf 84' lang='lat' dir='ltr'><strong>omnibus</strong></span> 
     </span>
    </p>
   </div>
   <div class='ocr_carea' id='block_1_108' title="bbox 2178 4489 3754 4562">
    <p class='ocr_par' dir='ltr' id='par_1_108' title="bbox 2178 4489 3754 4562">
     <span class='ocr_line' id='line_1_108' title="bbox 2178 4489 3754 4562; baseline 0 -19"><span class='ocrx_word' id='word_1_822' title='bbox 2178 4508 2412 4562; x_wconf 87' lang='lat' dir='ltr'><strong>pugnare</strong></span> <span class='ocrx_word' id='word_1_823' title='bbox 2438 4501 2738 4562; x_wconf 85' lang='lat' dir='ltr'><strong>cogeretur,</strong></span> <span class='ocrx_word' id='word_1_824' title='bbox 2771 4508 2890 4557; x_wconf 90' lang='lat' dir='ltr'><strong>nec,</strong></span> <span class='ocrx_word' id='word_1_825' title='bbox 2920 4502 3113 4561; x_wconf 80' lang='lat' dir='ltr'><strong>praeter</strong></span> <span class='ocrx_word' id='word_1_826' title='bbox 3141 4491 3348 4545; x_wconf 89' lang='lat' dir='ltr'><strong>deserta</strong></span> <span class='ocrx_word' id='word_1_827' title='bbox 3369 4498 3422 4543; x_wconf 86' lang='lat' dir='ltr'><strong>et</strong></span> <span class='ocrx_word' id='word_1_828' title='bbox 3443 4489 3754 4558; x_wconf 85' lang='lat' dir='ltr'><strong>speluncas,</strong></span> 
     </span>
    </p>
   </div>
   <div class='ocr_carea' id='block_1_109' title="bbox 2179 4581 3757 4655">
    <p class='ocr_par' dir='ltr' id='par_1_109' title="bbox 2179 4581 3757 4655">
     <span class='ocr_line' id='line_1_109' title="bbox 2179 4581 3757 4655; baseline -0.004 -16"><span class='ocrx_word' id='word_1_829' title='bbox 2179 4598 2283 4655; x_wconf 86' lang='lat' dir='ltr'><strong>quo</strong></span> <span class='ocrx_word' id='word_1_830' title='bbox 2311 4587 2660 4654; x_wconf 88' lang='lat' dir='ltr'><strong>confugeret,</strong></span> <span class='ocrx_word' id='word_1_831' title='bbox 2707 4586 2942 4653; x_wconf 88' lang='lat' dir='ltr'><strong>reperire</strong></span> <span class='ocrx_word' id='word_1_832' title='bbox 2997 4593 3194 4654; x_wconf 87' lang='lat' dir='ltr'><strong>posset.</strong></span> <span class='ocrx_word' id='word_1_833' title='bbox 3226 4581 3355 4636; x_wconf 84' lang='lat' dir='ltr'><strong>Nam</strong></span> <span class='ocrx_word' id='word_1_834' title='bbox 3403 4596 3525 4634; x_wconf 88' lang='lat' dir='ltr'><strong>cum</strong></span> <span class='ocrx_word' id='word_1_835' title='bbox 3571 4581 3757 4635; x_wconf 81' lang='lat' dir='ltr'><strong>urbem</strong></span> 
     </span>
    </p>
   </div>
   <div class='ocr_carea' id='block_1_110' title="bbox 2178 4671 3760 4750">
    <p class='ocr_par' dir='ltr' id='par_1_110' title="bbox 2178 4671 3760 4750">
     <span class='ocr_line' id='line_1_110' title="bbox 2178 4671 3760 4750; baseline -0.004 -18"><span class='ocrx_word' id='word_1_836' title='bbox 2178 4677 2320 4734; x_wconf 87' lang='lat' dir='ltr'><strong>Ceila</strong></span> <span class='ocrx_word' id='word_1_837' title='bbox 2348 4678 2560 4733; x_wconf 89' lang='lat' dir='ltr'><strong>nomine</strong></span> <span class='ocrx_word' id='word_1_838' title='bbox 2603 4688 2916 4747; x_wconf 86' lang='lat' dir='ltr'><strong>occupasset</strong></span> <span class='ocrx_word' id='word_1_839' title='bbox 2945 4677 3018 4750; x_wconf 87' lang='lat' dir='ltr'><strong>(l.</strong></span> <span class='ocrx_word' id='word_1_840' title='bbox 3061 4678 3191 4748; x_wconf 84' lang='lat' dir='ltr'><strong>Reg.</strong></span> <span class='ocrx_word' id='word_1_841' title='bbox 3222 4671 3453 4744; x_wconf 54' lang='lat'><strong>2.1),“</strong></span> <span class='ocrx_word' id='word_1_842' title='bbox 3476 4689 3539 4729; x_wconf 88' lang='lat' dir='ltr'><strong>ea</strong></span> <span class='ocrx_word' id='word_1_843' title='bbox 3593 4672 3760 4742; x_wconf 87' lang='lat' dir='ltr'><strong>proti-</strong></span> 
     </span>
    </p>
   </div>
   <div class='ocr_carea' id='block_1_111' title="bbox 2181 4764 3761 4837">
    <p class='ocr_par' dir='ltr' id='par_1_111' title="bbox 2181 4764 3761 4837">
     <span class='ocr_line' id='line_1_111' title="bbox 2181 4764 3761 4837; baseline -0.006 -10"><span class='ocrx_word' id='word_1_844' title='bbox 2181 4788 2279 4827; x_wconf 90' lang='lat' dir='ltr'><strong>nus</strong></span> <span class='ocrx_word' id='word_1_845' title='bbox 2317 4772 2539 4837; x_wconf 90' lang='lat' dir='ltr'><strong>resiliit,</strong></span> <span class='ocrx_word' id='word_1_846' title='bbox 2582 4771 2872 4826; x_wconf 88' lang='lat' dir='ltr'><strong>sacerdotis</strong></span> <span class='ocrx_word' id='word_1_847' title='bbox 2920 4769 3189 4837; x_wconf 88' lang='lat' dir='ltr'><strong>responsis</strong></span> <span class='ocrx_word' id='word_1_848' title='bbox 3246 4765 3551 4820; x_wconf 86' lang='lat' dir='ltr'><strong>admonitus</strong></span> <span class='ocrx_word' id='word_1_849' title='bbox 3616 4764 3761 4833; x_wconf 87' lang='lat' dir='ltr'><strong>quod</strong></span> 
     </span>
    </p>
   </div>
   <div class='ocr_carea' id='block_1_112' title="bbox 2179 4856 3760 4932">
    <p class='ocr_par' dir='ltr' id='par_1_112' title="bbox 2179 4856 3760 4932">
     <span class='ocr_line' id='line_1_112' title="bbox 2179 4856 3760 4932; baseline -0.009 -13"><span class='ocrx_word' id='word_1_850' title='bbox 2179 4865 2224 4919; x_wconf 89' lang='lat' dir='ltr'><strong>si</strong></span> <span class='ocrx_word' id='word_1_851' title='bbox 2255 4865 2362 4919; x_wconf 90' lang='lat' dir='ltr'><strong>illic</strong></span> <span class='ocrx_word' id='word_1_852' title='bbox 2405 4879 2623 4919; x_wconf 91' lang='lat' dir='ltr'><strong>manere</strong></span> <span class='ocrx_word' id='word_1_853' title='bbox 2673 4869 2949 4932; x_wconf 86' lang='lat' dir='ltr'><strong>pergeret,</strong></span> <span class='ocrx_word' id='word_1_854' title='bbox 2973 4861 3113 4917; x_wconf 88' lang='lat' dir='ltr'><strong>Deus</strong></span> <span class='ocrx_word' id='word_1_855' title='bbox 3143 4859 3289 4913; x_wconf 89' lang='lat' dir='ltr'><strong>illum</strong></span> <span class='ocrx_word' id='word_1_856' title='bbox 3311 4873 3341 4912; x_wconf 92' lang='lat' dir='ltr'><strong>c</strong></span> <span class='ocrx_word' id='word_1_857' title='bbox 3386 4857 3560 4911; x_wconf 75' lang='lat' dir='ltr'><strong>Saulis</strong></span> <span class='ocrx_word' id='word_1_858' title='bbox 3589 4856 3760 4908; x_wconf 82' lang='lat' dir='ltr'><strong>mani-</strong></span> 
     </span>
    </p>
   </div>
   <div class='ocr_carea' id='block_1_113' title="bbox 2179 4947 3762 5024">
    <p class='ocr_par' dir='ltr' id='par_1_113' title="bbox 2179 4947 3762 5024">
     <span class='ocr_line' id='line_1_113' title="bbox 2179 4947 3762 5024; baseline -0.008 -14"><span class='ocrx_word' id='word_1_859' title='bbox 2179 4957 2280 5011; x_wconf 90' lang='lat' dir='ltr'><strong>bus</strong></span> <span class='ocrx_word' id='word_1_860' title='bbox 2310 4970 2416 5010; x_wconf 91' lang='lat' dir='ltr'><strong>non</strong></span> <span class='ocrx_word' id='word_1_861' title='bbox 2463 4965 2743 5024; x_wconf 90' lang='lat' dir='ltr'><strong>erepturus</strong></span> <span class='ocrx_word' id='word_1_862' title='bbox 2771 4962 2930 5008; x_wconf 86' lang='lat' dir='ltr'><strong>esset.</strong></span> <span class='ocrx_word' id='word_1_863' title='bbox 2963 4951 3031 5006; x_wconf 81' lang='lat' dir='ltr'><strong>At</strong></span> <span class='ocrx_word' id='word_1_864' title='bbox 3067 4966 3196 5005; x_wconf 89' lang='lat' dir='ltr'><strong>vero</strong></span> <span class='ocrx_word' id='word_1_865' title='bbox 3236 4948 3488 5004; x_wconf 87' lang='lat' dir='ltr'><strong>sacerdos</strong></span> <span class='ocrx_word' id='word_1_866' title='bbox 3528 4947 3617 5001; x_wconf 91' lang='lat' dir='ltr'><strong>ille</strong></span> <span class='ocrx_word' id='word_1_867' title='bbox 3650 4948 3762 5013; x_wconf 82' lang='lat' dir='ltr'><strong>ipso</strong></span> 
     </span>
    </p>
   </div>
   <div class='ocr_carea' id='block_1_114' title="bbox 2179 5039 3761 5116">
    <p class='ocr_par' dir='ltr' id='par_1_114' title="bbox 2179 5039 3761 5116">
     <span class='ocr_line' id='line_1_114' title="bbox 2179 5039 3761 5116; baseline -0.009 -14"><span class='ocrx_word' id='word_1_868' title='bbox 2179 5057 2331 5110; x_wconf 83' lang='lat' dir='ltr'><strong>erat,</strong></span> <span class='ocrx_word' id='word_1_869' title='bbox 2392 5046 2482 5116; x_wconf 92' lang='lat' dir='ltr'><strong>qui</strong></span> <span class='ocrx_word' id='word_1_870' title='bbox 2520 5047 2694 5102; x_wconf 75' lang='lat' dir='ltr'><strong>Saulis</strong></span> <span class='ocrx_word' id='word_1_871' title='bbox 2748 5060 2935 5100; x_wconf 89' lang='lat' dir='ltr'><strong>manus</strong></span> <span class='ocrx_word' id='word_1_872' title='bbox 2980 5043 3271 5113; x_wconf 88' lang='lat' dir='ltr'><strong>effugerat,</strong></span> <span class='ocrx_word' id='word_1_873' title='bbox 3307 5051 3361 5095; x_wconf 90' lang='lat' dir='ltr'><strong>et</strong></span> <span class='ocrx_word' id='word_1_874' title='bbox 3413 5043 3503 5109; x_wconf 88' lang='lat' dir='ltr'><strong>qui</strong></span> <span class='ocrx_word' id='word_1_875' title='bbox 3555 5039 3761 5092; x_wconf 82' lang='lat' dir='ltr'><strong>cladem</strong></span> 
     </span>
    </p>
   </div>
   <div class='ocr_carea' id='block_1_115' title="bbox 2179 5129 3765 5206">
    <p class='ocr_par' dir='ltr' id='par_1_115' title="bbox 2179 5129 3765 5206">
     <span class='ocr_line' id='line_1_115' title="bbox 2179 5129 3765 5206; baseline -0.008 -12"><span class='ocrx_word' id='word_1_876' title='bbox 2179 5139 2620 5194; x_wconf 74' lang='lat' dir='ltr'><strong>luctuosissimum</strong></span> <span class='ocrx_word' id='word_1_877' title='bbox 2649 5153 2764 5206; x_wconf 72' lang='lat' dir='ltr'><strong>qua:</strong></span> <span class='ocrx_word' id='word_1_878' title='bbox 2795 5137 2846 5189; x_wconf 93' lang='lat' dir='ltr'><strong>iu</strong></span> <span class='ocrx_word' id='word_1_879' title='bbox 2875 5135 3075 5189; x_wconf 76' lang='lat' dir='ltr'><strong>Nomba</strong></span> <span class='ocrx_word' id='word_1_880' title='bbox 3103 5134 3396 5202; x_wconf 86' lang='lat' dir='ltr'><strong>contigerat</strong></span> <span class='ocrx_word' id='word_1_881' title='bbox 3428 5129 3765 5184; x_wconf 73' lang='lat' dir='ltr'><strong>annuntiavit</strong></span> 
     </span>
    </p>
   </div>
   <div class='ocr_carea' id='block_1_116' title="bbox 2181 5221 3762 5302">
    <p class='ocr_par' dir='ltr' id='par_1_116' title="bbox 2181 5221 3762 5302">
     <span class='ocr_line' id='line_1_116' title="bbox 2181 5221 3762 5302; baseline -0.009 -15"><span class='ocrx_word' id='word_1_882' title='bbox 2181 5237 2335 5302; x_wconf 89' lang='lat' dir='ltr'><strong>regi,</strong></span> <span class='ocrx_word' id='word_1_883' title='bbox 2364 5231 2576 5300; x_wconf 87' lang='lat' dir='ltr'><strong>quando</strong></span> <span class='ocrx_word' id='word_1_884' title='bbox 2622 5230 2677 5283; x_wconf 90' lang='lat' dir='ltr'><strong>in</strong></span> <span class='ocrx_word' id='word_1_885' title='bbox 2706 5229 3093 5290; x_wconf 85' lang='lat' dir='ltr'><strong>amarissimam</strong></span> <span class='ocrx_word' id='word_1_886' title='bbox 3136 5239 3347 5295; x_wconf 87' lang='lat' dir='ltr'><strong>quoque</strong></span> <span class='ocrx_word' id='word_1_887' title='bbox 3392 5223 3534 5276; x_wconf 88' lang='lat' dir='ltr'><strong>illam</strong></span> <span class='ocrx_word' id='word_1_888' title='bbox 3586 5221 3762 5288; x_wconf 83' lang='lat' dir='ltr'><strong>erupit</strong></span> 
     </span>
    </p>
   </div>
   <div class='ocr_carea' id='block_1_117' title="bbox 2180 5313 3760 5392">
    <p class='ocr_par' dir='ltr' id='par_1_117' title="bbox 2180 5313 3760 5392">
     <span class='ocr_line' id='line_1_117' title="bbox 2180 5313 3760 5392; baseline -0.011 -12"><span class='ocrx_word' id='word_1_889' title='bbox 2180 5341 2396 5380; x_wconf 80' lang='lat' dir='ltr'><strong>vocem-2</strong></span> <span class='ocrx_word' id='word_1_890' title='bbox 2430 5323 2540 5392; x_wconf 79' lang='lat' dir='ltr'><strong>Ego</strong></span> <span class='ocrx_word' id='word_1_891' title='bbox 2570 5324 2701 5376; x_wconf 83' lang='lat' dir='ltr'><strong>enim</strong></span> <span class='ocrx_word' id='word_1_892' title='bbox 2738 5338 2846 5375; x_wconf 86' lang='lat' dir='ltr'><strong>sum</strong></span> <span class='ocrx_word' id='word_1_893' title='bbox 2869 5337 2988 5374; x_wconf 86' lang='lat' dir='ltr'><strong>reus</strong></span> <span class='ocrx_word' id='word_1_894' title='bbox 3012 5329 3307 5376; x_wconf 83' lang='lat' dir='ltr'><strong>cunctarum</strong></span> <span class='ocrx_word' id='word_1_895' title='bbox 3347 5316 3634 5369; x_wconf 77' lang='lat' dir='ltr'><strong>animarum</strong></span> <span class='ocrx_word' id='word_1_896' title='bbox 3662 5313 3760 5364; x_wconf 82' lang='lat' dir='ltr'><strong>do-</strong></span> 
     </span>
    </p>
   </div>
   <div class='ocr_carea' id='block_1_118' title="bbox 2181 5403 3757 5486">
    <p class='ocr_par' dir='ltr' id='par_1_118' title="bbox 2181 5403 3757 5486">
     <span class='ocr_line' id='line_1_118' title="bbox 2181 5403 3757 5486; baseline -0.01 -17"><span class='ocrx_word' id='word_1_897' title='bbox 2181 5434 2292 5469; x_wconf 85' lang='lat' dir='ltr'><strong>mus</strong></span> <span class='ocrx_word' id='word_1_898' title='bbox 2331 5418 2491 5486; x_wconf 78' lang='lat' dir='ltr'><strong>patris</strong></span> <span class='ocrx_word' id='word_1_899' title='bbox 2521 5417 2592 5467; x_wconf 85' lang='lat' dir='ltr'><strong>tui</strong></span> <span class='ocrx_word' id='word_1_900' title='bbox 2641 5414 2716 5484; x_wconf 87' lang='grc'><strong>(1.</strong></span> <span class='ocrx_word' id='word_1_901' title='bbox 2756 5413 2882 5482; x_wconf 77' lang='lat' dir='ltr'><strong>Reg.</strong></span> <span class='ocrx_word' id='word_1_902' title='bbox 2920 5412 3010 5466; x_wconf 67' lang='grc'><strong>22.</strong></span> <span class='ocrx_word' id='word_1_903' title='bbox 3039 5410 3151 5480; x_wconf 70' lang='lat'><strong>22).</strong></span> <span class='ocrx_word' id='word_1_904' title='bbox 3198 5408 3380 5476; x_wconf 82' lang='lat' dir='ltr'><strong>Itaque</strong></span> <span class='ocrx_word' id='word_1_905' title='bbox 3408 5420 3530 5460; x_wconf 90' lang='lat' dir='ltr'><strong>cum</strong></span> <span class='ocrx_word' id='word_1_906' title='bbox 3563 5403 3652 5458; x_wconf 81' lang='lat' dir='ltr'><strong>illo</strong></span> <span class='ocrx_word' id='word_1_907' title='bbox 3677 5403 3757 5471; x_wconf 81' lang='lat' dir='ltr'><strong>ju-</strong></span> 
     </span>
    </p>
   </div>
   <div class='ocr_carea' id='block_1_119' title="bbox 2181 5495 3756 5578">
    <p class='ocr_par' dir='ltr' id='par_1_119' title="bbox 2181 5495 3756 5578">
     <span class='ocr_line' id='line_1_119' title="bbox 2181 5495 3756 5578; baseline -0.01 -17"><span class='ocrx_word' id='word_1_908' title='bbox 2181 5511 2315 5578; x_wconf 86' lang='lat' dir='ltr'><strong>giter</strong></span> <span class='ocrx_word' id='word_1_909' title='bbox 2358 5519 2672 5573; x_wconf 76' lang='lat' dir='ltr'><strong>congreSsus</strong></span> <span class='ocrx_word' id='word_1_910' title='bbox 2708 5504 2833 5558; x_wconf 89' lang='lat' dir='ltr'><strong>nihil</strong></span> <span class='ocrx_word' id='word_1_911' title='bbox 2865 5501 3004 5558; x_wconf 89' lang='lat' dir='ltr'><strong>aliud</strong></span> <span class='ocrx_word' id='word_1_912' title='bbox 3043 5508 3158 5555; x_wconf 86' lang='lat' dir='ltr'><strong>erat</strong></span> <span class='ocrx_word' id='word_1_913' title='bbox 3206 5513 3364 5567; x_wconf 88' lang='lat' dir='ltr'><strong>quam</strong></span> <span class='ocrx_word' id='word_1_914' title='bbox 3418 5496 3591 5549; x_wconf 89' lang='lat' dir='ltr'><strong>luctus</strong></span> <span class='ocrx_word' id='word_1_915' title='bbox 3621 5495 3756 5546; x_wconf 83' lang='lat' dir='ltr'><strong>illius</strong></span> 
     </span>
    </p>
   </div>
   <div class='ocr_carea' id='block_1_120' title="bbox 2183 5587 3757 5653">
    <p class='ocr_par' dir='ltr' id='par_1_120' title="bbox 2183 5587 3757 5653">
     <span class='ocr_line' id='line_1_120' title="bbox 2183 5587 3757 5653; baseline -0.008 0"><span class='ocrx_word' id='word_1_916' title='bbox 2183 5600 2585 5653; x_wconf 90' lang='lat' dir='ltr'><strong>tnonimcntum.</strong></span> <span class='ocrx_word' id='word_1_917' title='bbox 2625 5595 2759 5651; x_wconf 88' lang='lat' dir='ltr'><strong>Cum</strong></span> <span class='ocrx_word' id='word_1_918' title='bbox 2813 5596 2954 5649; x_wconf 90' lang='lat' dir='ltr'><strong>enim</strong></span> <span class='ocrx_word' id='word_1_919' title='bbox 2999 5594 3050 5646; x_wconf 86' lang='lat' dir='ltr'><strong>in</strong></span> <span class='ocrx_word' id='word_1_920' title='bbox 3080 5592 3226 5646; x_wconf 84' lang='lat' dir='ltr'><strong>illum</strong></span> <span class='ocrx_word' id='word_1_921' title='bbox 3256 5589 3581 5646; x_wconf 87' lang='lat' dir='ltr'><strong>intuebatur.</strong></span> <span class='ocrx_word' id='word_1_922' title='bbox 3613 5587 3757 5640; x_wconf 88' lang='lat' dir='ltr'><strong>necis</strong></span> 
     </span>
    </p>
   </div>
   <div class='ocr_carea' id='block_1_121' title="bbox 2184 5675 3741 5758">
    <p class='ocr_par' dir='ltr' id='par_1_121' title="bbox 2184 5675 3741 5758">
     <span class='ocr_line' id='line_1_121' title="bbox 2184 5675 3741 5758; baseline -0.011 -12"><span class='ocrx_word' id='word_1_923' title='bbox 2184 5690 2516 5747; x_wconf 87' lang='lat' dir='ltr'><strong>sacerdotum</strong></span> <span class='ocrx_word' id='word_1_924' title='bbox 2563 5703 2774 5758; x_wconf 87' lang='lat' dir='ltr'><strong>semper</strong></span> <span class='ocrx_word' id='word_1_925' title='bbox 2815 5687 3146 5743; x_wconf 88' lang='lat' dir='ltr'><strong>meminerat.</strong></span> <span class='ocrx_word' id='word_1_926' title='bbox 3176 5685 3345 5742; x_wconf 88' lang='lat' dir='ltr'><strong>Porro</strong></span> <span class='ocrx_word' id='word_1_927' title='bbox 3384 5683 3551 5754; x_wconf 84' lang='lat' dir='ltr'><strong>ipsius</strong></span> <span class='ocrx_word' id='word_1_928' title='bbox 3574 5675 3741 5731; x_wconf 57' lang='lat' dir='ltr'><strong>caedis</strong></span> 
     </span>
    </p>
   </div>
  </div>
