4060 6136
301 243 410 303 479

304 374 424 447 μοις
461 356 556 447 καὶ
598 359 798 432 μάχαις
842 370 1367 442 συναναστρέφεσθαι
1405 373 1728 447 διαπαντόςς
1782 383 1874 435 καὶ

301 446 458 499 ποίαν
480 445 546 500 ἂν
573 449 785 519 ἀφῆκεν
818 452 875 505 ἐν
912 459 1244 513 καταστάσει
1283 460 1462 533 ψυχὴν
1489 445 1777 535 γενέσθαι;
1810 470 1873 523 El

297 534 405 606 γὰρ
437 537 529 589 καὶ
558 536 725 593 νικῶν
761 537 1008 609 διετέλει,
1038 546 1152 598 ἀλλ’
1183 547 1332 618 ὅμως
1357 550 1456 621 τὴν
1483 554 1590 606 ἀπὸ
1614 555 1721 609 τῶν
1745 573 1873 628 τρο-

296 622 473 676 παίων
497 624 690 697 ἡδονὴν
733 627 767 700 ἡ
817 629 928 685 τῶν
983 632 1449 706 περιλειπομένων
1486 644 1709 712 φροντὶς
1753 622 1877 697 σύνε

294 710 557 779 ἐτάραττε
582 715 722 802 ,καὶ
764 717 797 788 ή
828 719 938 773 τῶν
978 719 1195 792 κλήρων
1223 721 1278 775 δέ
1301 710 1540 799 διανομὴ
1566 730 1732 785 πολὺν
1774 733 1876 802 μὲν

296 798 473 863 πόνον,
505 800 707 868 πολλὰς
733 804 790 858 δέ
817 809 1076 878 παρεῖχεν
1101 809 1252 880 αὐτῷ
1292 811 1392 876 τὰς
1420 798 1726 880 δυσκολίας.
1764 798 1875 872 Καὶ

292 888 471 941 ἴσασιν
503 889 616 942 ὅσοι
660 892 752 945 καὶ
777 893 876 964 τὴν
906 894 1176 965 τυχοῦσαν
1196 898 1385 953 οὐσίαν
1430 900 1704 974 διανεῖμαι
1751 906 1875 961 ἐτάο

289 974 496 1046 χθησαν
536 976 784 1047 ἀδελφοῖς
829 980 861 1050 ἢ
893 982 1007 1045 τοῖς
1050 982 1314 1054 ἑτέρωθεν
1332 988 1641 1057 γινομένοις
1677 990 1876 1064 κληρο⁴

290 1060 473 1148 νόμοις
497 1063 662 1128 τινός.
697 1066 808 1129 Τάς
838 1066 946 1137 γάρ
985 1068 1112 1140 ἐξῆς
1137 1071 1231 1123 τοῦ
1261 1072 1390 1126 λαοῦ
1425 1076 1710 1148 συμφορὰς
1752 1060 1873 1132 ούδὲ

289 1142 441 1217 οἶμαι
471 1149 582 1204 δεῖν
618 1150 828 1221 λέγειν·
874 1156 935 1208 ού
975 1156 1084 1228 γὰρ
1103 1158 1158 1211 ετ
1183 1176 1267 1222 τις
1314 1142 1572 1232 ὀδυνηρὸν
1611 1142 1751 1233 ’βίον
1793 1158 1881 1222 δι-’

289 1238 465 1305 ήγαγε
484 1275 500 1300 ,
532 1238 815 1308 πρόκειται
847 1241 941 1295 νῦν
969 1245 1163 1312 εἰπεῖν,
1192 1247 1306 1300 ἀλλ’
1337 1249 1391 1302 εί
1418 1265 1502 1313 τις
1539 1251 1647 1305 τῶν
1668 1253 1870 1325 σφόδρα

286 1322 738 1395 εὺηρεστηκὸτων
771 1326 846 1398 τῷ
879 1328 1017 1400 Θεῷ.

378 1460 421 1510 ς-
440 1493 454 1509 .
481 1455 700 1530 Διόπερ,
723 1461 771 1513 εἰ
790 1459 952 1529 δοκεῖ,
983 1460 1075 1517 τὸν
1109 1463 1629 1541 Ἠλὶιπαρέλθωμεν·
1648 1471 1867 1544 καὶγὰρ

282 1535 441 1610 οὗτος
468 1546 575 1598 τῶν
600 1551 1121 1620 προσκεκρουκότων
1142 1535 1258 1605 ἐστὶ
1283 1535 1372 1607 διά
1397 1555 1494 1628 τὴν
1520 1557 1630 1612 τῶν
1659 1558 1867 1614 παίδων

283 1632 502 1719 κακίαν,
547 1633 746 1719 μᾶλλον
781 1635 837 1689 δὲ
876 1637 963 1691 διά
992 1639 1091 1711 τὴν
1125 1641 1290 1694 αὑτοῦ
1324 1643 1616 1714 ρᾳθυμίαν.
1654 1644 1729 1699 Οὐ
1760 1646 1866 1719 γὰρ

279 1705 363 1772 ὅτι
387 1723 654 1792 πονηροὺς
674 1718 785 1793 εἷχε
807 1728 1001 1790 παῖδας
1025 1705 1336 1794 ἐκολάζετο,
1356 1705 1570 1785 ἀλλ’-δτι
1600 1734 1741 1805 πέρα
1771 1705 1865 1787 τοῦ

276 1807 487 1872 δέοντος
522 1809 780 1878 φειδωλὸς
827 1807 916 1882 ἦν,
973 1814 1208 1878 καὶτοῖς
1237 1816 1331 1870 τοῦ
1359 1816 1494 1872 Θεοῦ
1534 1821 1719 1891 νόμοις
1781 1822 1868 1877 ὲν·-

278 1895 658 1968 υϐριζομένοις
673 1900 772 1953 οὐκ
787 1901 1011 1974 ήμυνενο
1032 1902 1177 1977 ἀπερ
1199 1906 1294 1959 καὶ
1311 1907 1475 1972 αὐτὸς
1486 1908 1710 1962 συνιδὼν
1729 1910 1867 1981 μετά

274 1984 379 2054 τὴν
425 1985 660 2056 σφοδρὰν
697 1988 927 2060 ἀπειλὴν
964 1990 1139 2060 ἔλεγε⁹
1171 1995 1387 2063 Κύριος
1423 1996 1606 2064 αὐτὸς
1640 1996 1706 2050 τὸ
1734 1998 1867 2067 ἀρε-

274 2072 431 2127 στὸν
451 2073 706 2128 ἐνώπιον
729 2077 915 2131 αὑτοῦ
943 2077 1204 2147 ποιήσει.
1231 2081 1323 2134 Διὸ
1346 2083 1411 2154 δὴ
1441 2083 1633 2138 τοῦτον
1661 2085 1866 2156 παρελ-

275 2159 460 2224 θόντες
489 2160 730 2234 ἔλθωμεν
756 2165 849 2218 ἐπὶ
870 2165 963 2218 τὸν
996 2167 1249 2240 Σαμουὴλ
1268 2209 1286 2235 ,
1315 2168 1374 2234 ὃς
1408 2172 1617 2245 ἐτράφη
1660 2173 1760 2245 μὲν
1800 2175 1866 2228 ἐκ

273 2250 464 2315 παιδὸς
504 2254 563 2306 ἐν
587 2254 666 2326 τῷ
708 2254 843 2325 ναῷ,
877 2257 1166 2329 ηὐδοκίμει
1196 2259 1255 2312 δέ
1293 2259 1583 2325 διαπαντὸς
1631 2261 1864 2317 ἐνώπιον

269 2338 370 2392 τοῦ
400 2338 536 2393 Θεοῦ
556 2358 572 2374 ο
605 2343 876 2414 τοσαύτην
894 2344 953 2398 δὲ
975 2347 1041 2399 ἐκ
1061 2345 1287 2418 πρώτης
1308 2347 1527 2419 ἡλικίας
1550 2349 1865 2415 ἐπεδείξατο

269 2428 374 2499 τὴν
408 2430 630 2502 ἀρετὴν,
660 2430 737 2496 ὡς
769 2434 901 2503 πρὶν
930 2435 1012 2498 είς
1048 2434 1252 2508 ἄνδρας
1280 2436 1457 2490 ἐλθεῖν
1490 2440 1603 2503 τοῖς
1648 2439 1864 2511 θαυμαε

272 2520 421 2583 στοῖς
462 2520 787 2591 ἐγκριθῆναι
825 2524 1172 2595 προφήταις,
1224 2527 1319 2579 καὶ
1364 2525 1541 2580 ταῦτα
1577 2527 1672 2581 τοῦ
1717 2527 1864 2600 πρά·-

269 2620 486 2675 γματος
513 2607 914 2674 ἐπιλελοιπότος
950 2612 1094 2666 τότε.
1127 2615 1210 2667 Οὐ
1233 2616 1345 2683 γὰρ
1372 2611 1470 2685 ἦν,
1503 2617 1689 2685 φησὶν,
1727 2615 1867 2683 ὅρα-

269 2708 374 2759 σις
420 2693 900 2762 διαστέλλουσα,
950 2698 1051 2754 καί
1086 2700 1255 2770 ,ῥῆμα
1300 2703 1496 2772 τίμιον
1542 2700 1638 2774 ἦν.
1698 2699 1865 2767 Οὗτος

266 2781 337 2853 δὴ
364 2776 459 2835 οὖν
485 2784 513 2835 ό
543 2784 827 2854 Σαμουὴλ,
860 2787 888 2839 ό
920 2787 1059 2857 μετά
1094 2788 1302 2843 πολλῶν
1326 2790 1581 2863 δακρύων
1614 2791 1860 2862 τεχθεὶς,

269 2870 489 2942 πρῶτον
521 2871 619 2943 μὲν
652 2873 803 2945 όρῶνς
836 2875 1033 2929 ἑαυτοῦ
1073 2877 1164 2932 τὸν
1194 2878 1514 2933 διδάσκαλον
1553 2881 1747 2949 ἐκείνῳ
1784 2877 1864 2949 τῷ

270 2957 495 3028 ἐλεεινῷ
550 2960 920 3031 ἀπενεχθέντα
967 2962 1216 3036 θανάτῳ,
1267 2948 1729 3036 οὖτω’συνεχύθη
1768 2948 1864 3020 καὶ

269 3047 570 3117 ἐταράχθη,
593 3048 669 3110 ὡς
688 3049 832 3111 εἰκὸς
851 3050 1171 3120 εὐγνώμονα
1192 3051 1441 3123 μαθητὴν
1464 3054 1557 3105 καὶ
1583 3053 1863 3125 φιλόστορ-

271 3150 391 3202 γον.
436 3133 590 3186 Marci:
616 3134 671 3188 δὲ
716 3135 872 3188 τοῦτο
904 3137 1124 3201 καὶτὰς
1178 3137 1473 3202 Ἰουδαϊκάς
1516 3139 1862 3209 ἠναγκάζετο

273 3220 515 3292 συνεχῶς
540 3220 759 3293 θρηνεῖν
789 3224 1094 3297 συμφοράς.
1121 3226 1184 3279 Οἱ
1211 3227 1268 3279 δέ
1296 3227 1483 3291 παῖδες
1512 3227 1663 3300 [212]
1691 3228 1856 3283 αὐτοῦ

270 3309 449 3367 ἄδικοι
479 3310 629 3375 ὄντες
659 3311 754 3365 καὶ
784 3313 1069 3385 μοχθηροὶ,
1104 3315 1199 3368 καὶ
1231 3318 1309 3379 είς
1343 3316 1568 3387 ἔσχατον
1599 3318 1863 3390 πονηρίας

273 3398 624 3467 ἐλαύνοντες,
663 3401 839 3473 τούτῳ
866 3420 926 3455 τε
960 3403 1192 3459 ἐλύπουν
1221 3404 1383 3458 αὐτὸν
1415 3408 1509 3460 καὶ
1540 3406 1617 3478 τῷ
1654 3408 1730 3479 μὴ
1767 3408 1861 3461 δύ-

274 3487 471 3542 νασθαι
497 3488 904 3561 κληρονομῆσαι
946 3492 1045 3562 τῆς
1070 3492 1262 3562 ἐκείνῳ
1305 3493 1741 3567 παρασχεθείσης
1778 3513 1861 3548 τι-

279 3577 409 3645 μῆς.
434 3576 650 3648 Ταύτην
678 3577 981 3649 διαδέχεται
1009 3579 1107 3651 τὴν
1131 3580 1392 3651 ἀθυμίαν,
1429 3581 1629 3651 μᾶλλον
1651 3581 1707 3634 δέ
1738 3582 1861 3635 οὐδὲ

271 3664 596 3734 διαδέχεται,
628 3665 687 3717 ού
705 3665 814 3737 γὰρ
838 3668 1133 3734 ἐπαύσατο,
1158 3667 1294 3722 ἀλλά
1324 3669 1673 3740 προστίθεται
1690 3668 1861 3743 ταύτῃ

272 3754 308 3823 ἡ
338 3752 438 3823 τῆς
474 3752 582 3805 τῶν
639 3755 990 3826 Ἰσραηλιτῶν
1027 3757 1298 3827 αἰτήσεως
1336 3759 1685 3829 παρανομία,
1731 3757 1860 3811 ἔνθα

273 3839 417 3894 οὕτω
444 3840 764 3907 κατέπεσεν,
792 3843 866 3907 ὡς
894 3845 989 3897 καὶ
1016 3845 1418 3917 παρακλήσεως
1446 3845 1701 3917 δεηθῆναι
1732 3846 1861 3901 πολ-

273 3927 394 3999 λῆς.
418 3930 685 3983 ⁸Ἄκουσον
709 3924 801 3986 οὖν
823 3931 876 3985 τί
902 3949 1067 4003 φησιν
1091 3933 1240 4004 αὑτῷ
1265 3936 1294 3987 ὁ
1315 3933 1466 3997 Θεός·
1496 3936 1577 3988 Οὐ
1600 3933 1675 3988 σὲ
1694 3934 1861 3999 ἐξου·

272 4016 624 4087 θενήκασιν,
651 4018 788 4072 ἀλλ’
822 4018 862 4087 ἢ
890 4019 1014 4088 ἐμέ.
1052 4021 1190 4073 Ἀλλ’
1217 4023 1366 4092 ὅμως
1395 4021 1488 4074 καὶ
1522 4022 1660 4091 μετά
1685 4023 1859 4076 ταῦτα

271 4103 447 4168 οὕτως
486 4103 665 4158 αὐτῶν
692 4105 915 4176 ἐκήδετο
944 4106 1020 4169 ὡς
1046 4109 1219 4160 εἰπεῖν
1254 4109 1390 4179 πρὸς
1419 4108 1614 4171 αὐτούς
1633 4125 1647 4140 ·
1694 4109 1857 4179 Ἐμοί

271 4193 344 4248 δὲ
367 4194 454 4263 μὴ
486 4193 716 4263 γένοιτο
758 4194 1042 4263 ἁμαρτεῖν
1080 4196 1186 4280 τοῦ
1219 4195 1518 4251 διαλιπεῖν
1555 4197 1861 4280 εὐχομένω

271 4283 427 4351 ὑπὲρ
464 4279 649 4351 ὑμῶν.
696 4280 931 4346 Τούτους
963 4281 1027 4354 δὴ
1061 4278 1153 4336 οὖν
1182 4283 1324 4355 ὁρῶν
1351 4285 1477 4348 τοὺς
1515 4284 1686 4350 οὕτως
1720 4278 1861 4355 ἀγα-

273 4371 566 4442 πωμένους
589 4371 679 4423 ὑπ’
705 4371 871 4424 αὐτοῦ
899 4373 1084 4436 κακῶς
1115 4374 1451 4442 πράττοντας
1468 4416 1483 4439 ,
1515 4375 1611 4429 καὶ
1640 4376 1860 4431 πταίον-

272 4475 374 4523 τας
401 4461 459 4513 ἐν
486 4459 772 4529 πολέμοις,
802 4461 896 4513 καὶ
943 4461 1376 4532 παροργίζοντας
1406 4464 1498 4516 τὸν
1529 4464 1682 4531 Θεὸν,
1716 4464 1860 4529 τίνος

276 4547 343 4600 ἃν
389 4547 585 4618 ᾔσθετο
613 4548 808 4623 ἡδονῆς
818 4564 832 4613 ;
866 4550 1018 4600 ποῖον
1049 4548 1107 4601 δέ
1162 4548 1228 4601 ἂν
1266 4550 1457 4618 καιρὸν
1481 4550 1719 4623 ἀθυμίας
1764 4554 1859 4607 καὶ

273 4635 527 4707 δακρύων
561 4620 1026 4708 διήγαγέχωρίς
1081 4636 1301 4708 Ἐπειδὴ
1339 4637 1397 4690 δὲ
1431 4640 1524 4691 καὶ
1556 4620 1858 4711 κατέστησε

278 4723 501 4794 βασιλέα
552 4724 644 4777 τὸν
691 4724 900 4788 Σαοὺλ,
952 4724 1242 4795 ἐπάλληλοι
1278 4725 1439 4780 πάλιν
1491 4728 1641 4798 αὐτῷ
1675 4729 1857 4783 ὀδύναι

275 4814 369 4865 καὶ
398 4816 640 4883 συνεχεῖς
685 4811 1085 4884 προσετίθεντο.
1139 4815 1245 4866 Καὶ
1276 4813 1384 4881 γὰρ
1422 4815 1509 4868 ὅτε
1541 4816 1637 4887 τὴν
1669 4816 1858 4874 θυσίαν

274 4902 543 4971 ἀνήνεγκε
604 4902 756 4972 παρά
806 4900 868 4953 τὸ
911 4901 989 4970 τῷ
1030 4900 1149 4971 Θεῷ
1195 4902 1406 4966 δοκοῦν,
1453 4904 1548 4958 καὶ
1589 4906 1678 4958 ὅτε
1733 4907 1860 4971 τοὺς

253 4956 261 5058 ί
289 4956 660 5059 Ἀμαληκίτας
675 4956 1232 5062 κρατήσαςιέφείοῖατο
1252 4992 1346 5045 τοῦ
1366 4956 1630 5063 βασιλέως
1655 4956 1855 5065 αὐτῶνί

275 5078 374 5131 καὶ
397 5077 556 5132 τοῦτο
580 5078 735 5149 παρά
761 5078 823 5131 τὸ
860 5077 1175 5143 κελευσθὲν,
1204 5078 1379 5145 οὕτως
1401 5082 1615 5154 ἐπλήγη
1642 5083 1739 5157 τὴν
1758 5086 1861 5157 ψυ..

276 5169 400 5241 χὴν,
433 5169 507 5231 ὡς
534 5170 730 5240 μηκέτι
760 5170 849 5223 τὸν
877 5169 1049 5243 ἄνδρα
1093 5171 1242 5235 ίδεῖν,
1283 5171 1398 5225 ἀλλ’
1427 5171 1486 5237 ἐξ
1519 5175 1726 5229 ἐκείνου
1764 5177 1863 5246 μέ-

276 5275 369 5330 χρι
393 5257 494 5328 τῆς
532 5259 766 5330 ἐσχάτης
793 5260 1006 5332 ἡμέρας
1034 5261 1251 5316 πενθεῖν
1280 5262 1374 5315 καὶ
1397 5262 1652 5334 δακρύειν
1674 5266 1859 5331 αὐτὸν,

277 5347 367 5400 ὅτε
401 5348 494 5399 καὶ
520 5347 826 5419 ἐπετιμήθη
849 5347 937 5401 διὰ
965 5349 1027 5401 τὸ
1055 5348 1156 5419 τῆς
1174 5348 1411 5420 ἀθυμίας
1429 5351 1678 5422 σφοδρόν.
1707 5354 1861 5422 "Em;-

278 5435 423 5487 πότε
446 5434 575 5507 γὰρ,
604 5436 757 5507 φησὶ,
783 5435 863 5489 σὺ
885 5436 1123 5500 πενθεῖς
1159 5435 1261 5488 ἐπὶ
1286 5437 1505 5503 Σαοὺλ,
1540 5440 1704 5510 κάγὼ
1748 5444 1858 5497 ἀπ-

276 5521 471 5591 ῶσμαι
492 5524 680 5577 αὐτόν
700 5539 719 5587 ;
743 5524 807 5576 Et
822 5523 878 5575 δὲ
894 5523 1099 5577 τούτων
1125 5526 1509 5596 γεγενημένων
1528 5529 1764 5593 ἐπένθει,
1777 5532 1862 5597 τίς

275 5603 344 5678 ἦν
377 5610 513 5679 ἄρα,
542 5610 631 5663 ὅτε
678 5613 803 5673 τοὺς
830 5610 1116 5674 τοσούτους
1151 5612 1383 5682 ἔσφαξεν
1427 5616 1608 5687 ἱερέας
1652 5619 1859 5684 ἐκεῖνος

276 5697 402 5769 εικῆ
435 5699 528 5752 καὶ
559 5699 770 5769 μάτηνς
800 5700 889 5751 ὅτε
919 5698 1010 5752 τὸν
1040 5701 1333 5775 εὐεργέτην
1368 5706 1459 5759 καὶ
1480 5706 1632 5760 οὐδὲν
1662 5709 1855 5780 ἠδικη-

278 5785 434 5854 κότα,
458 5786 707 5857 δεύτερον
736 5780 898 5855 ἦλθεν
926 5787 1135 5843 ἀνελεῖν
1159 5808 1173 5857 ;
1206 5792 1294 5848 ὅτε
1328 5796 1534 5868 γυμνὸν
1561 5797 1724 5853 αὑτὸν
1752 5793 1857 5851 εἶδε

1114 255 1207 312 AD
1248 258 1630 320 STAGIRIUM
1666 268 1716 324 Δ
1751 269 2063 331 DEMONE
2093 269 2588 332 VEXATULLLIB.
2633 274 2719 332 Ill.

3457 286 3561 342 εει)

1992 384 2402 454 προφητεύοντα
2456 388 2547 441 καὶ
2605 392 3050 464 καταπίπτοντα;
3106 400 3194 453 ὅτε
3256 399 3350 455 τοῦ
3396 403 3562 459 Δαυῒδ

1987 470 2189 540 ήκουσε
2218 473 2389 543 μυρία
2418 473 2552 544 πρὸς
2582 476 2742 532 αὑτὸν
2764 479 3167 555 ἀποδυρομένου
3195 489 3288 541 καὶ
3311 490 3569 561 ἐντυγγά-

1985 573 2167 620 νοντος
2183 574 2198 623 ;

2055 645 2122 710 ζ’.
2140 646 2358 719 Ἐπειδὴ
2374 647 2431 701 δὲ
2448 649 2866 728 τοῦρᾼαυῖδέμνή
2874 657 3029 729 σθην,
3043 660 3143 714 οὐκ
3154 657 3271 716 οἶδα
3282 663 3334 717 τί
3348 664 3542 735 πράξω
3552 681 3564 697 '

1970 731 2214 803 ,πότερον
2242 736 2368 799 τοὺς
2397 736 2628 808 θρήνους
2656 742 2823 795 αὑτοῦ
2844 746 2971 809 τοὺς
3003 750 3245 819 μακροὺς
3287 731 3408 804 καὶ-
3433 731 3564 806 συν-

1981 822 2127 890 εχεῖς
2146 821 2272 910 τοὺς
2288 825 2347 875 ἐν
2367 826 2478 887 τοῖς
2498 824 2732 896 ψαλμοῖς
2744 831 3273 905 ἀναγεγραμμένους
3297 840 3377 902 είς
3399 838 3567 910 μέσον

1980 907 2175 977 ἀγάγω
2199 908 2314 975 νῦν,
2362 910 2395 981 ἢ
2439 912 2662 977 τούτους
2690 916 2849 985 ἀφεὶς
2898 919 3260 986 ἀναλέξασθαί
3310 907 3569 982 σοι-κατά

1981 994 2198 1067 σχολὴν,
2239 997 2400 1061 αὐτὸς
2432 999 2531 1062 τὰς
2577 1002 2784 1056 ἐκείνου
2817 1005 3009 1060 διέλθω
3050 1011 3357 1082 συμφοράς.
3398 1006 3567 1076 Οὗτος

1979 1083 2162 1138 τοίνυν
2182 1085 2210 1137 ὁ
2234 1084 2397 1139 Δαυῒδ
2426 1086 2595 1141 πολλά
2626 1091 2725 1161 μὲν
2760 1093 2855 1145 καὶ
2884 1095 2943 1150 ἐν
2994 1096 3072 1167 τῷ
3099 1098 3407 1168 ποιμαίνειν
3456 1101 3564 1154 ὑπ·-

1980 1169 2162 1242 έμεινε
2199 1172 2366 1237 δεινὰ,
2399 1174 2493 1228 καὶ
2521 1178 2640 1240 ταῖς
2660 1178 2769 1232 τῶν
2797 1180 2975 1252 ἀέρων
3013 1183 3355 1255 ἀνωμαλίαις
3376 1189 3470 1241 καὶ
3496 1190 3563 1261 τῇ

1977 1258 2088 1312 τῶν
2127 1259 2330 1331 θηρίων
2361 1263 2644 1336 ἀγριότητι
2686 1268 3017 1340 μαχόμενος·
3066 1272 3245 1326 καὶτὸ
3274 1273 3374 1345 μὲν
3398 1274 3458 1341 ἐξ
3489 1258 3565 1330 ὧν

1973 1348 2005 1400 ό
2044 1348 2237 1402 Ἰακὼϐ
2272 1349 2470 1422 ἔφησεν
2494 1353 2640 1409 ἐστιν
2673 1356 2822 1421 ἰδεῖν,
2857 1359 2916 1411 τὸ
2949 1358 3006 1413 δὲ
3034 1361 3094 1428 ἐξ
3128 1356 3204 1418 ὧν
3231 1364 3397 1429 αὐτὸς
3426 1364 3565 1440 πρὸς

1977 1436 2068 1491 τὸν
2096 1438 2270 1492 Σαοὺλ
2290 1440 2561 1509 διελέγετο
2582 1444 2709 1515 περὶ
2730 1444 2824 1498 τοῦ
2845 1450 3059 1514 λέοντος
3080 1452 3177 1504 καὶ
3203 1452 3305 1523 τῆς
3333 1436 3563 1525 ἄρκτου.

1990 1525 2204 1597 Ἐπειδὴ
2242 1527 2299 1580 δέ
2335 1529 2429 1583 τὸν
2465 1529 2579 1602 βίον
2618 1533 2776 1603 ἀφεὶς
2801 1536 3013 1593 ἐκεῖνον
3051 1540 3160 1611 πρὸ
3198 1540 3349 1612 ὥρας
3378 1545 3459 1607 εἰς
3494 1545 3569 1600 τὰ

1974 1612 2067 1665 τοῦ
2096 1613 2337 1685 πολέμου
2371 1617 2674 1689 πράγματα
2697 1620 2917 1688 ἔπιπτε,
2939 1626 3040 1695 τὴν
3065 1627 3164 1697 μὲν
3185 1630 3292 1683 τῶν
3318 1630 3566 1700 ἀδελφῶν

1976 1700 2276 1771 βασκανίαν
2298 1705 2522 1776 ἀφίημι,
2548 1707 2599 1759 εί
2619 1711 2713 1767 καὶ
2740 1711 2944 1783 σφόδρα
2958 1714 3120 1793 τοῦτό
3138 1718 3256 1771 ἐστι
3281 1721 3562 1793 φορτικόψ

1974 1789 2088 1843 ἀλλ’
2116 1790 2304 1862 ἐπειδὴ
2346 1793 2680 1867 κατώρθωκε
2722 1797 2819 1868 τὴν
2852 1792 3115 1872 λαμπρὰν
3159 1804 3315 1878 νίκην
3347 1789 3564 1880 ἐκείνην

1974 1877 2071 1932 καὶ
2102 1878 2422 1965 θαυμαστὴν
2452 1885 2790 1956 μονομαχίαν
2813 1888 3216 1963 ἀναδεξάμενος
3229 1877 3276 1960 ⁸,
3304 1887 3436 1965 εὗρε
3462 1877 3561 1951 τοῦ

1973 1964 2409 2036 καταϐληθέντος
2435 1971 2630 2026 Γολιάθ
2664 1974 3022 2049 σφοδρότερον
3049 1980 3244 2052 ἐχθρὸν
3276 1964 3562 2057 τὸνγείηρ-

1972 2054 2277 2125 γετηθέντα
2309 2057 2503 2111 Σαούλ.
2534 2060 2610 2114 Ού
2638 2061 2749 2134 γὰρ
2777 2065 2841 2117 ἐκ
2864 2065 2959 2118 τοῦ
2982 2068 3220 2140 φανεροῦ
3243 2070 3382 2140 πρὸς
3397 2054 3562 2126 αὐτὸν

1972 2143 2381 2213 παρετάττετο,
2421 2145 2558 2200 ἀλλὰ
2605 2149 2666 2205 τὸ
2706 2150 2814 2205 τῶν
2873 2152 3171 2222 φιλούντων
3216 2162 3562 2229 προσωπεῖον

1972 2229 2196 2296 ὑποδὺς,
2232 2232 2330 2286 καὶ
2353 2234 2445 2288 τὸν
2473 2237 2719 2307 τιμῶντα
2749 2241 2845 2293 καὶ
2866 2241 3162 2314 κηδόμενον
3188 2245 3564 2319 ὑποκρινάμε·

1969 2335 2094 2387 νος,
2128 2319 2303 2385 οὕτως
2340 2322 2504 2377 ἀύτὸν
2532 2324 2755 2381 διετίθει
2784 2327 2855 2382 τά
2886 2329 2995 2384 τῶν
3025 2330 3257 2403 ἐχθρῶν.
3285 2332 3459 2388 Τοῦτο
3501 2335 3562 2391 δὲ

1970 2412 2093 2468 ὅσον
2134 2413 2255 2467 ἐστὶ
2292 2415 2464 2470 κακὸν
2491 2418 2613 2472 ἀντὶ
2648 2419 2871 2488 ἀγαθῶν
2916 2423 3329 2495 ἀπολαμϐάνειν
3374 2427 3559 2492 κακὰ,

1970 2504 2201 2561 ἄκουσον
2229 2507 2328 2561 τοῦ
2357 2510 2628 2582 μακαρίου
2660 2515 2942 2586 προφήτου
2980 2515 3140 2570 τοῦτο
3174 2519 3413 2590 συνεχῶς
3435 2520 3562 2596 θρη-

1970 2597 2186 2664 νοῦντος
2219 2601 2314 2654 καὶ⁷
2341 2602 2867 2677 δυσανασχετοῦντος
2895 2610 2991 2663 καὶ
3028 2610 3298 2679 λέγοντος,
3329 2616 3399 2668 El
3419 2615 3562 2670 ἀντ-

1968 2688 2321 2745 αποδίδοταί
2331 2709 2435 2761 μοι
2455 2697 2611 2748 κακὰ
2632 2697 2765 2750 ἀντὶ
2784 2698 3036 2767 ἀγαθῶν.
3060 2702 3311 2757 Μάλιστα
3343 2704 3441 2774 μὲν
3466 2698 3561 2756 οὖν

1969 2778 2062 2832 καὶ
2103 2781 2330 2853 μηδενὸς
2364 2785 2659 2855 προσόντος
2697 2788 2872 2842 δεινοῦ
2907 2791 3065 2845 τοῦτο
3101 2793 3234 2847 αὐτὸ
3262 2794 3383 2848 καθ’
3402 2796 3561 2850 ἐαυτὸ

1969 2871 2170 2941 πολλῆς
2189 2872 2427 2944 ἀθυμίας
2453 2875 2620 2944 ἄξιον,
2643 2878 2709 2931 δι’
2728 2880 2960 2951 ὑποψίας
2987 2880 3123 2938 εἶναι
3142 2886 3233 2941 τὸν
3257 2887 3560 2957 στρατηγὸν

1969 2963 2044 3034 τῷ
2067 2962 2217 3036 [215]
2239 2966 2466 3036 βασιλεῖ,
2487 2970 2581 3022 καὶ
2610 2971 2791 3042 ἀηδῶς
2811 2974 3040 3043 ὁρᾶσθαι
3070 2977 3163 3029 ὑπ’
3180 2979 3366 3032 αὐτοῦ.
3382 2980 3493 3040 Καὶ
3507 2980 3561 3033 τί.

1968 3055 2111 3125 λέγω
2133 3061 2436 3131 στρατηγὸν
2466 3062 2677 3131 βασιλεῖ
2694 3081 2708 3129 ;
2741 3065 2858 3120 Κᾶν
2880 3067 2990 3139 γὰρ
3025 3069 3172 3142 παρά
3195 3071 3303 3125 τῶν
3333 3072 3562 3128 οἰκετῶν

1967 3150 2130 3219 ἡμεῖς
2173 3149 2333 3205 τοῦτο
2372 3152 2635 3225 πάθωμεν
2659 3196 2673 3221 ,
2704 3156 3130 3230 δυσχεραίνομεν
3160 3178 3174 3191 ·
3200 3163 3330 3218 ὅταν
3368 3163 3426 3216 δὲ
3466 3165 3562 3219 καὶ

1968 3241 2253 3297 ἐπιϐουλαὶ
2282 3244 2596 3314 ράπτωνται
2625 3248 2767 3300 κατά
2788 3251 2886 3321 τῆς
2912 3249 3005 3304 τοῦ
3040 3254 3367 3325 μισουμένου
3391 3254 3557 3327 ζωῆς,

1965 3334 2049 3397 τίς
2084 3334 2147 3387 ἂν
2193 3336 2400 3404 γένοιτο
2451 3336 2564 3408 βίος
2600 3340 2790 3395 τούτου
2841 3344 3198 3417 πικρότερος;
3229 3346 3370 3400 Ἀλλ’
3409 3348 3560 3418 ὅμως

1969 3427 2183 3480 ᾶπαντα
2220 3427 2380 3499 ἔφερε
2422 3431 2516 3483 καὶ
2574 3434 2840 3504 ἠνείχετο,
2884 3437 2978 3490 καὶ
3029 3439 3192 3509 συνῆν
3223 3438 3300 3510 τῷ
3328 3439 3559 3510 φονῶντι

1966 3520 2084 3571 κατ’
2116 3519 2303 3584 αὑτοῦ,
2332 3522 2425 3574 καὶ
2464 3524 2789 3597 ἐστρατήγει
2834 3528 2961 3593 τοὺς
3004 3530 3215 3585 ἐκείνου
3265 3532 3555 3604 πολέμους.

1979 3610 2195 3683 Ἐπειδὴ
2218 3612 2274 3665 δέ
2316 3631 2447 3666 ποτε
2473 3616 2567 3669 καὶ
2596 3617 2916 3691 ἀπεδήμησε
2949 3623 3042 3676 καὶ
3074 3624 3262 3697 πόρρω
3290 3625 3384 3679 τοῦ
3407 3627 3562 3681 πολέ-

1968 3720 2068 3774 μου
2105 3705 2439 3777 κατέστησεν
2483 3710 2695 3774 ἐαυτὸν,
2737 3713 2895 3766 τοῦτο
2947 3715 3046 3785 μὲν
3102 3718 3234 3770 αὐτὸ
3269 3718 3329 3771 τὸ
3367 3719 3559 3791 πὸῥρω

1965 3790 2126 3862 εἶναι,
2162 3798 2256 3851 καὶ
2282 3798 2379 3870 τὴν
2412 3799 2611 3873 ἔχθραν
2634 3803 2858 3875 ποιῆσαι
2880 3808 3142 3879 φανεράν,
3177 3804 3293 3880 εἷχέ
3320 3828 3373 3863 τι
3396 3811 3559 3866 πλέον

1965 3891 2044 3952 είς
2072 3890 2162 3943 τὸν
2190 3890 2284 3944 τοῦ
2315 3891 2536 3965 θαρρεῖν
2563 3894 2719 3963 λόγον
2746 3912 2759 3925 ⁸
2803 3898 2943 3969 μετά
2961 3900 3019 3953 δὲ
3061 3903 3430 3973 τετρακοσίων
3463 3904 3559 3958 ἀν-

1964 3975 2104 4046 δρῶν
2137 3978 2274 4049 πρὸς
2323 3980 2591 4054 τοσαύτην
2635 3984 3076 4059 ἀναγκαζόμενος
3112 3991 3557 4062 παρατάττεσθαι

1968 4068 2247 4139 στρατιὰν,
2279 4068 2473 4141 ἔτρεμε
2512 4071 2672 4128 πλέον
2698 4073 2731 4144 ἢ
2759 4076 3040 4148 πρότερον.
3079 4078 3137 4133 '0
3155 4080 3263 4153 γὰρ
3292 4083 3428 4153 μήτε
3460 4080 3559 4134 πόα

1965 4154 2078 4219 λιν,
2127 4158 2261 4227 μήτε
2302 4159 2580 4230 φρούριον,
2630 4164 2769 4236 μήτε
2801 4168 3143 4240 συμμάχους,
3204 4173 3342 4244 μήτε
3382 4187 3556 4242 προσ-

1964 4246 2118 4311 όδους
2141 4252 2479 4320 κεκτημένος
2502 4292 2517 4317 ,
2545 4255 2796 4326 ἐννόησον
2841 4259 2926 4323 τίς
2954 4255 3042 4332 ἦν,
3077 4262 3214 4332 πρὸς
3248 4264 3341 4319 τὸν
3381 4264 3555 4320 ταῦτα

1964 4342 2160 4413 έχοντα
2189 4343 2368 4398 πάντα
2394 4347 2838 4419 ἀναγκαζόμενος
2871 4352 3000 4405 πολε
3010 4357 3151 4429 μεῖν,
3176 4357 3275 4411 καὶ
3296 4357 3436 4429 πλὴν
3456 4357 3555 4429 τῆς

1965 4436 2175 4507 ἐρήμου
2206 4438 2303 4490 καὶ
2343 4438 2453 4490 τῶν
2484 4440 2602 4493 ἐκεῖ
2629 4441 2929 4512 σπηλαίων,
2949 4444 3070 4498 οὐδὲ
3102 4428 3225 4501 ὅποι
3248 4428 3554 4521 καταφύγοι

1964 4526 2261 4599 δυνάμενος
2294 4531 2494 4603 εὑρεῖν.
2524 4533 2634 4585 Καὶ
2662 4533 2770 4603 γάρ
2798 4535 2967 4589 Κεῖλά
2994 4538 3149 4591 πόλιν
3181 4540 3323 4595 οὔτω
3354 4544 3554 4598 καλου-

1968 4622 2136 4693 μένην
2172 4623 2381 4691 λαϐὼν,
2421 4624 2625 4690 εὐθέως
2665 4627 2835 4698 αὐτῆς
2868 4628 3190 4703 ἀπεπήδησε
3232 4634 3325 4687 τοῦ
3363 4635 3554 4706 ἱερέως

1965 4715 2242 4782 εἰπόντος,
2273 4719 2354 4771 ὅτι
2404 4718 2567 4770 αὐτὸν
2606 4719 2635 4771 ό
2667 4717 2800 4782 Θεὸς
2849 4719 2966 4772 ἐκεῖ
3023 4722 3253 4792 μένοντα
3302 4725 3413 4779 τῶν
3456 4726 3552 4780 τοῦ

1967 4810 2139 4864 Σαοὺλ
2172 4811 2270 4881 οὐχ
2315 4810 2689 4883 ὑπεξαρπάσει
2731 4812 2951 4883 χειρῶν.
2987 4814 3043 4867 '0
3082 4815 3141 4868 δὲ
3174 4819 3353 4889 ἱερεὺς
3399 4814 3555 4885 οὗτος

1965 4903 2171 4966 ἐκεῖνος
2198 4898 2265 4974 ἢν
2284 4907 2312 4957 ὁ
2335 4903 2435 4968 τὰς
2453 4902 2545 4956 τοῦ
2582 4905 2753 4958 Σαοὺλ
2784 4909 2971 4977 χεῖρας
2996 4906 3237 4980 διαδρὰς,
3263 4913 3357 4965 καὶ
3378 4912 3474 4985 τὴν
3497 4915 3555 4969 ὲν

1965 4994 2163 5065 Νομϐἀ
2200 4997 2498 5069 γενομένην
2528 4998 2837 5069 τραγῳδίαν
2883 5002 3225 5074 ἀπαγγείλας
3270 5007 3350 5079 τῷ
3398 5007 3556 5079 βασι-

1966 5087 2050 5140 λεῖ
2071 5128 2085 5151 ,
2108 5090 2195 5142 ὅτε
2226 5089 2320 5142 καὶ
2349 5091 2448 5160 τὴν
2469 5095 2673 5164 πικρὰν
2695 5096 2910 5166 ἐκείνην
2928 5095 3126 5170 ἔρρηξε
3152 5101 3338 5171 φωνήν
3359 5117 3372 5130 ο
3408 5100 3555 5171 Ἐγὼ

1966 5180 2097 5250 γὰρ,
2114 5182 2300 5253 φησὶν,
2327 5184 2441 5253 ειμι
2466 5188 2498 5238 ό
2516 5187 2703 5253 αἴτιος
2725 5187 2845 5241 τῶν
2859 5190 3076 5259 ψυχῶν
3092 5190 3239 5246 ὅλου
3262 5192 3366 5246 τοῦ
3385 5193 3554 5247 οἴκου

1967 5273 2074 5327 τοῦ
2098 5274 2322 5343 πατρός
2345 5292 2483 5331 σου.
2501 5278 2664 5331 Ὥστε
2696 5279 2868 5334 συνὼν
2897 5281 3046 5351 αὐτῷ
3080 5283 3369 5349 διαπαντὸς
3402 5286 3556 5341 οὐδὲν

1968 5364 2174 5438 ἕτερον,
2206 5368 2384 5440 ἀλλ’ἢ
2429 5370 2527 5439 τῆς
2570 5370 2809 5441 ἀθυμίας
2846 5374 3063 5446 ἐκείνης
3110 5376 3417 5450 ὑπόμνησις
3463 5373 3550 5449 ἦν.

1967 5458 2188 5512 Βλέπων
2222 5460 2331 5532 γὰρ
2373 5464 2452 5526 είς
2484 5463 2665 5528 αὐτὸν,
2700 5465 2789 5517 ἀεὶ
2831 5465 2930 5534 τῆς
2976 5468 3250 5534 ἀπωλείας
3281 5470 3556 5540 ἐμέμνητο

1966 5550 2075 5604 τῶν
2097 5552 2137 5605 ίε
2148 5554 2283 5623 ρέων
2302 5571 2315 5585 ο
2342 5555 2695 5627 μνημονεύων
2708 5557 2763 5611 δὲ
2778 5556 2878 5629 τῆς
2898 5558 3201 5625 ἀπωλείας,
3224 5561 3320 5613 καὶ
3350 5560 3450 5629 τῆς
3466 5577 3555 5613 το-

1966 5804 2000 5855 S
2033 5744 2222 5857 ’.ἶίδεοι
2253 5744 2545 5810 μονομαχίαν
2563 5744 2918 5811 ἀναδεξάμενος,
2958 5746 3142 5802 desunt
3174 5750 3227 5801 ιιι
3248 5744 3385 5799 Colb.
3405 5750 3458 5796 et
3502 5742 3558 5794 in

2003 5820 2079 5857 an
2102 5841 2115 5857 .
3460 5849 3485 5857 ν

2003 5820 2115 5857 αιίι.
3460 5849 3485 5859 ι·
