4060 6136
503 264 604 324 4δί

499 381 703 452 σαύτης
745 379 957 450 σφαγῆς
997 378 1095 449 τὴν
1140 379 1322 433 αἰτίαν
1361 377 1632 440 ἀνατιθεὶς
1662 376 1859 447 ἐαυτῷ,
1903 394 2076 431 κατα-

499 469 650 523 δίκου
685 468 882 532 παντὸς
905 467 1226 539 ἀθλιώτερον
1245 466 1392 518 ἐϐίου
1418 465 1548 534 βίον.
1569 467 1680 518 Καὶ
1700 464 1806 535 γὰρ
1833 464 1880 517 εἰ
1915 464 2080 534 μηδὲν

498 556 684 628 ἕτερον
719 556 780 608 τὸ
810 553 1058 625 ἐνοχλοῦν
1090 549 1374 624 ῆν,ἱκανὸν
1408 552 1617 624 τρῶσαι
1645 551 1822 622 ψυχὴν
1849 552 1944 604 καὶ
1987 551 2083 605 ἀν-

499 645 640 698 ελεῖν
669 643 727 696 τὺ
755 643 943 713 ἰερέων
977 641 1189 711 σφαγέα
1236 640 1542 709 λογίζεσθαι
1573 641 1841 693 τοσούτων
1870 639 2082 692 ἑαυτόν.

500 732 736 799 Πληγεὶς
759 731 816 784 δέ
835 729 1097 800 τούτῳτῴ
1115 727 1380 799 λογισμῷ,
1409 726 1488 798 τῷ
1509 726 1601 781 καὶ
1623 726 1816 790 νυκτὸς
1833 725 1928 778 καὶ
1965 724 2079 794 μεθ·

501 820 714 889 ἡμέραν
764 818 922 888 σητδς
955 817 1150 888 μᾶλλον
1176 816 1340 871 αὑτοῦ
1378 813 1733 888 διατρώγοντι
1756 814 1856 883 τὴν
1881 812 2081 883 ψυχὴν,

501 908 596 960 καὶ
629 906 762 961 ἄλλα
793 905 990 977 ἐφεξῆς
1023 906 1236 976 ἐδέχετο
1269 903 1557 976 τραύματα
1585 903 1782 972 συνεχῆ
1804 900 1898 954 καὶ
1919 899 2088 954 ἐπάλ-

502 993 657 1064 ληλα.
691 994 803 1046 Καὶ
840 993 950 1066 γὰρ
986 995 1074 1046 ὅτε
1114 992 1274 1047 αὑτὸν
1304 993 1332 1044 6
1371 989 1564 1043 Νάϐαλ
1589 988 1680 1042 διὰ
1716 988 1824 1042 τῶν
1855 987 2088 1041 οἰκετῶν

505 1081 692 1153 ῦϐρισε
709 1124 722 1146 ,
751 1084 844 1137 καὶ
871 1083 1144 1154 δραπέτην
1166 1083 1258 1136 καὶ
1284 1080 1496 1150 φυγάδα
1527 1080 1620 1132 καὶ
1647 1077 1939 1150 ἀγνώμονα
1961 1077 2084 1132 δοῦ-

503 1168 594 1222 λον
625 1170 1028 1241 ἐκάλεσεν,οὐκ
1059 1169 1416 1240 ἀναλγητίτά
1463 1169 1682 1240 ῥήματα
1713 1166 1911 1239 ήνεγκε
1933 1181 1948 1194 ³
1989 1167 2086 1219 καὶ

505 1255 592 1308 ὅτε
619 1256 749 1326 πρὸς
767 1257 858 1310 τὸν
892 1256 1115 1327 Ἀγχοῦς
1141 1255 1408 1321 ἀπελθὼν,
1431 1257 1557 1319 τοὺς
1576 1255 1934 1326 μαινομένους
1979 1255 2085 1309 ὑπ-

505 1343 771 1412 εκρίνετο,
795 1343 888 1396 καὶ
915 1344 1238 1408 κατέπιπτε,
1271 1345 1362 1397 καὶ
1386 1343 1453 1396 τὰ
1485 1343 1712 1413 δμματα
1749 1342 2086 1412 διαστρέφων

507 1431 603 1483 καί
636 1431 802 1484 πολὺν
836 1434 899 1484 ἐκ
922 1430 1017 1484 τοῦ
1055 1431 1322 1502 στόματος
1365 1431 1529 1483 αὑτοῦ
1560 1431 1733 1501 ἀφρὸν
1753 1430 1952 1497 ἀφιεὶς,
1979 1429 2087 1483 τῶν

505 1515 721 1587 ἀληθῶς
741 1517 1116 1586 δαιμονώντων
1142 1516 1341 1586 μᾶλλον
1361 1517 1606 1587 ἐτήκετο,
1629 1517 1974 1586 λογιζόμενος
2008 1518 2088 1580 εἰς

505 1602 623 1655 οἵαν
647 1603 978 1674 κατέστησεν
1000 1603 1189 1656 ἐαυτὸν
1217 1603 1462 1674 ἀνάγκην
1482 1605 1511 1655 6
1537 1602 1773 1656 τοσαῦτα
1797 1603 2089 1674 εὐεργετη-

511 1688 645 1752 θεξς.
674 1690 890 1761 Ἐπειδὴ
907 1691 960 1742 δὲ
984 1691 1177 1761 μικρὸν
1203 1689 1391 1761 ἀνέθη,
1413 1690 1562 1761 παρά
1575 1691 1686 1753 τοῖς
1706 1689 1984 1760 πολεμίοις
1997 1708 2089 1756 γε-

510 1775 751 1845 νόμενος,
771 1777 876 1829 ἔδει
899 1778 996 1846 μὲν
1022 1776 1431 1848 ἐπιστρατεύειν
1455 1778 1567 1839 τοῖς
1587 1776 1809 1830 ἐκείνων
1834 1777 2049 1849 ἐχθροῖς
2071 1795 2086 1810 ο

507 1863 949 1936 διαφθονούμενοι
984 1866 1040 1919 δὲ
1077 1866 1225 1936 αύτῷ
1256 1867 1304 1921 οι
1343 1866 1616 1938 σατράπαι
1645 1906 1659 1933 ,
1687 1867 1780 1921 καὶ
1819 1867 2090 1922 διαϐαλεῖν

507 1953 645 2025 πρὸς
674 1954 765 2008 τὸν
798 1954 1023 2024 βασιλέα
1052 1955 1397 2026 βουλόμενοι,
1431 1955 1744 2026 ἐξέπεμπον
1791 1957 1953 2010 αὑτὸν
1991 1959 2091 2028 τῆς

509 2043 766 2108 στρατιᾶς
788 2041 864 2104 ώς
907 2042 1178 2114 ἄχρηστον
1199 2045 1384 2108 αὐτοῖς
1403 2044 1496 2098 καί
1531 2043 1816 2097 ἐπίϐουλον
1840 2045 1934 2098 καὶ
1957 2062 2090 2116 προ·-

505 2126 666 2198 δότην
688 2130 962 2199 ἐσόμενον.
997 2132 1414 2201 Ἑθυμώθησαν
1442 2132 1549 2204 γὰρ
1566 2171 1580 2195 ,
1600 2133 1763 2204 φησὶν
1781 2172 1794 2196 ,
1817 2134 1908 2186 ἐπ’
1930 2133 2091 2199 αὐτῷ

503 2217 562 2268 οἱ
587 2216 884 2284 σατράπαι
906 2219 1025 2272 τῶν
1049 2221 1437 2288 ἀλλοφύλων,
1460 2219 1556 2273 καί
1589 2220 1879 2288 λέγουσιν
1898 2220 2086 2286 αὐτῷ·

520 2302 934 2372 Ἀπόστρεψον
950 2305 1055 2358 τὸν
1073 2306 1282 2374 ἄνδρα,
1308 2305 1407 2359 καὶ
1427 2302 1868 2375 ἀποστραφήτω
1882 2311 1968 2373 εἰς
1984 2308 2092 2361 τὸν

508 2392 694 2445 τόπον
718 2386 790 2446 οὗ
813 2393 1193 2463 κατέστησας
1215 2395 1400 2448 αὑτὸν
1427 2393 1570 2458 ἐκεῖ,
1595 2396 1688 2448 καί
1708 2395 1794 2465 μὴ
1826 2395 2092 2464 ἐρχέσθω

503 2481 630 2548 μεθ’
647 2479 813 2549 ἡμῶν
833 2484 919 2547 εἰς
948 2481 1236 2552 πόλεμον,
1259 2483 1357 2536 καί
1377 2482 1464 2552 μὴ
1491 2484 1744 2552 γινέσθω
1769 2485 2092 2554 ἐπίϐουλος

509 2567 582 2635 τῇ
598 2567 964 2638 παρεμϐολῇ.
987 2570 1096 2623 Καὶ
1113 2571 1182 2626 ἐν
1195 2573 1311 2626 τίνι
1329 2571 1798 2642 διαλλαγήσεται
1819 2569 1996 2641 οὗτος
2011 2573 2092 2640 τῷ

509 2658 695 2726 κυρίῳ
725 2659 933 2724 αὑτοῦ,
960 2661 999 2729 ἢ
1029 2660 1166 2729 οὐχὶ
1197 2662 1269 2715 ἐν
1307 2661 1434 2728 ταῖς
1485 2661 1772 2732 κεφαλαῖς
1819 2661 1939 2715 τῶν
1983 2665 2092 2718 ἀν-

509 2745 668 2814 δρῶν
697 2747 983 2813 ἐκείνων;
1029 2749 1087 2802 '0
1114 2750 1172 2803 δὲ
1219 2753 1330 2814 τοῖς
1372 2751 1580 2822 ῥήμασι
1620 2749 1831 2815 τούτοις
1862 2751 2093 2823 πληγεὶς

509 2833 825 2905 ἀνεχώρησε
847 2836 983 2906 μετά
1003 2837 1204 2908 πολλῆς
1229 2839 1328 2910 τῆς
1358 2838 1568 2911 ὕϐρεως
1591 2840 1686 2894 καὶ
1713 2839 1813 2910 τῆς
1830 2839 2090 2911 ἀθυμίας.

524 2923 725 2978 Ἐλθὼν
748 2925 898 2997 [214]
930 2926 986 2980 δὲ
1016 2926 1155 2980 οἴκοι
1191 2927 1428 2980 τοσαῦτα
1458 2923 1581 3000 εὗρε
1607 2928 1773 2994 κακὰ,
1795 2929 1870 2993 ὡς
1895 2928 2094 3000 μικροῦ

508 3013 620 3068 δεῖν
652 3015 744 3070 καὶ
772 3015 1140 3087 ἀποπνιγῆναι
1169 3019 1234 3087 τῇ
1275 3016 1440 3091 λύπῃ.
1472 3018 1553 3072 Τά
1583 3017 1691 3089 γὰρ
1718 3018 1842 3072 τότε
1888 3020 2094 3091 συμϐε-

511 3101 718 3172 ϐηκότα
747 3103 897 3158 δεινά
943 3099 1010 3175 ἦν
1049 3105 1148 3175 μὲν
1180 3106 1338 3160 ἰκανά
1366 3105 1462 3158 καὶ
1487 3107 1963 3179 προμελετηθέντα
1995 3108 2095 3180 τὴν

509 3191 719 3244 ἐκείνου
754 3193 1023 3246 σκοτῶσαι
1055 3193 1232 3264 ψυχήν
1253 3210 1265 3223 ο
1286 3193 1378 3246 τοῦ
1412 3193 1469 3246 δὲ
1493 3193 1898 3267 ἀπροσδοκήτου
1929 3214 2096 3267 προσ-

509 3279 758 3342 τεθέντος
824 3281 920 3335 καὶ
971 3282 1102 3353 παρ’
1157 3281 1414 3349 ἐλπίδας,
1445 3280 1703 3337 διπλάσια
1758 3283 1867 3336 τῶν
1924 3284 2096 3338 ὄντων

512 3367 784 3437 ἐφαίνετο,
830 3370 924 3422 καί
951 3371 1052 3423 οὐκ
1099 3369 1178 3423 ἔτι
1220 3366 1288 3442 ῆν
1338 3370 1568 3441 φορητά.
1616 3371 1804 3443 Ἀπῄει
1847 3372 1946 3443 μὲν
1986 3371 2096 3444 γὰρ

512 3457 588 3518 ὡς
629 3457 1077 3528 ἀναπαυσόμενος
1121 3459 1278 3525 οίκοι,
1308 3459 1400 3512 καὶ
1445 3459 1546 3529 τῆς
1604 3459 1842 3530 ἀθυμίας
1879 3459 2097 3530 ἐκείνης

513 3545 762 3615 εὑρήσων
792 3546 1145 3616 παραμυθίαν
1191 3547 1262 3600 τά
1298 3546 1490 3601 παιδία
1521 3548 1615 3599 καὶ
1643 3549 1739 3612 τὰς
1781 3551 2046 3616 γυναῖκας
2079 3567 2092 3578 ο

513 3634 741 3698 ἐπιστὰς
761 3635 816 3688 δέ
851 3635 1004 3705 ἄφνω
1035 3638 1198 3707 ἧκουε
1231 3637 1327 3708 μὲν
1369 3638 1451 3690 δτι
1491 3631 1636 3692 οὗτοι
1667 3637 1818 3709 παρά
1854 3641 1967 3701 τοῖς
1999 3656 2098 3692 πο·

513 3720 722 3792 λεμίοις
753 3722 1114 3790 δουλεύουσιν,
1147 3723 1372 3796 ἐθεώρει
1412 3723 1467 3778 δὲ
1509 3725 1618 3796 πῦρ
1652 3725 1745 3776 καὶ
1777 3726 1980 3779 καπνὸν
2005 3727 2099 3779 καὶ

515 3804 653 3881 αἷμα
672 3812 766 3863 καὶ
787 3812 1034 3882 νεκροὺς,
1055 3812 1150 3866 καὶ
1183 3812 1311 3883 πρὶν
1339 3811 1370 3882 ἤ
1389 3810 1614 3874 τούτους
1630 3811 1868 3881 ἀλγῆσαι
1889 3813 1982 3864 καὶ
1997 3812 2098 3882 τὴν

515 3897 890 3969 αἰχμαλωσίαν
916 3893 978 3952 όδ
1013 3897 1229 3970 ρασθαι,
1259 3897 1463 3969 θηρίων
1496 3897 1875 3968 χαλεπώτερον
1901 3899 2099 3952 ἐπέπε-

517 4002 609 4040 σον
636 3987 685 4039 οἰ
709 3985 808 4057 τὴν
836 3987 989 4039 πόλιν
1015 3985 1288 4049 οἰκοῦντες
1311 3984 1479 4055 αὑτῷ,
1502 3985 1608 4037 ἀπὸ
1633 3984 1733 4054 τῆς
1765 3985 1972 4039 ἐκείνου
2003 4003 2096 4040 κε-

516 4079 694 4149 φαλῆς
715 4079 944 4141 ἕκαστος
964 4078 1070 4132 τῶν
1100 4077 1316 4130 οἰκείων
1342 4075 1528 4131 κακῶν
1553 4075 1806 4149 εὑρέσθαι
1839 4095 2097 4150 παραμυ-

517 4167 638 4220 θίαν
668 4167 867 4237 ζητῶν.
896 4167 1007 4220 Καὶ
1055 4167 1306 4237 καθάπερ
1336 4166 1592 4220 ἐναντίων
1619 4166 1835 4236 ἀνέμων
1878 4169 1957 4232 εἰς
1998 4168 2098 4240 τὴν

516 4253 795 4308 θάλασσαν
828 4254 1176 4326 ἐμπεσόντων
1198 4255 1363 4318 πολὺς
1397 4255 1490 4308 καὶ
1509 4253 1698 4326 ἄγριος
1729 4254 1838 4308 ἀπὸ
1868 4256 1967 4327 τῆς
1994 4256 2097 4327 μά-

515 4359 620 4412 χης
657 4342 872 4413 ἐκείνης
904 4342 1113 4411 γίνεται
1157 4343 1184 4395 6
1216 4341 1456 4413 χειμών·
1495 4343 1637 4396 οὑτω
1682 4343 1774 4396 καὶ
1817 4344 1957 4406 τότε,
2005 4344 2099 4396 καὶ

513 4427 754 4500 ἀθυμίας
800 4431 894 4484 καὶ
938 4430 1105 4500 φόϐου
1150 4430 1248 4500 τὴν
1290 4431 1384 4485 τοῦ
1436 4431 1648 4485 δικαίου
1695 4430 2098 4484 διακοπτόντων

514 4521 717 4594 ψυχὴν,
751 4521 920 4594 πολλὴ
955 4518 1024 4594 ἦν
1056 4525 1088 4593 ὴ
1126 4521 1261 4593 ζάλη
1305 4523 1398 4576 καί
1430 4524 1458 4577 6
1483 4521 1729 4594 θόρυϐος,
1757 4521 1866 4575 τῶν
1908 4523 2098 4578 παθῶν

514 4615 719 4668 τούτων
773 4615 1090 4686 ἐπαλλήλων
1156 4612 1502 4686 κρατούντων
1561 4613 1654 4666 καὶ
1711 4613 2096 4684 κρατουμένων

517 4702 780 4774 συνεχῶς.
822 4703 1079 4775 Δυνηθείς
1119 4703 1176 4756 δὲ
1221 4700 1394 4754 ταῦτα
1422 4700 1663 4754 διαδῦναι
1698 4702 1767 4755 τὰ
1804 4702 1972 4767 κακά,
2005 4704 2098 4757 καὶ

514 4791 614 4854 τὰς
648 4793 912 4858 γυναῖκας
939 4790 1256 4854 ἀπολαϐεῖν,
1291 4789 1386 4842 καὶ
1414 4789 1514 4862 τὴν
1542 4789 1922 4860 αἰχμαλωσίαν
1955 4790 2098 4845 ἀπαο

517 4895 640 4942 σαν,
663 4879 848 4949 πρίνῆ
875 4879 1038 4934 πάλιν
1067 4878 1351 4932 αἰσθέσθαι
1367 4878 1464 4949 τῆς
1491 4879 1648 4950 νίκης
1673 4880 1906 4951 ἐκείνης,
1930 4881 2098 4953 πλήτ-

514 4985 668 5021 τεται
695 4967 924 5037 ἀγγελίᾳ
957 4968 1148 5038 πικρᾷ,
1182 4969 1247 5037 τῇ
1291 4968 1421 5038 περὶ
1453 4967 1547 5021 τοῦ
1605 4969 1857 5024 Ἶωνάθαν
1888 4973 2096 5042 σφαγῇ,

514 5057 550 5126 ἢ
587 5055 685 5126 τὴν
717 5055 893 5125 ψυχήν
941 5054 1085 5109 οὕτω
1135 5054 1400 5108 κατέϐαλε
1434 5054 1531 5125 τὴν
1574 5056 1806 5122 ἐκείνου,
1841 5058 1916 5122 ώς
1949 5058 2096 5114 ἐστιν

517 5145 582 5196 ἐκ
627 5143 735 5196 τῶν
769 5143 984 5216 θρήνων
1034 5144 1224 5215 μαθεῖν
1249 5161 1263 5175 ·
1308 5143 1602 5202 Ἐπέπεσε
1632 5145 1760 5217 γὰρ,
1795 5148 1979 5216 φησὶν,
2004 5148 2096 5200 ἐπ’

515 5232 621 5302 ἐμὲ
642 5233 676 5301 ὴ
692 5231 996 5303 ἀγάπησις
1013 5249 1150 5299 σου,
1167 5234 1246 5300 ώς
1263 5234 1300 5302 ἡ
1323 5231 1624 5303 ἀγάπησις
1643 5234 1760 5287 τῶν
1775 5235 2091 5305 γυναικῶν.

518 5325 625 5378 Καὶ
646 5323 696 5377 τί
717 5324 862 5393 λέγω
882 5324 990 5378 τῶν
1017 5325 1231 5396 θρήνων
1251 5343 1266 5392 ;
1299 5326 1355 5378 Ὀ
1377 5325 1484 5395 γὰρ
1506 5325 1598 5377 τὸν
1626 5326 1834 5380 ἐκείνου
1861 5329 2093 5402 πατέρα,

515 5415 610 5470 τὸν
657 5414 847 5487 ἐχθρὸν
877 5417 966 5470 τὸν
1007 5417 1202 5472 ἐαυτοῦ
1251 5417 1344 5470 καί
1394 5416 1678 5472 ἐπίϐουλον
1709 5418 1802 5472 καὶ
1839 5423 2096 5492 μυριάκις

517 5513 618 5584 τῆς
650 5510 924 5575 ἀπωλείας
954 5512 1371 5584 ἐπιθυμήσαντα
1399 5511 1497 5582 τῆς
1523 5511 1690 5565 αὑτοῦ
1718 5511 1860 5568 οὑτω
1895 5514 2097 5587 δακρύ-

521 5622 642 5669 σας,
673 5605 726 5659 τί
760 5605 825 5658 ἂν
856 5604 1025 5659 ἔπαθε
1063 5606 1152 5660 τὸν
1201 5607 1258 5659 ἐν
1301 5606 1529 5669 ἐκείνοις
1580 5609 1934 5679 παραστάντα
1984 5613 2096 5674 τοῖς

520 5696 788 5760 κινδύνοις
816 5698 964 5770 αὑτῴ
1011 5701 1105 5754 καὶ
1135 5699 1396 5765 πολλάκις
1428 5699 1588 5754 αὑτὸν
1613 5702 1710 5771 τῆς
1753 5703 1846 5756 τοῦ
1891 5705 2096 5774 πατρὸς

523 5783 811 5858 ἐπιϐουλῆς
831 5791 1166 5863 ἐξελόμενον,
1199 5796 1290 5848 καὶ
1318 5797 1641 5867 ἀπορρήτων
1669 5797 2090 5868 κοινωνήσαντα,

1193 263 1248 319 S.
1288 263 1574 320 JOANNIS
1611 260 2100 320 CIIRYSOSTOMI
2141 263 2459 323 ARCHIEP.
2503 268 3051 327 CONSTANTINOP.

3659 272 3766 328 482

2191 381 2283 432 καὶ
2316 383 2584 452 συνθήκας
2625 385 2762 455 ὑπὲρ
2787 384 2993 437 πολλῶν
3017 384 3237 455 θέμενον
3264 389 3399 458 πρὸς
3433 387 3616 452 αὑτὸν,
3642 389 3767 441 τοῦ-

2181 488 2294 536 τον,
2319 474 2404 526 ὅτε
2426 475 2574 546 αὑτῷ
2606 477 2705 540 τὰς
2727 478 2960 548 ἀμοιϐὰς
2978 478 3267 532 ἀποδοῦναι
3299 479 3406 533 τῶν
3436 481 3764 553 εὐεργεσιῶν

2184 563 2378 618 κείνων
2403 566 2651 634 ἠδύνατο,
2687 569 2806 622 τότε
2831 568 3243 640 ἐξαρπασθέντα
3274 570 3364 623 τοῦ
3394 571 3511 640 βίου
3535 572 3764 640 μαθών;

2253 661 2324 724 η’.
2356 655 2717 727 Ἀκμάζοντος
2741 660 2805 731 δὴ
2831 660 3020 714 τούτου
3046 662 3139 715 τοῦ
3168 663 3394 727 πάθους,
3417 663 3582 735 ἑτέρα
3610 681 3769 735 περι-

2185 743 2368 801 ϐάλλει
2404 749 2565 805 πάλιν
2591 752 2750 806 αὐτὸν
2776 755 2804 806 6
2837 756 3138 829 στρατηγὸς
3169 755 3376 827 ἀθυμίᾳ
3403 755 3496 808 τὸν
3532 757 3770 828 ἀπονητὶ

2184 840 2278 893 καὶ
2328 845 2465 912 μετᾶ
2504 844 2684 916 πάσης
2731 846 2978 912 εὐκολίας
3027 851 3206 903 πᾶσαν
3238 848 3386 918 αύτῷ
3429 849 3768 922 παραδοῦναι

2183 933 2283 1003 τὴν
2315 934 2568 1004 στρατιὰν
2599 938 3083 1008 ἐπαγγειλάμενον,
3107 940 3294 993 τοῦτον
3337 940 3769 1011 προαναρπάσας

2185 1024 2284 1094 τῆς
2315 1026 2678 1096 ὑποσχέσεως,
2708 1030 2803 1083 καὶ
2833 1030 2970 1101 δόλῳ
3008 1032 3462 1103 διαχρησάμενος.
3499 1031 3768 1085 Τοσοῦτον

2185 1113 2292 1185 γὰρ
2318 1115 2554 1188 ήλγησεν
2587 1119 2768 1192 ἐκείνῃ
2799 1124 2863 1192 τῇ
2903 1126 3106 1194 σφαγῇ,
3143 1123 3217 1187 ὡς
3244 1124 3336 1176 καὶ
3381 1123 3502 1176 τότε
3531 1123 3770 1192 καταρά·

2189 1206 2384 1260 σασθαι
2417 1209 2508 1262 τὸν
2547 1210 2725 1276 ’1ωὰϐ,
2757 1213 2850 1265 καὶ
2896 1215 3026 1285 παρ’
3051 1213 3212 1267 αὑτὸν
3248 1217 3348 1285 τῆς
3388 1214 3641 1285 τελευτῆς
3674 1215 3769 1267 τδν

2187 1299 2379 1368 καιρὸν
2433 1302 2733 1373 ἐπισκῆψαι
2767 1303 2845 1374 τῷ
2894 1306 3086 1359 ἐαυτοῦ
3143 1307 3296 1360 παιδί
3353 1307 3511 1376 δίκην
3562 1306 3771 1376 ταύτην

2187 1391 2589 1462 εἰσπράξασθαι
2619 1396 2718 1466 τῆς
2740 1398 3053 1467 μιαιφονίας
3091 1398 3274 1452 αὑτόν.
3311 1399 3421 1452 Καὶ
3446 1399 3514 1452 τὰ
3539 1399 3767 1469 ῥήματα

2186 1482 2266 1549 δὲ,
2305 1484 2447 1556 άπερ
2495 1487 2655 1540 αὑτὸν
2701 1489 2982 1543 ἀνακαλῶν
3029 1490 3345 1562 ἐθρήνησεν,
3376 1493 3534 1547 ἰκανά
3569 1492 3629 1545 τὸ
3660 1492 3770 1547 πά-

2188 1573 2278 1638 θος
2300 1578 2430 1647 ήμῖν
2453 1580 2804 1651 παραστῆσαι
2824 1582 2922 1652 τῆς
2947 1581 3125 1654 ψυχῆς
3143 1599 3156 1612 '
3186 1583 3404 1653 Ἐπῆρε
3426 1586 3555 1656 γὰρ.
3576 1587 3768 1656 φησὶν.

2188 1668 2537 1736 όβασιλεὺς
2567 1671 2680 1738 τὴν
2709 1673 2920 1741 φωνὴν
2951 1675 3138 1730 αὐτοῦ
3159 1717 3172 1740 ,
3205 1678 3300 1730 καί
3331 1679 3639 1731 ἔκλαυσεν
3666 1678 3769 1732 ἐπὶ

2187 1757 2268 1823 τῷ
2293 1757 2456 1828 τάφῳ
2503 1762 2555 1814 Ἀ
2567 1763 2913 1832 Ger-rimata!
2941 1761 3108 1820 εἶπεν
3138 1784 3152 1797 ο
3187 1769 3257 1820 Εἰ
3281 1769 3430 1822 κατὰ
3463 1767 3571 1822 τὸν
3594 1767 3775 1822 θάνω·

2189 1866 2297 1902 τον
2317 1850 2521 1905 Νάϐα..ἰ
2575 1854 2955 1910 ἀποθανεῖται
2986 1858 3293 1926 Ἀϐεννὴρ,
3328 1862 3387 1914 αἱ
3419 1859 3615 1929 χεὶοές
3650 1876 3771 1915 σου

2189 1941 2302 1993 οὐκ
2347 1939 2666 2009 ἐδέθησαν,
2687 1944 2829 1999 οὐδὲ
2852 1950 2907 2000 οἱ
2938 1948 3121 2014 πόδες
3140 1963 3258 2003 σου
3281 1949 3350 2002 ἐν
3382 1949 3774 2015 πέδαις,οίιδὲ

2190 2034 2571 2106 προσήγαγες
2597 2037 2678 2103 ὠς
2691 2036 2896 2093 Νάϐαλ
2912 2057 2924 2069 ·
2943 2039 3200 2095 ἐνώπιον
3217 2042 3350 2096 υἱοῦ
3378 2041 3613 2108 ἀδικίας
3642 2043 3778 2098 ἕπε-

2191 2142 2318 2190 σες.
2349 2125 2412 2178 Τί
2444 2126 2500 2179 δὲ
2532 2127 2671 2198 μετά
2718 2129 2913 2197 τοῦτο;
2948 2132 3322 2202 Δολοφονεῖται
3367 2134 3464 2204 μὲν
3489 2138 3516 2188 6
3544 2137 3776 2205 Μεμφιο

2192 2216 2353 2270 ϐοσθέ
2377 2231 2425 2282 ει,
2466 2221 2558 2273 καὶ
2589 2222 2654 2292 τῇ
2703 2221 2793 2276 διὰ
2835 2223 3025 2278 τοῦτον
3081 2225 3232 2296 αὑτῷ
3294 2227 3561 2298 γενομένῃ
3618 2228 3775 2302 λύπῃ

2194 2308 2310 2378 (καὶ
2340 2309 2450 2382 γὰρ
2479 2314 2570 2366 ἐπὶ
2622 2313 2797 2387 τούτῳ
2824 2317 2986 2371 πάλιν
3037 2317 3295 2390 ᾕλγησεν,
3335 2319 3411 2384 ὡς
3443 2321 3537 2374 καί⁵
3563 2321 3779 2374 ἀνελεῖν

2190 2402 2316 2465 τοὺς
2349 2404 2732 2477 φονεύσαντας)
2755 2409 2787 2479 ἡ
2816 2409 2924 2462 τῶν
2951 2410 3138 2480 χωλῶν
3160 2412 3253 2466 καὶ
3288 2411 3496 2465 κυλλῶν
3514 2412 3782 2467 ἀντίστα-

2195 2511 2280 2558 σις
2317 2499 2676 2567 προστεθεῖσα
2717 2501 2918 2572 σφόδρα
2949 2503 3111 2556 αὑτὸν
3135 2501 3438 2575 διετάραξε.
3472 2505 3783 2576 Κρατήσας

2191 2587 2250 2641 δὲ
2283 2590 2377 2642 καὶ
2403 2589 2606 2644 τούτων
2639 2593 2732 2646 καὶ
2755 2595 2955 2666 ἐτέρων
2983 2595 3278 2666 πολεμίων,
3301 2598 3493 2665 ἀνάγει
3534 2599 3634 2668 μὲν
3675 2598 3782 2669 τὴν

2193 2680 2426 2734 κιϐωτὸν
2460 2683 2600 2753 μετά
2631 2685 2829 2755 πολλῆς
2857 2686 2956 2757 τῆς
2989 2687 3328 2759 εὐφροσύνης
3349 2705 3363 2719 ο
3389 2687 3469 2740 ἐτι
3502 2689 3560 2741 δέ
3603 2691 3782 2760 αὑτῆς

2193 2773 2556 2844 ἀναγομένης,
2587 2777 2681 2829 καὶ
2714 2778 2931 2833 πάντων
2952 2779 3269 2850 χαιρόντων,
3297 2781 3356 2834 ἐν
3377 2781 3530 2852 μέσῳ
3557 2782 3658 2852 τῆς
3688 2783 3783 2835 εὑ·

2195 2864 2394 2937 θυμίας
2421 2869 2648 2939 πρᾶγμα
2689 2869 2838 2942 [215]
2872 2871 3086 2942 συμϐάν
3113 2873 3328 2927 πάντων
3357 2874 3661 2946 ἠμαύρωσε
3684 2874 3784 2946 τὴν

2195 2960 2406 3031 ἡδονὴν,
2441 2962 2534 3014 καὶ
2555 2961 2762 3034 ἀθυμία
2787 2965 2882 3018 καὶ
2898 2965 3045 3037 φόϐῳ
3077 2966 3254 3038 πολλῷ
3281 2966 3377 3040 τὴν
3392 2966 3487 3021 τοῦ
3513 2968 3785 3039 βασιλέως

2195 3049 2355 3104 ἔϐαλε
2386 3051 2585 3123 ψυχήν.
2619 3055 2722 3108 Τὸν
2747 3055 2856 3126 γάρ
2901 3057 3061 3120 Ὀζᾶν
3089 3058 3418 3128 βουληθέντα
3453 3077 3778 3132 περιτρετια

2200 3145 2367 3217 μένην
2389 3145 2628 3216 ὀρθῶσαι
2650 3147 2746 3219 τὴν
2769 3148 3020 3216 κιϐωτὸν,
3051 3151 3390 3223 παραχρῆμα
3413 3153 3653 3218 ἐπάταξε
3689 3154 3788 3208 καὶ

2195 3240 2388 3311 νεκρὸν
2419 3239 2612 3312 ἔθηκεν
2639 3243 2672 3312 ἡ
2703 3237 2796 3295 τοῦ
2831 3242 2964 3296 Θεοῦ
2995 3243 3152 3317 ὀργὴ,
3189 3247 3282 3299 καὶ
3315 3246 3488 3311 οὕτως
3515 3249 3609 3300 ἐπὶ
3641 3249 3786 3301 πολὺ

2197 3333 2477 3387 κατέσεισε
2503 3333 2594 3386 τοῦ
2627 3333 2791 3390 Δαυῒδ
2813 3335 2911 3408 τὴν
2941 3335 3119 3408 ψυχὴν
3139 3331 3292 3402 οὗτος
3324 3340 3352 3391 6
3388 3339 3572 3408 φόϐος,
3602 3341 3678 3404 ὡς
3704 3341 3789 3414 μὴ

2197 3425 2462 3496 πρότερον
2479 3425 2744 3497 τολμῆσαι
2769 3427 2905 3499 πρὸς
2932 3429 3124 3482 ἐαυτὸν
3149 3430 3462 3500 ἀνενεγκεῖν
3483 3433 3582 3503 τὴν
3610 3434 3788 3487 κιϐωο

2196 3517 2308 3579 τὸν,
2347 3517 2536 3588 πρὶνῆ
2583 3517 2774 3587 μαθεῖν
2821 3519 2969 3584 ὅπως
3021 3523 3285 3592 χρήσαιτο
3321 3522 3397 3594 τῷ
3439 3525 3559 3578 τότε
3609 3525 3792 3596 αὐτὴν

2200 3608 2580 3680 ὑποδεξαμένῳ
2621 3609 2934 3682 Ἀϐεδδαρᾶ.
2953 3611 3106 3666 Μετά
3135 3613 3192 3666 δὲ
3223 3614 3396 3667 ταῦτα
3420 3615 3794 3686 τελευτήσαν-

2197 3717 2289 3764 τος
2317 3700 2408 3753 τοῦ
2427 3702 2805 3773 ιἈμμανιτῶν
2841 3702 3123 3773 βασιλέως,
3162 3707 3397 3776 πρᾶγμα
3423 3707 3614 3778 ἀνδρὸς
3640 3726 3792 3780 χρη-

2203 3791 2330 3845 στοῦ
2354 3794 2446 3846 καὶ
2483 3793 2863 3866 φιλανθρώπου
2894 3796 3062 3850 ποιῶν
3081 3837 3096 3862 ,
3127 3797 3340 3868 ἔπεμψε
3387 3800 3793 3872 παραμυθησό-

2203 3901 2361 3956 μενος
2391 3886 2480 3937 τὸν
2514 3885 2628 3939 υἱὸν
2665 3886 2754 3940 τὸν
2785 3887 3018 3956 ἐκείνου,
3055 3889 3149 3942 καὶ
3177 3888 3379 3942 πείθων
3414 3891 3605 3962 πράως
3633 3893 3792 3962 ἐνεγ-

2201 3978 2316 4028 κεῖν
2343 3975 2439 4047 τὴν
2469 3976 2562 4029 τοῦ
2615 3974 2822 4048 πατρὸς
2855 3980 3113 4051 τελευτήν
3139 3996 3152 4011 ·
3184 3981 3212 4032 6
3249 3980 3307 4033 δὲ
3335 3981 3458 4034 ἀντί
3490 3983 3590 4052 τῆς
3617 3982 3792 4054 τιμῆς

2198 4064 2402 4135 ταύτης
2455 4064 2684 4135 ὑϐρίσας
2738 4067 2866 4131 τοὺς
2919 4067 3252 4132 ἀπελθόντας
3291 4070 3573 4140 αἰσχρῶς,
3609 4069 3792 4134 οὕτως

2200 4155 2494 4228 ἀπέπεμψε
2533 4157 2610 4229 τῷ
2648 4157 2876 4229 βασιλεῖ.
2911 4155 3059 4230 Ἀρά
3088 4177 3172 4214 σοι
3220 4160 3416 4232 μικρὸν
3461 4157 3600 4216 εἶναι
3628 4163 3794 4218 τοῦτο

2199 4247 2346 4302 δοκεῖ
2373 4250 2508 4320 πρὸς
2539 4250 2601 4302 τὸ
2627 4249 2825 4321 πλῆξαι
2849 4251 3026 4324 ψυχὴν
3057 4253 3152 4306 καὶ
3176 4253 3537 4320 καταϐαλεῖν;
3571 4251 3659 4328 ἆρ’
3687 4256 3792 4327 οὐχ

2199 4339 2228 4392 6
2251 4339 2485 4410 πόλεμος
2512 4341 2717 4404 ἐκεῖνος
2744 4341 2904 4396 τοῦτο
2937 4343 3230 4410 δείκνυσιν,
3256 4346 3284 4398 6
3319 4344 3637 4416 μηδαμόθεν
3666 4348 3791 4401 ἐτέ⁴

2203 4427 2372 4498 ρωθεν
2416 4427 2516 4498 τὴν
2571 4428 2827 4484 ὑπόθεσιν
2876 4433 3159 4503 ἐσχηκὼς,
3203 4433 3297 4486 καὶ
3335 4434 3473 4505 πρὸς
3518 4436 3792 4505 τοσαύτην

2201 4515 2539 4587 σφοδρότητα
2580 4517 2851 4582 ἐκταθεὶς,
2875 4519 2950 4583 ὡς
2991 4520 3206 4593 μυρίοις
3255 4522 3418 4575 αὑτὸν
3467 4523 3790 4594 περιϐαλεῖν

2200 4605 2422 4670 κακοῖς;
2462 4603 2645 4658 Ἱκανά
2689 4605 2788 4676 μὲν
2817 4602 2909 4661 οὖν
2955 4609 3050 4661 καὶ
3089 4608 3292 4675 ταῦτα,
3323 4609 3425 4663 κᾶν
3470 4612 3672 4683 μυρίας
3705 4629 3790 4676 τις

2199 4692 2381 4757 αὐτοῖς
2416 4693 2726 4766 ἀναμιγνύῃ
2757 4695 2856 4760 τὰς
2884 4695 3101 4770 ἡδονὰς,
3128 4699 3208 4761 εἰς
3239 4698 3334 4752 τὸν
3365 4700 3476 4753 τῶν
3511 4700 3791 4770 ὀδυνηρῶν

2200 4781 2314 4853 βίον
2342 4783 2635 4848 καταλέξαι
2665 4784 2763 4856 τὴν
2797 4769 3006 4840 ἐκείνου
3040 4787 3186 4858 ζωήν
3206 4804 3220 4818 ·
3248 4787 3344 4842 νῦν
3377 4789 3434 4841 δὲ
3464 4769 3691 4844 τοιαῦτα
3723 4787 3785 4844 τὸ

2201 4874 2340 4945 μετὰ
2371 4873 2543 4927 ταῦτά
2560 4875 2725 4938 ἐστιν,
2757 4873 2832 4933 ὡς
2861 4873 2992 4944 μηδὲ
3012 4870 3212 4946 ἦρχθαι
3236 4877 3344 4929 τῶν
3369 4877 3587 4948 ἀληθῶς
3617 4878 3779 4948 λυπη-

2200 4961 2329 5034 ρῶν.
2357 4963 2540 5015 Πάντα
2563 4963 2671 5034 γάρ
2709 4961 2875 5032 μῦθον
2900 4962 2993 5015 καὶ
3020 4963 3201 5016 πᾶσαν
3225 4966 3532 5036 τραγῳδίαν
3564 4966 3784 5036 ἐνίκησε

2197 5051 2266 5105 τὰ
2303 5051 2396 5105 τοῦ
2439 5051 2698 5123 βασιλέως
2729 5049 2918 5104 τούτου
2952 5051 3100 5122 πάθη
3131 5069 3145 5081 ·
3183 5051 3358 5116 οὕτως
3390 5053 3655 5107 ἀλλόκοτα
3693 5055 3785 5107 καὶ

2197 5141 2473 5212 ἐπάλληλα
2501 5141 2836 5214 προσέπεσεν
2861 5141 3027 5196 αὑτοῦ
3047 5144 3113 5213 τῇ
3143 5141 3290 5213 οἰκίᾳ
3326 5141 3396 5195 τά
3425 5141 3594 5210 δεινὰ,
3629 5141 3784 5212 κακῷ

2197 5235 2256 5287 τὸ
2283 5232 2451 5286 κακὸν
2483 5231 2571 5286 ἀεὶ⁵
2603 5230 2856 5286 ἰάσασθαι
2884 5231 3293 5296 σπουδαζόντων
3324 5231 3494 5302 αὐτῷ.

2268 5323 2408 5394 Ὅρα
2433 5320 2540 5392 γάρ
2563 5337 2576 5350 °
2604 5319 2818 5392 ἠράσθη
2861 5317 2962 5389 τῆς
2988 5318 3222 5388 ἀδελφῆς
3255 5320 3284 5370 ὁ
3319 5315 3533 5387 Ἀμνὼν
3553 5317 3651 5387 τῆς
3682 5318 3778 5370 αὑ-

2196 5413 2291 5468 τοῦ
2316 5429 2329 5444 ·
2362 5411 2616 5484 ἐρασθεὶς
2647 5410 2868 5479 ὕϐρισεν
2897 5411 2976 5472 εἰς
3019 5409 3219 5480 αὐτὴν,
3251 5406 3482 5480 ὑϐρίσας
3511 5408 3742 5478 ἐμίσησε
3761 5449 3777 5470 ,

2198 5503 2293 5556 καὶ
2328 5501 2426 5572 τὴν
2477 5499 2633 5572 ὕϐριν
2662 5499 3039 5570 ἐξεπόμπευσε
3077 5499 3172 5553 καὶ
3217 5499 3328 5563 τὴν⁹
3362 5495 3546 5566 μίξιν,
3578 5497 3776 5559 εύθέως

2199 5589 2506 5662 προστάξας
2537 5589 2645 5644 τινί
2695 5588 2799 5643 τῶν
2852 5587 3081 5640 οἰκετῶν
3112 5585 3360 5641 ἐκϐαλεῖν
3406 5585 3648 5640 ἄκουσαν
3678 5585 3774 5652 τῆς

2265 5751 2290 5779 ⁸
2322 5750 2402 5798 Sic
2421 5759 2590 5796 omnes
2610 5760 2724 5794 mss.
2753 5752 2901 5805 alque
2926 5741 3072 5805 editi,
3096 5741 3182 5789 sed
3219 5742 3478 5801 legendum
3512 5732 3768 5796 Ἰεσϐοῖθέ,

2201 5812 2292 5864 nisi
2323 5816 2386 5862 sil
2411 5811 2692 5873 μνημονικὸν
2715 5804 2971 5870 ἁμάρτημα
2993 5804 3338 5866 Chrysoslomi.
