4060 6136
280 302 376 357 431

280 430 523 478 memor,
552 411 777 486 ejusque
817 432 1031 473 causam
1090 420 1189 474 sibi
1243 421 1547 490 imputans,
1598 422 1864 476 damnatis

281 507 532 562 omnibus
571 506 834 563 infelicius
881 506 1127 579 degebat.
1188 511 1299 565 Etsi
1363 515 1503 567 enim
1552 513 1683 568 nihil
1722 514 1862 569 aliud

282 599 426 650 illum
469 598 871 665 perturbassct,
917 599 1160 656 sufﬁcere
1212 602 1265 656 id
1292 612 1522 672 poterat
1570 606 1635 658 ad
1678 607 1863 659 vulne-

284 688 508 741 randum
540 687 1013 760 sul'focaiidumque
1039 692 1272 745 animum
1292 732 1306 756 ,
1351 694 1490 762 quod
1523 695 1754 762 seipsuin
1786 706 1861 749 tot

278 776 618 832 sacerdotum
637 790 1025 847 peremptorem
1055 781 1405 836 existimaret.
1426 784 1533 838 llac
1562 800 1689 838 vero
1718 787 1860 855 cogi-

279 870 480 923 tatione
518 870 730 924 saucius
754 887 916 939 ,qua:
960 873 1050 926 diu
1080 883 1345 943 noctuque
1376 876 1492 943 plus
1534 892 1688 944 quam
1719 879 1857 935 tinea

282 959 446 1030 ipsius
472 959 789 1013 corrodebat
813 961 1051 1014 animum
1078 1002 1093 1026 ,
1125 972 1179 1017 et
1232 963 1333 1017 alia
1360 965 1611 1034 deinceps
1641 967 1856 1023 vulnera

279 1048 533 1101 continua
563 1064 624 1102 ac
655 1059 906 1118 perpetua
936 1051 1295 1120 suscipiebat:
1327 1054 1523 1122 quippe
1542 1068 1662 1115 cum
1690 1054 1855 1109 Nabal

282 1153 377 1204 per
422 1152 606 1191 servos
661 1154 787 1193 suos
816 1154 934 1197 eum
985 1141 1319 1195 contumeliis
1365 1142 1637 1208 alliceret,
1677 1143 1857 1213 fugiti-

279 1243 545 1298 vumqiie,
574 1229 849 1300 perfugam
872 1272 888 1296 ,
926 1241 1082 1301 atque
1126 1233 1387 1302 ingratum
1434 1248 1646 1288 servum
1671 1234 1858 1304 appel-

280 1320 452 1381 taret,
497 1335 602 1373 non
632 1321 745 1375 sine
792 1322 980 1378 dolore
1006 1322 1165 1378 verba
1198 1324 1286 1377 illa
1316 1326 1570 1393 percepit.
1620 1325 1688 1380 Et
1734 1341 1854 1381 cum

279 1410 345 1464 ad
373 1412 587 1466 Auchus
611 1413 877 1480 profectus
918 1428 1160 1468 insanum
1197 1429 1256 1469 se
1306 1415 1566 1470 simulans
1604 1417 1854 1472 concide-

281 1511 392 1566 ret,
418 1513 758 1573 versaretque
781 1504 963 1559 oculos
987 1546 1002 1569 ,
1029 1514 1189 1575 atque
1231 1520 1434 1576 spuma:
1464 1507 1747 1575 plurimum
1786 1522 1853 1562 ex

278 1609 373 1649 ore
399 1596 704 1657 dimitteret,
733 1596 888 1666 longe
915 1598 1144 1666 amplius
1182 1599 1521 1654 cruciabatur
1542 1639 1559 1664 ,
1591 1616 1750 1669 quam
1778 1601 1855 1655 illi

278 1682 366 1750 qui
394 1698 580 1738 revera
622 1686 979 1754 corripiuntur
1016 1704 1044 1739 a
1080 1687 1323 1743 da'monc
1347 1729 1365 1756 ,
1395 1704 1516 1744 cum
1540 1703 1723 1745 secum
1762 1705 1854 1746 re-

280 1784 489 1841 putaret
516 1777 740 1846 inquam
774 1778 861 1831 ille
882 1792 941 1832 se
957 1780 1325 1839 necessitatem
1350 1779 1674 1844 deduxisset,
1697 1796 1853 1850 quem

278 1870 499 1921 summis
529 1868 800 1925 beneficiis
840 1869 1061 1923 foverat.
1094 1870 1224 1925 Cum
1254 1885 1381 1927 vero
1422 1873 1688 1942 paululum
1712 1873 1852 1940 apud

281 1958 457 2011 hostes
505 1960 830 2026 quievisset,
862 1970 1104 2030 essetque
1149 1963 1199 2015 in
1231 1961 1438 2017 hostem
1494 1962 1703 2018 illorum
1755 1964 1851 2019 de-

276 2049 549 2105 ducendus
586 2052 852 2106 exercitus
876 2094 890 2118 ,
936 2053 1126 2105 invidia
1154 2055 1405 2107 commoti
1450 2054 1703 2109 adversus
1731 2070 1852 2109 eum

276 2151 504 2209 satrapa:
524 2182 540 2205 ,
569 2149 727 2209 atque
779 2141 852 2195 illi
880 2143 1016 2210 apud
1045 2158 1222 2213 regem
1276 2158 1427 2197 suum
1473 2144 1813 2201 detrahentes
1836 2188 1851 2211 ,

275 2244 374 2283 suo
417 2230 560 2283 illum
593 2232 831 2285 exercitii
886 2232 1207 2298 deturbant,
1258 2235 1419 2288 veluti
1460 2235 1721 2290 inutilem
1753 2237 1852 2291 sibi

274 2330 329 2373 et
372 2320 728 2377 insidiatorem
775 2324 1205 2394 proditoremque
1251 2324 1506 2381 futurum.
1528 2326 1660 2379 [rati
1698 2338 1851 2391 sunt,

276 2415 473 2481 inquit,
501 2417 740 2469 adversus
794 2416 938 2469 illuni
992 2427 1213 2487 satrapae
1265 2418 1659 2488 alienigenarum
1708 2420 1851 2472 αἰτέο

274 2519 491 2576 rnntqne
517 2508 620 2575 rrgi
645 2524 664 2560 :
691 2507 879 2561 Emitte
902 2510 1061 2561 t-irum
1081 2549 1097 2574 ,
1125 2519 1169 2561 ct
1194 2518 1467 2563 revertatur
1488 2510 1555 2563 ad
1580 2512 1742 2563 locum
1772 2510 1855 2565 ubi

272 2607 322 2645 tu
354 2597 497 2648 illum
537 2598 788 2662 statuisti,
820 2614 907 2651 nec
936 2600 1097 2651 veniat
1144 2597 1401 2653 nobiscum
1444 2601 1511 2654 ad
1535 2599 1718 2653 bellum
1743 2641 1758 2666 ,
1809 2611 1855 2654 et

273 2702 370 2736 non
397 2686 461 2737 sit
488 2686 751 2739 insidiator
777 2688 828 2740 in
880 2688 1077 2741 castris.
1114 2687 1178 2741 In
1204 2705 1303 2757 quo
1331 2690 1462 2742 enim
1497 2690 1590 2742 iste
1627 2691 1848 2743 reconci-

273 2772 490 2826 liubatnr
513 2775 716 2843 domino
754 2793 843 2829 suo
862 2818 876 2837 ,
910 2779 1006 2829 nisi
1030 2778 1081 2830 in
1122 2779 1368 2848 capitibus
1410 2780 1627 2832 virorum
1654 2780 1854 2835 illorum

273 2867 347 2929 (ι.
378 2864 509 2935 Ιέι-ρ.
538 2866 627 2922 29.
656 2869 713 2938 4)
736 2868 761 2920 ?
784 2868 985 2936 Quibus
1017 2871 1103 2924 ille
1132 2871 1306 2923 verbis
1340 2871 1609 2938 perculsus
1637 2880 1851 2939 accepta

272 2972 478 3010 summa
507 2960 819 3013 contumelia
853 2962 1072 3014 recessit
1099 2975 1331 3016 atterens
1359 3001 1373 3026 ,
1405 2976 1467 3014 ac
1487 2961 1700 3014 domum
1729 2962 1852 3015 red-

275 3050 390 3101 iens
454 3058 594 3100 tanta
656 3048 790 3100 niala
830 3049 1045 3102 olfendit
1073 3091 1088 3114 ,
1141 3058 1194 3103 ut
1239 3064 1372 3119 pene
1416 3065 1645 3105 interere
1687 3051 1853 3104 sulTo-

272 3147 502 3192 «aretur.
546 3138 676 3206 Quae
714 3140 853 3193 enim
901 3152 1024 3194 tunc
1093 3142 1429 3211 contigerunt
1481 3142 1738 3210 adversa,
1792 3160 1854 3198 ca

273 3238 468 3294 erant,
503 3239 559 3283 ut
603 3240 817 3299 possent
851 3231 1070 3299 pnevisa
1114 3233 1272 3286 etiam
1311 3232 1450 3286 illius
1488 3234 1721 3286 animum
1774 3241 1853 3289 te-

275 3321 454 3374 nebris
484 3320 752 3375 obducere
781 3340 793 3372 :
824 3336 980 3391 porro
1022 3338 1087 3376 ex
1130 3324 1397 3392 insperato
1430 3309 1855 3394 supervenientia

273 3412 437 3480 duplo
465 3428 621 3480 quain
660 3423 813 3467 erant
857 3414 1097 3483 graviora
1141 3414 1457 3469 videbantur
1483 3458 1495 3478 ,
1528 3430 1700 3485 neque
1744 3415 1853 3484 jam

278 3503 593 3557 tolerabilia.
625 3505 838 3559 Abierat
866 3505 1007 3558 enim
1059 3506 1146 3559 ille
1192 3507 1341 3575 quasi
1371 3507 1645 3576 quieturus
1670 3506 1812 3559 domi
1836 3548 1851 3572 ,

276 3595 522 3648 lllth‘Ol‘lS
554 3596 804 3663 prieteriti
832 3596 1246 3650 Consolationem
1275 3596 1581 3650 inventurus
1605 3638 1620 3661 ,
1662 3612 1855 3651 uxores

274 3685 477 3740 scilicet
516 3701 578 3740 ac
623 3687 816 3741 liberos
846 3729 860 3750 ,
914 3702 1035 3740 cuni
1100 3695 1318 3757 repente
1369 3688 1568 3741 audivit
1615 3689 1734 3742 illos
1800 3689 1852 3742 in

274 3775 545 3829 servitium
581 3776 650 3829 ab
675 3774 915 3832 hostibus
945 3777 1230 3842 abductos,
1261 3778 1492 3847 viditque
1524 3779 1696 3847 ignem
1722 3819 1736 3842 ,
1774 3776 1854 3830 fu-

277 3880 441 3928 mum,
479 3867 786 3934 sanguinem
818 3908 833 3934 ,
874 3868 1165 3932 cadavera;
1203 3879 1360 3938 atque
1410 3879 1692 3938 antequam
1723 3871 1854 3925 istos

278 3955 480 4025 lugeret
512 3997 528 4022 ,
574 3957 921 4027 captivosque
940 3958 1196 4023 deﬁeret,
1231 3960 1439 4013 irruunt
1486 3961 1536 4013 in
1581 3976 1703 4015 eum
1731 3961 1855 4014 feris

275 4049 523 4103 omnibus
558 4049 839 4104 immanius
883 4051 1202 4104 habitatores
1239 4051 1467 4105 civitatis
1503 4090 1517 4114 ,
1555 4060 1854 4118 quaireiites

278 4140 471 4209 singuli
490 4154 705 4192 casuum
731 4154 947 4194 suorum
977 4141 1389 4194 consolationem
1409 4155 1475 4194 ex
1500 4142 1638 4196 illius
1658 4143 1852 4211 capite.

282 4233 346 4286 Et
399 4231 843 4302 quemadmodum
883 4247 1003 4287 cum
1043 4234 1181 4287 venti
1210 4234 1458 4288 contrarii
1501 4234 1551 4287 iu
1598 4249 1743 4288 mare
1785 4235 1857 4288 ir-

280 4333 468 4388 i-inint,
500 4325 681 4393 ingens
719 4333 774 4380 et
798 4339 941 4380 saeva
967 4325 1193 4394 procella
1232 4339 1297 4380 ex
1327 4340 1388 4379 ea
1419 4340 1589 4395 pugna
1620 4326 1853 4381 concita-

281 4427 363 4470 tur
392 4433 404 4467 ε
435 4417 502 4469 ita
532 4425 588 4471 et
626 4428 749 4471 tunc
790 4419 998 4485 tristitia
1028 4426 1083 4472 et
1119 4426 1259 4472 metu
1278 4418 1406 4486 justi
1435 4418 1592 4488 hujus
1636 4427 1853 4487 perturo

281 4507 526 4562 bantibus
568 4508 829 4572 animum,
882 4517 1166 4577 tempestas
1218 4509 1448 4562 maxima
1494 4508 1856 4577 tumultusque

282 4599 468 4651 harum
522 4598 822 4666 passionum
878 4600 1102 4652 invicem
1141 4613 1200 4653 se
1251 4598 1611 4653 collidentiuin
1659 4599 1857 4669 jugiter

281 4690 469 4744 iuerat.
499 4687 628 4742 Cum
662 4698 836 4744 autem
888 4688 970 4743 his
999 4690 1212 4759 elapsus
1249 4690 1400 4744 malis
1447 4706 1640 4743 uxores
1666 4706 1729 4745 ac
1758 4706 1853 4743 na-

281 4790 361 4833 tos
382 4781 860 4851 captivitateinque
922 4796 1135 4835 omnem
1194 4782 1517 4850 recepisset,
1573 4790 1856 4850 antequam

283 4872 514 4924 victoriae
545 4871 685 4926 illius
710 4872 976 4940 voluptate
1018 4870 1284 4926 frueretur
1305 4912 1320 4937 ,
1364 4874 1705 4928 intestissimo
1736 4888 1855 4941 per-

281 4979 468 5018 eiissus
509 4972 591 5018 est
636 4965 818 5018 nuntio
846 5005 862 5031 ,
904 4973 1129 5019 mortem
1187 4963 1427 5019 Jonatha:
1472 4964 1806 5033 comperiens
1840 4981 1854 5018 :

279 5069 399 5122 qtae
444 5055 582 5110 illius
611 5055 844 5109 animum
878 5063 1021 5110 tanto
1065 5055 1249 5110 dolore
1279 5056 1598 5126 prostravit,
1630 5064 1857 5125 quantus

279 5161 345 5197 ex
372 5145 509 5198 illius
537 5145 912 5200 lamentatione
938 5147 1294 5217 cognoscitur.
1338 5145 1529 5200 Incidit
1566 5147 1707 5200 enim
1731 5186 1744 5209 ,
1774 5145 1856 5199 iii-

281 5236 424 5304 quit,
454 5252 604 5305 super
650 5252 728 5290 me
769 5237 968 5291 dilectio
1012 5239 1117 5300 tui,
1149 5237 1291 5306 quasi
1346 5238 1546 5290 dilectio
1592 5237 1855 5289 mulierum

284 5327 359 5396 (2.
390 5327 519 5396 Reg.
567 5328 617 5382 1.
657 5327 771 5398 26).
818 5329 953 5397 Quid
993 5339 1168 5384 autem
1220 5328 1624 5383 lamentationes
1673 5343 1856 5397 prose-

279 5418 459 5489 quar?
495 5418 594 5485 Qui
627 5421 766 5474 enim
814 5433 1016 5491 patrem
1063 5422 1204 5476 illius
1228 5462 1243 5488 ,
1272 5414 1653 5474 insidiatorem
1699 5435 1852 5474 suum

280 5521 439 5585 atque
463 5514 732 5570 inimicum
756 5524 807 5571 et
826 5516 916 5587 qui
939 5517 1129 5571 millies
1150 5525 1374 5570 mortem
1393 5529 1543 5569 suam
1574 5514 1858 5581 concupie-

283 5620 386 5677 rat,
417 5612 487 5666 ita
514 5612 691 5677 flevit,
734 5610 860 5681 quid
899 5625 1087 5680 passus
1111 5609 1442 5665 existimetur
1465 5649 1481 5673 ,
1522 5622 1642 5661 cum
1673 5606 1819 5660 illum
1844 5649 1857 5671 ,

281 5706 371 5775 qui
414 5706 516 5761 sibi
544 5707 594 5761 in
628 5708 731 5763 illis
757 5705 1007 5776 periculis
1052 5720 1263 5772 semper
1306 5704 1614 5766 adstiterat,
1646 5716 1708 5756 ac
1753 5714 1849 5753 ste-

602 5814 867 5869 l’sruor.
905 5805 1021 5863 tiu.
1066 5801 1321 5862 XLVII.

1099 308 1187 362 AD
1223 307 1592 365 STAGllllUil
1631 312 1671 365 Α
1715 308 2014 369 ΒιΕΜΟΝΕ
2061 316 2407 376 νεχλτωι.
2451 323 2558 378 LIB
2618 324 2703 378 111.

3439 332 3543 390 482

1973 427 2187 493 pissime
2220 434 2381 500 patris
2411 434 2613 491 insidiis
2635 441 2930 507 eripuerat,
2963 450 3395 513 secretorumque
3418 460 3544 498 suo-

1972 533 2087 571 riun
2113 523 2373 591 particeps
2399 524 2587 588 fuerat.
2611 546 2728 582 eum
2756 545 2863 599 quo
2889 540 3039 599 pacta
3078 532 3299 598 plurima
3328 535 3537 598 inierat,

1970 620 2089 662 cum
2121 609 2192 663 illi
2245 623 2581 681 acceptorum
2632 618 3010 673 beneﬁciorum
3060 622 3227 676 vicem
3262 635 3543 678 restituere

1973 697 2203 760 valeret,
2231 709 2338 754 tum
2374 719 2405 757 e
2450 708 2551 758 vita
2581 707 2875 764 decessisse
2909 711 3135 764 didicit?

2041 789 2093 844 8.
2122 789 2252 845 Cum
2279 794 2449 849 adhuc
2474 798 2673 867 vigeret
2706 800 2791 853 illa
2821 804 3156 870 perturbatio
3177 846 3192 869 ,
3222 806 3328 859 alio
3359 821 3539 861 rursus

1972 898 2199 938 mmrore
2230 886 2333 940 dux
2363 888 2509 941 illum
2534 907 2644 945 suae
2672 893 2873 947 militia:
2897 880 3184 963 exerueiat,
3208 898 3331 952 dum
3364 901 3539 954 Abeu-

1973 988 2067 1027 ner
2091 1013 2107 1039 ,
2148 976 2234 1043 qui
2262 980 2377 1032 sine
2399 979 2577 1034 labore
2601 1022 2616 1046 ,
2643 983 2747 1036 imo
2774 993 2826 1036 et
2853 1000 2971 1038 cum
3000 987 3247 1042 facilitate
3275 992 3416 1043 omni
3462 1001 3539 1043 to.

1971 1075 2078 1118 tuiu
2107 1066 2185 1119 illi
2210 1070 2505 1123 exercitum
2534 1087 2591 1124 se
2623 1074 2965 1139 praibiturum
3021 1078 3285 1146 pollicitus
3327 1082 3537 1148 fuerat,

1967 1166 2089 1211 ante
2120 1158 2386 1224 impletain
2436 1162 2860 1228 pollicitationem
2907 1182 3171 1235 occupans
3199 1210 3212 1232 ,
3242 1169 3423 1226 fraude
3461 1174 3537 1225 in-

1971 1247 2184 1300 terimit.
2216 1250 2465 1304 Cilica-di
2513 1252 2564 1304 iu
2598 1262 2797 1307 tantum
2848 1258 3150 1323 condoluit,
3204 1268 3261 1312 ut
3308 1270 3361 1314 et
3416 1273 3541 1314 tunc

1968 1338 2104 1390 mala
2147 1338 2279 1393 Joab
2309 1342 2690 1410 iinprecaretur
2717 1387 2730 1408 ,
2779 1356 2835 1400 et
2873 1349 2988 1416 ipso
3029 1356 3213 1405 mortis
3240 1369 3350 1405 suo
3401 1364 3537 1407 tem-

1968 1444 2097 1495 pore
2125 1430 2233 1484 lilio
2254 1432 2538 1502 imperaret
2566 1476 2581 1496 ,
2614 1445 2670 1489 ut
2697 1438 2947 1495 ultionem
2974 1442 3040 1496 ab
3067 1457 3133 1496 eo
3162 1444 3288 1497 tanti
3315 1446 3537 1501 sceleris

1966 1519 2239 1588 exigeret:
2265 1536 2328 1575 ac
2368 1524 2531 1579 verba
2559 1525 2670 1594 ipsa
2716 1528 3105 1584 lamentationis
3133 1546 3240 1585 suto
3268 1535 3542 1601 perturba-

1967 1611 2164 1671 tionem
2194 1616 2356 1668 animi
2411 1616 2551 1670 illius
2590 1619 2741 1674 facile
2788 1618 2941 1675 nobis
2979 1623 3248 1678 insinuare
3295 1638 3534 1694 possunt.

1967 1701 2191 1757 It'levavit
2238 1706 2369 1758 enim
2396 1723 2515 1772 rex,
2545 1708 2711 1778 inquit
2739 1751 2753 1775 ,
2782 1728 2949 1765 uocem
2976 1730 3118 1766 suam
3143 1757 3157 1780 ,
3192 1733 3251 1768 ac
3275 1717 3412 1785 ﬂevit
3449 1735 3539 1771 su-

1968 1809 2055 1860 per
2078 1797 2269 1849 tumulo
2312 1797 2542 1853 Abenner
2568 1840 2584 1865 ,
2614 1811 2660 1853 et
2689 1802 2815 1856 dixit
2856 1819 2874 1856 :
2901 1803 2961 1857 Si
3008 1808 3282 1859 secundum
3334 1824 3540 1862 mortem

1968 1883 2141 1940 Nabal
2191 1890 2428 1943 morietur
2475 1890 2704 1945 Abenner
2726 1933 2742 1957 ,
2795 1910 2976 1947 manus
3028 1906 3127 1949 tua:
3189 1914 3287 1950 non
3338 1904 3541 1968 [iterant

1967 1976 2142 2032 vinctis
2165 2019 2180 2042 ,
2208 1997 2370 2050 neque
2419 1983 2569 2052 pedes
2596 1986 2670 2037 tui
2710 1985 2762 2037 in
2807 1987 3127 2055 compedibus
3149 2028 3163 2053 ,
3197 2005 3352 2051 neque
3375 2006 3540 2042 acces-

1964 2069 2075 2123 sisti
2109 2071 2240 2125 sicut
2267 2071 2437 2126 Nabal
2468 2089 2487 2126 :
2509 2091 2679 2128 coram
2734 2076 2841 2142 ﬁlio
2882 2078 3157 2146 iniquitatis
3181 2082 3412 2134 corruiin
3457 2083 3533 2153 (Ξ.

1966 2159 2093 2232 Reg.
2125 2163 2178 2215 5.
2208 2163 2434 2234 iii-54).
2462 2166 2597 2231 Quid
2624 2167 2782 2233 igitur
2806 2177 2921 2236 post
2954 2168 3067 2223 hare
3093 2171 3115 2223 ?
3162 2172 3289 2226 Dolo
3330 2174 3533 2226 interti-

1964 2253 2102 2307 citur
2147 2255 2568 2324 Memphibosthe
2598 2260 2653 2321 ι,
2702 2261 3059 2330 successitque
3106 2264 3226 2319 hinc
3275 2280 3472 2320 nimi-or
3518 2283 3532 2329 ;

1964 2347 2160 2414 quippe
2206 2356 2262 2400 et
2304 2348 2449 2402 illum
2513 2351 2582 2403 ita
2635 2351 2767 2405 luxit
2814 2363 3027 2420 postea,
3074 2364 3129 2406 nt
3172 2356 3539 2409 interfectores

1964 2437 2079 2505 ejus
2104 2445 2277 2492 morte
2325 2439 2608 2495 muletaret
2637 2459 2650 2495 :
2680 2442 2871 2497 cohors
2917 2443 3041 2497 item
3071 2445 3376 2498 elziudoriini
3434 2446 3534 2497 ob-

1959 2527 2099 2595 jecta
2141 2528 2285 2583 illum
2330 2530 2610 2584 immodice
2649 2532 2896 2586 turbavit.
2956 2534 3046 2587 Eis
3091 2544 3263 2588 tamen
3316 2536 3537 2603 aliisque

1967 2619 2208 2674 hostibus
2233 2621 2499 2674 nonmillis
2521 2624 2816 2691 superatis,
2843 2638 3020 2677 arcam
3067 2625 3262 2693 ingenti
3293 2640 3414 2678 cum
3444 2626 3538 2678 lie-

1967 2712 2078 2762 titia
2123 2709 2375 2764 reducere
2424 2710 2649 2764 instituit
2694 2711 2770 2780 (2.
2804 2712 2930 2782 Reg.
2964 2712 3020 2766 6.
3052 2712 3140 2783 5).
3186 2713 3378 2768 Verum
3416 2730 3537 2767 cum

1965 2813 2028 2853 ea
2057 2800 2427 2861 reduceretur,
2458 2803 2808 2870 gaudentibus
2834 2802 3108 2867 omnibus,
3151 2804 3200 2856 iii
3233 2805 3409 2858 medio
3449 2805 3541 2857 lai-

1970 2890 2099 2943 tilia:
2150 2905 2235 2944 res
2272 2893 2523 2959 contigit,
2554 2909 2673 2961 quae
2701 2893 3022 2961 voluptatem
3075 2896 3385 2950 obscuraret
3420 2912 3540 2949 omo

1968 2980 2110 3032 nium
2133 3018 2148 3044 ,
2195 2983 2439 3050 regisque
2458 2985 2690 3036 animum
2721 2985 2915 3053 ingenti
2939 2985 3123 3039 dolore
3151 3002 3213 3039 ac
3243 2999 3385 3040 metu
3412 3002 3543 3041 con-

1966 3070 2192 3126 foderet.
2229 3073 2335 3127 Oza
2377 3075 2515 3127 enim
2561 3090 2682 3127 cum
2714 3076 2872 3128 vellet
2918 3091 3094 3129 areaiu
3141 3078 3399 3130 labantem
3430 3081 3538 3130 eri-

1965 3181 2088 3235 gere
2113 3207 2129 3229 ,
2165 3166 2253 3219 Dei
2280 3165 2556 3219 confestim
2587 3167 2853 3219 iracundia
2887 3181 3166 3234 percussus
3196 3184 3258 3220 ac
3297 3178 3537 3221 mortuus

1965 3265 2047 3311 est
2077 3274 2088 3307 :
2122 3271 2289 3323 usque
2340 3255 2474 3308 adeo
2513 3267 2687 3308 autem
2728 3257 2864 3325 regis
2915 3258 3148 3309 animum
3215 3266 3385 3311 metus
3439 3260 3540 3312 iste

1965 3348 2272 3411 commovit,
2301 3355 2358 3399 ut
2402 3362 2504 3399 non
2538 3348 2681 3414 prius
2719 3347 2935 3401 auderet
2964 3362 3143 3400 arcani
3183 3348 3248 3400 ad
3286 3364 3344 3401 se
3374 3350 3540 3402 intro-

1964 3438 2161 3493 ducere
2189 3482 2200 3501 ,
2226 3455 2381 3509 quam
2412 3439 2714 3496 adilisceret
2766 3456 2997 3509 quonam
3039 3441 3198 3494 modo
3242 3457 3366 3511 erga
3414 3459 3536 3497 eum

1964 3547 2024 3585 se
2066 3542 2307 3600 gereret,
2337 3532 2424 3600 qui
2473 3532 2613 3584 illam
2664 3541 2973 3601 susceperat
2998 3532 3297 3587 Abeildara.
3349 3536 3539 3591 Postea

1965 3634 2180 3678 mortuo
2230 3626 2647 3677 Auiiiianitarum
2689 3623 2906 3694 regeﬁ.
2927 3620 3050 3693 Reg.
3069 3621 3247 3694 10.2),
3273 3635 3386 3677 rem
3416 3630 3540 3682 boni

1965 3731 2029 3771 ac
2061 3716 2269 3787 benigni
2302 3717 2530 3770 hominis
2578 3715 2812 3779 faciens,
2845 3719 2986 3770 misit
3006 3719 3097 3786 qui
3137 3719 3541 3773 consolarentur

1965 3811 2132 3863 lilium
2174 3812 2310 3879 ejus,
2355 3811 2840 3878 pcrsuadcrentque
2866 3811 3029 3879 patris
3050 3811 3247 3863 obitum
3280 3813 3541 3880 patieiiter

1967 3904 2215 3958 tolerare.
2268 3902 2403 3956 Tum
2463 3902 2551 3956 ille
2602 3916 2698 3970 pro
2756 3902 2957 3955 honore
3018 3913 3262 3970 suscepto
3335 3903 3542 3971 injuriis

1964 3995 2222 4050 abeuntes
2247 4003 2596 4062 prosequiitus
2624 3993 2998 4048 delionestatos
3020 3995 3220 4048 remisit
3246 3994 3310 4047 ad
3334 4010 3533 4062 regem.

1964 4086 2229 4141 Parumne
2271 4086 2371 4141 hoc
2400 4086 2495 4140 tibi
2530 4086 2799 4141 videretur
2841 4086 2908 4139 ad
2957 4085 3249 4141 feriendum
3278 4085 3538 4153 dejicien-

1965 4179 2196 4249 dumque
2224 4179 2500 4233 animum?
2524 4194 2698 4233 annon
2731 4180 2924 4234 bellum
2954 4178 3077 4233 hinc
3105 4189 3157 4232 et
3187 4194 3291 4233 non
3334 4179 3439 4232 alia
3474 4179 3540 4231 de

1965 4286 2121 4326 causa
2159 4282 2440 4340 sequutum
2474 4270 2525 4324 id
2565 4271 2827 4338 ostendit,
2856 4272 2997 4340 quod
3039 4270 3091 4324 in
3123 4280 3324 4325 tantum
3374 4271 3539 4326 vehe-

1966 4363 2178 4416 mentia:
2224 4375 2560 4430 progressum
2591 4371 2705 4424 est,
2738 4370 2795 4414 ut
2846 4360 3138 4414 innumeris
3191 4362 3335 4414 illum
3384 4359 3539 4412 malis

1965 4452 2243 4506 afﬁceret?
2267 4452 2523 4506 Sufficere
2550 4450 2765 4520 quidem
2816 4458 2869 4503 et
2908 4451 3005 4503 ista
3037 4458 3298 4517 poterant,
3331 4450 3537 4502 etiamsi

1966 4545 2043 4598 eis
2067 4544 2326 4614 quispiam
2358 4543 2632 4596 innumera
2651 4541 2880 4610 jucunda
2913 4541 3233 4610 permisceat
3258 4582 3273 4605 ,
3304 4540 3371 4593 ad
3396 4540 3538 4595 illius

1968 4638 2126 4691 vitam
2165 4639 2305 4691 inter
2342 4650 2437 4691 eos
2462 4634 2873 4698 numeraiidam,
2905 4634 2994 4702 qui
3022 4635 3072 4686 in
3104 4633 3246 4686 luctu
3291 4641 3344 4686 et
3374 4632 3536 4685 mise-

1967 4730 2059 4784 riis
2090 4731 2333 4784 vixerunt
2365 4746 2380 4783 :
2411 4738 2466 4782 at
2493 4729 2612 4781 talia
2646 4727 2979 4796 postmodum
3022 4734 3243 4795 sequuta
3286 4734 3410 4777 sunt
3440 4765 3450 4787 ,
3481 4736 3536 4777 ut

1967 4837 2066 4877 nec
2094 4822 2219 4875 olim
2261 4836 2391 4875 vere
2441 4821 2608 4874 tristia
2636 4819 2741 4887 pati
2772 4819 2997 4887 empisse
3026 4817 3282 4871 videatur.
3333 4815 3541 4885 Quippe

1970 4912 2174 4967 fabulas
2199 4925 2387 4966 omnes
2415 4924 2739 4980 omnemque
2768 4909 3076 4979 tragoediam
3123 4907 3364 4961 vicerunt
3390 4908 3534 4976 regis

1968 5007 2125 5074 hujus
2170 5004 2498 5061 wiamitates
2530 5022 2542 5056 :
2576 5006 2711 5056 adeo
2783 5011 3084 5071 portentosa
3139 5010 3192 5055 et
3245 4998 3541 5070 frequentia

1966 5099 2145 5153 domui
2184 5097 2298 5166 ejus
2320 5099 2592 5167 contigere
2621 5096 2757 5148 mala
2778 5135 2792 5155 ,
2819 5110 2938 5148 cum
2968 5092 3297 5147 calamitates
3317 5091 3540 5145 aliarum

1966 5191 2325 5245 calamitatum
2350 5188 2588 5242 remedio
2626 5194 2964 5240 curarentur.

2040 5280 2327 5335 Sceleribuc
2397 5276 2617 5344 ﬁliorum
2657 5276 2891 5346 nﬁligitur
2930 5270 3536 5334 Darii—Considera,

1966 5385 2183 5441 quaeso:
2230 5368 2493 5424 adamavit
2521 5381 2760 5421 sororem
2791 5365 3023 5419 Thamar
3049 5364 3280 5429 Amnon,
3311 5371 3541 5416 amatam

1969 5466 2016 5516 vi
2044 5462 2330 5533 oppressit,
2373 5474 2680 5529 oppressam
2710 5458 2835 5514 odio
2872 5456 3087 5518 habuit,
3118 5469 3343 5523 eamque
3370 5453 3540 5505 viola-

2031 5647 2044 5675 ι
2071 5645 2140 5692 sic
2153 5654 2325 5708 on'nes
2346 5647 2448 5689 Mss.
2468 5645 2612 5708 atque
2628 5638 2760 5695 editi;
2777 5636 2864 5708 sed
2886 5636 3164 5699 iegendum,
3188 5631 3435 5689 tesbostlm,
3456 5631 3544 5682 nisi

1973 5707 2034 5754 sit
2054 5706 2382 5754 mnemt-nitrus
2402 5715 2531 5751 error
2549 5700 2878 5764 (thrywSIOIni.

3140 5779 3218 5834 κδ
