4060 6136
493 328 596 385 683

491 443 688 497 tionem
719 439 1087 508 nefariumque
1124 441 1461 497 concubitum
1483 442 1596 510 ipse
1628 440 1875 511 patefecit
1901 442 2056 497 alicui

491 547 559 588 ex
588 532 780 593 servis.
811 531 1069 587 mandans
1095 541 1151 586 ut
1173 532 1388 587 invitam
1417 535 1634 603 pelleret
1663 534 1852 600 domo,
1876 548 1941 589 ac
1971 549 2063 603 per

493 624 718 693 plateam
751 624 1014 680 emitteret
1052 625 1370 681 clamantem
1411 626 1831 695 plorantemque.
1863 626 1916 680 Id
1943 642 2060 681 cum

491 711 764 767 didicisset
790 714 1073 781 Absalum,
1114 714 1181 769 ad
1214 716 1486 784 prandium
1516 715 1706 770 fratres
1732 715 1915 770 invitat
1944 716 2063 769 uni-

492 817 697 868 versos,
726 803 863 858 inter
887 818 1021 874 quos
1057 813 1112 859 et
1147 813 1416 874 stuprator
1446 804 1532 860 ille
1569 806 1805 860 sororius
1841 803 2026 858 aderat
2048 843 2063 868 ,

494 892 741 949 edentem
770 894 916 949 illum
956 910 1074 951 cum
1103 897 1311 950 caeteris
1339 904 1497 967 atque
1523 895 1792 951 bibentem
1825 910 1919 964 per
1946 909 2064 949 scr-

497 1000 594 1041 vos
620 986 846 1056 jugulat.
876 986 1002 1041 Inde
1030 987 1291 1056 quispiam
1318 1002 1644 1057 exsurgens,
1676 1002 1774 1043 nec
1801 987 1960 1056 plene
1988 984 2064 1039 rei

495 1085 659 1145 gesta:
682 1076 924 1132 ordinem
955 1092 1180 1135 noscens
1206 1078 1276 1133 ob
1301 1079 1579 1133 tumultum
1604 1119 1620 1145 ,
1670 1077 1782 1148 regi
1831 1084 2066 1131 mortuos

496 1181 685 1222 omnes
704 1168 843 1223 illius
867 1169 1001 1224 lilios
1021 1171 1314 1225 annuntiat.
1331 1170 1479 1224 Tunc
1500 1170 1589 1225 ille
1606 1169 1797 1225 sedens
1820 1169 2066 1233 ﬁliorum,

497 1274 617 1328 qua
647 1276 750 1314 non
778 1270 932 1327 erat,
975 1263 1184 1332 lugebat
1222 1263 1443 1317 cuidem.
1472 1262 1757 1332 Postquam
1801 1276 1914 1316 rem
1946 1276 2069 1315 vere

498 1360 701 1421 gestam
757 1355 940 1419 novit,
993 1355 1104 1409 lilio
1152 1355 1363 1424 quidem
1406 1355 1776 1409 interminatus
1816 1361 1900 1407 est
1937 1365 2072 1406 moro

498 1452 641 1506 tem;
670 1459 791 1498 cum
821 1459 949 1498 vero
970 1444 1057 1500 ille
1085 1444 1371 1515 effugisset,
1407 1453 1682 1513 totumque
1707 1443 1990 1498 triennium
2018 1443 2069 1497 in

502 1536 674 1590 aliena
704 1536 922 1592 vixisset
967 1537 1205 1608 regione,
1259 1547 1370 1593 toto
1396 1538 1487 1592 illo
1516 1547 1754 1607 tempore
1806 1552 1906 1615 res
1948 1550 2070 1605 per-

505 1628 698 1682 mansit
728 1630 927 1684 iratus:
957 1639 1013 1685 et
1053 1646 1119 1685 ne
1146 1640 1271 1685 tunc
1298 1630 1510 1702 quidem
1542 1630 1691 1685 illum
1720 1630 2033 1685 accersisset
2053 1671 2068 1694 ,

505 1718 606 1771 nisi
632 1733 755 1773 eum
784 1719 936 1773 ducis
961 1721 1041 1773 sui
1086 1721 1346 1789 sapientia
1374 1719 1629 1775 ﬂexisset.
1673 1719 1754 1774 Eo
1779 1728 1954 1773 autem
1984 1732 2074 1773 ae-

502 1807 718 1870 cersito,
753 1822 822 1862 ne
846 1810 923 1862 sie
950 1809 1161 1879 quidem
1192 1810 1450 1864 exstincta
1480 1819 1563 1864 est
1586 1809 1786 1864 doloris
1823 1808 2071 1874 ﬂamma,

503 1896 598 1953 sed
611 1898 744 1953 duos
758 1914 940 1955 rursus
950 1901 1278 1956 aunositlum
1297 1911 1511 1970 aspectu
1529 1900 1751 1956 removit
1763 1901 2077 1970 suo.~vixque

502 1997 622 2057 post
641 1987 776 2043 adeo
804 1990 1065 2058 prolixum
1089 1999 1299 2060 tempus
1320 2008 1350 2047 a
1374 1992 1509 2047 duce
1529 2002 1774 2047 exoratus
1798 1992 1907 2046 suis
1928 1992 2075 2046 illum

501 2079 806 2147 aspectibus
849 2080 1098 2149 dignatus
1145 2090 1245 2136 est.
1280 2083 1350 2136 At
1377 2097 1506 2136 vero
1533 2082 1620 2137 ille
1669 2084 1853 2136 harum
1897 2097 2074 2135 rerum

502 2170 759 2224 memoria
791 2170 1108 2240 indignatus,
1136 2173 1248 2228 sive
1271 2173 1403 2228 alias
1431 2172 1760 2244 tyrannidem
1784 2170 2038 2227 all‘ectans
2061 2212 2076 2236 ,

504 2257 729 2329 insurgit
754 2260 806 2313 in
838 2270 1043 2331 patrem
1063 2303 1079 2330 ,
1134 2262 1385 2334 illumque
1434 2277 1616 2317 rursus
1643 2262 1709 2316 ad
1748 2261 1900 2333 fugas
1925 2276 2077 2319 erro-

504 2363 716 2419 resque,
749 2366 884 2419 quos
912 2367 1195 2422 perpessus
1224 2363 1340 2408 erat
1380 2353 1478 2408 sub
1503 2352 1628 2408 Saﬁl
1649 2392 1663 2416 ,
1689 2359 1941 2407 revocat:
1971 2350 2080 2404 imo

506 2441 581 2496 illi
611 2444 778 2497 multo
827 2444 1103 2499 molestior
1147 2462 1208 2500 ea
1238 2444 1379 2516 fuga,
1420 2461 1577 2515 quam
1605 2444 1752 2514 prior
1802 2444 1919 2498 fuit.
1949 2444 2079 2498 Nam

504 2530 649 2601 prius
676 2532 887 2601 quidem
912 2533 1016 2588 dux
1040 2549 1158 2589 cum
1180 2545 1342 2602 esset,
1366 2535 1473 2590 ista
1501 2548 1783 2605 perpessus
1805 2542 1918 2589 est:
1943 2545 2083 2588 nime

505 2629 681 2676 autem
711 2636 831 2676 cum
857 2625 1012 2677 annis
1039 2623 1278 2693 plurimis
1306 2633 1613 2695 regnasset,
1660 2624 1947 2693 hostesque
1972 2622 2083 2678 fere

496 2723 695 2763 omnes
721 2722 1052 2779 superasset,
1085 2713 1314 2783 migrare
1356 2713 1649 2784 cogebatur
1671 2753 1686 2778 ,
1736 2727 1800 2768 ac
1827 2711 2083 2784 profugus

509 2798 623 2854 ﬁeri
650 2817 664 2853 :
697 2801 784 2870 qui
812 2810 989 2857 autem
1021 2803 1167 2857 illum
1196 2804 1470 2875 profugum
1497 2804 1708 2875 agebat,
1734 2818 1847 2858 non
1877 2803 2084 2861 alienus

510 2889 773 2959 quispiam
798 2931 814 2956 ,
844 2892 958 2946 sive
992 2893 1160 2946 llOellS
1184 2903 1298 2947 erat
1322 2934 1336 2956 ,
1387 2894 1481 2949 sed
1520 2894 1608 2964 qui
1631 2909 1696 2949 ex
1728 2894 1894 2964 ipsius
1933 2903 2086 2949 utero

498 2994 763 3049 egressus
789 2982 998 3051 fuerat,
1040 2984 1177 3037 sicut
1215 2993 1269 3038 et
1296 2985 1410 3054 ipse
1439 2984 1828 3040 lamentabatur
1871 2986 2088 3057 plorans

513 3070 608 3142 (2.
640 3071 768 3143 Reg.
810 3073 896 3129 l6.
929 3075 989 3129 il
1013 3072 1059 3146 ο).
1105 3074 1172 3128 Ει
1202 3074 1327 3129 olim
1374 3075 1585 3146 quidem
1636 3091 1756 3131 cum
1789 3077 1842 3131 in
1878 3076 2087 3133 fervore

506 3172 649 3218 esset
662 3164 854 3229 aetatis,
873 3165 1008 3220 ferre
1030 3166 1275 3223 universa
1296 3165 1501 3223 fortiter
1510 3176 1734 3237 poterat;
1753 3183 1893 3224 nunc
1910 3179 2087 3225 autem

509 3254 602 3312 illo
635 3263 873 3325 tempore
892 3270 1129 3322 emenso,
1160 3258 1372 3328 quando
1392 3259 1679 3314 senectutis
1703 3275 1814 3314 sua:
1841 3260 2088 3315 solatium

510 3344 794 3400 scelestum
824 3345 974 3400 illum
1003 3346 1197 3402 habere
1220 3347 1477 3403 debuerat
1500 3391 1514 3415 ,
1546 3359 1668 3405 tunc
1698 3350 1926 3405 maxime
1955 3351 2086 3406 insi-

512 3436 719 3491 diosum
747 3437 952 3508 sibique
995 3438 1395 3494 infestissimum
1439 3440 1721 3496 sentiebat.
1764 3441 2088 3511 Egredieba-

514 3538 701 3597 turque
729 3544 846 3583 cum
879 3531 1078 3598 paucis,
1108 3533 1331 3600 pedibus
1356 3533 1512 3587 nudis
1531 3550 1644 3597 rex,
1675 3550 1735 3589 se
1762 3551 1868 3603 pra:
1890 3535 2091 3605 pudore

512 3623 805 3686 occultans,
854 3636 918 3677 ac
931 3624 1205 3695 alacrymas
1236 3625 1480 3680 inridens.
1507 3626 1708 3681 Bellum
1739 3627 1931 3697 quippe
1962 3626 2089 3682 illud

514 3729 618 3770 non
645 3715 964 3771 calamitatis
992 3726 1225 3783 tantum,
1254 3717 1346 3772 Sed
1374 3717 1699 3773 confusionis
1740 3734 1950 3790 quoque
1979 3734 2091 3774 ma-

516 3807 647 3862 teria
677 3806 751 3861 illi
780 3816 918 3862 erat.
949 3806 1121 3863 Tanto
1145 3808 1285 3862 enim
1314 3810 1726 3863 contumeliosus
1754 3825 1913 3880 quam
1941 3809 2090 3880 Saﬁl,

514 3899 709 3969 impius
733 3898 869 3953 ﬁlius
888 3914 1007 3954 cum
1030 3899 1297 3954 beatoillo
1318 3908 1440 3953 tunc
1460 3900 1668 3969 agebat,
1699 3910 1755 3954 ut
1781 3901 1943 3969 patris
1962 3916 2099 3971 quo-

509 4006 614 4061 que
650 3990 976 4046 concubinas
1014 3991 1276 4055 violaret,
1327 3990 1485 4059 idque
1525 4005 1628 4045 non
1673 3990 1810 4045 clam
1834 4030 1849 4054 .
1898 3990 1991 4046 sed
2039 3992 2092 4045 in

513 4082 713 4136 salario
739 4082 959 4147 domus,
988 4080 1287 4135 videntibus
1315 4080 1581 4148 omnibus,
1631 4090 1688 4136 ut
1722 4082 1843 4152 jura
1890 4091 2093 4139 natura)

517 4174 763 4243 legesque
791 4173 1103 4227 concubitus
1130 4188 1223 4242 per
1252 4173 1490 4240 nimiam,
1522 4189 1623 4244 qua
1656 4174 1706 4228 in
1734 4185 1932 4245 patrem
1958 4176 2095 4232 fere-

519 4265 673 4320 batur
695 4306 710 4330 ,
739 4265 997 4320 insaniam
1031 4277 1390 4334 perverteret:
1421 4276 1581 4337 atque
1609 4268 1838 4323 amentia
1887 4269 2089 4334 ebrius,

512 4357 896 4414 bello-necdum
920 4359 1182 4427 conlecto,
1206 4359 1351 4429 quasi
1369 4359 1479 4430 jam
1501 4360 1734 4429 vicisset,
1757 4361 2097 4431 captivosque

515 4440 755 4505 duxisset
779 4449 1132 4517 adversarios,
1177 4450 1278 4505 ista
1298 4450 1537 4506 audebat
1560 4467 1624 4506 ac
1652 4466 1761 4521 prae
1784 4466 1843 4507 se
1871 4451 2091 4507 ferebat.

516 4539 604 4596 Sic
633 4540 793 4611 igitur
836 4552 1083 4595 maestum
1112 4550 1166 4594 et
1197 4550 1519 4597 metuentem
1551 4542 1675 4598 Siba
1716 4558 1836 4598 cum
1867 4544 2095 4600 iuvenis.

511 4642 611 4699 set,
642 4634 870 4691 turbavit
892 4635 1138 4702 amplius,
1161 4634 1431 4691 dominum
1446 4637 1799 4694 calumniatus
1815 4654 1991 4706 suum,
2009 4655 2096 4696 as-

510 4738 801 4796 serensque
829 4725 975 4780 illum
1007 4727 1278 4796 tyrannice
1303 4729 1520 4782 sentire.

586 4815 641 4871 9.
670 4816 803 4870 lluic
842 4817 1100 4872 successit
1130 4816 1305 4872 Semei
1330 4856 1347 4883 ,
1377 4819 1455 4872 vir
1474 4819 1697 4889 quidam
1725 4820 2014 4876 sceleratus
2041 4830 2097 4876 et

513 4909 772 4976 ingratus,
795 4910 1194 4979 innumerisque
1217 4910 1364 4965 illum
1387 4912 1593 4979 probris
1615 4914 1888 4982 respersit,
1919 4914 2096 4968 verbis

515 4999 718 5068 lapides
739 5001 1066 5058 admiscens:
1097 5001 1365 5073 Egredere,
1391 5002 1655 5073 inquiens,
1672 5006 1748 5058 vir
1766 5007 2091 5077 sanguinem,

513 5101 562 5146 et
588 5092 664 5145 vir
689 5108 920 5162 nequam.
950 5092 1205 5147 Convertit
1229 5093 1281 5148 in
1307 5103 1354 5147 te
1378 5092 1626 5149 Dominus
1665 5113 1859 5151 omnem
1890 5097 2094 5168 sangui-

516 5198 628 5236 nem
655 5181 832 5237 domus
862 5183 1012 5251 Sail,
1037 5185 1123 5254 qui
1148 5185 1368 5255 regnasti
1392 5201 1486 5256 pro
1512 5202 1570 5239 eo
1612 5195 1658 5239 et
1686 5186 1823 5239 dedit
1850 5186 2095 5243 Dominus

515 5291 726 5345 regnum
748 5275 802 5330 in
829 5292 985 5331 manu
1008 5275 1247 5331 Absalom
1273 5278 1369 5347 ﬁlii
1413 5278 1505 5343 tui,
1536 5279 1845 5349 ostenditque
1871 5279 1961 5333 tibi
1988 5297 2094 5334 ma-

515 5367 675 5420 litiam
698 5375 857 5432 tuam,
879 5368 998 5438 quia
1018 5368 1092 5423 vir
1111 5369 1488 5441 sanguinum-es
1511 5377 1565 5424 tu
1584 5369 1659 5440 (3.
1682 5368 1808 5442 Reg.
1834 5371 1924 5427 16.
1946 5371 1995 5426 7.
2015 5369 2092 5443 8).

518 5459 609 5512 llis
653 5458 742 5514 ille
768 5458 961 5515 auditis
1002 5469 1163 5532 atque
1209 5461 1444 5516 toleratis
1489 5461 1794 5518 tabescebat
1838 5462 2090 5533 quidem,

515 5549 657 5622 quod
678 5566 744 5606 ex
765 5551 893 5624 ipsis
919 5551 1164 5610 lamentis
1186 5552 1465 5611 manifeste
1484 5556 1878 5628 comprobatur,
1908 5571 2092 5612 verum

518 5641 647 5697 nihil
674 5642 808 5699 ultra
840 5642 1015 5701 facere
1039 5644 1296 5711 audebat;
1325 5646 1420 5703 sed
1444 5661 1565 5705 cum
1603 5647 1825 5704 dixisset
1854 5645 2095 5704 :Dimitte

521 5738 670 5793 illum
708 5739 1005 5794 maledicere
1047 5743 1205 5796 mihi:
1254 5742 1496 5797 Dominus
1536 5743 1665 5798 enim
1707 5745 1835 5799 dixit
1881 5741 1985 5796 illi:
2029 5750 2085 5795 ut

1192 329 1248 384 S.
1289 326 1564 384 JOANNIS
1599 326 2070 384 CllllYSOSTOMl
2103 324 2417 382 ARCHIEP.
2460 322 2989 381 CONSTANTINOP.

3641 312 3747 370 εκι

2169 440 2334 493 uideat
2368 439 2703 492 humilitatem
2743 453 2925 501 meam,
2967 435 3304 504 rctribuatqu
3338 433 3463 488 mihi
3506 428 3755 484 Dominus

2166 532 2293 586 bona
2310 546 2402 601 pro
2422 528 2768 584 maledictione
2783 529 2880 581 diei
2897 526 3047 597 hujus
3072 524 3148 597 (2.
3177 525 3304 595 Reg.
3317 518 3404 576 l6.
3429 516 3618 587 10-19)
3640 521 3747 579 ;vi-

2168 637 2287 675 vum
2318 620 2386 675 ab
2407 635 2465 674 se
2487 619 2634 674 abire
2663 618 2920 688 permisit.
2946 614 3047 685 Ipsi
3075 623 3250 668 autem
3270 612 3437 668 Clausi
3464 610 3752 665 adventum

2170 711 2594 783 praestolabatur,
2627 708 2989 777 sollicitusque
3015 721 3077 760 ac
3104 716 3338 760 tremens
3367 704 3444 758 rei
3467 712 3748 771 exspecta-

2171 805 2260 859 bat
2305 805 2525 860 cxitum.
2556 803 2626 859 Ut
2650 812 2824 861 autem
2864 812 2919 856 et
2946 801 3042 855 ista
3072 799 3309 854 nuntiata
3351 804 3514 861 sunt,
3554 794 3756 849 bellum

2171 895 2548 963 instruebatur,
2572 895 2726 949 bellis
2745 893 2992 948 omnibus
3013 907 3131 961 quae
3148 904 3395 961 umquam
3415 889 3760 956 contigerunt

2171 985 2518 1051 insolentius,
2564 984 2830 1055 :cnigmati
2882 998 3040 1053 quam
3097 982 3305 1036 veritati
3351 980 3596 1035 similius.
3624 978 3763 1032 Eum

2170 1078 2313 1132 enim
2337 1078 2424 1148 qui
2446 1092 2603 1132 causa
2627 1077 2798 1131 fuerat
2824 1077 3083 1131 malorum
3104 1074 3363 1139 omnium,
3390 1075 3614 1145 ejusque
3634 1073 3760 1127 belli

2176 1176 2340 1221 totam
2373 1169 2646 1221 materiam
2678 1169 2974 1238 prtebuerat
2998 1205 3014 1232 ,
3044 1175 3098 1223 et
3143 1182 3248 1237 quo
3276 1174 3484 1220 mortuo
3529 1163 3761 1217 adversa

2176 1259 2356 1312 omnia
2388 1258 2706 1313 ﬁniebantur
2731 1300 2744 1323 ,
2776 1273 2897 1312 eum
2925 1299 2940 1324 ,
2973 1259 3207 1328 inquam,
3239 1256 3463 1312 ducibus
3489 1256 3601 1310 suis
3649 1264 3761 1309 tota

2176 1349 2503 1418 providentia
2524 1359 2578 1403 et
2599 1361 2728 1404 cura
2756 1348 3184 1416 commendabat,
3211 1347 3309 1402 ista
3336 1347 3440 1401 illis
3456 1346 3653 1417 jugiter
3679 1360 3765 1400 re.

2179 1439 2379 1508 plicans
2402 1458 2414 1492 :
2441 1438 2665 1504 Parcite,
2685 1439 2876 1503 aiebat,
2907 1439 3016 1507 filio
3039 1455 3148 1493 meo
3173 1438 3409 1493 Absalom
3430 1437 3542 1508 (Id.
3576 1438 3657 1493 l8.
3681 1438 3761 1504 5).

2182 1529 2317 1597 Quid
2343 1529 2444 1584 hac
2468 1529 2805 1584 haesitatione
2844 1537 2898 1583 et
2924 1529 3268 1599 ambiguitate
3313 1528 3550 1584 deterius
3569 1528 3594 1578 ?
3632 1527 3766 1597 quid

2176 1638 2240 1677 ea
2271 1622 2581 1678 difficultate
2610 1621 3016 1677 miserabilius?
3041 1620 3324 1690 Suscipere
3354 1620 3552 1675 bellum
3595 1633 3765 1689 enge-

2182 1714 2354 1779 batur,
2388 1713 2442 1767 in
2480 1727 2585 1782 quo
2612 1721 2667 1767 et
2693 1713 2908 1767 vincere
2935 1719 2991 1766 et
3022 1712 3160 1766 vinci
3188 1726 3340 1781 teque
3372 1711 3445 1765 illi
3476 1710 3763 1763 molestum

2181 1811 2317 1858 erat.
2348 1802 2479 1857 Nam
2506 1817 2679 1873 neque
2719 1802 2956 1873 superari
2993 1803 3225 1867 volebat,
3256 1802 3342 1872 qui
3373 1811 3545 1855 tantas
3587 1799 3772 1869 cepi-as

2177 1894 2462 1958 emiserat;
2503 1908 2675 1963 neque
2700 1908 2908 1949 rursum
2935 1907 3205 1962 superare,
3236 1893 3325 1963 qui
3345 1892 3468 1948 belli
3494 1901 3771 1946 auctorem

2185 1985 2364 2040 necari
2388 1984 2723 2055 prohibebat.
2755 1984 2951 2040 Verum
2974 1985 3204 2040 discreto
3227 1985 3381 2050 bello,
3410 1999 3471 2038 ac
3493 1986 3597 2038 ﬁne
3613 1998 3772 2053 quem

2185 2076 2347 2131 voluit
2372 2077 2510 2132 Deus
2530 2088 2863 2147 consequuto
2889 2119 2901 2143 ,
2932 2093 2994 2132 ac
3043 2076 3302 2147 parricida
3333 2078 3422 2130 illo
3452 2074 3767 2137 interfecto,

2184 2169 2403 2239 reliquis
2430 2170 2676 2224 omnibus
2710 2170 2763 2224 in
2786 2171 2963 2224 laetitia
2992 2179 3045 2225 et
3067 2169 3258 2240 gaudio
3279 2169 3575 2238 agentibus,
3615 2167 3768 2221 solus

2172 2276 2274 2316 rex
2304 2256 2527 2333 lugebat
2571 2271 2625 2317 et
2668 2262 3078 2334 lacrymabatur,
3124 2276 3187 2317 ac
3213 2261 3445 2332 seipsum
3491 2260 3777 2316 includens

2182 2349 2488 2406 defunctum
2527 2352 2881 2420 compellabat
2931 2350 3134 2419 lilium,
3187 2351 3495 2421 ferebatque
3540 2353 3778 2422 graviter

2183 2441 2323 2513 quod
2343 2442 2548 2512 pro-illo
2573 2442 2689 2513 ipse
2721 2456 2825 2496 non
2850 2442 3203 2497 occubuisset.
3225 2443 3351 2511 Quis
3369 2443 3528 2507 enim,
3572 2443 3775 2505 aiebat,

2185 2533 2307 2588 mihi
2332 2534 2460 2588 mori
2482 2549 2579 2602 pro
2605 2544 2653 2587 te
2679 2534 2832 2599 dabit,
2867 2533 3107 2588 Absalom
3150 2534 3228 2604 [ili
3270 2534 3339 2588 mi
3384 2533 3510 2607 (Id.
3552 2549 3606 2587 υ.
3645 2533 3781 2602 '53)?

2185 2623 2320 2690 Quid
2349 2624 2447 2678 hac
2473 2624 2773 2680 calamitate
2793 2624 3096 2695 perplexius
3124 2638 3372 2695 umquam
3390 2625 3625 2678 auditum
3650 2625 3778 2678 est?

2185 2712 2407 2783 Quando
2426 2713 2642 2769 fratrem
2670 2714 2758 2769 ille
2785 2720 3085 2784 necaverat,
3102 2716 3279 2786 ipsum
3308 2714 3606 2769 interﬁcere
3624 2729 3775 2783 quaa-

2185 2805 2355 2871 rcbat;
2378 2803 2589 2875 quando
2608 2812 2783 2860 autem
2800 2815 2982 2861 contra
3005 2821 3064 2862 se
3088 2821 3315 2861 vesanus
3331 2805 3616 2869 ferebatur,
3641 2814 3771 2858 tunc

2189 2895 2295 2950 ﬁlio
2316 2895 2583 2966 parcebat.
2597 2895 2779 2967 Neque
2798 2895 2929 2954 ﬂere
2943 2898 3155 2969 quidem
3176 2899 3466 2953 destitisset
3483 2907 3775 2961 mortuum,

2189 2986 2289 3041 nisi
2313 2987 2364 3040 in
2393 3001 2610 3056 gressus
2634 2986 2766 3042 ποθι)
2790 2987 3152 3059 indignitatem
3177 2989 3253 3044 rei
3280 2989 3561 3059 arguisset,
3590 3002 3654 3043 ac
3683 3003 3778 3041 ve-

2191 3079 2494 3134 hementius
2513 3079 2789 3149 alloquens
2811 3083 3066 3136 erexisset
3084 3082 3251 3149 illum,
3270 3082 3676 3151 exercitumque
3692 3081 3783 3135 de~

2189 3172 2329 3225 centi
2368 3171 2550 3227 habitu
2589 3175 2861 3245 suscipere
2880 3174 3260 3245 persuasisset.
3290 3172 3365 3228 Ne
3396 3181 3515 3228 tum
3560 3173 3780 3243 quidem

2189 3262 2368 3317 clades
2397 3264 2514 3333 ejus
2541 3264 2697 3319 ﬁnem
2727 3275 3064 3335 acceperunt,
3094 3265 3186 3320 sed
3217 3265 3386 3334 primo
3406 3263 3688 3318 adversum
3712 3278 3777 3318 se

2184 3356 2330 3409 versi
2392 3355 2442 3409 in
2486 3357 2798 3412 seditionem
2856 3359 3048 3413 milites
3099 3358 3356 3427 divisique
3401 3367 3524 3410 sunt
3552 3374 3566 3408 :
3596 3364 3780 3425 postea

2184 3462 2320 3501 vero
2353 3464 2509 3518 quam
2548 3449 2633 3503 vix
2666 3459 2719 3504 et
2750 3466 2851 3520 per
2889 3456 3123 3505 summas
3166 3449 3448 3504 blanditias
3475 3458 3781 3509 cessarunt,

2193 3537 2489 3594 resilientes
2515 3553 2697 3594 rursus
2718 3539 3057 3594 adhaeserunt
3087 3539 3277 3605 Sabee,
3299 3539 3603 3609 bellumque
3632 3537 3781 3593 aliud

2193 3628 2411 3682 conﬁeri
2428 3629 2608 3699 erepit,
2628 3645 2746 3683 cum
2767 3629 2938 3685 adhuc
2951 3630 3141 3700 prioris
3156 3630 3391 3700 reliquiae
3409 3640 3781 3685 remanerent.

2184 3720 2394 3787 Quibus
2437 3721 2597 3776 rebus
2633 3721 2971 3791 perturbatus
3000 3722 3185 3788 David,
3240 3724 3442 3777 coactis
3489 3723 3659 3791 copiis
3688 3738 3787 3778 eas

2191 3825 2314 3865 cum
2332 3810 2554 3865 ducibus
2570 3813 2713 3866 misit
2728 3829 2741 3863 :
2756 3811 2893 3868 Joab
2907 3824 3081 3868 autem
3110 3823 3166 3868 et
3190 3827 3252 3868 ex
3283 3812 3382 3868 hoc
3403 3813 3543 3867 bello
3565 3823 3786 3883 peracta

2196 3901 2416 3956 victoria
2429 3916 2533 3956 non
2567 3904 2804 3971 permisit
2825 3903 3060 3959 victoriae
3077 3903 3392 3973 voluptatem
3407 3904 3521 3958 sine
3548 3918 3786 3958 mcerore.

2200 3996 2529 4064 contingere.
2552 3995 2792 4066 Namque
2813 3996 3000 4052 ducem
3037 4012 3139 4052 una
3169 4011 3349 4052 secum
3391 3996 3738 4050 constitutum
3764 4036 3781 4058 ,

2200 4087 2289 4154 qui
2316 4100 2530 4142 omnem
2563 4088 2814 4157 populum
2843 4088 3146 4158 subiecerat
3186 4086 3372 4142 Davidi
3391 4128 3406 4151 ,
3437 4086 3780 4141 innocentem

2201 4178 2367 4245 etqui
2391 4178 2443 4231 in
2469 4178 2612 4233 nullo
2641 4193 2699 4233 se
2726 4179 2968 4245 lzeserat;
3012 4178 3226 4233 invidiae
3268 4178 3496 4232 stimulis
3549 4177 3785 4247 agitatus

2201 4267 2412 4323 occidit.
2441 4270 2571 4335 Qum
2610 4283 2698 4323 res
2729 4269 2801 4324 ita
2825 4269 3000 4339 gravis
3042 4283 3104 4323 ac
3132 4268 3356 4323 molesta
3404 4267 3503 4323 fuit
3528 4268 3641 4338 regi
3666 4308 3682 4332 ,
3716 4275 3778 4320 ut

2203 4359 2311 4413 ﬁlio
2346 4361 2581 4414 moriens
2620 4359 2887 4414 mandarit
2923 4361 3159 4415 Amessze
3202 4360 3510 4429 sanguinem
3568 4358 3778 4412 ulcisci.

2196 4449 2357 4519 Quod
2387 4466 2516 4505 vero
2541 4452 2696 4522 longe
2723 4453 2936 4522 gravius
2965 4461 3045 4508 est
3063 4492 3077 4517 ,
3115 4452 3182 4505 ita
3207 4450 3425 4505 allectus
3453 4464 3624 4520 neque
3650 4464 3784 4503 mte—

2203 4543 2339 4598 roris
2367 4543 2447 4597 sui
2478 4556 2693 4597 causam
2734 4542 2914 4598 dicere
2951 4542 3215 4607 audebat,
3245 4557 3310 4596 eo
3346 4540 3486 4612 quod
3519 4539 3782 4595 adversus

2205 4635 2482 4690 innumera
2508 4634 2840 4690 incommoda
2878 4634 2987 4706 jam
3028 4634 3329 4689 obluctatus
3370 4642 3532 4688 esset.
3572 4631 3782 4687 Etenim

2201 4736 2321 4795 post
2363 4726 2621 4781 bellorum
2670 4726 2928 4781 tumultus
2976 4726 3143 4781 fames
3207 4734 3453 4781 cunctam
3508 4724 3781 4794 regionem

2198 4818 2432 4887 excepit,
2457 4827 2655 4873 etcum
2684 4818 2798 4887 ejus
2825 4818 2947 4872 mali
2974 4818 3293 4873 solutionem
3318 4824 3604 4887 qumrcret,
3627 4829 3783 4885 coge-

2201 4910 2356 4964 batur
2386 4908 2523 4964 ﬁlios
2547 4909 2673 4966 Saﬁl
2698 4910 2762 4964 ad
2795 4918 3016 4964 mortem
3051 4907 3282 4964 tradere.
3312 4907 3519 4977 Quippe
3546 4906 3649 4959 hoc
3677 4921 3783 4959 C31!-

2200 5002 2331 5056 leste
2358 5005 2628 5056 oraculum
2659 5001 3031 5070 prmcipiebat:
3058 5017 3210 5070 super
3231 4999 3381 5066 Saﬁl,
3416 5000 3691 5068 inquiens,
3725 5006 3773 5049 et

2199 5110 2351 5165 super
2387 5095 2591 5147 domum
2626 5095 2733 5164 ejus
2759 5094 2864 5148 licet:
2888 5076 3169 5165 injustitia,
3212 5108 3269 5146 eo
3297 5090 3431 5162 quod
3461 5089 3774 5144 Gabaonitas

2197 5188 2347 5241 morti
2393 5187 2643 5240 addixerit
2695 5185 2819 5259 (Id.
2869 5187 2958 5241 2|.
2990 5186 3078 5256 1).
3119 5183 3271 5251 Quod
3324 5183 3368 5237 si
3411 5183 3531 5253 quis
3580 5181 3783 5236 recolat

2198 5288 2448 5350 quantum
2516 5278 2691 5335 Saitlis
2753 5286 2977 5334 mortem
3041 5277 3348 5340 deﬁeverit,
3394 5274 3783 5330 auimadvertet

2198 5369 2321 5441 quid
2346 5380 2453 5425 tum
2475 5385 2684 5441 quoque
2713 5384 2901 5440 passus
2919 5370 3005 5434 sit,
3030 5382 3149 5423 cum
3176 5367 3311 5422 ﬁlios
3336 5366 3552 5421 tradidit
3571 5364 3783 5421 Gabao-

2200 5461 2343 5517 nitis.
2375 5463 2622 5516 Attamen
2658 5469 2711 5515 et
2741 5469 2838 5515 ista
2881 5459 3169 5524 tolerabat,
3202 5458 3533 5528 ulteriusque
3563 5455 3783 5510 calami-

2200 5561 2339 5608 tates
2375 5550 2752 5622 procedebant.
2781 5550 2912 5606 Nam
2940 5560 3064 5621 post
3092 5547 3286 5604 famem
3318 5548 3561 5619 protinus
3603 5546 3782 5601 insur-

2197 5646 2334 5701 rexit
2359 5643 2544 5715 pestis,
2567 5644 2978 5714 cecideruntque
2997 5641 3050 5697 in
3071 5641 3291 5697 dimidio
3313 5640 3416 5699 diei
3446 5639 3784 5710 septuaginta

2198 5737 2359 5792 millia
2385 5737 2640 5805 virorum,
2671 5734 2886 5807 quando
2907 5732 3206 5791 miseranda
3230 5733 3321 5790 illa
3347 5732 3508 5790 verba
3532 5731 3784 5803 loquutus
