4060 6136
334 346 434 399 4κῖ

332 462 418 510 est
458 469 571 509 rex.
602 454 733 510 Cum
767 456 909 510 enim
935 456 1158 511 vidisset
1184 456 1429 526 angelum
1457 456 1754 512 districtum
1794 454 1912 525 gla-

330 545 477 598 dium
496 552 784 609 tenentem,
808 544 1034 598 dicebat:
1060 544 1191 598 Ecce
1207 562 1297 615 ego
1318 555 1489 614 pastor
1509 541 1726 615 peccavi,
1755 553 1801 598 α
1821 558 1913 614 ego

338 647 512 707 pastor
536 636 669 688 male
698 637 792 705 [cci
816 651 834 689 :
855 637 937 689 isti
958 637 1041 707 qui
1070 645 1185 689 sunt
1204 653 1325 707 gres:
1344 677 1359 701 ,
1391 636 1513 705 quid
1540 636 1805 707 fecerunt?
1835 634 1916 689 Sit

330 727 383 781 in
400 743 478 780 me
496 742 674 779 manus
690 735 793 789 tua,
814 734 857 779 et
874 727 926 779 in
943 729 1143 780 domum
1163 728 1320 798 patris
1338 728 1431 780 mei
1451 726 1526 798 (Ξ.
1543 727 1667 797 Reg.
1684 725 1778 779 24.
1803 727 1919 795 Π).

332 817 568 885 Denique
594 817 757 882 ipsius
773 832 958 872 omnes
977 833 1241 872 mrumnas
1269 819 1567 888 diligentius
1596 831 1912 872 enumerare

334 907 588 977 possibile
610 922 712 960 non
734 916 814 961 est
833 924 846 960 :
871 922 1043 976 neque
1067 909 1206 961 enim
1229 922 1415 962 onmes
1432 908 1744 976 conscriptae
1772 918 1915 971 sunt,

332 995 515 1053 verum
548 1015 612 1053 ex
642 1000 805 1068 ipsius
831 1000 1074 1053 lamentis
1101 1010 1156 1054 et
1180 999 1464 1066 gemitibus
1485 1014 1765 1069 possumus
1787 1013 1917 1052 eon-

334 1090 501 1158 jieere
528 1089 889 1143 calamitatum
911 1104 1122 1159 quoque
1142 1090 1458 1144 amissarum
1480 1088 1914 1157 magnitudinem,

333 1191 495 1248 utque
510 1181 686 1247 justus
704 1179 790 1234 ille
809 1195 1094 1248 numquam
1126 1180 1373 1250 plangere
1392 1195 1455 1235 ac
1473 1180 1656 1235 dolere
1678 1179 1914 1234 desierit.

331 1271 465 1336 Quid
497 1271 637 1325 enim
684 1271 773 1325 ille
818 1271 928 1324 ait?
958 1271 1075 1324 Dies
1107 1287 1357 1325 annorum
1394 1280 1681 1325 nostrorum
1708 1271 1762 1325 iu
1789 1271 1913 1340 ipsis

334 1365 647 1433 septuaginta
681 1364 843 1418 anni:
869 1364 913 1417 si
955 1373 1124 1418 autem
1158 1366 1211 1417 in
1255 1363 1618 1433 potentatibtts,
1666 1364 1919 1433 octoginta

334 1455 455 1507 anni
475 1493 490 1520 ,
537 1465 583 1507 et
620 1456 840 1526 amplius
866 1472 1040 1509 eorum
1079 1455 1222 1510 labor
1262 1466 1306 1509 et
1336 1456 1480 1510 dolor
1511 1454 1629 1526 (Ps.
1662 1455 1750 1510 89.
1787 1454 1913 1526 10).

333 1545 424 1600 Sin
455 1561 580 1601 vero
627 1555 681 1601 tu
710 1547 913 1601 dixeris
946 1562 1042 1616 per
1083 1547 1199 1601 haec
1238 1547 1385 1600 illum
1426 1547 1586 1601 verba
1628 1562 1732 1600 non
1763 1561 1914 1601 suam

332 1636 527 1701 solum,
557 1636 653 1690 sed
678 1652 1013 1691 communem
1037 1639 1196 1691 vitam
1227 1637 1462 1690 omnium
1488 1635 1914 1708 reprehendisse,

333 1729 449 1797 plus
470 1728 665 1798 aliquid
687 1743 846 1799 quam
868 1744 966 1798 ego
986 1728 1145 1783 velim
1165 1727 1435 1793 concedis,
1456 1727 1798 1796 plurimisque
1818 1740 1917 1780 nos

333 1821 707 1874 controversiis
723 1820 934 1883 liberas,
954 1821 1068 1889 ipse
1080 1819 1420 1875 consentiens
1437 1834 1540 1873 non
1560 1819 1699 1873 illius
1717 1818 1914 1885 solum,

332 1910 425 1965 sed
450 1927 517 1966 ne
545 1911 762 1966 alterius
783 1910 994 1982 quidem
1019 1910 1329 1980 cujusquam
1351 1911 1513 1964 vitam
1543 1909 1765 1963 inveniri
1789 1922 1915 1978 pos-

333 2019 391 2058 se
411 2046 424 2067 ,
458 2005 609 2072 cujus
629 2019 733 2056 non
766 2002 1066 2057 multosint
1103 2002 1251 2073 plura
1283 2002 1448 2056 tristia
1474 2004 1633 2070 quam
1652 1999 1908 2070 jucunda.

334 2093 604 2161 Siquidem
634 2093 742 2159 ille,
774 2102 829 2147 ut
856 2102 909 2147 tu
937 2107 1149 2163 quoque
1193 2092 1293 2147 rite
1321 2091 1625 2156 conﬁteris,
1655 2105 1762 2145 non
1793 2106 1919 2145 suas

341 2186 512 2239 solum
544 2186 873 2239 calamitates
895 2224 910 2249 ,
942 2183 1036 2239 sed
1067 2183 1293 2238 aliorum
1321 2198 1531 2253 quoque
1557 2182 1610 2236 in
1636 2194 1917 2236 commune

333 2275 698 2339 considerans,
732 2277 802 2329 ita
830 2275 1045 2331 demum
1071 2275 1208 2330 hanc
1233 2276 1557 2330 sententiam
1587 2273 1707 2328 tulit
1729 2272 1917 2327 eadem

332 2382 451 2435 qua:
488 2366 783 2435 patriarcha
819 2366 1066 2436 loquutus
1090 2406 1104 2426 .
1154 2365 1254 2420 nisi
1283 2365 1422 2435 quod
1454 2366 1554 2420 iste
1584 2363 1770 2433 majori
1797 2377 1917 2416 cum

335 2458 691 2512 vehementia.
719 2456 888 2523 Quam
912 2457 1053 2513 enim
1076 2457 1163 2511 ille
1186 2456 1253 2511 de
1278 2465 1448 2527 parte,
1478 2455 1564 2510 hic
1585 2454 1654 2509 de
1673 2453 1921 2508 omnibus

333 2548 573 2618 protulit.
608 2549 796 2602 Aiebat
822 2548 927 2613 ille,
965 2546 1118 2602 Parvi
1145 2558 1191 2601 et
1217 2548 1339 2601 mali
1358 2555 1472 2600 sunt
1498 2546 1605 2600 dies
1635 2545 1730 2599 mei
1751 2542 1917 2615 (Gen.

333 2639 424 2691 47.
454 2638 528 2706 9)
555 2656 566 2691 :
615 2639 901 2694 hic-autem
927 2681 942 2705 ,
975 2637 1097 2694 Dies
1139 2655 1386 2693 annorum
1410 2649 1692 2694 nostrorum
1719 2636 1773 2691 in
1798 2637 1920 2707 ipsis

334 2731 656 2801 septuaginta
686 2731 844 2784 anni:
872 2731 973 2785 hoc
999 2741 1101 2799 cst,
1131 2732 1365 2787 omnium
1394 2730 1701 2797 hominum;
1730 2738 1776 2784 et
1805 2744 1925 2787 am-.

333 2823 468 2891 plius
492 2838 660 2876 eorum
691 2824 830 2878 labor
854 2835 901 2880 et
941 2826 1105 2880 dolor.

406 2913 492 2968 10.
537 2913 726 2968 Verum
772 2915 911 2969 enim
943 2932 1069 2970 vero
1099 2916 1232 2983 lucc,
1286 2926 1342 2971 ut
1369 2917 1500 2982 dixi,
1544 2916 1637 2971 tibi
1681 2914 1914 2985 diligen-

335 3007 438 3060 tius
469 3007 519 3060 in
550 3008 659 3062 ctio
688 3010 1037 3063 examinanda
1066 3009 1372 3077 relinquens
1399 3023 1498 3077 ego
1521 3006 1589 3062 ad
1629 3006 1921 3077 prophetas

336 3099 543 3152 veniam
591 3100 821 3167 reliquos
866 3116 879 3152 :
921 3099 1130 3152 tametsi
1173 3113 1432 3168 nusquam
1460 3097 1621 3152 vitam
1656 3110 1807 3151 suam
1842 3095 1920 3150 illi

336 3191 487 3244 nobis
533 3190 886 3259 conscriptam
929 3190 1299 3260 reliquerunt,
1338 3189 1417 3243 ob
1445 3190 1705 3244 malorum
1742 3198 1919 3242 tamen

334 3296 456 3352 quae
508 3282 627 3337 illos
666 3290 1047 3351 oppresserunt
1096 3280 1512 3351 magnitudinem
1564 3280 1648 3334 vel
1697 3295 1765 3334 ex
1814 3293 1919 3334 uno

337 3376 500 3429 verbo
538 3390 751 3428 omnem
797 3374 913 3427 illos
954 3373 1113 3427 vitam
1156 3373 1209 3427 in
1251 3372 1542 3439 laboribus,
1587 3369 1842 3427 aerumnis
1865 3378 1921 3425 et

335 3466 607 3521 doloribus
661 3468 833 3537 egisse
882 3480 1003 3521 reor
1055 3464 1265 3520 ostendi
1311 3480 1487 3534 posse.
1546 3465 1625 3542 Ae
1667 3463 1916 3532 primum,

336 3560 477 3628 quod
527 3574 810 3613 commune
853 3558 956 3613 illis
993 3558 1241 3612 omnibus
1270 3556 1387 3623 luit,
1422 3554 1573 3618 torti,
1607 3554 1919 3609 verberibus

338 3649 533 3712 allecti,
562 3649 715 3714 secti,
765 3648 1030 3717 lapidibus
1059 3646 1256 3713 obruti,
1287 3647 1588 3701 carceribus
1627 3644 1832 3707 inclusi,
1863 3644 1918 3697 in

337 3740 601 3794 occisione
629 3738 786 3810 gladii
818 3739 1126 3806 morientes,
1172 3739 1563 3793 circumeuntes
1610 3736 1663 3789 in
1709 3734 1918 3789 melotis

336 3844 391 3888 et
419 3832 642 3902 pellibus
679 3831 933 3900 caprinis,
975 3838 1193 3901 egentes
1232 3837 1287 3884 et
1320 3827 1488 3899 pressi
1522 3835 1576 3881 et
1618 3825 1797 3881 amicti
1826 3841 1922 3894 per

336 3940 548 3980 onmem
599 3925 759 3979 vitam
815 3925 1155 3994 perstiterunt
1190 3922 1345 3994 (Heb.
1389 3924 1471 3976 tl.
1502 3920 1615 3993 37).
1669 3920 1752 3976 Ad
1805 3920 1920 3975 haec

336 4018 494 4073 aliam
520 4033 731 4087 quoque
768 4018 1014 4072 mteroris
1048 4017 1400 4086 adjectionem
1449 4014 1546 4068 hae
1587 4014 1916 4068 acerbiorem

337 4113 594 4178 habuere,
622 4110 760 4180 quod
803 4111 1013 4164 illorum
1064 4109 1373 4177 nequitiam,
1402 4107 1490 4177 qui
1523 4121 1583 4160 se
1623 4106 1694 4159 ita
1720 4106 1920 4163 allicie—

338 4205 488 4269 bant,
518 4218 732 4272 semper
755 4201 821 4256 ad
844 4201 1108 4257 deteriora
1136 4199 1382 4271 progredi
1419 4200 1752 4254 intuerentur
1776 4215 1788 4250 :
1815 4212 1917 4267 qua

336 4310 399 4348 ex
444 4311 504 4348 re
532 4293 689 4363 longe
714 4293 837 4362 plus
873 4307 1032 4363 quam
1075 4307 1141 4347 ex
1186 4290 1437 4346 aerumnis
1463 4288 1812 4359 angebantur.
1854 4288 1920 4342 Et

336 4385 470 4439 alius
499 4384 717 4454 quidem
748 4384 923 4439 aiebat
953 4402 967 4438 :
996 4382 1292 4438 Exsecratio
1319 4392 1367 4436 et
1400 4381 1718 4436 mendacium
1739 4392 1785 4435 et
1811 4384 1919 4451 fur-

338 4486 441 4531 tum
468 4486 514 4531 et
538 4476 844 4531 adulterium
868 4485 914 4531 et
943 4475 1268 4529 homicidium
1289 4474 1451 4541 effusa
1475 4484 1591 4529 sunt
1616 4473 1670 4527 in
1691 4482 1843 4537 terra,
1873 4482 1921 4526 et

337 4569 626 4639 sanguinem
665 4584 816 4637 super
862 4568 1159 4637 sanguinem
1200 4567 1477 4619 admiscent
1508 4564 1661 4635 (Osee
1719 4565 1774 4619 4.
1823 4564 1916 4634 2);

338 4679 431 4730 per
471 4664 583 4718 haec
606 4663 763 4717 verba
792 4663 1006 4717 malitiae
1026 4661 1304 4716 licentiam
1334 4660 1841 4731 perplexitatemque
1866 4665 1920 4712 et

336 4754 541 4824 copiam
579 4755 730 4810 nobis
760 4755 1053 4809 insinuans.
1088 4754 1239 4807 Alius
1267 4769 1450 4807 rursus
1478 4752 1742 4807 clamabat
1771 4770 1786 4805 :
1828 4749 1920 4806 Va:

335 4848 493 4911 mihi,
545 4850 661 4917 quia
700 4850 866 4919 factus
907 4864 1018 4902 sum
1054 4848 1181 4902 sicut
1227 4848 1312 4917 qui
1351 4847 1541 4917 colligit
1582 4847 1821 4916 stipulam
1864 4848 1917 4901 in

336 4956 512 5004 messe,
551 4953 597 4993 et
626 4940 753 4993 sicut
790 4955 1043 4992 racemum
1069 4941 1121 4992 in
1158 4938 1429 5005 vindemia,
1474 4954 1588 4992 cum
1624 4954 1726 4992 non
1752 4938 1920 4991 adsint

337 5033 463 5086 bolri
489 5031 673 5102 (Maeli.
704 5034 754 5086 7.
788 5032 877 5103 l);
907 5049 999 5103 per
1025 5032 1138 5087 bmc
1163 5033 1433 5087 raritatem
1464 5032 1721 5086 bonorum
1747 5030 1921 5087 homi-

337 5138 461 5177 num
492 5124 797 5193 dcplorans.
816 5124 944 5179 ltem
967 5126 1101 5180 alius
1121 5126 1221 5179 alia
1249 5125 1438 5180 similia
1464 5126 1721 5196 queritur.
1748 5125 1917 5179 Porro

333 5218 606 5286 eaprarius
633 5217 723 5273 ille
765 5233 869 5271 non
898 5233 1080 5273 eorum
1106 5218 1231 5271 vitia
1260 5216 1473 5288 lugebat
1512 5217 1707 5280 solum,
1729 5230 1915 5270 verum

335 5310 454 5375 plus
480 5307 534 5362 in
564 5308 774 5362 illorum
807 5309 1218 5373 calamitatibus,
1250 5322 1407 5378 quam
1437 5308 1491 5361 in
1525 5308 1636 5361 suis
1665 5307 1917 5362 tentatioo

335 5400 491 5453 nibus
519 5399 797 5465 maerebat,
839 5414 902 5454 ac
929 5400 1091 5453 Deum
1116 5399 1450 5464 obsecrabat,
1478 5398 1699 5453 dicens:
1727 5397 1917 5468 Propi-

335 5491 434 5543 tius
476 5499 600 5555 esto,
632 5489 880 5553 Domine;
906 5492 1018 5559 quis
1042 5489 1298 5543 suscitabit
1322 5487 1507 5555 Iacob,
1534 5489 1654 5561 quia
1677 5489 1918 5558 parvulus

337 5583 445 5636 est?
461 5581 710 5637 Pamiteat
740 5592 805 5649 te,
835 5582 1063 5646 Domine,
1089 5598 1238 5654 super
1257 5583 1349 5637 hoc
1369 5582 1564 5652 (Amos.
1593 5583 1644 5636 7.
1667 5581 1722 5636 2.
1745 5580 1824 5652 6).
1852 5583 1919 5636 Et

340 5691 408 5731 ne
451 5676 529 5731 sic
556 5676 769 5748 quidem
813 5690 1028 5745 precum
1065 5690 1279 5729 suarum
1324 5674 1515 5732 effectu
1562 5675 1758 5745 potitus
1798 5682 1913 5739 est;

343 5767 474 5823 dixit
507 5766 668 5832 enim,
698 5766 1151 5833 Et~uon»ﬁet,dicil
1176 5763 1763 5839 Dominus(lb.}.lsaias
1789 5782 1913 5822 vero

1180 342 1271 396 Al)
1305 340 1670 399 STAGIRIUM
1710 342 1749 397 A
1794 339 2091 398 DEMONE
2134 342 2483 401 VEXATUM.
2528 345 2656 402 LIB.
2697 345 2780 402 Ill.

3493 353 3620 409 486.

2026 468 2144 507 cum
2175 455 2406 512 audisset
2433 458 2553 527 quia
2582 458 2922 514 desertaerit
2959 475 3133 518 omnis
3173 473 3330 531 terra,
3363 479 3432 521 ne
3463 481 3591 521 coa-

2025 544 2186 598 solari
2226 545 2434 614 quidem
2478 548 2662 615 voluit,
2718 548 2810 604 sed
2849 550 3059 607 assidue
3091 552 3344 622 lugebat,
3372 555 3600 610 dicens:

2025 633 2272 690 Dimittite
2308 654 2406 703 me,
2436 654 2606 692 amare
2641 639 2810 709 ﬂebo;
2846 641 2999 695 nolite
3038 643 3353 708 contendere,
3386 655 3440 698 ut
3467 660 3601 697 cou-

2027 728 2260 781 solemini
2276 745 2355 782 me
2375 728 2526 800 (Isai.
2546 730 2634 784 22.
2667 730 2745 803 4).
2776 731 3025 788 Ieremia:
3056 744 3231 790 autem
3259 734 3600 789 lamentatio-

2023 831 2119 870 nes
2147 826 2202 871 et
2240 833 2482 873 seorsum
2518 822 2866 890 conscriptas,
2895 831 2951 878 et
2991 839 3085 893 per
3122 839 3334 881 omnem
3364 825 3596 896 prophe-

2024 907 2148 960 tiam
2171 908 2456 978 dispersas,
2478 926 2540 966 ac
2562 914 2751 982 par-tim
2773 914 2840 969 de
2862 915 3091 982 civitate,
3118 918 3309 986 partim
3334 917 3402 973 de
3422 919 3598 987 seipse

2023 999 2364 1067 compositas,
2403 1002 2524 1070 quis
2567 1002 2733 1071 possit
2775 1004 2890 1059 sine
2920 1006 3165 1076 lacrymis
3206 1008 3423 1079 legere?
3464 1008 3596 1063 Nam

2023 1104 2162 1144 nunc
2191 1090 2401 1159 quidem
2430 1093 2606 1146 aiebat
2633 1112 2645 1148 :
2678 1093 2804 1159 Quis
2828 1097 2965 1150 dabit
2994 1099 3147 1168 capiti
3177 1116 3283 1153 meo
3318 1117 3522 1168 aquam,
3550 1112 3598 1154 et

2022 1178 2181 1233 oculis
2224 1181 2346 1236 meis
2375 1182 2562 1251 fontem
2591 1185 2951 1255 lacrgmarum,
3000 1200 3047 1241 et
3086 1190 3324 1260 plangam
3354 1190 3601 1259 populum

2022 1272 2173 1325 istum
2192 1272 2274 1326 die
2298 1291 2358 1327 ac
2386 1285 2530 1329 nocte
2558 1276 2688 1347 (Jer.
2720 1278 2772 1333 9.
2806 1279 2858 1351 l)
2883 1279 2906 1333 ?
2937 1295 3076 1335 nunc
3103 1292 3279 1337 autem
3306 1300 3317 1335 :
3346 1282 3471 1349 Quis
3499 1282 3598 1336 da-

2022 1363 2092 1417 bit
2132 1365 2254 1418 milii
2288 1366 2341 1419 in
2381 1366 2572 1422 deserto
2611 1371 2921 1425 mansionem
2964 1382 3259 1438 extremam,
3302 1384 3348 1427 et
3385 1373 3601 1428 derelin-

2021 1468 2171 1522 quam
2203 1456 2447 1526 populum
2474 1457 2648 1524 istum,
2676 1468 2722 1512 et
2749 1460 2978 1514 recedam
3016 1462 3076 1513 ab
3106 1462 3218 1516 eis?
3245 1461 3431 1518 Omnes
3466 1464 3601 1518 enim

2022 1542 2247 1597 adulteri.
2261 1556 2379 1599 sunt
2407 1545 2571 1616 (Ibid.
2606 1563 2653 1602 υ.
2675 1546 2752 1619 2).
2779 1549 3183 1621 Nonnumquam
3214 1568 3337 1608 vero
3366 1569 3600 1610 maerens

2021 1634 2283 1695 clamabat
2311 1652 2325 1689 :
2370 1637 2454 1691 Vae
2483 1639 2626 1705 mihi,
2653 1651 2831 1705 mater,
2854 1643 3049 1710 utquid
3075 1658 3152 1696 me
3174 1644 3389 1714 genuisti
3416 1644 3597 1707 uirum,

2021 1724 2109 1793 qui
2144 1724 2416 1791 discernat,
2476 1736 2522 1780 et
2553 1728 2795 1798 dijudicet
2835 1731 2970 1785 omni
3002 1740 3147 1785 terrae
3173 1730 3283 1800 (1d.
3328 1733 3414 1788 15.
3463 1732 3601 1802 10)?

2021 1816 2322 1885 Aliquando
2363 1818 2465 1872 diei
2512 1822 3156 1889 quoquenativitatissuaa
3198 1824 3488 1890 maledixit,
3521 1825 3603 1880 di-

2021 1921 2150 1961 cens
2174 1925 2189 1961 :
2218 1907 2495 1963 Maledicta
2520 1910 2627 1965 dies
2645 1953 2661 1979 ,
2690 1912 2743 1966 in
2768 1927 2869 1983 qua
2892 1924 3037 1967 natus
3064 1931 3177 1968 sum
3206 1917 3257 1968 in
3287 1933 3344 1970 ea
3373 1915 3481 1989 (Id.
3504 1916 3597 1971 20.

2025 1998 2137 2066 ll).
2184 1998 2288 2053 Sed
2319 2007 2372 2052 ct
2396 2000 2533 2055 coeni
2562 2000 2728 2067 lacus,
2768 2013 2822 2057 et
2865 2004 3193 2079 vinculorum
3225 2021 3508 2075 pressura),
3551 2018 3605 2063 et

2021 2088 2265 2154 verbera,
2308 2100 2360 2143 et
2393 2090 2617 2158 insidiae,
2651 2092 3028 2163 irrisionesque
3056 2106 3326 2165 perpetua:
3355 2098 3426 2153 ita
3456 2100 3605 2154 illum

2024 2182 2422 2247 excruciabant,
2469 2193 2525 2238 ut
2550 2184 2659 2254 jam
2689 2200 2825 2254 pene
2868 2186 3195 2256 deSperaret.
3238 2190 3372 2256 Quid
3401 2202 3602 2253 autem,

2024 2273 2235 2341 quando
2258 2283 2411 2344 capta
2439 2275 2569 2330 urbe
2594 2277 2927 2345 providentia
2970 2288 3023 2332 et
3054 2279 3252 2333 honore
3296 2295 3325 2333 a
3365 2281 3605 2335 barbaris

2023 2362 2270 2433 dignatus
2320 2365 2441 2419 est?
2481 2381 2607 2422 num
2652 2367 2750 2421 ista
2801 2367 3099 2423 sentiebat?
3146 2369 3258 2423 lmo
3311 2386 3435 2425 vero
3481 2380 3607 2425 tunc

2025 2454 2255 2511 maxime
2291 2469 2472 2509 amara
2517 2457 2605 2510 illa
2633 2457 2862 2511 lamenta
2898 2460 3233 2529 conscripsit,
3280 2472 3518 2515 mortuos
3552 2472 3607 2515 et

2024 2543 2279 2599 abeuntes
2304 2546 2510 2616 lugens.
2543 2547 2723 2618 Neque
2753 2551 2956 2604 tninora
2984 2550 3058 2604 illi
3089 2552 3199 2606 visa
3223 2561 3345 2606 sunt
3373 2568 3603 2622 sequen-

2026 2637 2097 2689 tia
2129 2637 2266 2691 mala
2293 2640 2593 2707 prmteritis,
2634 2655 2754 2695 cum
2788 2642 2820 2695 ii
2867 2645 2953 2712 qui
2994 2659 3060 2697 ex
3102 2644 3242 2698 bello
3273 2644 3463 2713 reliqui
3491 2644 3607 2699 lue-

2029 2736 2150 2782 rant
2192 2745 2375 2784 rursus
2415 2746 2512 2801 per
2545 2746 2641 2786 sua
2680 2733 2881 2787 scelera
2929 2734 3094 2788 Deum
3142 2735 3431 2789 irritarent.
3474 2733 3606 2789 Cum

2027 2822 2168 2876 enim
2197 2823 2412 2892 polliciti
2440 2834 2620 2879 essent
2646 2839 2704 2880 se
2726 2825 2800 2879 illi
2830 2840 2923 2894 per
2948 2827 3124 2881 omnia
3147 2827 3605 2897 obtemperaturos

2029 2911 2266 2980 nihilque
2309 2912 2679 2979 reluctaturos,
2720 2915 2775 2981 in
2819 2913 3108 2986 Egyptum
3155 2931 3341 2971 rursus
3380 2916 3607 2972 descen-

2025 3000 2236 3066 derunt,
2270 3002 2487 3056 oraculo
2508 3004 2771 3059 contraria
2800 3006 3158 3075 praecipiente,
3189 3006 3608 3079 prophetamque

2025 3104 2207 3149 secum
2230 3091 2582 3161 deduxerunt,
2616 3108 2678 3149 ac
2704 3109 2796 3164 per
2824 3110 2974 3150 suam
3002 3097 3429 3166 ingratitudinetn
3455 3099 3606 3154 illum

2025 3181 2125 3236 sibi
2153 3183 2308 3252 longe
2345 3184 2588 3255 graviora
2630 3185 2894 3256 prioribus
2921 3187 3098 3242 dicere
3125 3197 3284 3258 atque
3321 3188 3605 3260 imprecari

2025 3286 2333 3346 coegerunt.
2365 3276 2503 3344 Quid
2544 3293 2670 3332 vero
2698 3279 2986 3334 Ezechiel?
3019 3279 3143 3349 quid
3175 3280 3392 3335 Daniel?
3428 3296 3607 3338 nonne

2025 3371 2081 3423 in
2111 3369 2420 3439 captivitate
2464 3378 2672 3440 tempus
2701 3385 2860 3427 omne
2899 3372 3187 3427 vixerunt?
3213 3374 3448 3440 Quorum
3486 3376 3608 3444 qui-

2031 3461 2153 3523 dcm
2192 3463 2337 3533 prior
2358 3461 2499 3518 fame
2524 3478 2587 3519 ac
2612 3464 2698 3521 siti
2726 3478 2823 3533 pro
2850 3464 3038 3523 alienis
3075 3465 3408 3521 cruciabatur
3429 3467 3608 3534 malis,

2028 3568 2297 3622 uxoreque
2319 3553 2563 3609 defuncta
2593 3570 2714 3609 eum
2757 3569 2937 3609 casum
2981 3555 3182 3626 absque
3212 3556 3461 3628 lacrymis
3484 3570 3608 3626 per.

2027 3642 2166 3698 ferre
2189 3643 2497 3714 jubebatur.
2524 3644 2694 3701 Porro
2716 3645 2842 3717 quid
2868 3648 3079 3716 gravius
3108 3646 3211 3702 dici
3235 3646 3421 3717 possit,
3447 3663 3606 3717 quam

2028 3736 2081 3790 in
2123 3737 2234 3789 suis
2271 3735 2509 3797 adversis
2551 3737 2764 3793 casibus
2809 3752 2877 3792 ne
2914 3737 3044 3792 ﬂere
3089 3737 3302 3807 quidem
3343 3738 3611 3807 permitti?

2030 3827 2229 3883 Omitto
2257 3838 2434 3885 autem
2458 3828 2617 3883 modo
2645 3828 2786 3898 quod
2819 3829 2871 3884 in
2911 3828 3038 3884 ﬁmo
3065 3844 3253 3898 panem
3272 3844 3429 3884 suum
3459 3843 3607 3883 com-

2027 3922 2189 3975 cdere
2229 3929 2446 3976 coactus
2480 3922 2571 3985 sit,
2613 3930 2671 3976 et
2713 3921 2855 3990 quod
2910 3936 3071 3991 super
3100 3937 3262 3976 unum
3308 3922 3446 3976 latus
3482 3936 3607 3977 cen-

2029 4021 2140 4066 tum
2185 4020 2243 4065 et
2283 4012 2571 4082 nonaginta
2600 4011 2790 4069 diebus
2826 4011 3026 4082 jacere,
3072 4012 3279 4081 aliaque
3307 4010 3609 4081 bujusmodi

2026 4104 2255 4158 tolerare
2278 4104 2542 4173 sitjussus
2568 4102 2779 4175 (Ezeclt.
2808 4104 2864 4158 4.
2896 4101 3009 4173 l2),
3041 4101 3153 4159 Etsi
3180 4103 3321 4157 enim
3349 4103 3423 4156 illi
3452 4117 3520 4157 ex
3546 4102 3610 4157 iis

2025 4208 2143 4262 qua:
2170 4194 2252 4248 vel
2294 4194 2605 4261 omisimus,
2649 4195 2734 4249 vel
2775 4194 3042 4260 diximus,
3087 4194 3216 4249 nihil
3256 4193 3408 4249 triste
3440 4194 3612 4248 contio

2025 4285 2212 4353 gisset,
2254 4293 2403 4339 certe
2429 4283 2482 4338 id
2511 4284 2683 4339 solum
2710 4284 2851 4354 quod
2876 4285 3016 4340 inter
3043 4284 3226 4341 hostes
3264 4299 3328 4340 ac
3354 4285 3613 4341 barbaros

2027 4376 2372 4446 impurosque
2416 4375 2662 4430 homines
2709 4375 2792 4429 vir
2837 4375 3017 4445 justus
3059 4385 3115 4431 et
3159 4386 3374 4431 sanctus
3414 4375 3613 4445 jugiter

2027 4475 2266 4522 versatus
2289 4466 2377 4530 sit,
2404 4465 2547 4521 omni
2579 4474 2691 4520 erat
2719 4465 2795 4519 illi
2821 4465 3081 4535 supplicio
3104 4465 3370 4521 acerbius.

2098 4558 2329 4614 Danielis
2358 4572 2615 4613 terumme.
2643 4585 2713 4596 --
2738 4558 2805 4611 At
2845 4571 2971 4610 vero
3014 4556 3198 4613 Daniel
3242 4555 3465 4610 summis
3492 4556 3613 4623 qui-

2027 4651 2151 4707 dem
2180 4649 2473 4706 honoribus
2502 4647 2701 4714 lrui,et
2734 4646 2886 4718 quasi
2923 4661 3030 4701 non
3075 4646 3126 4700 in
3158 4645 3486 4715 captivitate,
3515 4643 3611 4699 sed

2027 4743 2082 4799 in
2120 4742 2263 4812 regia
2299 4740 2497 4811 jugiter
2522 4748 2825 4795 versaretur
2863 4738 3002 4805 aula,
3046 4752 3165 4792 esse
3203 4736 3603 4808 potentissimus

2030 4835 2310 4895 videbatur
2336 4852 2348 4887 :
2377 4840 2631 4889 ceterum
2671 4832 2716 4887 si
2750 4832 2869 4902 quis
2911 4831 3054 4886 illius
3084 4831 3379 4886 orationem
3404 4830 3604 4897 audiat,

2022 4929 2392 5000 jejuniumque
2416 4925 2739 4992 consideret,
2786 4923 3045 4995 facieique
3076 4923 3519 4987 immutationem,
3548 4938 3612 4976 ac

2021 5022 2175 5092 juges
2224 5020 2587 5090 precationes,
2644 5024 3001 5089 agnoscatque
3047 5014 3328 5085 diligenter
3382 5030 3604 5086 quorum

2025 5115 2217 5186 gratia.
2256 5115 2358 5169 ista
2415 5112 2681 5179 faciebat,
2740 5109 3127 5165 animadvertet
3175 5108 3315 5163 hunc
3358 5108 3608 5165 omnium

2027 5205 2259 5261 maxime
2311 5205 2364 5261 in
2404 5203 2680 5260 doloribus
2722 5200 3114 5272 angoribusque
3158 5199 3371 5253 vixisse.
3425 5196 3608 5267 Neque

2026 5300 2169 5354 enim
2219 5295 2697 5366 illumprtesentia
2753 5301 2956 5349 tantum
3001 5291 3141 5346 mala
3189 5288 3606 5347 excruciabant.

2028 5405 2216 5446 verum
2244 5398 2301 5444 et
2341 5388 2514 5443 futura
2545 5385 2926 5457 perturbabant
2949 5400 2963 5436 :
2990 5397 3109 5453 quae
3137 5381 3293 5435 etiam
3324 5394 3446 5435 cum
3478 5393 3607 5431 nec-

2025 5480 2152 5533 dum
2193 5479 2570 5548 contigissent,
2612 5488 2945 5545 prmnoscere
2988 5472 3179 5542 dignus
3226 5479 3311 5526 est
3371 5468 3601 5526 habitus.

2027 5579 2189 5641 atque
2230 5569 2552 5641 prepbcticis
2598 5568 2763 5622 oculis
2801 5564 3057 5634 aSpieere.
3104 5560 3343 5632 Cumque
3380 5557 3603 5611 necdum

2025 5651 2191 5732 priori
2217 5661 2472 5717 servitute
2499 5660 2750 5715 liberatos
2772 5654 2988 5712 Judaeos
3022 5662 3285 5715 cerneret,
3317 5649 3470 5701 altam
3490 5645 3597 5698 illis

2019 5768 2214 5813 rursus
2234 5753 2594 5824 captivitatem
2621 5749 2910 5819 prmvidcre
2935 5746 3218 5817 cogebatur
3243 5760 3257 5796 :
3284 5746 3331 5791 ct
3364 5749 3479 5806 quae
3500 5745 3606 5786 non
