4060 6136
428 335 526 388 4111

426 444 549 495 dum
577 439 835 495 mdilicata
861 437 1052 502 luerat,
1083 451 1200 491 eam
1239 437 1422 491 urbem
1451 435 1567 504 capi
1597 433 1868 497 cernebat,
1902 446 1988 487 sa-

426 530 746 598 crificiisque
791 527 1206 583 contaminatum
1261 525 1511 595 templum
1559 539 1621 579 ac
1663 523 1991 588 desolatam,

427 637 745 692 omnemque
785 634 1026 675 eversam
1077 618 1548 674 sanctiﬁcationem
1577 635 1592 670 :
1619 615 1817 671 idcirco
1854 615 1993 684 lnge

429 714 519 767 bat
545 723 598 767 et
622 713 1032 785 lacrymabatur,
1067 711 1250 766 dicens
1273 728 1288 766 :
1317 710 1479 765 Nobis
1502 709 1732 778 confusio
1755 708 1920 779 faciei,
1948 718 1996 761 et

429 803 739 872 principibus
768 802 974 869 nostris,
1018 812 1064 855 et
1097 801 1322 872 patribus
1361 801 1564 861 nostris,
1610 801 1728 869 quia
1773 801 1994 868 peccavi-

429 910 542 947 snus
573 894 680 959 tibi,
712 891 926 948 Domine
950 892 1107 963 (Dan.
1136 895 1188 947 9.
1217 893 1268 947 8.
1302 890 1502 949 Bartsch
1553 891 1602 946 l.
1637 891 1717 945 15.
1755 891 1866 959 lli).

503 985 590 1037 ll.
613 982 792 1037 Helias
817 994 861 1036 et
891 983 997 1053 ipse
1017 983 1243 1054 afﬂictus.
1281 983 1490 1035 I-Ilisatus
1514 982 1772 1053 propheta.
1802 979 2001 1033 Paulus

431 1075 690 1144 apostolus
735 1075 866 1128 inter
903 1089 986 1127 eos
1027 1075 1111 1143 qui
1163 1073 1330 1143 uﬂlicti
1371 1082 1506 1125 sunt.
1549 1100 1622 1112 —
1669 1069 1865 1125 Verum
1913 1083 2004 1123 ne—

433 1165 548 1220 scio
575 1179 681 1234 quo
708 1174 860 1234 pacto
888 1179 973 1220 me
996 1179 1128 1234 pene
1148 1163 1285 1218 inter
1312 1163 1596 1236 prophetas
1620 1160 1875 1230 cll‘ugerat
1903 1175 2005 1212 caa-

438 1258 584 1312 lcstis
607 1257 694 1310 ille
722 1257 952 1322 animus,
987 1256 1074 1326 qui
1105 1257 1182 1310 sic
1217 1257 1268 1310 in
1310 1265 1448 1310 terra
1480 1255 1807 1316 versabatur,
1849 1262 1907 1306 ut
1951 1253 2004 1307 in

435 1349 567 1403 caelo
594 1362 806 1417 semper
833 1358 972 1402 esset
1000 1365 1014 1402 :
1039 1347 1168 1401 nihil
1205 1349 1345 1402 enim
1395 1347 1466 1400 illi
1507 1355 1773 1400 terrenum
1815 1355 2007 1414 praeter

438 1442 666 1495 meloteu
690 1451 822 1496 erat.
853 1440 988 1510 Quid
1019 1441 1176 1511 igitur
1203 1454 1441 1497 summus
1473 1439 1568 1493 iste
1595 1446 1752 1506 atque
1781 1437 2008 1491 admira-

437 1532 558 1586 bilis
577 1533 677 1599 vir,
711 1532 754 1587 si
781 1534 948 1588 virum
977 1533 1124 1586 illum
1147 1546 1337 1586 vocare
1377 1537 1584 1599 oportet
1619 1531 1696 1600 (5.
1730 1527 1856 1598 Reg.
1882 1527 2010 1597 l9)?

437 1625 570 1681 Nam
614 1635 732 1694 post
775 1626 1040 1694 ingentem
1094 1624 1237 1678 illam
1286 1622 1548 1681 fiduciam,
1601 1636 1704 1692 qua
1751 1621 2008 1674 adversus

438 1717 622 1770 Achab
653 1731 779 1770 usus
809 1715 1000 1780 fuerat,
1027 1727 1144 1783 post
1172 1715 1304 1784 ignis
1335 1713 1476 1768 illam
1502 1729 1531 1765 e
1559 1714 1688 1766 ett-Io
1728 1710 2010 1766 demissio-

441 1824 582 1870 nem,
614 1817 732 1876 post
763 1822 944 1860 necem
976 1805 1329 1868 sacerdotum,
1368 1815 1709 1875 posteaquam
1751 1803 2013 1858 clauserat

440 1909 495 1950 et
519 1909 796 1967 aperuerat
815 1898 1025 1962 calum,
1051 1911 1154 1966 quo
1185 1907 1419 1967 tempore
1448 1904 1727 1965 utrumque
1755 1895 2010 1959 voluerat,

445 2000 561 2056 post
593 1997 734 2041 tanta
760 2003 822 2042 ac
848 1989 968 2047 talia
1015 1998 1159 2043 recte
1200 1987 1332 2043 facta
1374 1995 1427 2041 et
1479 1987 1626 2057 signa
1675 1985 1898 2050 fiduciis,
1944 1984 2013 2038 ita

444 2093 586 2133 metu
635 2083 984 2151 numerisque
1021 2081 1379 2150 magnitudine
1406 2079 1758 2143 detinebatur,
1802 2085 1857 2132 ut
1904 2076 2017 2132 haec

446 2176 599 2226 verba
630 2175 978 2243 loqueretur:
1029 2171 1170 2226 Tolle
1213 2173 1434 2227 animum
1480 2186 1641 2225 meam
1686 2187 1718 2226 a
1759 2187 1838 2224 me
1867 2184 1885 2224 :
1916 2185 2018 2222 non

444 2267 574 2318 enim
604 2283 713 2319 sum
741 2266 916 2319 melior
944 2282 1033 2336 ego
1062 2281 1211 2337 quam
1240 2274 1403 2334 patres
1432 2264 1528 2318 mei
1572 2260 1676 2332 (Ib.
1720 2283 1771 2320 c.
1802 2260 1880 2330 4).
1914 2259 2015 2315 lsta

446 2355 555 2418 ille,
580 2356 668 2425 qui
694 2355 956 2426 hodieque
983 2355 1207 2410 necdum
1237 2363 1474 2408 mortuus
1513 2362 1613 2408 est.
1652 2352 1834 2422 Neque
1881 2351 2018 2406 istud

447 2449 641 2512 solum,
674 2447 768 2502 sed
814 2448 865 2500 in
904 2447 1174 2505 desertum
1202 2447 1469 2516 proiectus
1492 2445 1875 2510 obdormiebat,
1908 2459 2018 2513 pra:

447 2538 648 2592 doloris
685 2553 747 2593 ac
771 2539 1014 2598 mmroris
1040 2554 1200 2593 onere
1228 2540 1398 2594 lassus
1437 2553 1502 2594 ac
1545 2537 1807 2608 fatigatus.
1855 2537 2021 2591 Porro

450 2627 606 2695 hujus
633 2627 924 2697 discipulus
946 2644 1052 2682 non
1093 2629 1262 2686 solum
1291 2629 1533 2697 spiritum
1568 2626 1805 2698 magistri
1850 2627 2022 2696 dupli.

449 2733 564 2772 cem
590 2721 810 2785 accepit,
836 2719 926 2774 sed
949 2729 1002 2774 et
1041 2734 1314 2789 pressuras
1334 2719 1488 2790 longe
1510 2720 1667 2776 etiam
1691 2719 1921 2790 majores
1943 2721 2018 2792 (4.

454 2807 579 2879 Iieg.
608 2807 684 2878 9.).
715 2808 820 2862 llos
847 2809 1073 2880 denique
1100 2809 1254 2879 paulo
1282 2819 1405 2864 ante
1432 2810 1615 2865 beatus
1638 2810 1828 2865 Paulus
1843 2821 2021 2866 osten-

453 2904 605 2964 alens,
635 2902 952 2973 illorumque
978 2916 1241 2956 terumnas
1266 2915 1605 2966 enumerans,
1637 2901 1808 2956 aiebat
1837 2920 1850 2956 :
1893 2903 2022 2969 Qui-

453 2994 544 3045 bus
570 2993 750 3063 dignus
777 3010 876 3047 non
905 3003 1010 3048 erat
1051 2994 1272 3049 mundus
1318 2992 1474 3066 (Heb.
1528 2995 1614 3050 ll.
1663 2993 1776 3066 38).
1833 2996 2028 3066 Perop-

457 3093 681 3158 portune
703 3099 842 3138 nunc
859 3085 1004 3143 Pauli
1026 3085 1248 3142 fecimus
1276 3086 1595 3142 mentionem
1622 3105 1634 3138 :
1658 3088 1746 3155 qui
1774 3088 1914 3140 enim
1936 3103 2026 3157 per

457 3191 516 3228 se
542 3177 683 3238 solus
708 3165 977 3247 inspectus
1015 3177 1080 3231 ad
1104 3178 1486 3235 consolandum
1530 3178 1776 3235 sul‘lleere
1827 3192 2025 3248 possm,

456 3266 543 3320 bie
567 3267 835 3337 postalios
864 3267 1104 3331 veniens,
1138 3268 1288 3337 cujus
1315 3285 1418 3324 non
1443 3269 1682 3324 dolorem
1729 3285 1791 3326 ac
1837 3286 2030 3324 Illml‘tt-

461 3372 570 3410 rem
597 3372 916 3414 evanescere
956 3358 1146 3414 faciat?
1191 3357 1321 3428 Ejus
1365 3374 1559 3428 nempe
1602 3358 1814 3423 famem,
1866 3361 2029 3423 sitim,

459 3447 769 3510 nuditatem,
814 3446 1106 3518 naufragia,
1143 3447 1447 3518 desertique
1472 3448 1846 3516 habitationes,
1879 3453 2032 3505 timo-

458 3550 547 3591 res
573 3550 634 3588 ac
660 3536 914 3604 pericula,
952 3537 1190 3601 insidias,
1217 3552 1478 3603 carceres,
1510 3539 1756 3601 verbera.
1803 3539 2028 3610 vigilias,

460 3629 766 3683 innumeras
808 3638 1028 3695 mortes,
1061 3638 1114 3685 et
1145 3631 1244 3684 alia
1287 3645 1403 3701 quae
1445 3629 1836 3700 prmdicationis
1875 3645 2033 3684 causa

465 3733 748 3788 perpessus
772 3728 874 3787 est,
925 3735 993 3781 ne
1048 3721 1322 3776 referenda
1371 3721 1582 3789 quidem
1630 3721 1876 3779 arbitror.
1931 3720 2034 3776 Ista

464 3810 603 3862 extim
630 3810 727 3865 etsi
756 3825 1034 3879 pressurae
1078 3812 1151 3865 illi
1180 3812 1526 3876 exhibebant,
1557 3828 1660 3866 non
1685 3822 1859 3867 tamen
1885 3823 2037 3867 erant

463 3901 662 3970 absque
683 3902 950 3972 voluptate
969 3903 1216 3973 quadam.
1236 3905 1302 3958 At
1329 3918 1457 3957 vero
1477 3903 1687 3976 quando
1713 3904 1858 3958 illum
1883 3904 2034 3957 Asia-

467 3993 552 4046 tici
591 4007 778 4048 omnes
830 3996 1059 4048 aversati
1106 4004 1247 4059 sunt,
1303 3995 1515 4068 quando
1556 3993 1757 4050 Galatae
1802 3997 2036 4066 perversi

465 4094 604 4147 sunt,
637 4097 768 4153 gens
803 4084 1004 4154 integra
1051 4095 1103 4138 et
1149 4093 1368 4140 eatenus
1419 4086 1775 4160 acceptabills,
1826 4088 2038 4158 quando

466 4189 614 4225 suam
636 4173 922 4228 Ecclesium
936 4174 1191 4230 Corinthii
1214 4177 1466 4248 plurimas
1486 4178 1537 4232 in
1557 4188 1736 4248 partes
1748 4181 2034 4244 sciderunt,

466 4264 880 4335 fornicatorique
906 4269 1177 4324 teterrimo
1203 4284 1297 4339 per
1341 4285 1465 4325 suas
1514 4272 1794 4327 blanditias
1821 4273 2039 4342 pudoris

468 4370 677 4426 quoque
723 4367 937 4411 sensum
985 4358 1332 4424 abstulerunt,
1363 4361 1486 4430 quid
1536 4363 1682 4415 illum
1730 4378 2037 4432 perpessum

471 4459 644 4517 putas,
691 4455 917 4520 quantas
943 4449 1081 4504 illius
1109 4453 1286 4510 animo
1319 4452 1564 4508 tenebras
1595 4453 1790 4507 oll'usas
1817 4453 2042 4506 arbitra-

470 4545 577 4597 ris?
599 4545 701 4602 Sed
724 4547 847 4618 quid
873 4561 968 4602 nos
991 4547 1088 4600 ista
1115 4545 1434 4616 conjecturis
1461 4545 1778 4614 colligimus,
1815 4559 1934 4600 cum
1976 4544 2040 4597 il-

468 4639 569 4692 lius
599 4637 760 4693 verba
809 4639 994 4692 audire
1041 4636 1234 4691 liceat?
1281 4634 1570 4690 Corinthiis
1619 4636 1760 4691 enim
1805 4635 2043 4689 scribens

468 4729 677 4789 dicebat
710 4749 723 4785 :
752 4729 1000 4798 Quoniam
1057 4745 1121 4784 ea:
1165 4729 1322 4782 multa
1364 4728 1681 4782 tribulatione
1721 4736 1769 4781 et
1810 4727 2042 4798 angustia

470 4825 636 4875 cordis
656 4823 834 4892 scripsi
861 4821 994 4875 vobis
1024 4839 1112 4889 per
1137 4819 1320 4874 multas
1347 4823 1596 4891 lacrymas
1627 4819 1701 4894 (2.
1735 4819 1851 4874 Cor.
1879 4821 1933 4874 2.
1961 4819 2039 4891 4).

473 4914 535 4966 lit
563 4927 770 4967 rursum
805 4929 818 4963 :
853 4910 934 4964 Ne
972 4916 1102 4982 forte
1142 4927 1256 4964 cum
1292 4927 1486 4977 uenero,
1523 4912 1748 4966 humiliet
1774 4927 1854 4965 me
1879 4910 2038 4976 Deus,

472 5013 514 5054 et
543 5003 740 5071 lugeam
771 5003 955 5057 multos
978 5003 1064 5070 qui
1088 5012 1205 5054 ante
1230 5013 1577 5070 peccaverunt,
1623 5013 1669 5056 et
1703 5019 1803 5056 non
1841 5014 2042 5073 egerunt

472 5095 813 5163 pwtiitentiam
852 5093 956 5165 (Ib.
1003 5095 1088 5149 l2.
1141 5095 1258 5165 2l).
1309 5094 1509 5150 Calatis
1537 5112 1664 5150 vero
1695 5115 1707 5148 :
1741 5095 1940 5163 Filioli,
1974 5098 2044 5151 iu-

470 5189 604 5254 quit,
636 5186 754 5248 uici,
791 5202 914 5254 quos
955 5188 1133 5240 iterum
1161 5188 1410 5258 parturio,
1443 5187 1598 5240 donec
1628 5191 1870 5258 formetur
1895 5187 2039 5240 Chri-

471 5290 577 5332 stus
603 5279 654 5331 in
683 5277 817 5333 vobis
846 5277 986 5351 (Gal.
1015 5278 1066 5334 4.
1102 5279 1215 5349 l9).
1250 5280 1322 5334 De
1351 5279 1596 5334 Asiaticis
1637 5293 1766 5334 vero
1807 5278 2045 5333 scribens

469 5370 536 5425 ad
566 5370 878 5439 discipulum
902 5369 1139 5440 queritur
1156 5380 1210 5427 et
1235 5369 1548 5440 ingemiscit.
1577 5369 1756 5441 Neque
1783 5369 1923 5424 enim
1947 5371 2043 5424 ista

473 5463 644 5516 solum
669 5472 792 5516 tunc
821 5463 966 5517 illam
995 5476 1225 5518 mterore
1251 5461 1568 5526 afficiebant,
1596 5460 1690 5517 sed
1716 5471 1769 5516 et
1795 5460 1950 5515 datus
1972 5459 2044 5514 illi

471 5556 717 5613 Stimulus
744 5556 814 5610 ita
852 5569 972 5612 eum
1020 5554 1248 5611 vexabat
1294 5562 1453 5624 atque
1490 5552 1782 5624 allligebat,
1815 5561 1873 5606 ut
1904 5567 2046 5620 saepe

475 5665 568 5720 pro
611 5649 764 5719 hujus
807 5649 1141 5706 absolutionc
1186 5649 1353 5704 Deum
1397 5647 1712 5717 deprecatus
1745 5646 1812 5699 sit
1859 5645 2043 5715 :quotl

477 5748 615 5809 enim
666 5747 749 5808 hic
795 5749 888 5813 ait,
940 5756 1046 5812 ter,
1107 5747 1295 5815 sumius
1327 5739 1591 5811 significat
1615 5737 1685 5810 (2.
1705 5739 1822 5794 Cor.
1851 5738 1931 5794 Η..
1963 5739 2038 5813 8).

1164 325 1220 381 S.
1259 323 1532 381 JOANNIS
1568 318 2035 378 CllllYSObTOlll
2075 316 2389 374 ARCllIEP.
2429 309 2965 371 CONSTANTINOP.

3566 300 3671 356 £83

2103 431 2330 487 Prorsus
2355 444 2483 485 vero
2512 427 2724 496 quando
2751 426 2838 480 ille
2863 423 3127 493 respirare
3155 419 3344 491 potuit,
3377 417 3466 488 qul
3497 413 3672 471 fratris

2101 537 2312 595 quoque
2351 521 2647 578 absentiam
2687 517 2932 590 lugebat?
2979 515 3060 569 Ea:
3101 529 3176 579 eo,
3227 504 3512 577 enim,ait,
3539 508 3675 578 quod

2101 631 2202 668 non
2227 613 2389 667 inueni
2417 612 2579 666 Titum
2601 615 2806 682 fratrem
2834 623 3015 670 meum,
3041 621 3140 660 non
3161 602 3310 656 habui
3345 601 3564 668 requiem
3595 597 3671 667 (Ξ.

2105 704 2225 758 Cor.
2246 704 2302 757 2.
2331 701 2444 774 15).
2473 701 2528 756 111
2555 701 2776 758 alterius
2801 698 2925 754 item
2951 695 3137 751 morbo
3167 693 3267 746 hoc
3309 690 3445 745 idem
3490 703 3678 758 passus

2106 807 2188 850 est
2217 814 2229 849 :
2261 796 2398 850 Deus
2424 796 2556 850 enim
2579 794 2814 847 misertus
2830 800 2901 845 est
2918 790 3047 860 ejus,
3065 787 3133 841 de
3163 783 3410 854 Epaphra
3436 782 3678 835 scribens

2106 886 2548 956 Philippensibus,
2573 901 2672 939 non
2708 884 2844 938 illius
2869 891 3035 934 autem
3061 877 3245 939 solum,
3285 874 3371 928 sed
3391 882 3438 926 et
3466 873 3580 934 uici,
3617 887 3682 924 ne

2108 979 2359 1034 tristitiam
2389 992 2540 1046 super
2566 974 2818 1028 tristitiam
2853 970 3082 1025 haberem
3107 966 3275 1039 (Phil.
3304 963 3359 1023 2.
3383 959 3493 1031 27).
3524 961 3588 1016 Et
3611 960 3682 1014 de

2108 1068 2472 1124 seductoribus
2495 1081 2557 1121 ac
2577 1066 2677 1120 sibi
2700 1063 3078 1122 reluctantibus
3093 1059 3321 1130 graviter
3340 1066 3590 1114 atterens,
3613 1051 3683 1107 ad

2109 1159 2444 1214 Timotheum
2497 1155 2683 1210 scribit
2729 1173 2742 1208 :
2787 1151 3094 1215 Alexander,
3146 1147 3418 1217 inquiens,
3469 1142 3688 1198 mariue

2111 1248 2268 1303 multa
2293 1247 2416 1300 mihi
2442 1246 2576 1298 uiola
2597 1245 2810 1298 ostendit
2837 1257 2856 1295 :
2882 1239 3059 1294 reddat
3087 1237 3164 1292 illi
3202 1236 3338 1290 Deus
3349 1236 3502 1305 juxta
3527 1246 3689 1300 opera

2111 1357 2204 1395 sua
2231 1338 2306 1410 (2.
2336 1336 2468 1391 Tim.
2493 1337 2546 1390 4.
2578 1335 2689 1404 ll).
2713 1333 2880 1401 Quam
2903 1329 3062 1401 igitur
3089 1329 3189 1383 iste
3205 1326 3288 1382 vel
3314 1325 3527 1379 brevem
3559 1335 3690 1376 111111-

2115 1428 2250 1482 roris
2277 1441 2341 1480 ac
2368 1425 2568 1482 doloris
2597 1425 2793 1478 habere
2820 1421 3055 1490 requiem
3083 1413 3519 1492 poteratheque
3541 1412 3690 1467 enim

2115 1536 2174 1574 ea
2205 1520 2317 1576 sola
2339 1534 2457 1590 quae
2482 1517 2622 1572 dicta
2649 1525 2794 1580 sunt,
2820 1514 3068 1569 obsidere
3111 1513 3347 1566 animum
3387 1509 3502 1578 ejus
3540 1515 3694 1577 pote-

2117 1623 2256 1679 rant,
2288 1611 2380 1666 sed
2405 1617 2461 1665 et
2479 1610 2578 1665 alia
2603 1625 2722 1679 qua:
2750 1621 3035 1663 maerorem
3064 1604 3138 1658 illi
3181 1601 3451 1658 assiduum
3490 1598 3696 1668 praebe—

2117 1707 2261 1759 bant.
2291 1705 2354 1759 Et
2379 1719 2439 1756 ea
2464 1716 2652 1757 rursus
2680 1701 2792 1770 ipse
2812 1698 3035 1769 aperuit,
3061 1711 3179 1750 cum
3206 1694 3334 1750 dicit
3365 1710 3378 1744 :
3413 1692 3607 1744 Pra'ter
3633 1705 3699 1744 ea

2116 1812 2230 1867 qua:
2249 1797 2374 1868 foris
2401 1803 2516 1849 sunt
2540 1792 2782 1847 instantia
2811 1807 2921 1843 mea
2943 1787 3256 1859 quotidiana,
3281 1782 3565 1839 sollicitudo
3581 1797 3698 1834 om—

2118 1888 2257 1939 nium.
2286 1883 2648 1938 Ecclesiurum.
2687 1881 2812 1948 Quis
2854 1879 3160 1948 inﬁrmatur,
3201 1883 3246 1928 et
3285 1888 3374 1943 ego
3415 1887 3513 1924 non
3551 1868 3703 1937 inﬁr-

2121 1980 2276 2034 mor?
2301 1978 2414 2048 quis
2439 1976 2832 2039 scandalizatur,
2864 1980 2909 2025 et
2935 1987 3025 2041 ego
3061 1985 3161 2022 non
3191 1983 3309 2024 uror
3336 1965 3410 2036 (2.
3441 1962 3560 2018 Cor.
3607 1963 3700 2017 ll.

2119 2071 2212 2126 28.
2231 2070 2360 2140 99)?
2384 2069 2437 2125 Si
2467 2070 2623 2138 igitur
2652 2067 2738 2120 ille
2761 2079 2856 2136 per
2879 2062 3116 2132 singulos
3155 2073 3365 2121 eorum,
3409 2055 3497 2123 qui
3541 2066 3703 2107 scam

2121 2161 2508 2223 dalizabantur,
2539 2157 2810 2218 urebatur,
2840 2151 3076 2223 profecto
3116 2164 3176 2204 ea
3204 2146 3412 2202 adustio
3438 2142 3706 2210 exstingui

2123 2269 2192 2309 ex
2224 2252 2365 2308 illius
2392 2251 2568 2304 animo
2599 2265 2705 2304 non
2747 2253 2971 2317 poterat.
3020 2243 3200 2312 Neque
3251 2239 3393 2294 enim
3453 2249 3707 2303 umquam

2121 2345 2346 2399 deerant
2375 2342 2464 2411 qui
2489 2339 2994 2399 seandalizarentur,
3023 2333 3235 2403 ignique
3259 2330 3397 2384 illius
3425 2337 3708 2381 materiam

2125 2435 2609 2491 subministrarem.
2638 2431 2770 2486 Nam
2794 2429 2838 2483 si
2863 2436 2915 2482 et
2947 2427 3104 2481 urbes
3124 2431 3178 2478 et
3195 2429 3382 2492 gentes
3408 2432 3551 2486 sarpe
3571 2417 3709 2469 inte-

2123 2544 2232 2598 grae
2266 2528 2426 2597 lapsa:
2452 2535 2596 2592 sunt,
2622 2523 2790 2578 multo
2819 2535 2947 2575 sane
2983 2516 3149 2586 magis
3184 2528 3346 2569 unum
3396 2523 3606 2579 semper
3653 2516 3712 2562 et

2125 2618 2352 2674 alterum
2377 2617 2465 2688 qui
2512 2617 2626 2669 haec
2662 2619 2972 2684 paterentur
3025 2606 3249 2662 inveniri
3306 2617 3523 2658 necesse
3565 2609 3708 2664 erat,

2127 2727 2246 2765 curn
2271 2719 2348 2764 tot
2369 2719 2550 2764 essent
2581 2705 2836 2762 Ecclesia:
2867 2719 2960 2772 per
2985 2701 3188 2756 orbem.
3214 2694 3584 2751 Concedamus
3609 2707 3710 2747 au-

2131 2811 2259 2863 tem.
2289 2801 2332 2854 si
2362 2800 2556 2870 placet,
2594 2812 2766 2866 neque
2793 2793 3208 2850 scandalizatum
3248 2787 3411 2843 fuisse
3455 2785 3710 2855 aliquem,

2132 2907 2300 2960 neque
2326 2891 2392 2944 ab
2430 2905 2495 2944 eo
2530 2889 2852 2958 disjunctum
2901 2880 3203 2953 aliquando,
3231 2892 3403 2948 neque
3445 2873 3588 2930 aliud
3616 2874 3714 2927 ali-

2133 2984 2257 3053 quid
2286 2981 2587 3052 hujusmodi
2624 2980 2852 3034 tristium
2901 2976 2975 3031 illi
3006 2974 3292 3044 contigisse
3325 2989 3339 3025 :
3371 2985 3439 3024 ne
3481 2970 3559 3024 sic
3596 2967 3715 3037 qui-

2133 3075 2252 3129 dem
2284 3087 2515 3128 muarore
2539 3085 2768 3126 vacuum
2799 3067 3040 3123 invenire
3071 3064 3380 3132 poterimus.
3410 3061 3523 3129 Qua
3571 3059 3621 3114 in
3655 3072 3716 3112 re

2137 3167 2310 3223 nullus
2339 3169 2530 3221 iterum
2578 3165 2729 3221 testis
2770 3164 2946 3234 aptior
2976 3157 3225 3219 occurrit,
3258 3169 3416 3225 quam
3469 3153 3582 3221 ipse
3624 3149 3715 3219 qui

2137 3273 2324 3328 passus
2351 3266 2453 3314 est.
2483 3255 2622 3324 Quid
2662 3257 2802 3312 enim
2856 3255 2945 3308 ille
2995 3250 3101 3304 ait?
3153 3246 3400 3316 Optabam
3450 3241 3718 3296 anathema

2138 3370 2242 3408 esse
2261 3370 2292 3406 a
2317 3351 2516 3406 Christo
2552 3366 2646 3422 pro
2674 3349 2911 3419 fratribus
2939 3345 3083 3407 meis,
3115 3340 3340 3413 cognatis
3377 3336 3498 3391 meis
3543 3350 3718 3388 secun-

2140 3446 2259 3499 dum
2281 3461 2501 3507 carnem,
2530 3445 2616 3513 qui
2639 3452 2753 3495 sunt
2777 3439 3026 3495 Israelin
3055 3435 3230 3505 (Rom.
3255 3432 3308 3487 9.
3331 3428 3408 3502 5).
3440 3426 3594 3495 Quod
3626 3441 3718 3478 au-

2142 3547 2246 3591 tem
2268 3535 2415 3601 dicit,
2443 3534 2546 3589 tale
2572 3541 2653 3588 est
2685 3551 2699 3586 :
2730 3529 3028 3601 Optabilins
3049 3525 3174 3579 mihi
3196 3533 3310 3578 erat
3338 3522 3388 3574 in
3419 3519 3720 3589 gehennam

2143 3626 2391 3692 incidere,
2424 3640 2582 3695 quam
2627 3623 2893 3679 lsraelitas
2927 3617 3168 3673 infideles
3215 3622 3271 3668 et
3313 3608 3615 3666 incredulos
3645 3605 3724 3657 vi.

2140 3718 2267 3772 dere
2297 3734 2309 3770 :
2343 3715 2442 3770 hoc
2466 3716 2606 3770 enim
2633 3723 2734 3779 est,
2767 3711 3015 3782 Optabam
3034 3708 3311 3762 anathema
3323 3720 3452 3758 esse.
3471 3703 3517 3759 Is
3535 3709 3715 3756 autem

2141 3809 2230 3878 qui
2257 3808 2484 3877 eligebat
2509 3805 2765 3876 gehennae
2807 3803 3123 3866 cruciatum,
3171 3811 3228 3855 ut
3267 3800 3479 3856 indecus
3531 3813 3722 3853 omnes

2141 3902 2208 3963 ad
2232 3900 2388 3956 [idem
2417 3909 2596 3970 posset
2625 3898 2896 3961 inducere,
2939 3895 3105 3964 liquet
3145 3893 3388 3964 profecto
3422 3891 3563 3961 quod
3609 3906 3720 3946 non

2145 3997 2340 4064 potitus
2369 3995 2474 4048 voti
2502 3993 2584 4048 sui
2609 3992 2821 4062 gravius
2846 3987 3201 4052 afﬁciebatur,
3245 4001 3403 4056 quam
3455 3985 3490 4039 ii
3528 3985 3621 4054 qui
3667 3983 3718 4037 in

2143 4088 2382 4158 gehen-na
2419 4085 2722 4140 cruciantur
2747 4101 2760 4136 :
2785 4079 3210 4151 quandoquidem
3238 4078 3410 4148 potius
3431 4075 3534 4134 hoc
3547 4086 3718 4145 quam

2147 4180 2275 4234 illud
2300 4178 2565 4248 cupiebat.

2217 4271 2301 4324 12.
2329 4268 2599 4337 Comparat
2627 4265 2837 4335 Stagirii
2862 4263 3083 4317 doloraut
3111 4277 3224 4316 cum
3254 4259 3577 4328 antiquorum
3600 4270 3724 4308 mae

2145 4362 2430 4419 rore—Tu
2452 4361 2608 4414 velim
2631 4375 2724 4429 per
2740 4357 2944 4427 singula
2969 4371 3086 4426 quae
3106 4355 3242 4409 dicta
3263 4360 3406 4415 sunt,
3424 4365 3530 4406 non
3547 4350 3721 4404 solum

2149 4455 2426 4510 materiam
2454 4451 2673 4521 cogites,
2701 4465 2766 4504 ex
2795 4463 2898 4519 qua
2921 4445 3171 4501 mmstit‘ia
3200 4444 3326 4498 viris
3348 4443 3452 4497 illis
3471 4440 3722 4511 gigneba.

2149 4556 2252 4610 tur,
2281 4543 2375 4598 sed
2402 4557 2704 4598 mensuram
2725 4541 2888 4595 etiam
2924 4537 3145 4600 doloris,
3173 4543 3229 4589 et
3259 4533 3430 4588 multo
3445 4533 3592 4586 illum
3613 4547 3724 4584 ma-

2143 4639 2315 4707 jorem
2336 4635 2581 4705 aspicies,
2609 4649 2766 4704 quam
2799 4642 2918 4688 tuus
2942 4630 3029 4684 sit.
3055 4626 3202 4694 Quod
3229 4627 3369 4682 enim
3396 4623 3556 4678 modo
3578 4638 3723 4692 qum-

2150 4731 2304 4796 ritur,
2333 4727 2434 4785 hoc
2457 4737 2563 4790 est,
2596 4725 2876 4795 graviusne
2905 4722 2976 4778 illi
3007 4727 3328 4789 angerentur
3360 4733 3374 4770 ;
3409 4713 3567 4785 porro
3591 4727 3727 4767 meo-.-

2150 4821 2309 4876 stitize
2333 4833 2576 4876 mensura
2611 4833 2714 4870 non
2746 4831 2809 4872 ex
2833 4814 3111 4870 occasione
3135 4825 3237 4880 qua
3265 4817 3386 4863 nata
3413 4815 3497 4862 est
3528 4806 3721 4868 solum,

2149 4911 2242 4967 sed
2273 4927 2337 4966 ex
2362 4911 2542 4965 verbis
2562 4910 2720 4964 etiam
2743 4918 2795 4963 et
2823 4906 2981 4961 rebus
3007 4903 3214 4974 probari
3249 4900 3543 4955 consuevit.
3593 4897 3727 4952 Nam

2150 5003 2357 5073 plurimi
2385 5017 2505 5058 cum
2531 5000 2700 5055 solum
2739 4998 3042 5052 amisissent
3065 4993 3344 5064 pecunias,
3379 4990 3548 5059 magis
3568 5004 3726 5058 quam

2153 5093 2309 5148 unedo
2329 5094 2524 5147 caritas
2549 5099 2636 5146 tua
2664 5089 3142 5154 doluerunt,atque
3163 5099 3225 5140 ex
3253 5082 3336 5138 bis
3359 5081 3447 5136 alii
3481 5097 3539 5135 se
3575 5081 3730 5150 aquis

2155 5183 2567 5248 snil‘ocaverunt,
2601 5180 2689 5234 alii
2715 5179 2904 5246 laqueo
2927 5175 3030 5236 sibi
3051 5176 3211 5228 vitam
3237 5181 3599 5236 emerserunt,
3629 5170 3726 5224 de-

2154 5277 2400 5332 trimenta
2454 5290 2564 5330 non
2601 5273 2832 5328 ferentes
2865 5288 2880 5325 :
2908 5269 3135 5324 aliorum
3165 5280 3292 5322 vero
3329 5265 3493 5320 etiam
3543 5263 3732 5318 oculos

2152 5369 2399 5426 numeris
2431 5366 2589 5437 hujus
2617 5365 2699 5420 vis
2739 5379 2802 5418 ac
2847 5360 3152 5431 magnitudo
3179 5359 3418 5413 caecavit.
3465 5355 3535 5420 Et
3581 5365 3732 5410 certe

2154 5465 2309 5531 longe
2329 5461 2500 5518 levius
2525 5475 2588 5514 ac
2611 5457 2936 5514 tolerabilius
2967 5454 3170 5510 videtur
3194 5451 3444 5522 pecunias
3460 5449 3729 5508 amittere,

2154 5571 2310 5624 quam
2344 5551 2610 5623 pertubari
2633 5565 2664 5605 a
2692 5549 2970 5609 daemone;
3000 5543 3094 5599 sed
3129 5553 3304 5598 tamen
3355 5538 3568 5609 plurimi
3607 5552 3728 5591 cum

2155 5649 2267 5701 hsce
2296 5645 2502 5700 fortiter
2529 5643 2791 5704 tulissent,
2823 5639 2892 5694 ab
2938 5637 3026 5691 illo
3070 5634 3307 5703 superati
3351 5639 3494 5686 sunt.
3547 5629 3732 5699 Neque

2157 5741 2299 5796 cnim
2323 5738 2477 5793 velim
2513 5735 2611 5793 ista
2640 5747 2780 5789 nunc
2800 5747 2866 5790 ex
2890 5717 3067 5785 animo
3113 5736 3204 5782 tuo
3252 5723 3509 5790 metiaris,
3557 5735 3730 5790 neque
