4060 6136
265 325 368 382 489

266 438 517 510 quoniam
566 448 621 494 tu
675 440 1015 509 pecuniarum
1059 440 1378 495 detrimenta
1428 436 1658 503 irrides,
1709 435 1844 489 alios

265 530 433 586 etiam
454 531 526 585 ita
557 528 775 584 aﬁeetos
816 529 1119 596 arbitreris;
1170 530 1367 600 quippe
1407 543 1590 584 earum
1628 525 1846 580 amissio

267 621 529 692 plurimos
560 622 611 673 in
635 622 895 674 insaniam
918 629 970 674 et
1003 634 1208 675 summa
1236 619 1553 675 detrimenta
1579 616 1843 687 perduxit.

266 716 338 768 At
365 715 508 769 enim
537 714 725 767 fortem
752 714 987 768 animum
1012 721 1255 769 neutrum
1285 713 1470 767 horum
1498 710 1731 780 dejicere
1748 722 1845 761 va-

268 804 371 870 iet‘;
419 803 698 858 imbecillis
722 818 848 858 vero
887 818 951 857 ac
994 803 1193 858 saeculo
1235 801 1497 868 addictus,
1543 800 1634 855 illo
1673 798 1847 868 potius

266 911 427 965 quam
460 896 562 950 isto
580 896 880 951 cruciatur?
906 895 1016 951 Cur
1044 895 1135 949 id?
1159 895 1291 963 Quia
1313 895 1452 951 idem
1488 908 1595 948 non
1640 901 1740 958 est,
1771 892 1848 945 fa-

268 1003 411 1043 mem
436 1003 649 1058 semper
675 996 910 1042 metuere
931 1029 946 1052 ,
986 996 1040 1041 et
1082 987 1263 1057 paucis
1294 986 1482 1040 diebus
1521 983 1707 1054 agitari
1748 983 1850 1035 hoc

270 1079 482 1133 inorbo.
511 1077 640 1131 Nam
678 1078 763 1132 hic
781 1077 993 1148 quidem
1015 1078 1161 1132 brevi
1192 1075 1444 1145 temporis
1464 1082 1615 1145 parte
1643 1072 1701 1128 fit
1734 1072 1846 1125 vio-

272 1170 434 1223 lentia
460 1169 652 1232 omnis,
683 1184 789 1221 non
829 1183 984 1222 secus
1024 1184 1182 1230 quam
1220 1167 1382 1221 febris
1415 1165 1725 1235 cujusdam,
1761 1169 1852 1215 ant

270 1261 483 1330 rigoris,
505 1260 586 1314 vel
617 1261 834 1314 alterius
860 1261 1182 1314 imminentis
1225 1258 1472 1328 periculi;
1524 1257 1631 1311 imo
1678 1254 1850 1309 minus

274 1354 529 1422 temporis
575 1360 835 1421 occupat,
876 1368 1034 1421 quam
1081 1352 1178 1405 ista
1219 1349 1416 1403 omnia.
1470 1347 1573 1402 Sed
1629 1347 1850 1400 fortasse

273 1446 434 1499 vincit
458 1444 832 1499 vehementia?
859 1443 1018 1513 Atqui
1049 1443 1303 1512 plurimos
1337 1442 1428 1495 tibi
1462 1454 1670 1510 possem
1696 1437 1848 1507 equi-

273 1536 399 1590 dem
427 1534 711 1588 ostendere
737 1534 1038 1587 laborantes
1067 1531 1323 1596 febribus,
1352 1533 1439 1599 qui
1471 1545 1589 1584 cum
1625 1543 1689 1583 eo
1730 1529 1851 1596 igne

272 1625 653 1695 corripiuntur,
678 1624 844 1678 multo
879 1624 1046 1693 magis
1075 1637 1232 1692 quam
1270 1623 1325 1687 ii,
1356 1621 1442 1690 qui
1478 1619 1852 1690 perturbantur

274 1731 304 1767 a
329 1715 593 1779 daemone,
619 1714 968 1784 exagitantur.
994 1714 1064 1767 At
1090 1727 1216 1767 vero
1244 1711 1544 1781 indigentiae
1565 1720 1757 1775 metus,
1785 1724 1852 1763 ne

275 1807 453 1860 desint
479 1805 799 1870 necessaria,
825 1804 990 1858 veluti
1016 1803 1213 1858 vermis
1238 1802 1481 1857 assiduus
1504 1800 1701 1871 jugiter
1726 1815 1849 1869 per-

276 1896 495 1951 turbans
515 1906 671 1965 atque
698 1894 958 1961 assidens,
986 1908 1276 1964 pauperum
1319 1892 1551 1947 corrudit
1593 1892 1848 1945 animum.

276 1988 347 2042 Et
388 1988 511 2056 quid
556 2003 654 2056 ego
698 1996 1059 2057 paupertatem
1104 1984 1536 2041 dicam?0mncs
1578 1984 1853 2037 hominum

275 2078 602 2133 calamitates
627 2078 669 2132 si
695 2078 1035 2132 dinumerare
1070 2076 1325 2141 velimus,
1365 2091 1472 2130 non
1514 2075 1613 2143 ipsi
1656 2075 1849 2139 solum,

277 2166 372 2222 sed
400 2177 454 2223 tu
483 2182 689 2238 quoque
715 2167 945 2222 lamenta
982 2176 1069 2222 tua
1098 2181 1162 2222 ac
1188 2167 1424 2236 ploratus
1453 2165 1678 2220 fortasse
1706 2164 1852 2219 ride-

276 2259 380 2313 bis.
411 2260 644 2329 Denique
671 2276 775 2314 nou
802 2260 973 2315 solum
1006 2275 1211 2323 omnes,
1240 2258 1333 2313 sed
1370 2274 1437 2314 ue
1479 2258 1851 2313 brevissimam

276 2349 490 2417 quidem
517 2366 701 2404 earum
750 2359 952 2419 partem
995 2350 1168 2419 eloqui
1213 2350 1366 2404 nobis
1400 2349 1650 2419 possibile
1689 2357 1850 2403 esset.

277 2439 461 2511 Neque
496 2443 638 2497 enim
672 2443 869 2498 scimus
899 2441 1016 2495 illas
1035 2483 1049 2506 ,
1082 2457 1253 2511 neque
1271 2441 1315 2495 si
1341 2442 1618 2506 sciremus,
1647 2449 1855 2508 tempus

277 2546 439 2586 omne
468 2532 757 2585 narrationi
785 2530 1055 2586 sufficeret
1087 2549 1100 2584 :
1128 2545 1308 2585 verum
1357 2544 1551 2600 paucas
1590 2544 1655 2584 ex
1688 2528 1854 2598 plurio

278 2625 382 2678 mis
405 2639 501 2693 pro
520 2623 715 2677 viribus
740 2625 1018 2693 colligens,
1045 2639 1108 2678 ex
1151 2623 1232 2678 his
1271 2623 1362 2677 tibi
1406 2637 1498 2677 eas
1533 2622 1691 2677 etiam
1736 2636 1855 2691 qua:

278 2713 437 2767 dieue
462 2726 569 2766 non
595 2722 736 2777 sunt,
766 2712 1122 2783 conjiciendas
1147 2712 1462 2783 relinquam.

348 2803 643 2875 Demophili
666 2804 895 2876 exemplo
922 2806 1116 2860 solatur
1139 2804 1439 2877 Stagirium.
1460 2835 1533 2847 —
1567 2805 1854 2871 Memento,

278 2909 480 2966 quaeso,
511 2895 655 2949 senis
680 2894 822 2950 illius
847 2896 1190 2962 amicissimi,
1225 2896 1592 2965 Demophilum
1617 2895 1757 2956 dico.
1782 2908 1854 2950 ex

281 2999 468 3054 magna
496 2986 789 3054 illustrique
817 2985 1032 3039 familia.
1056 2985 1153 3039 llic
1186 2986 1295 3053 jam
1329 2986 1572 3053 quintum
1612 2993 1668 3038 et
1707 2983 1857 3039 deci-

281 3096 426 3133 ntnm
473 3095 669 3133 annum
713 3079 839 3147 agit,
884 3094 949 3132 ex
986 3094 1091 3147 quo
1131 3077 1463 3131 nihilfacere
1505 3076 1623 3145 plus
1661 3082 1856 3146 potest,

277 3186 437 3240 quam
460 3171 673 3235 mortui,
692 3169 792 3221 nisi
816 3168 956 3238 quod
978 3168 1157 3222 tremit
1173 3167 1368 3239 jugiter
1386 3176 1441 3222 et
1456 3168 1709 3238 loquitur,
1733 3181 1858 3221 seu:

277 3278 503 3330 sumque
533 3261 823 3330 perfectum
845 3276 1059 3314 suorum
1093 3261 1250 3315 habet
1284 3262 1563 3314 malorum.
1591 3260 1854 3314 Caeterum

278 3354 332 3406 iu
359 3363 565 3406 summa
594 3361 899 3422 paupertate
926 3353 1085 3406 vitam
1112 3353 1234 3423 agit,
1265 3352 1507 3406 ministro
1529 3361 1729 3407 tantum
1751 3365 1856 3405 uno

277 3445 616 3499 adolescente
651 3446 953 3508 comitatus,
1003 3446 1144 3500 bono
1183 3443 1394 3515 quidem
1433 3460 1495 3500 ac
1534 3446 1731 3500 domini
1774 3446 1855 3500 sui

278 3538 538 3603 studioso,
568 3553 672 3590 non
698 3546 874 3591 tamen
899 3539 986 3607 qui
1007 3538 1360 3592 calamitatem
1380 3539 1521 3592 illam
1550 3537 1708 3591 solari
1737 3553 1858 3606 pos-

279 3630 369 3681 sit.
404 3626 583 3697 Neque
612 3630 752 3683 enim
786 3629 1016 3699 impiam
1041 3630 1227 3699 jurare
1255 3639 1443 3699 potest,
1493 3644 1663 3698 neque
1705 3643 1856 3683 reso-

281 3717 498 3771 lutionis
528 3727 811 3773 tremorem
856 3721 1063 3786 sistere,
1107 3719 1500 3775 scdbutcellam
1534 3729 1736 3774 tantum
1774 3721 1855 3775 ori

281 3809 484 3863 domini
513 3824 801 3879 apponere,
831 3812 1024 3881 quippe
1051 3827 1221 3880 neque
1248 3812 1313 3864 ad
1359 3812 1460 3865 hoc
1491 3812 1635 3865 illum
1670 3812 1857 3882 juvare

281 3909 507 3970 possunt
551 3917 768 3968 manus,
815 3913 867 3957 et
910 3902 1102 3958 ofi'erre
1140 3904 1378 3969 calicem,
1419 3911 1475 3958 et
1510 3911 1854 3973 purgamenta

279 3993 487 4047 narium
510 3992 814 4063 abstergere
851 3994 1120 4063 prmvalet,
1148 3993 1289 4046 aliud
1315 4003 1489 4050 autem
1518 3992 1635 4062 plus
1662 3993 1852 4049 inferre

281 4082 437 4137 nihil.
473 4081 540 4134 Et
560 4082 657 4136 iste
685 4082 919 4151 quidem,
952 4091 1011 4137 ut
1049 4083 1175 4147 dixi,
1205 4082 1506 4152 quindecim
1543 4082 1652 4151 jam
1689 4098 1855 4139 annos

281 4174 335 4227 in
358 4172 619 4241 eiusmodi
648 4172 898 4226 aerumnis
921 4173 1060 4243 degit
1099 4190 1113 4224 :
1149 4189 1249 4242 ego
1277 4183 1450 4228 autem
1491 4175 1637 4228 illum
1677 4177 1858 4230 Consi-

281 4265 435 4330 dero,
463 4263 549 4333 qui
577 4264 785 4333 triginta
815 4271 869 4318 et
896 4275 1017 4319 octo
1055 4266 1208 4319 annis
1251 4265 1350 4319 hoc
1388 4266 1573 4320 morbo
1612 4266 1857 4322 detentus

283 4354 458 4409 fuerat
483 4352 660 4425 (Joan.
692 4354 769 4425 5).

354 4444 637 4499 Aristoxeni
664 4446 946 4515 exemplum
971 4460 1033 4498 ea:
1058 4444 1314 4516 Bithynia.
1333 4475 1407 4486 —
1432 4446 1512 4501 Tu
1537 4448 1693 4502 velim
1717 4462 1857 4516 pra:-

284 4546 427 4590 terca
459 4536 829 4591 Aristoxenum
861 4553 1070 4606 quoque
1112 4552 1178 4591 ex
1211 4538 1450 4610 Bithynia
1478 4541 1698 4610 cogites.
1728 4541 1859 4596 lluic

282 4627 427 4681 enim
463 4643 656 4697 corpus
693 4628 925 4683 nondum
968 4630 1257 4683 resolutum
1303 4640 1385 4685 est
1415 4640 1469 4684 ut
1496 4633 1567 4685 illi
1598 4633 1732 4699 seni,
1764 4649 1857 4688 ve-

286 4733 400 4771 rum
426 4718 651 4788 languor
677 4720 813 4773 alius
835 4720 1092 4786 imminet,
1126 4721 1283 4789 longe
1308 4722 1540 4794 paralysi
1572 4724 1657 4777 illa
1688 4725 1858 4779 mole-

284 4812 434 4865 stior.
462 4810 700 4881 Namque
727 4811 830 4865 alvi
857 4812 1247 4867 contractiones
1274 4814 1516 4883 quaedam
1542 4814 1859 4887 doloresque

285 4903 566 4957 tormentis
589 4904 836 4957 omnibus
861 4904 1181 4969 acerbiores,
1210 4920 1354 4961 nunc
1368 4907 1586 4977 quidem
1627 4909 1859 4967 verubus

281 4996 529 5049 munibus
569 4996 771 5049 acutius
809 5006 1125 5066 pungentes,
1180 5014 1321 5054 nunc
1363 5001 1483 5070 igne
1528 5001 1859 5058 vehementis

284 5095 522 5152 urentes,
552 5086 840 5158 diebusque
872 5090 1093 5160 singulis
1134 5104 1197 5144 ac
1229 5094 1473 5148 noctibus
1513 5109 1634 5148 eum
1678 5098 1860 5163 exagi-

283 5188 477 5244 tantes,
505 5181 642 5249 apud
675 5181 885 5251 ignaros
913 5183 1029 5252 ejus
1059 5184 1228 5239 morbi
1251 5201 1503 5240 vesanum
1524 5188 1673 5241 illum
1691 5189 1857 5243 videri

280 5271 512 5337 faciunt;
543 5271 678 5326 adeo
725 5281 971 5343 torquent
1015 5276 1156 5329 illius
1205 5278 1449 5346 pupillas,
1506 5279 1630 5334 ideo
1672 5296 1861 5335 manus

280 5361 554 5431 pedesque
585 5365 923 5429 contrahunt,
966 5373 1023 5420 et
1062 5376 1264 5420 mutum
1317 5368 1460 5421 illum
1513 5373 1857 5426 constituunt.

281 5451 450 5507 Porro
480 5453 744 5510 clamores
770 5455 887 5526 ejus
910 5471 973 5512 ac
1000 5457 1225 5528 gemitus
1257 5459 1398 5530 (nam
1426 5470 1541 5528 post
1570 5461 1714 5515 illam
1747 5464 1859 5531 μυί-η

281 5546 546 5600 rationem
581 5547 729 5602 vocis
756 5562 1157 5620 nonnumquam
1189 5550 1240 5605 in
1283 5550 1566 5606 clamorem
1604 5554 1854 5623 erumpit)

282 5636 510 5691 lamenta
550 5640 956 5707 partttrientium
993 5650 1283 5710 superant,
1319 5644 1453 5698 adeo
1492 5652 1547 5697 ut
1588 5646 1779 5715 smpius
1825 5646 1858 5699 ii

279 5727 461 5794 etiam,
489 5729 680 5799 quibus
710 5729 1043 5801 longinquius
1068 5732 1133 5788 ab
1165 5732 1304 5790 illius
1349 5733 1645 5791 habitaculo
1678 5753 1847 5792 remo-

1042 327 1132 383 AD
1169 326 1538 385 STAGIRIUM
1578 326 1619 380 Α
1649 321 1948 378 ΠΑΞΜΟΝΕ
1981 322 2330 379 γιλίΑΤυΜ.
2357 324 2482 381 LIB.
2522 324 2609 382 ΙΙΙ.

3422 332 3524 390 490

1953 432 2238 489 εἰειίιιίῑτιηί
2260 444 2401 501 sunt,
2432 451 2543 507 pra:
2562 437 2856 507 vigiliarum
2885 438 3041 496 taedio
3080 440 3272 498 turbati
3316 443 3527 499 mittant

1949 523 2244 591 culpantes,
2267 525 2407 595 quod
2437 541 2505 582 ex
2531 526 2674 582 illius
2700 527 3020 584 clamoribus
3046 529 3271 586 inﬁrmis
3291 533 3405 588 suis
3427 532 3523 587 de—
3567 591 3576 598 _

1951 615 2123 670 terius
2136 616 2220 671 sit.
2245 616 2324 672 llli
2352 633 2480 673 vero
2509 634 2613 674 non
2642 635 2707 675 ex
2736 620 3034 692 longinquis
3077 622 3391 691 intervallis,
3430 624 3524 679 sed

1950 709 2148 776 saepius
2171 709 2359 762 diebus
2387 711 2608 780 singulis
2630 726 2694 766 ac
2719 713 2964 768 noctibus
3003 713 3282 785 contingit,
3320 726 3529 771 sextus-

1950 812 2054 866 que
2071 797 2180 867 jam
2203 798 2289 853 hic
2316 814 2490 856 annus
2516 802 2761 870 vertitur,
2792 818 2984 871 eique
3008 805 3385 860 molestissimo
3406 806 3530 861 huic

1948 885 2159 956 ﬂagello
2179 889 2418 946 addictus
2444 902 2546 956 est,
2574 908 2748 963 neque
2768 910 2960 951 servus
2985 896 3118 951 ullus
3137 897 3307 961 adest,
3321 899 3409 967 qui
3436 913 3530 953 cu-

1951 995 2064 1034 ram
2086 980 2200 1051 ejus
2228 983 2439 1051 habeat,
2470 999 2644 1055 neque
2669 986 2927 1052 medicus,
2957 988 3048 1058 qui
3087 988 3397 1044 consoletur
3431 1007 3445 1044 :
3474 990 3527 1045 id

1953 1083 2170 1140 propter
2195 1072 2446 1142 inopiam,
2476 1075 2614 1128 istud
2641 1075 2762 1145 quia
2791 1085 3005 1146 superat
3026 1092 3238 1133 omnem
3286 1080 3416 1134 artis
3452 1081 3532 1134 in-

1952 1161 2209 1218 dustriam
2240 1164 2284 1218 is
2312 1166 2549 1220 morbus.
2581 1166 2813 1220 Plurima
2844 1168 2985 1222 enim
3022 1168 3233 1238 plurimi
3257 1185 3378 1224 cum
3404 1186 3529 1241 ege-

1956 1253 2064 1307 rint
2089 1253 2231 1322 (erat
2255 1255 2397 1310 enim
2425 1266 2581 1311 antea
2608 1257 2844 1325 pecuniis
2872 1258 3084 1329 fretus),
3126 1260 3256 1314 nihil
3289 1261 3532 1330 profccc-

1958 1354 2101 1399 runt.
2128 1345 2386 1417 Quodque
2410 1347 2496 1402 his
2525 1349 2770 1404 omnibus
2807 1350 3019 1420 gravius
3051 1357 3154 1417 est,
3191 1363 3363 1422 neque
3400 1353 3536 1407 ami-

1955 1451 2139 1490 corum
2160 1437 2354 1506 aliquis
2380 1454 2500 1492 eum
2524 1438 2634 1509 jam
2662 1439 2841 1494 videre
2882 1440 3014 1506 vult,
3051 1440 3147 1496 sed
3185 1457 3306 1497 eum
3346 1457 3535 1497 clunes

1955 1526 2326 1592 deseruerunt,
2355 1537 2410 1582 et
2438 1529 2471 1582 ii
2510 1528 2601 1599 qui
2619 1530 2860 1598 plurimis
2880 1539 3036 1586 antea
3063 1531 3130 1585 ab
3164 1546 3230 1587 eo
3265 1532 3532 1588 beneficiis

1958 1618 2165 1674 fuerant
2183 1621 2377 1675 allecti.
2402 1620 2555 1687 Quod
2582 1622 2630 1676 si
2658 1623 2776 1691 quis
2800 1639 3049 1694 umquam
3072 1625 3385 1694 ingreditur,
3413 1640 3534 1695 pro-

1957 1710 2098 1764 tinus
2140 1711 2352 1765 resilit:
2390 1720 2536 1766 tauto
2573 1712 2763 1768 fmtore
2801 1713 2992 1768 domus
3035 1715 3123 1769 illa
3154 1717 3305 1784 plena
3336 1726 3435 1778 est,
3468 1730 3533 1770 eo

1957 1801 2097 1870 quod
2135 1801 2314 1856 nullus
2341 1802 2480 1857 adsit
2507 1805 2596 1874 qni
2625 1820 2806 1858 curam
2854 1805 2971 1874 ejus
3020 1816 3192 1875 gerat.
3234 1806 3347 1861 Una
3390 1807 3531 1861 enim

1956 1902 2012 1947 et
2053 1892 2164 1946 sola
2218 1893 2291 1947 illi
2337 1894 2525 1949 ancilla
2567 1894 2787 1960 assidet,
2834 1904 3034 1949 tantum
3083 1896 3160 1950 illi
3204 1896 3532 1960 ministrans,

1957 1991 2210 2051 quantum
2236 1991 2415 2054 potest
2452 1984 2663 2051 mulier,
2688 2001 2808 2040 cum
2836 1986 2906 2040 sit
2929 1994 2984 2041 et
3010 1987 3143 2053 sola,
3175 1997 3230 2041 et
3262 2002 3328 2041 ex
3373 2001 3536 2057 opere

1958 2088 2207 2128 manuum
2249 2076 2451 2131 vivens.
2492 2076 2745 2144 Quaenam
2766 2093 2893 2148 ergo
2911 2076 3211 2133 dmmonum
3242 2078 3540 2133 vexatioil—

1957 2164 2061 2219 lius
2087 2167 2338 2222 aerumnis
2366 2169 2662 2238 comparari
2693 2169 2903 2238 potest!
2933 2171 3044 2225 Etsi
3081 2171 3220 2225 enim
3266 2187 3389 2225 eum
3436 2171 3534 2226 lio-

1959 2270 2077 2310 rum
2104 2256 2232 2311 nihil
2255 2259 2608 2326 perturbaret,
2624 2261 2747 2331 quid
2773 2277 2877 2316 non
2902 2271 3170 2331 pateretur
3187 2261 3534 2317 considerans

1957 2347 2092 2404 adeo
2124 2350 2384 2419 prolixum
2412 2360 2640 2422 tempus,
2674 2367 2780 2423 quo
2802 2352 2911 2424 jam
2951 2353 3003 2408 in
3050 2353 3246 2409 lectulo
3285 2353 3543 2423 decubat,

1958 2439 2305 2512 ingentesque
2328 2451 2589 2513 sumptus,
2611 2444 2700 2514 qui
2726 2458 2784 2499 se
2810 2444 2863 2498 in
2892 2459 3194 2514 supremam
3219 2444 3535 2518 redegerunt

1958 2532 2212 2603 inopiam,
2226 2535 2514 2591 amicorum
2532 2545 2911 2607 contemptum,
2939 2536 3251 2592 famulorum
3268 2548 3427 2607 atque
3441 2536 3537 2591 ob.

1959 2626 2292 2695 sequentium
2313 2627 2654 2682 solitudinem
2685 2637 2799 2694 :et,
2848 2628 2898 2682 id
2937 2627 3077 2697 quod
3119 2627 3350 2682 maxime
3393 2642 3534 2682 nunc

1958 2714 2130 2779 doles,
2158 2726 2360 2770 certam
2391 2716 2593 2770 nullam
2624 2716 2869 2771 fiduciam
2899 2716 3060 2772 habet
3085 2732 3151 2770 an
3175 2716 3332 2771 finem
3358 2717 3536 2771 clades

1959 2803 2076 2861 ista:
2104 2806 2360 2862 habitura:
2399 2806 2525 2871 sint,
2557 2808 2664 2863 imo
2693 2822 2821 2863 vero
2861 2816 3060 2863 certam
3100 2808 3363 2874 notitiam,
3396 2808 3535 2878 quod

1960 2908 2020 2949 se
2051 2896 2262 2951 vivente
2307 2911 2370 2951 ac
2402 2897 2639 2966 spirante
2676 2913 2962 2968 numquam
3005 2896 3292 2953 ﬁnientur?
3332 2898 3537 2967 Quippe

1961 2985 2077 3052 ejus
2106 2986 2277 3039 morbi
2304 2986 2404 3050 vis,
2428 2995 2483 3042 et
2504 2987 2843 3057 quotidianus
2891 2988 2942 3041 in
2977 2987 3243 3043 deteriora
3292 3001 3512 3059 progres

1960 3089 2071 3138 sus,
2098 3074 2200 3129 hoc
2219 3076 2557 3145 pollicentur.

2032 3167 2118 3223 15.
2158 3166 2479 3237 Xenodocltii
2501 3169 2669 3224 aditus
2705 3170 3062 3225 consolationis
3088 3170 3304 3225 occasio.
3331 3198 3405 3210 —
3430 3169 3535 3225 γε-

1961 3273 2079 3313 rum
2128 3274 2194 3314 ne
2226 3274 2323 3329 per
2351 3260 2588 3330 singulos
2630 3275 2952 3316 enumerans
2979 3277 3074 3317 eos
3112 3262 3200 3332 qui
3231 3260 3536 3330 bujusmodi

1960 3350 2200 3406 adversis
2227 3350 2436 3407 caiibus
2462 3352 2645 3407 afﬂicti
2667 3362 2813 3419 sunt,
2845 3352 3112 3408 fastidium
3144 3354 3440 3424 legentibus
3458 3352 3536 3407 la-

1960 3444 2119 3511 ciam,
2162 3459 2343 3515 perge,
2374 3460 2577 3515 qumso,
2630 3445 2696 3499 ad
2728 3445 2889 3516 {illum
2941 3446 3025 3499 cui
3054 3444 3370 3500 xenodocliii
3412 3459 3536 3499 cura

1961 3537 2219 3607 permissa
2249 3545 2352 3602 est,
2395 3551 2458 3591 ac
2481 3538 2608 3606 jube
2632 3545 2683 3592 te
2705 3538 2771 3591 ad
2800 3537 2867 3592 ibi
2890 3537 3129 3607 jacentes
3169 3537 3450 3601 introduci,
3483 3545 3538 3591 ut

1961 3639 2173 3681 omnem
2201 3628 2507 3682 morborum
2538 3628 2788 3697 inspicias
2815 3626 3067 3691 radicem,
3111 3642 3351 3697 novaque
3396 3626 3541 3681 infir-

1960 3720 2200 3773 mitatqu
2228 3733 2446 3789 genera,
2490 3733 2782 3787 omnesque
2823 3718 3071 3773 materias
3100 3719 3367 3774 maeroris.
3411 3718 3537 3772 Inde

1964 3821 2015 3866 te
2041 3811 2107 3866 ad
2157 3826 2426 3866 carcerem
2468 3812 2670 3877 confer,
2724 3813 3036 3880 cunctisque
3085 3811 3224 3865 illius
3252 3809 3536 3865 habitaculi

1961 3902 2241 3972 diligenter
2269 3902 2580 3972 erploratis,
2624 3901 2961 3970 proficiscere
2988 3901 3055 3956 ad
3092 3902 3398 3957 balnearum
3444 3918 3536 3955 vc-

1963 3993 2175 4061 stibula,
2207 4006 2313 4064 quo
2352 3994 2405 4047 in
2433 3992 2570 4058 loco,
2614 3994 2740 4046 ﬁmo
2767 4001 2821 4047 et
2849 3993 3039 4063 stipula
3069 4009 3165 4063 pro
3205 3992 3439 4048 vestibus
3485 4003 3540 4048 et

1963 4084 2123 4139 domo
2169 4094 2379 4140 utentes
2424 4086 2605 4154 jacent
2645 4085 2884 4140 nonnulli
2910 4086 3057 4151 nudi,
3109 4085 3323 4156 frigore,
3353 4087 3539 4140 morbo

1961 4174 2205 4245 fameque
2234 4186 2487 4245 perpetua
2535 4175 2754 4239 obsessi,
2808 4186 3131 4248 aspectuque
3173 4177 3291 4232 solo
3325 4192 3390 4232 ac
3429 4187 3537 4233 tre-

1964 4283 2115 4322 more
2134 4270 2377 4337 corporis
2397 4279 2451 4323 et
2474 4271 2651 4325 sonitu
2677 4285 2736 4325 se
2753 4270 3119 4326 collidentium
3146 4271 3381 4326 dentium
3405 4287 3538 4342 prm-

1965 4367 2238 4415 tercuntes
2263 4359 2327 4414 ad
2356 4361 2775 4415 misericordiam
2814 4360 3110 4429 flectentes,
3153 4377 3324 4432 neque
3353 4377 3539 4417 vocem

1963 4455 2229 4520 emittere,
2263 4469 2436 4524 neque
2457 4468 2670 4508 manum
2697 4454 2987 4509 extendere
3016 4459 3272 4521 valentes,
3303 4469 3370 4509 eo
3396 4455 3535 4524 quod

1957 4544 2068 4614 jam
2096 4545 2180 4600 his
2206 4545 2362 4599 malis
2408 4545 2619 4614 penitus
2658 4545 2821 4598 attriti
2863 4552 3007 4598 sunt.
3056 4542 3240 4613 Neque
3281 4540 3538 4598 hactenus

1962 4637 2220 4706 persistas
2246 4636 2424 4702 velim,
2453 4635 2547 4691 sed
2576 4635 2641 4689 ad
2674 4649 2962 4705 pauperum
2988 4634 3361 4699 diversorium,
3393 4634 3536 4705 quod

1964 4738 2087 4784 ante
2122 4728 2305 4782 urbem
2334 4736 2437 4792 est,
2475 4727 2731 4798 egredere
2757 4744 2774 4781 :
2804 4726 3093 4796 perspicies
3130 4727 3363 4796 profecto
3393 4741 3538 4794 eum,

1964 4834 2069 4890 quo
2097 4833 2237 4874 nunc
2257 4819 2530 4886 detineris,
2568 4832 2854 4873 maerorem
2884 4828 3095 4889 portum
3126 4832 3246 4873 esse
3274 4820 3532 4889 tranquil-

1964 4912 2244 4965 lissimum.
2274 4910 2409 4976 Quid
2430 4911 2572 4966 enim
2599 4909 2778 4965 dicere
2803 4924 3021 4966 necesse
3048 4918 3150 4974 est,
3173 4911 3258 4965 vel
3279 4911 3542 4981 elephan»

1965 5002 2033 5055 tia
2049 5010 2396 5071 consumptos
2415 5002 2664 5069 viros,vel
2687 5016 2882 5057 cancro
2900 5000 3185 5057 mulieres?
3207 5001 3377 5056 Ambo
3397 5004 3538 5057 enim

1966 5096 2051 5151 isti
2085 5095 2255 5150 morbi
2285 5103 2338 5149 et
2368 5096 2506 5165 longi
2535 5104 2659 5150 sunt
2688 5103 2742 5149 et
2785 5094 3106 5149 insanabiles
3133 5112 3146 5148 :
3181 5094 3369 5149 horum
3409 5110 3538 5150 vero

1955 5196 2184 5256 uterque
2209 5201 2343 5256 quos
2361 5186 2716 5255 occupaverit,
2739 5185 2848 5240 suis
2869 5185 3087 5239 urbibus
3104 5185 3540 5255 eliminatuteque

1964 5279 2154 5332 lavacr‘
2187 5293 2302 5342 eos,
2347 5293 2514 5347 neque
2539 5276 2661 5341 fori,
2688 5286 2866 5347 neque
2888 5277 3106 5331 alterius
3142 5277 3435 5346 cujuspiam
3463 5277 3540 5331 in-

1966 5378 2045 5424 tra
2078 5370 2232 5440 positi
2264 5370 2365 5425 loci
2395 5369 2676 5439 participes
2704 5366 2820 5424 fieri
2846 5368 2925 5423 fas
2950 5376 3050 5423 est.
3082 5367 3265 5438 Neque
3291 5369 3429 5424 istud
3450 5384 3539 5421 so-

1966 5464 2074 5516 lum
2101 5463 2347 5517 acerbum
2376 5472 2477 5529 est,
2510 5477 2690 5519 verum
2719 5461 2877 5516 etiam
2904 5459 3043 5530 quod
3067 5474 3241 5532 neque
3264 5459 3537 5516 conlidere

1963 5563 2204 5623 possunt,
2255 5554 2554 5609 necessaria
2585 5554 2745 5608 victui
2791 5551 2890 5606 sibi
2935 5564 3042 5605 non
3086 5550 3350 5607 defutura.
3396 5549 3534 5616 Quid

1962 5659 2088 5701 vero
2115 5645 2234 5699 illos
2263 5660 2575 5709 memorem,
2596 5644 2685 5717 qui
2714 5643 2905 5698 frustra
2930 5651 3122 5713 saeptus
3153 5657 3215 5697 ac
3241 5643 3354 5696 sine
3373 5653 3529 5695 causa

1965 5738 2030 5793 ad
2062 5739 2269 5795 metalla
2312 5738 2545 5795 damnati
2587 5738 2748 5794 sunt?
2775 5736 2976 5808 Nempe
3012 5734 3097 5793 isti
3140 5747 3326 5791 omnes
3369 5733 3537 5790 multo
