4060 6136
490 312 587 373 493
619 309 677 366 S.
719 309 908 366 JOAN.
952 303 1341 364 CHRYSOST.
1377 299 1698 358 ARCIHEP.
1741 300 1983 358 CONST.
2031 303 2124 358 AD
2165 301 2543 359 STAGIHIUM
2577 301 2620 352 Α
2661 296 2968 353 ῡιΕΜΟΝΕ
3009 295 3368 351 VEXATUM.
3409 296 3467 350 L.
3516 294 3605 348 Ill.
3647 295 3774 350 49?.

500 423 744 493 graviore
764 419 948 474 dolore
971 415 1292 478 cruciantur,
1323 427 1479 483 quam
1509 412 1592 481 qui
1620 426 1650 466 a
1679 409 1919 466 (Immone
1945 422 2065 463 cor-

506 514 786 581 ripiuntur.
814 507 870 564 Sl
911 523 1035 562 vero
1076 521 1180 560 non
1211 502 1389 559 credis
1411 543 1427 568 ,
1456 501 1586 556 nihil
1614 501 1803 556 mirum
1829 508 1930 555 est.
1959 497 2067 552 No-

502 611 612 656 stra
627 601 768 654 enim
791 614 896 653 non
920 597 1104 653 eadem
1126 595 1408 658 sententia,
1427 607 1527 661 qua
1548 592 1719 644 aliena
1738 587 2068 644 incommoda

502 688 737 758 judicare
764 685 1168 740 consuevimus:
1199 697 1317 736 cum
1350 680 1434 734 illa
1464 679 1676 750 quidem
1713 678 1872 733 verbo
1901 676 2069 731 solum

504 790 558 834 et
586 789 827 848 aspectu,
873 785 1051 830 nostra
1079 789 1212 829 vero
1233 773 1594 843 experimento
1643 785 1706 824 ac
1744 784 1922 832 seusu,
1951 783 2070 822 cum

505 869 671 922 nostri
715 869 948 936 ipsorum
989 865 1326 920 miseratione
1363 861 1662 932 conjuncta,
1708 859 2069 914 didicerimus.

507 965 679 1029 Atque
695 960 890 1013 idcirco
921 959 1018 1012 ista
1040 957 1276 1025 graviora
1294 970 1432 1021 esse,
1456 955 1732 1022 minusque
1760 949 2070 1015 tolerabilia,

505 1066 662 1120 quam
686 1051 770 1104 illa
793 1047 1304 1108 censemus,tamctsi
1327 1044 1478 1100 valde
1506 1044 1636 1097 levia
1660 1052 1782 1096 sunt
1809 1049 1861 1095 et
1884 1041 2076 1095 tolera-

509 1141 652 1195 bilia.
673 1140 724 1195 Si
752 1155 876 1194 vero
902 1139 1157 1208 quispiam
1185 1137 1252 1190 ab
1274 1136 1517 1190 omnibus
1543 1134 1674 1189 liber
1699 1134 1906 1187 illorum
1926 1141 2077 1186 natu—

511 1249 622 1288 ram
653 1233 955 1302 diligentius
984 1229 1304 1293 consideret,
1350 1237 1402 1282 et
1428 1242 1521 1282 eos
1549 1227 1638 1296 qui
1674 1225 1726 1279 in
1757 1225 1844 1278 illa
1875 1223 2074 1278 incide-

511 1330 636 1376 runt
676 1320 1082 1384 animadvertat,
1127 1318 1212 1373 hic
1239 1317 1476 1388 profecto
1504 1316 1656 1373 nobis
1680 1315 1747 1369 de
1776 1313 2074 1383 hujusmodi

512 1413 650 1466 feret
697 1411 1053 1479 incorruptam
1088 1408 1423 1464 sententiam.
1455 1406 1559 1461 Sed
1589 1405 1816 1460 fortasse
1843 1404 2078 1460 dicturus

511 1519 592 1570 es,
620 1517 802 1557 onmes
846 1502 964 1556 illos
1003 1501 1217 1556 morbos
1243 1500 1381 1554 circa
1423 1513 1616 1568 corpus
1658 1498 1853 1552 versari
1882 1495 2076 1561 solum,

514 1594 648 1648 hanc
671 1600 847 1647 autem
874 1599 1076 1663 pestem
1110 1591 1274 1660 ipsam
1310 1591 1538 1644 animam
1565 1589 1841 1657 attingere,
1873 1587 2080 1656 illisque

513 1685 760 1737 oumibus
784 1698 902 1738 esse
931 1682 1198 1736 ditiorem.
1222 1681 1418 1750 Nempe
1443 1682 1542 1735 hoc
1567 1680 1682 1749 ipso
1705 1678 1943 1747 inprimis
1961 1693 2078 1732 eam

515 1777 838 1830 inveniemus
867 1775 970 1829 illis
1004 1775 1250 1828 omnibus
1275 1789 1394 1829 esse
1422 1774 1691 1828 leviorem.
1723 1773 1904 1842 Neque
1936 1772 2076 1826 enim

514 1869 628 1921 lucc
656 1875 712 1922 ut
733 1867 806 1922 illi
827 1881 1018 1936 corpus
1040 1867 1350 1935 corrumpit,
1374 1865 1466 1921 sed
1488 1865 1658 1920 solum
1680 1867 1908 1918 animam
1931 1864 2077 1917 brevi

515 1969 753 2027 tempore
772 1958 1002 2027 exagitat
1027 1975 1040 2012 :
1061 1966 1308 2012 cmterum
1334 1958 1406 2010 illi
1430 1958 1526 2027 ipsi
1554 1956 1744 2022 morbi,
1771 1971 1903 2026 quos
1924 1955 2083 2009 modo

517 2049 930 2114 utuueravimus,
985 2065 1105 2104 cum
1134 2050 1184 2103 in
1215 2064 1373 2104 carne
1395 2050 1697 2120 gignantur,
1725 2064 1840 2102 cam
1870 2062 2080 2102 omnem

517 2151 715 2210 pestem
746 2157 848 2194 non
879 2151 1099 2196 eatenus
1128 2141 1341 2206 sistunt,
1379 2156 1562 2195 verum
1589 2141 1654 2194 ad
1682 2140 1910 2192 animam
1932 2141 2085 2192 emit-

517 2243 655 2298 tunt,
685 2240 990 2302 torquentes
1019 2231 1161 2285 illam
1183 2231 1397 2301 jugitcr,
1441 2241 1493 2284 et
1521 2245 1614 2298 per
1638 2230 1836 2284 doloris
1865 2244 1928 2283 ac
1953 2243 2086 2284 mte-

520 2325 657 2379 roris
702 2324 917 2378 aculeos
956 2333 1376 2392 corrumpcutcs.
1414 2321 1480 2378 Ut
1523 2324 1674 2388 enim,
1719 2323 1904 2390 inquit,
1933 2321 2086 2374 ulceri

517 2424 712 2468 acetum
763 2414 965 2468 minime
1005 2416 1248 2479 convenit,
1279 2416 1347 2466 ita
1376 2425 1423 2469 et
1469 2413 1667 2468 morbus
1709 2415 1759 2466 in
1794 2429 1978 2482 corpus
2004 2413 2084 2465 iu-

519 2515 683 2558 rectus
707 2505 960 2575 perturbat
995 2522 1080 2558 cor
1111 2505 1287 2576 (Prov.
1317 2506 1403 2559 25.
1438 2505 1527 2574 20)
1577 2504 1690 2559 Non
1723 2505 1878 2572 igitur
1906 2503 1954 2556 id
1995 2518 2084 2556 so-

519 2595 624 2647 lum
654 2594 871 2660 dixeris,
907 2595 1002 2650 hos
1028 2604 1227 2649 tantum
1263 2596 1403 2665 gigni
1446 2611 1510 2649 ex
1542 2609 1784 2662 corpore,
1829 2593 1922 2647 sed
1962 2593 2086 2646 illud

520 2688 693 2754 potius
714 2686 954 2750 ostende,
976 2701 1080 2755 quo
1103 2695 1254 2755 pacto
1272 2695 1472 2754 pestem
1491 2701 1703 2740 omnem
1726 2694 1779 2738 et
1797 2683 2092 2751 corruptio-

520 2791 641 2830 nem
673 2775 738 2828 ad
765 2777 992 2829 animam
1024 2791 1128 2830 non
1155 2777 1382 2829 mittant.
1405 2776 1608 2845 Quippe
1631 2787 1682 2829 et
1715 2776 1877 2844 pestis
1909 2775 1924 2804 ί
1968 2788 2090 2827 cum

520 2884 628 2925 non
655 2869 900 2938 gignatur
926 2883 990 2923 ex
1017 2869 1347 2940 corporibus,
1385 2867 1674 2936 corrumpit
1700 2877 1753 2920 et
1782 2866 1951 2936 perdit
1973 2879 2092 2918 cor-

523 2974 670 3028 pora,
700 2960 950 3030 virusque
975 2968 1304 3028 serpentum,
1334 2973 1452 3014 cum
1482 2972 1548 3012 ex
1575 2959 1653 3012 eis
1686 2958 1923 3026 prodeat,
1966 2970 2089 3023 per-

520 3050 597 3104 dit
625 3050 750 3104 item
797 3065 930 3105 nos:
980 3050 1053 3104 ita
1081 3058 1134 3103 et
1174 3050 1226 3102 iu
1254 3048 1337 3102 his
1371 3048 1572 3102 morbis
1621 3047 1954 3102 sentiendum
1985 3057 2087 3110 est,

521 3144 610 3212 qui
637 3158 758 3198 cum
785 3143 1066 3212 gignantur
1092 3155 1159 3194 ex
1185 3155 1428 3210 corpore,
1450 3140 1662 3192 malitia:
1687 3154 1796 3193 suae
1818 3151 2019 3190 venena
2040 3139 2090 3190 in

521 3235 751 3289 animam
782 3243 1017 3288 nostram
1048 3231 1442 3286 trausfuudunt.
1468 3230 1623 3285 Omni
1653 3244 1878 3298 namque
1906 3229 2090 3283 obsesi

521 3327 672 3381 sione
699 3325 960 3380 diabolica
991 3324 1256 3394 potentior
1283 3333 1366 3378 est
1408 3322 1474 3376 ad
1502 3321 1796 3376 nocendum
1844 3321 2090 3375 interuris

523 3417 848 3487 magnitudo.
889 3415 1126 3485 Namque
1149 3425 1204 3468 et
1227 3415 1434 3468 daemon
1466 3427 1827 3482 quoscumque
1856 3418 2091 3480 superat,

525 3524 618 3579 per
646 3523 928 3562 maerorem
960 3514 1174 3575 superat
1209 3521 1224 3558 :
1257 3521 1378 3559 eum
1407 3506 1448 3559 si
1476 3504 1705 3567 auferas,
1753 3502 1880 3556 nihil
1917 3518 1946 3555 a
1986 3502 2094 3555 da:-

527 3615 687 3655 mone
728 3600 1005 3669 quisquam
1035 3599 1153 3652 laudi
1197 3601 1407 3668 poterit.
1436 3597 1502 3651 Et
1530 3596 1817 3667 quomodo,
1866 3596 2091 3666 inquies,

524 3694 638 3748 fieri
668 3702 858 3762 potest,
911 3701 967 3745 ut
995 3706 1228 3746 mmrorc
1254 3691 1470 3745 vacem?
1501 3690 1612 3758 Ego
1639 3699 1824 3743 contra
1857 3699 1905 3743 te
1931 3690 2095 3741 inter-

526 3784 743 3854 rogabo,
763 3783 885 3852 quid
908 3797 1081 3836 causa:
1104 3791 1186 3836 est
1211 3781 1350 3851 quod
1379 3795 1480 3834 uon
1510 3781 1666 3835 liceat
1687 3795 1715 3832 a
1745 3792 1976 3834 mmrore
2003 3794 2094 3831 va-

522 3891 666 3932 care.
696 3875 827 3929 Nam
874 3875 916 3928 si
962 3874 1299 3939 adulterium,
1351 3874 1394 3926 si
1440 3870 1802 3936 homicidium,
1833 3870 1876 3923 si
1919 3869 2094 3923 scelus

525 3967 736 4036 aliquod
763 3964 1063 4036 hujusmodi
1093 3974 1475 4034 perpetrasses,
1516 3961 1658 4031 quod
1689 3969 1740 4015 te
1784 3974 1946 4030 regno
1985 3975 2090 4014 cae-

527 4059 646 4112 lesti
674 4057 1002 4120 excluderet,
1030 4064 1172 4110 recte
1197 4068 1453 4108 maereres
1482 4068 1544 4106 ac
1575 4053 1784 4122 lugeres
1814 4051 2093 4120 nullusque

523 4159 576 4200 te
603 4147 905 4216 prohiberet
928 4163 941 4198 :
965 4145 1105 4214 quod
1129 4145 1171 4198 si
1196 4160 1288 4214 per
1307 4143 1394 4197 Dei
1409 4143 1629 4213 gratiam
1657 4143 1724 4197 ab
1749 4143 1829 4196 his
1852 4142 2096 4197 omnibus

532 4239 834 4308 longissime
856 4247 1090 4290 remotus
1118 4235 1325 4305 es,quid
1355 4234 1546 4289 frustra
1575 4235 1797 4305 teipsum
1822 4234 2094 4289 concidis?

603 4332 688 4384 14.
722 4328 822 4383 Cur
847 4344 1106 4381 mazrorem
1133 4326 1267 4380 Deus
1295 4336 1479 4380 nostra
1506 4333 1704 4378 natura
1727 4325 2006 4378 inseruerit.
2025 4349 2096 4362 —

528 4421 810 4478 Honorem
845 4435 1053 4491 quoque
1085 4419 1226 4474 Deus
1276 4417 1498 4472 inseruit
1539 4426 1741 4470 naturae
1771 4414 2090 4479 mortalium,

528 4529 636 4568 non
655 4513 822 4570 utabs
848 4526 908 4565 re
931 4520 984 4565 et
1034 4509 1399 4578 intempestive
1425 4508 1515 4562 illo
1541 4507 1595 4562 in
1620 4505 1778 4561 rebus
1818 4504 2096 4560 contrariis

529 4617 758 4664 utamur.
795 4616 968 4671 neque
1003 4610 1062 4655 ut
1089 4601 1330 4670 uosipsos
1361 4600 1700 4668 perimamus,
1733 4611 1913 4650 verum
1947 4604 2004 4648 ut
2029 4609 2095 4647 ex

528 4711 592 4749 eo
631 4694 856 4747 maxima
889 4691 1240 4746 emolumenta
1275 4702 1677 4758 consequamur.
1709 4686 1947 4754 Quonam
1974 4699 2098 4738 vero

532 4786 688 4839 modo
749 4785 835 4839 illa
875 4797 1260 4852 consequemur
1278 4781 1300 4834 ’ἰ
1353 4781 1409 4836 Si
1455 4781 1602 4835 illum
1656 4779 1964 4848 tempestive
2015 4791 2101 4830 as-

532 4890 819 4928 sumamus.
854 4873 1018 4928 Porro
1046 4873 1294 4928 numeris
1327 4881 1534 4940 tempus
1561 4885 1667 4926 non
1699 4879 1822 4926 tunc
1845 4879 1947 4934 est,
1976 4883 2096 4922 cunt

529 4966 724 5035 aliquid
771 4965 998 5034 patimur
1033 4965 1262 5030 adversi,
1321 4963 1415 5019 sed
1452 4979 1575 5018 cum
1613 4963 1751 5022 male
1794 4978 2095 5032 Operamur.

534 5059 600 5108 At
627 5071 753 5109 vero
781 5069 877 5110 uos
896 5056 1135 5110 ordinem
1155 5055 1526 5123 pervenimus,
1552 5065 1892 5125 temporaque
1919 5055 2101 5108 immu-

531 5147 780 5212 tavimus,
821 5146 910 5214 qui
946 5161 1066 5200 cum
1109 5147 1386 5200 innumera
1429 5145 1566 5198 mala
1599 5155 1986 5213 perpetremus,
2033 5158 2100 5198 ne

534 5238 764 5292 breviter
804 5239 1016 5308 quidem
1044 5237 1229 5293 dolore
1249 5235 1613 5292 contrahimur
1639 5251 1652 5287 :
1685 5235 1765 5289 sin
1794 5249 1919 5288 vero
1944 5236 2111 5304 quip-,

535 5332 673 5400 piam
700 5346 730 5385 a
749 5344 1008 5400 quoquam
1037 5329 1296 5400 patiamur
1317 5328 1462 5392 mali,
1498 5327 1734 5396 protinus
1747 5325 2099 5391 concidimus,

535 5423 816 5487 lucremus,
855 5421 1167 5490 liberarique
1192 5429 1246 5474 et
1267 5417 1455 5474 cedere
1476 5434 1540 5472 ex
1571 5418 1672 5470 vita
1700 5415 2030 5472 festinamus.

603 5514 791 5570 Gravis
826 5513 981 5585 igitur
1009 5525 1063 5570 et
1090 5527 1313 5569 onerosa
1352 5527 1414 5567 ea
1444 5527 1527 5566 res
1553 5511 1795 5577 videtur,‘
1819 5527 1920 5564 non
1952 5525 2105 5565 secus

535 5622 690 5678 quam
724 5605 989 5660 iracundia
1015 5616 1066 5659 et
1085 5603 1530 5674 concupiscentia.
1551 5601 1680 5656 Nam
1716 5601 1897 5657 ethaec
1913 5600 2103 5655 damna

600 5722 616 5752 ⁸
653 5721 725 5770 sic
746 5718 970 5782 plerique
989 5725 1095 5769 Mss.
1113 5724 1243 5776 ms,
1265 5721 1432 5782 fames,
1458 5719 1614 5768 minus
1637 5724 1790 5767 recte.

2175 408 2522 476 importarunt
2545 403 2599 468 ii,
2620 403 2710 473 qui
2729 402 2790 457 iis
2815 415 2920 457 non
2941 409 3086 457 recte
3113 415 3286 472 neque
3313 411 3612 471 opportune
3627 413 3763 458 sunt

2175 497 2276 548 usi.
2309 493 2679 562 Contingitque
2708 491 2846 547 idem
2873 490 3012 562 quod
3043 492 3094 546 in
3120 491 3544 558 medicamentis,
3576 507 3695 562 qua:
3721 508 3766 548 ι

2176 586 2395 642 medicis
2429 584 2744 639 traduntur:
2786 583 2983 654 quippe
3019 591 3073 637 et
3101 582 3186 637 illa
3221 582 3265 638 si
3299 598 3404 638 non
3434 598 3531 638 suo
3561 583 3759 639 ordine

2176 691 2229 734 et
2256 689 2512 746 tempore,
2552 692 2614 732 ac
2651 691 2750 746 pro
2777 675 2965 746 quibus
2998 675 3196 729 morbis
3236 683 3413 744 parata
3459 683 3606 740 sunt,
3655 675 3768 730 sed.

2178 786 2274 839 pro
2294 770 2408 822 aliis
2430 769 2763 838 imponantur
2778 767 2899 832 alia,
2923 781 3025 820 non
3051 764 3222 819 solum
3245 765 3484 820 infirmos
3499 765 3768 834 languore

2179 874 2284 911 non
2327 857 2572 922 liberant,
2603 855 2693 910 sed
2732 855 3089 910 infirmitatem
3113 855 3287 922 potius
3310 863 3600 924 aggravant
3631 872 3648 908 :
3683 856 3764 908 ita

2180 964 2395 1021 prorsus
2440 959 2495 1004 et
2537 963 2736 1005 mmror
2776 949 2918 1014 facit,
2957 962 3019 1002 ac
3057 948 3249 1003 merito
3275 963 3420 1003 sane.
3468 947 3601 1002 Nam
3630 963 3766 1003 cum

2179 1051 2443 1095 austerum
2472 1043 2542 1096 sit
2566 1041 2957 1111 corrodensque
2987 1040 3447 1106 medicamentum,
3483 1048 3665 1108 atque,
3701 1050 3764 1092 ut

2181 1132 2248 1186 ita
2277 1132 2520 1197 dixerim,
2556 1131 2799 1185 vitiorum
2835 1146 2953 1201 qua:
2987 1132 3037 1184 in
3065 1131 3220 1186 nobis
3253 1142 3376 1186 sunt
3412 1131 3680 1201 purgatio,
3715 1132 3761 1184 si

2180 1221 2523 1276 admoveatur
2544 1222 2715 1276 otioso
2737 1237 2801 1275 ac
2825 1221 3049 1275 delicato
3076 1221 3273 1286 animo,
3299 1220 3601 1289 ingentique
3631 1234 3766 1288 pec-

2181 1324 2418 1368 catorum
2445 1313 2677 1382 pondere
2703 1328 2977 1382 oppresso,
3009 1313 3293 1366 maximam
3323 1311 3398 1366 illi
3437 1311 3622 1366 afferet
3657 1312 3768 1364 uti-

2181 1406 2382 1459 litatem
2410 1421 2425 1457 :
2453 1404 2534 1458 sin
2565 1414 2739 1459 autem
2766 1405 2942 1458 animo
2966 1403 3590 1467 decertanti,dimicanti,
3611 1403 3765 1457 labo-

2184 1498 2329 1551 ribus
2371 1497 2623 1563 exercito,
2670 1495 2812 1550 curis
2842 1509 3116 1564 oppresso,
3163 1503 3218 1548 et
3245 1495 3465 1564 plurima
3501 1509 3768 1565 perpesso

2182 1589 2514 1655 adhibeatur,
2544 1597 2893 1659 prmterquam
2918 1587 3058 1657 quod
3086 1585 3216 1640 nihil
3250 1585 3484 1655 prodest,
3528 1587 3767 1638 maxime

2185 1691 2360 1748 nocet,
2409 1681 2806 1735 imbecilliorem
2850 1680 2994 1734 illum
3036 1679 3232 1733 faciens
3261 1687 3418 1748 atque
3454 1689 3774 1748 expugnatu

2187 1772 2416 1828 facilem.
2464 1772 2720 1840 Quocirca
2765 1771 3025 1825 stantibus
3077 1780 3131 1824 et
3169 1771 3363 1824 acriter
3404 1768 3770 1838 pugnantibus

2189 1864 2378 1918 Paulus
2427 1877 2544 1917 cum
2589 1861 2866 1923 scriberet,
2904 1861 3153 1915 dicebat:
3189 1860 3413 1914 Gaudete
3449 1861 3502 1913 in
3547 1858 3776 1912 Domino

2185 1972 2420 2026 semper;
2453 1958 2633 2010 iterum
2657 1957 2785 2020 dico,
2828 1955 3042 2026 gaudete
3069 1954 3231 2025 (Phil.
3264 1954 3316 2008 4.
3341 1950 3417 2025 4).
3449 1953 3616 2007 Porro
3650 1952 3772 2006 dis-

2186 2049 2372 2102 solutis
2392 2047 2762 2118 ingentemque
2799 2048 3114 2102 habentibus
3140 2057 3419 2110 tumorem,
3451 2043 3518 2100 Et
3545 2063 3651 2112 vos,
3687 2046 3770 2098 in-

2186 2140 2318 2207 quit,
2345 2138 2511 2208 inﬂati
2536 2140 2690 2203 estis;
2718 2149 2763 2191 et
2789 2155 2886 2192 non
2920 2139 3083 2207 potius
3107 2137 3312 2206 ﬂevistis
3343 2135 3552 2208 (l.Cor.
3581 2137 3634 2190 5.
3667 2135 3724 2205 2)
3742 2136 3770 2187 τ

2191 2230 2370 2300 Itaque
2388 2231 2432 2284 is
2457 2230 2670 2299 quidem
2696 2231 2785 2299 qui
2813 2239 3150 2298 peccatorum
3178 2229 3358 2295 sagina
3383 2228 3766 2297 impinguatur,

2189 2329 2502 2374 extenuetur
2540 2335 2602 2373 ac
2641 2322 2864 2374 siccetur
2907 2320 3007 2373 huc
3051 2320 3435 2374 medicamento
3467 2336 3480 2371 :
3522 2319 3610 2388 qui
3641 2333 3770 2372 vero

2191 2412 2342 2465 bona:
2365 2411 2685 2466 habitudinis
2713 2421 2815 2476 est,
2847 2420 3005 2480 atque
3035 2411 3086 2463 iu
3129 2411 3335 2464 decenti
3367 2420 3503 2464 statu
3529 2411 3770 2481 seipsum

2191 2512 2384 2566 servat,
2441 2503 2564 2571 quid
2616 2512 2696 2555 est
2744 2517 2946 2567 causm,
2995 2517 3090 2555 cur
3118 2517 3209 2569 per
3244 2515 3525 2562 maerorem
3569 2500 3770 2554 bonam

2192 2608 2340 2646 suam
2385 2593 2736 2647 Valetudinem
2785 2592 3127 2660 Currumpat?
3176 2591 3324 2645 Adeo
3361 2599 3444 2645 est
3487 2592 3626 2644 enim
3679 2591 3780 2646 illo

2193 2699 2316 2736 acer
2345 2693 2504 2752 atque
2528 2683 2738 2747 efﬁcax,
2779 2694 2835 2736 ut
2859 2684 3016 2738 etiam
3043 2697 3145 2751 ope
3181 2697 3275 2736 sua
3305 2681 3691 2751 indigentibus,
3721 2682 3777 2735 si

2194 2776 2312 2844 plus
2337 2775 2588 2843 temporis
2615 2789 2772 2844 quam
2801 2789 3020 2828 necesse
3047 2775 3114 2828 sit
3148 2774 3482 2836 immoretur,
3506 2773 3769 2826 maximo-

2193 2881 2308 2919 rum
2335 2865 2592 2920 malorum
2631 2879 2789 2919 causa
2814 2865 2901 2918 sit.
2933 2865 3082 2931 Quod
3131 2872 3185 2918 et
3210 2862 3396 2917 beatus
3437 2862 3632 2917 Paulus
3659 2877 3778 2917 me-

2197 2966 2348 3011 tuens
2378 2958 2484 3011 cito
2525 2958 2692 3024 illum,
2725 2968 3000 3026 postquam
3045 2956 3242 3011 fecerat
3280 2956 3419 3024 quod
3451 2971 3602 3009 suum
3631 2965 3764 3018 erat,

2194 3049 2387 3103 auferri
2411 3048 2588 3118 jussit,
2630 3064 2949 3118 causamque
2987 3049 3178 3117 adjecit
3207 3063 3322 3102 eam
3358 3067 3371 3103 :
3402 3047 3484 3102 Ne
3508 3051 3658 3118 forte,
3693 3050 3764 3102 in-

2193 3143 2325 3209 quit,
2353 3141 2708 3194 abundantiori
2748 3138 2949 3193 tristitia
2988 3139 3306 3192 absorbeatur
3343 3139 3420 3209 (2.
3450 3138 3567 3193 Cor.
3595 3138 3650 3191 ‘2.
3687 3141 3764 3205 7).

2203 3233 2367 3284 Porro
2418 3232 2461 3285 si
2516 3231 2708 3285 nimius
2743 3246 2942 3286 muaror
2993 3233 3219 3295 irruens,
3252 3246 3346 3285 eos
3377 3231 3534 3285 etiam
3578 3231 3782 3299 quibus

2201 3331 2314 3376 erat
2345 3322 2694 3386 necessarius,
2719 3322 2909 3389 saepius
2936 3321 3180 3390 perdidit,
3203 3321 3324 3390 quid
3349 3321 3452 3374 illis
3472 3319 3651 3384 faciet,
3681 3323 3776 3388 qui

2197 3425 2314 3466 cum
2361 3427 2466 3464 non
2506 3410 2794 3480 indigeant,
2835 3421 3023 3479 sponte
3062 3411 3206 3464 illum
3245 3411 3344 3463 sibi
3387 3410 3772 3464 consciscunt?

2199 3503 2270 3555 Ita
2298 3516 2444 3566 sane,
2479 3502 2702 3570 inquies,
2753 3502 2873 3554 novi
2913 3504 3011 3555 hoc
3039 3510 3093 3554 ct
3134 3501 3285 3569 ipse:
3326 3501 3418 3555 sed
3461 3517 3567 3570 quo
3613 3511 3774 3569 pacto

2198 3591 2344 3644 illum
2401 3591 2700 3655 excludam,
2753 3601 2910 3660 atque
2956 3592 3024 3644 ab
3071 3593 3243 3644 anima
3299 3606 3415 3644 mea
3469 3606 3772 3655 amoveam,

2198 3683 2397 3737 nescio.
2429 3683 2492 3736 Et
2515 3683 2667 3751 cujus
2697 3682 2794 3735 hoc
2823 3682 3165 3745 difficultatis,
3194 3682 3593 3735 amantissime?
3637 3680 3773 3735 Nam

2198 3777 2241 3828 si
2271 3775 2694 3844 concupiscentia
2737 3785 2876 3829 esset
2914 3775 3105 3844 aliqua,
3151 3775 3194 3828 si
3240 3790 3522 3843 corporum
3554 3775 3777 3832 insanus

2197 3878 2367 3930 amor,
2413 3863 2458 3916 si
2502 3863 2670 3917 inanis
2697 3863 2878 3932 glorize
2905 3865 3161 3935 tyrannis,
3203 3863 3385 3916 vitium
3415 3862 3652 3932 profecto
3677 3880 3769 3918 su-

2202 3964 2384 4022 peratu
2421 3952 2790 4008 difﬁcillimum
2812 3995 2827 4020 ,
2855 3963 2946 4006 aut
2969 3952 3164 4024 aliquid
3195 3954 3644 4022 perturbationum
3676 3955 3778 4007 hu-

2193 4044 2509 4114 juscemodi,
2535 4045 2723 4098 merito
2750 4058 2896 4098 esses
2920 4043 2985 4098 de
3001 4043 3301 4113 hujusmodi
3326 4044 3634 4098 liberatione
3659 4046 3774 4100 sol-

2201 4134 2394 4189 licitus.
2439 4135 2546 4189 Eos
2579 4135 2718 4188 enim
2767 4136 2854 4203 qui
2895 4133 2977 4188 bis
3015 4136 3153 4204 capti
3192 4134 3400 4189 fuerunt
3425 4150 3530 4188 non
3556 4135 3773 4203 quidem

2199 4235 2280 4280 est
2305 4225 2648 4294 impossibile,
2675 4225 3036 4280 difficillimum
3069 4235 3242 4279 tamen
3260 4240 3320 4279 ea
3339 4225 3471 4279 retia
3490 4224 3774 4294 diffugere.

2200 4319 2305 4370 Cur
2331 4317 2422 4370 id?
2461 4315 2592 4384 Quia
2625 4317 2861 4386 voluptas
2893 4317 2956 4370 iis
2982 4325 3295 4386 cooperator
3318 4327 3474 4386 atque
3501 4316 3590 4370 illa
3615 4317 3773 4385 adju-

2201 4418 2306 4462 vat.
2353 4407 2426 4462 Ea
2455 4422 2580 4462 veno
2607 4417 2708 4474 est,
2749 4424 2866 4477 qua:
2913 4411 3077 4463 semel
3123 4410 3291 4477 captis
3325 4409 3477 4464 funes
3517 4410 3780 4478 plurimos

2201 4501 2438 4566 innectit,
2480 4500 2721 4570 istudque
2767 4500 2993 4570 primum
3035 4500 3360 4555 difﬁcultatis
3405 4502 3774 4569 plenissimum

2201 4604 2301 4656 est,
2323 4593 2638 4662 persuadere
2664 4597 2840 4648 animo
2864 4596 2939 4648 sic
2963 4595 3188 4658 irretito,
3215 4604 3272 4647 ut
3300 4593 3454 4663 plane
3478 4609 3541 4647 ac
3566 4594 3775 4662 penitus

2204 4684 2330 4738 velit
2369 4699 2430 4738 ac
2471 4685 2649 4752 cupiat
2688 4685 2832 4739 hisce
2878 4683 3030 4737 nodis
3064 4683 3276 4738 liberari
3309 4700 3322 4736 :
3369 4683 3529 4752 fitque
3569 4683 3778 4737 similli-

2201 4793 2368 4843 mum,
2400 4777 2558 4832 veluti
2582 4777 2625 4830 si
2662 4777 2779 4846 quis
2805 4775 3034 4830 scabiem
3061 4790 3121 4831 ac
3153 4775 3472 4845 pruriginem
3499 4775 3778 4844 depositu-

2205 4885 2294 4924 rus
2322 4868 2508 4923 morbo
2535 4882 2632 4923 suo
2656 4868 2966 4930 delectetur,
3010 4875 3064 4920 et
3089 4867 3140 4921 in
3167 4867 3410 4922 eumdem
3455 4867 3626 4936 ipsum
3660 4881 3780 4922 sese

2205 4959 2420 5029 injiciat.
2455 4958 2713 5014 Caeterum
2763 4957 2830 5012 ad
2868 4957 3202 5027 effugandum
3247 4972 3531 5011 mterorem
3576 4957 3629 5011 id
3672 4973 3778 5012 non

2206 5067 2388 5121 parum
2416 5051 2638 5116 confert,
2671 5051 2712 5104 si
2754 5050 2962 5103 interim
2993 5050 3199 5119 ingrate
3228 5049 3370 5102 illum
3412 5049 3784 5102 admittamus.

2204 5142 2334 5197 Nam
2363 5141 2451 5210 qui
2482 5156 2538 5195 re
2562 5141 2733 5210 aliqua
2759 5149 3023 5209 gravatur,
3053 5141 3158 5194 cito
3187 5141 3326 5193 illam
3348 5140 3416 5194 ab
3439 5154 3498 5194 se
3526 5150 3782 5194 excutere

2206 5233 2452 5287 studebit.
2492 5232 2626 5298 Quid
2653 5246 2798 5300 ergo,
2829 5232 2872 5284 si
2893 5231 3010 5299 quis
3034 5246 3151 5284 eam
3169 5231 3233 5284 ab
3259 5245 3318 5283 se
3337 5230 3532 5298 ejicere
3550 5230 3782 5293 studeat,

2212 5339 2307 5377 nec
2339 5322 2538 5391 possit?
2559 5321 2671 5376 Non
2693 5321 2927 5376 remittat
2955 5321 3206 5384 studium,
3234 5329 3288 5374 et
3311 5321 3415 5373 cito
3445 5321 3659 5388 poterit.
3683 5319 3786 5374 Co-

2207 5414 2311 5483 gita
2372 5413 2511 5466 enim
2575 5411 2960 5478 Christianum,
3005 5413 3048 5464 si
3089 5411 3302 5481 quando
3342 5412 3603 5474 tristetur,
3651 5411 3789 5464 duas

2212 5512 2410 5556 tantum
2454 5503 2621 5571 justas
2647 5502 2840 5557 habere
2869 5503 3112 5558 mceror-is
3142 5517 3348 5564 causas,
3390 5502 3469 5556 vel
3494 5517 3614 5555 cum
3650 5501 3787 5572 ipse,

2213 5595 2294 5649 vel
2318 5610 2436 5648 eum
2469 5595 2740 5664 proximus
2767 5593 2984 5649 offendit
3023 5593 3222 5649 Deum:
3251 5609 3372 5648 cum
3397 5608 3524 5647 vero
3552 5609 3799 5661 prazseus

2215 5701 2411 5741 mmror
2455 5694 2572 5739 tuus
2618 5686 2810 5741 nullam
2837 5685 3138 5755 bujusmodi
3173 5700 3508 5742 Occasmuuuz
3554 5685 3792 5747 radicem
