  <div class='ocr_page' id='page_1' title='image "/cluster/home/n/w/nwhite01/storage/ocr_20150623/47/mdp.39015012902212/454.png"; bbox 0 0 4060 6136; ppageno 0'>
   <div class='ocr_carea' id='block_1_1' title="bbox 222 294 323 355">
    <p class='ocr_par' dir='ltr' id='par_1_1' title="bbox 222 294 323 355">
     <span class='ocr_line' id='line_1_1' title="bbox 222 294 323 355; baseline -0.05 0"><span class='ocrx_word' id='word_1_1' title='bbox 222 294 323 355; x_wconf 67' lang='grc'>491</span> 
     </span>
    </p>
   </div>
   <div class='ocr_carea' id='block_1_2' title="bbox 218 403 1808 481">
    <p class='ocr_par' dir='ltr' id='par_1_2' title="bbox 218 403 1808 481">
     <span class='ocr_line' id='line_1_2' title="bbox 218 403 1808 481; baseline -0.004 -17"><span class='ocrx_word' id='word_1_2' title='bbox 218 412 441 466; x_wconf 81' lang='grc' dir='ltr'>νώντων</span> <span class='ocrx_word' id='word_1_3' title='bbox 498 410 597 480; x_wconf 77' lang='grc' dir='ltr'>τὴν</span> <span class='ocrx_word' id='word_1_4' title='bbox 647 407 840 481; x_wconf 80' lang='grc' dir='ltr'>ὀδύνην</span> <span class='ocrx_word' id='word_1_5' title='bbox 872 406 1110 479; x_wconf 69' lang='grc' dir='ltr'>ἔχουσιν.</span> <span class='ocrx_word' id='word_1_6' title='bbox 1162 406 1227 462; x_wconf 71' lang='lat' dir='ltr'>Et</span> <span class='ocrx_word' id='word_1_7' title='bbox 1263 406 1322 461; x_wconf 69' lang='grc' dir='ltr'>δὲ</span> <span class='ocrx_word' id='word_1_8' title='bbox 1360 408 1634 469; x_wconf 73' lang='grc' dir='ltr'>ἀπιστεῖς,</span> <span class='ocrx_word' id='word_1_9' title='bbox 1656 403 1808 459; x_wconf 79' lang='grc' dir='ltr'>ούδέν</span> 
     </span>
    </p>
   </div>
   <div class='ocr_carea' id='block_1_3' title="bbox 220 500 1811 577">
    <p class='ocr_par' dir='ltr' id='par_1_3' title="bbox 220 500 1811 577">
     <span class='ocr_line' id='line_1_3' title="bbox 220 500 1811 577; baseline -0.004 -17"><span class='ocrx_word' id='word_1_10' title='bbox 220 503 562 577; x_wconf 84' lang='grc' dir='ltr'>θαυμαστόν.</span> <span class='ocrx_word' id='word_1_11' title='bbox 581 505 657 559; x_wconf 80' lang='grc' dir='ltr'>Οὐ</span> <span class='ocrx_word' id='word_1_12' title='bbox 684 504 796 576; x_wconf 81' lang='grc' dir='ltr'>γάρ</span> <span class='ocrx_word' id='word_1_13' title='bbox 821 505 888 575; x_wconf 73' lang='grc' dir='ltr'>τῇ</span> <span class='ocrx_word' id='word_1_14' title='bbox 930 502 1069 575; x_wconf 78' lang='grc' dir='ltr'>αὐτῇ</span> <span class='ocrx_word' id='word_1_15' title='bbox 1099 502 1296 575; x_wconf 79' lang='grc' dir='ltr'>γνώμη</span> <span class='ocrx_word' id='word_1_16' title='bbox 1323 502 1394 557; x_wconf 85' lang='grc' dir='ltr'>τά</span> <span class='ocrx_word' id='word_1_17' title='bbox 1421 519 1482 556; x_wconf 83' lang='grc' dir='ltr'>τε</span> <span class='ocrx_word' id='word_1_18' title='bbox 1516 503 1694 555; x_wconf 77' lang='grc' dir='ltr'>οἰκεῖα</span> <span class='ocrx_word' id='word_1_19' title='bbox 1715 500 1811 554; x_wconf 70' lang='grc' dir='ltr'>καὶ</span> 
     </span>
    </p>
   </div>
   <div class='ocr_carea' id='block_1_4' title="bbox 220 594 1811 670">
    <p class='ocr_par' dir='ltr' id='par_1_4' title="bbox 220 594 1811 670">
     <span class='ocr_line' id='line_1_4' title="bbox 220 594 1811 670; baseline -0.008 -16"><span class='ocrx_word' id='word_1_20' title='bbox 220 599 295 654; x_wconf 85' lang='grc' dir='ltr'>τά</span> <span class='ocrx_word' id='word_1_21' title='bbox 324 598 581 670; x_wconf 87' lang='grc' dir='ltr'>ἀλλότρια</span> <span class='ocrx_word' id='word_1_22' title='bbox 604 597 812 669; x_wconf 88' lang='grc' dir='ltr'>κρίνειν</span> <span class='ocrx_word' id='word_1_23' title='bbox 841 595 1113 668; x_wconf 73' lang='grc' dir='ltr'>εἰώθαμεν</span> <span class='ocrx_word' id='word_1_24' title='bbox 1142 596 1308 659; x_wconf 71' lang='grc' dir='ltr'>κακὰ,</span> <span class='ocrx_word' id='word_1_25' title='bbox 1340 594 1454 649; x_wconf 78' lang='grc' dir='ltr'>ἀλλ’</span> <span class='ocrx_word' id='word_1_26' title='bbox 1494 596 1676 649; x_wconf 80' lang='grc' dir='ltr'>ἐκεῖνα</span> <span class='ocrx_word' id='word_1_27' title='bbox 1715 596 1811 665; x_wconf 79' lang='grc' dir='ltr'>μὲν</span> 
     </span>
    </p>
   </div>
   <div class='ocr_carea' id='block_1_5' title="bbox 221 688 1812 764">
    <p class='ocr_par' dir='ltr' id='par_1_5' title="bbox 221 688 1812 764">
     <span class='ocr_line' id='line_1_5' title="bbox 221 688 1812 764; baseline -0.003 -20"><span class='ocrx_word' id='word_1_28' title='bbox 221 691 370 764; x_wconf 81' lang='grc' dir='ltr'>λόγῳ</span> <span class='ocrx_word' id='word_1_29' title='bbox 432 691 527 746; x_wconf 71' lang='grc' dir='ltr'>καὶ</span> <span class='ocrx_word' id='word_1_30' title='bbox 574 690 693 760; x_wconf 73' lang='grc' dir='ltr'>ὕψει</span> <span class='ocrx_word' id='word_1_31' title='bbox 737 690 898 762; x_wconf 85' lang='grc' dir='ltr'>μόνον</span> <span class='ocrx_word' id='word_1_32' title='bbox 950 688 1231 762; x_wconf 76' lang='grc' dir='ltr'>μαθόντες,</span> <span class='ocrx_word' id='word_1_33' title='bbox 1259 689 1433 744; x_wconf 87' lang='grc' dir='ltr'>ταῦτα</span> <span class='ocrx_word' id='word_1_34' title='bbox 1461 689 1517 742; x_wconf 83' lang='grc' dir='ltr'>δὲ</span> <span class='ocrx_word' id='word_1_35' title='bbox 1551 691 1614 758; x_wconf 69' lang='grc' dir='ltr'>τῇ</span> <span class='ocrx_word' id='word_1_36' title='bbox 1644 688 1812 758; x_wconf 67' lang='grc' dir='ltr'>πείρα</span> 
     </span>
    </p>
   </div>
   <div class='ocr_carea' id='block_1_6' title="bbox 221 784 1807 857">
    <p class='ocr_par' dir='ltr' id='par_1_6' title="bbox 221 784 1807 857">
     <span class='ocr_line' id='line_1_6' title="bbox 221 784 1807 857; baseline -0.003 -18"><span class='ocrx_word' id='word_1_37' title='bbox 221 786 321 839; x_wconf 79' lang='grc' dir='ltr'>καὶ</span> <span class='ocrx_word' id='word_1_38' title='bbox 364 789 431 857; x_wconf 75' lang='grc' dir='ltr'>τῇ</span> <span class='ocrx_word' id='word_1_39' title='bbox 478 785 729 856; x_wconf 74' lang='grc' dir='ltr'>αἰσθήσει</span> <span class='ocrx_word' id='word_1_40' title='bbox 757 785 852 839; x_wconf 80' lang='grc' dir='ltr'>καὶ</span> <span class='ocrx_word' id='word_1_41' title='bbox 883 787 1020 857; x_wconf 85' lang='grc' dir='ltr'>μετὰ</span> <span class='ocrx_word' id='word_1_42' title='bbox 1044 785 1146 856; x_wconf 76' lang='grc' dir='ltr'>τῆς</span> <span class='ocrx_word' id='word_1_43' title='bbox 1173 784 1519 857; x_wconf 75' lang='grc' dir='ltr'>συμπαθείας</span> <span class='ocrx_word' id='word_1_44' title='bbox 1551 784 1652 855; x_wconf 81' lang='grc' dir='ltr'>τῆς</span> <span class='ocrx_word' id='word_1_45' title='bbox 1681 785 1807 836; x_wconf 78' lang='grc' dir='ltr'>ἑαυ·</span> 
     </span>
    </p>
   </div>
   <div class='ocr_carea' id='block_1_7' title="bbox 221 873 1812 950">
    <p class='ocr_par' dir='ltr' id='par_1_7' title="bbox 221 873 1812 950">
     <span class='ocr_line' id='line_1_7' title="bbox 221 873 1812 950; baseline -0.003 -19"><span class='ocrx_word' id='word_1_46' title='bbox 221 876 334 931; x_wconf 83' lang='grc' dir='ltr'>τῶν</span> <span class='ocrx_word' id='word_1_47' title='bbox 355 895 368 908; x_wconf 90' lang='grc'>·</span> <span class='ocrx_word' id='word_1_48' title='bbox 387 877 577 949; x_wconf 86' lang='grc' dir='ltr'>διόπερ</span> <span class='ocrx_word' id='word_1_49' title='bbox 590 876 746 932; x_wconf 60' lang='grc' dir='ltr'>καύτά</span> <span class='ocrx_word' id='word_1_50' title='bbox 775 877 1154 950; x_wconf 81' lang='grc' dir='ltr'>ἀφορητότερα</span> <span class='ocrx_word' id='word_1_51' title='bbox 1182 873 1321 931; x_wconf 79' lang='grc' dir='ltr'>εἶναι</span> <span class='ocrx_word' id='word_1_52' title='bbox 1344 876 1569 930; x_wconf 79' lang='grc' dir='ltr'>ἐκείνων</span> <span class='ocrx_word' id='word_1_53' title='bbox 1594 874 1812 945; x_wconf 78' lang='grc' dir='ltr'>νομίζο-</span> 
     </span>
    </p>
   </div>
   <div class='ocr_carea' id='block_1_8' title="bbox 225 959 1815 1044">
    <p class='ocr_par' dir='ltr' id='par_1_8' title="bbox 225 959 1815 1044">
     <span class='ocr_line' id='line_1_8' title="bbox 225 959 1815 1044; baseline -0.003 -22"><span class='ocrx_word' id='word_1_54' title='bbox 225 986 351 1040; x_wconf 80' lang='grc' dir='ltr'>μεν,</span> <span class='ocrx_word' id='word_1_55' title='bbox 396 967 547 1042; x_wconf 68' lang='grc'><strong>[224]</strong></span> <span class='ocrx_word' id='word_1_56' title='bbox 578 968 683 1023; x_wconf 74' lang='grc' dir='ltr'>κάν</span> <span class='ocrx_word' id='word_1_57' title='bbox 707 964 886 1044; x_wconf 87' lang='grc' dir='ltr'>λίανῇ</span> <span class='ocrx_word' id='word_1_58' title='bbox 933 959 1112 1039; x_wconf 70' lang='grc' dir='ltr'>κοῦξρα</span> <span class='ocrx_word' id='word_1_59' title='bbox 1152 968 1247 1022; x_wconf 73' lang='grc' dir='ltr'>καὶ</span> <span class='ocrx_word' id='word_1_60' title='bbox 1282 966 1514 1038; x_wconf 90' lang='grc' dir='ltr'>φορητά.</span> <span class='ocrx_word' id='word_1_61' title='bbox 1551 965 1616 1020; x_wconf 65' lang='lat' dir='ltr'>Et</span> <span class='ocrx_word' id='word_1_62' title='bbox 1644 964 1699 1018; x_wconf 85' lang='grc' dir='ltr'>δέ</span> <span class='ocrx_word' id='word_1_63' title='bbox 1729 982 1815 1030; x_wconf 91' lang='grc' dir='ltr'>τις</span> 
     </span>
    </p>
   </div>
   <div class='ocr_carea' id='block_1_9' title="bbox 222 1058 1815 1131">
    <p class='ocr_par' dir='ltr' id='par_1_9' title="bbox 222 1058 1815 1131">
     <span class='ocr_line' id='line_1_9' title="bbox 222 1058 1815 1131; baseline -0.003 -14"><span class='ocrx_word' id='word_1_64' title='bbox 222 1062 431 1117; x_wconf 86' lang='grc' dir='ltr'>τούτων</span> <span class='ocrx_word' id='word_1_65' title='bbox 466 1063 686 1117; x_wconf 88' lang='grc' dir='ltr'>πάντων</span> <span class='ocrx_word' id='word_1_66' title='bbox 719 1061 1057 1130; x_wconf 71' lang='grc' dir='ltr'>ἀπαλλαγεὶς</span> <span class='ocrx_word' id='word_1_67' title='bbox 1092 1061 1193 1131; x_wconf 81' lang='grc' dir='ltr'>τήν</span> <span class='ocrx_word' id='word_1_68' title='bbox 1231 1077 1290 1115; x_wconf 85' lang='grc' dir='ltr'>τε</span> <span class='ocrx_word' id='word_1_69' title='bbox 1321 1058 1484 1129; x_wconf 88' lang='grc' dir='ltr'>φύσιν</span> <span class='ocrx_word' id='word_1_70' title='bbox 1516 1059 1695 1113; x_wconf 81' lang='grc' dir='ltr'>αὐτῶν</span> <span class='ocrx_word' id='word_1_71' title='bbox 1716 1077 1815 1113; x_wconf 88' lang='grc' dir='ltr'>κα-</span> 
     </span>
    </p>
   </div>
   <div class='ocr_carea' id='block_1_10' title="bbox 221 1150 1812 1227">
    <p class='ocr_par' dir='ltr' id='par_1_10' title="bbox 221 1150 1812 1227">
     <span class='ocr_line' id='line_1_10' title="bbox 221 1150 1812 1227; baseline -0.002 -18"><span class='ocrx_word' id='word_1_72' title='bbox 221 1155 496 1227; x_wconf 89' lang='grc' dir='ltr'>ταμάθοι,</span> <span class='ocrx_word' id='word_1_73' title='bbox 548 1153 674 1219; x_wconf 85' lang='grc' dir='ltr'>τούς</span> <span class='ocrx_word' id='word_1_74' title='bbox 719 1172 779 1208; x_wconf 85' lang='grc' dir='ltr'>τε</span> <span class='ocrx_word' id='word_1_75' title='bbox 828 1154 1170 1224; x_wconf 77' lang='grc' dir='ltr'>ἐμπεσόντας</span> <span class='ocrx_word' id='word_1_76' title='bbox 1214 1155 1399 1217; x_wconf 74' lang='grc' dir='ltr'>αὐτοῖς</span> <span class='ocrx_word' id='word_1_77' title='bbox 1439 1150 1812 1222; x_wconf 74' lang='grc' dir='ltr'>διασκέψαιτο,</span> 
     </span>
    </p>
   </div>
   <div class='ocr_carea' id='block_1_11' title="bbox 223 1238 1811 1321">
    <p class='ocr_par' dir='ltr' id='par_1_11' title="bbox 223 1238 1811 1321">
     <span class='ocr_line' id='line_1_11' title="bbox 223 1238 1811 1321; baseline -0.001 -20"><span class='ocrx_word' id='word_1_78' title='bbox 223 1238 382 1311; x_wconf 75' lang='grc' dir='ltr'>οὗτος</span> <span class='ocrx_word' id='word_1_79' title='bbox 421 1246 717 1302; x_wconf 76' lang='grc' dir='ltr'>ἀδέκαστον</span> <span class='ocrx_word' id='word_1_80' title='bbox 751 1246 890 1316; x_wconf 81' lang='grc' dir='ltr'>ὑπὲρ</span> <span class='ocrx_word' id='word_1_81' title='bbox 918 1246 1123 1302; x_wconf 85' lang='grc' dir='ltr'>τούτων</span> <span class='ocrx_word' id='word_1_82' title='bbox 1148 1247 1288 1302; x_wconf 75' lang='grc' dir='ltr'>οίσει</span> <span class='ocrx_word' id='word_1_83' title='bbox 1330 1247 1429 1321; x_wconf 83' lang='grc' dir='ltr'>τὴν</span> <span class='ocrx_word' id='word_1_84' title='bbox 1453 1245 1634 1317; x_wconf 75' lang='grc' dir='ltr'>ψῆφον</span> <span class='ocrx_word' id='word_1_85' title='bbox 1658 1247 1811 1318; x_wconf 76' lang='grc' dir='ltr'>ἡμῖν.</span> 
     </span>
    </p>
   </div>
   <div class='ocr_carea' id='block_1_12' title="bbox 236 1338 1813 1411">
    <p class='ocr_par' dir='ltr' id='par_1_12' title="bbox 236 1338 1813 1411">
     <span class='ocr_line' id='line_1_12' title="bbox 236 1338 1813 1411; baseline 0.001 -19"><span class='ocrx_word' id='word_1_86' title='bbox 236 1339 380 1392; x_wconf 75' lang='grc' dir='ltr'>Ἀλλ’</span> <span class='ocrx_word' id='word_1_87' title='bbox 405 1341 534 1403; x_wconf 76' lang='grc' dir='ltr'>ἴσως</span> <span class='ocrx_word' id='word_1_88' title='bbox 556 1341 734 1392; x_wconf 82' lang='grc' dir='ltr'>ἐκεῖνο</span> <span class='ocrx_word' id='word_1_89' title='bbox 753 1340 1013 1411; x_wconf 79' lang='grc' dir='ltr'>ὲρεῖς,ὃτι</span> <span class='ocrx_word' id='word_1_90' title='bbox 1031 1339 1209 1394; x_wconf 89' lang='grc' dir='ltr'>πάντα</span> <span class='ocrx_word' id='word_1_91' title='bbox 1238 1341 1335 1411; x_wconf 72' lang='grc' dir='ltr'>μὲν</span> <span class='ocrx_word' id='word_1_92' title='bbox 1361 1342 1545 1394; x_wconf 82' lang='grc' dir='ltr'>ἐκεῖνα</span> <span class='ocrx_word' id='word_1_93' title='bbox 1576 1338 1645 1394; x_wconf 83' lang='grc' dir='ltr'>τὰ</span> <span class='ocrx_word' id='word_1_94' title='bbox 1667 1338 1813 1411; x_wconf 89' lang='grc' dir='ltr'>πάθη</span> 
     </span>
    </p>
   </div>
   <div class='ocr_carea' id='block_1_13' title="bbox 226 1430 1813 1505">
    <p class='ocr_par' dir='ltr' id='par_1_13' title="bbox 226 1430 1813 1505">
     <span class='ocr_line' id='line_1_13' title="bbox 226 1430 1813 1505; baseline 0 -20"><span class='ocrx_word' id='word_1_95' title='bbox 226 1433 356 1503; x_wconf 79' lang='grc' dir='ltr'>περὶ</span> <span class='ocrx_word' id='word_1_96' title='bbox 400 1432 462 1485; x_wconf 83' lang='grc' dir='ltr'>τὸ</span> <span class='ocrx_word' id='word_1_97' title='bbox 509 1431 668 1501; x_wconf 89' lang='grc' dir='ltr'>σῶμα</span> <span class='ocrx_word' id='word_1_98' title='bbox 700 1431 991 1503; x_wconf 77' lang='grc' dir='ltr'>στρέφεται</span> <span class='ocrx_word' id='word_1_99' title='bbox 1031 1433 1212 1504; x_wconf 87' lang='grc' dir='ltr'>μόνον,</span> <span class='ocrx_word' id='word_1_100' title='bbox 1257 1431 1398 1505; x_wconf 80' lang='grc' dir='ltr'>αῦτη</span> <span class='ocrx_word' id='word_1_101' title='bbox 1425 1430 1481 1487; x_wconf 83' lang='grc' dir='ltr'>δὲ</span> <span class='ocrx_word' id='word_1_102' title='bbox 1512 1432 1612 1504; x_wconf 81' lang='grc' dir='ltr'>τῆς</span> <span class='ocrx_word' id='word_1_103' title='bbox 1635 1431 1813 1504; x_wconf 73' lang='grc' dir='ltr'>ψυχῆς</span> 
     </span>
    </p>
   </div>
   <div class='ocr_carea' id='block_1_14' title="bbox 226 1523 1812 1597">
    <p class='ocr_par' dir='ltr' id='par_1_14' title="bbox 226 1523 1812 1597">
     <span class='ocr_line' id='line_1_14' title="bbox 226 1523 1812 1597; baseline 0 -20"><span class='ocrx_word' id='word_1_104' title='bbox 226 1523 460 1577; x_wconf 71' lang='grc' dir='ltr'>ἅπτεται</span> <span class='ocrx_word' id='word_1_105' title='bbox 482 1524 703 1595; x_wconf 79' lang='grc' dir='ltr'>ήνόσος,</span> <span class='ocrx_word' id='word_1_106' title='bbox 728 1526 821 1579; x_wconf 77' lang='grc' dir='ltr'>καὶ</span> <span class='ocrx_word' id='word_1_107' title='bbox 843 1525 1048 1578; x_wconf 87' lang='grc' dir='ltr'>τούτων</span> <span class='ocrx_word' id='word_1_108' title='bbox 1065 1526 1283 1579; x_wconf 88' lang='grc' dir='ltr'>πάντων</span> <span class='ocrx_word' id='word_1_109' title='bbox 1299 1524 1415 1579; x_wconf 75' lang='grc' dir='ltr'>ἐστὶ</span> <span class='ocrx_word' id='word_1_110' title='bbox 1430 1523 1812 1597; x_wconf 83' lang='grc' dir='ltr'>χαλεπωτέρα.</span> 
     </span>
    </p>
   </div>
   <div class='ocr_carea' id='block_1_15' title="bbox 225 1611 1817 1690">
    <p class='ocr_par' dir='ltr' id='par_1_15' title="bbox 225 1611 1817 1690">
     <span class='ocr_line' id='line_1_15' title="bbox 225 1611 1817 1690; baseline 0 -21"><span class='ocrx_word' id='word_1_111' title='bbox 225 1615 386 1685; x_wconf 76' lang='grc' dir='ltr'>Λύτῇ</span> <span class='ocrx_word' id='word_1_112' title='bbox 408 1611 611 1687; x_wconf 74' lang='grc' dir='ltr'>μὲνοῦν</span> <span class='ocrx_word' id='word_1_113' title='bbox 627 1616 803 1689; x_wconf 84' lang='grc' dir='ltr'>τούτῳ</span> <span class='ocrx_word' id='word_1_114' title='bbox 824 1616 1056 1689; x_wconf 85' lang='grc' dir='ltr'>μάλιστα</span> <span class='ocrx_word' id='word_1_115' title='bbox 1074 1618 1245 1689; x_wconf 81' lang='grc' dir='ltr'>αὐτὴν</span> <span class='ocrx_word' id='word_1_116' title='bbox 1260 1618 1570 1690; x_wconf 78' lang='grc' dir='ltr'>εὑρήσομεν</span> <span class='ocrx_word' id='word_1_117' title='bbox 1594 1617 1817 1671; x_wconf 78' lang='grc' dir='ltr'>ἐκείνων</span> 
     </span>
    </p>
   </div>
   <div class='ocr_carea' id='block_1_16' title="bbox 225 1704 1815 1779">
    <p class='ocr_par' dir='ltr' id='par_1_16' title="bbox 225 1704 1815 1779">
     <span class='ocr_line' id='line_1_16' title="bbox 225 1704 1815 1779; baseline -0.001 -18"><span class='ocrx_word' id='word_1_118' title='bbox 225 1704 563 1777; x_wconf 71' lang='grc' dir='ltr'>κουφοτέραν</span> <span class='ocrx_word' id='word_1_119' title='bbox 591 1706 983 1775; x_wconf 88' lang='grc' dir='ltr'>τυγχάνουσαν.</span> <span class='ocrx_word' id='word_1_120' title='bbox 1007 1706 1153 1779; x_wconf 80' lang='grc' dir='ltr'>Αὕτη</span> <span class='ocrx_word' id='word_1_121' title='bbox 1176 1706 1277 1777; x_wconf 82' lang='grc' dir='ltr'>μὲν</span> <span class='ocrx_word' id='word_1_122' title='bbox 1305 1705 1414 1778; x_wconf 83' lang='grc' dir='ltr'>γὰρ</span> <span class='ocrx_word' id='word_1_123' title='bbox 1444 1707 1565 1761; x_wconf 79' lang='grc' dir='ltr'>οὐδὲ</span> <span class='ocrx_word' id='word_1_124' title='bbox 1583 1706 1644 1759; x_wconf 78' lang='grc' dir='ltr'>τὸ</span> <span class='ocrx_word' id='word_1_125' title='bbox 1657 1706 1815 1778; x_wconf 90' lang='grc' dir='ltr'>σῶμα</span> 
     </span>
    </p>
   </div>
   <div class='ocr_carea' id='block_1_17' title="bbox 223 1791 1816 1868">
    <p class='ocr_par' dir='ltr' id='par_1_17' title="bbox 223 1791 1816 1868">
     <span class='ocr_line' id='line_1_17' title="bbox 223 1791 1816 1868; baseline 0.001 -20"><span class='ocrx_word' id='word_1_126' title='bbox 223 1791 554 1865; x_wconf 71' lang='grc' dir='ltr'>διαφθείρει,</span> <span class='ocrx_word' id='word_1_127' title='bbox 576 1793 828 1867; x_wconf 85' lang='grc' dir='ltr'>καθάπερ</span> <span class='ocrx_word' id='word_1_128' title='bbox 858 1797 1086 1859; x_wconf 83' lang='grc' dir='ltr'>ἐκεῖναι,</span> <span class='ocrx_word' id='word_1_129' title='bbox 1111 1797 1203 1850; x_wconf 71' lang='grc' dir='ltr'>καὶ</span> <span class='ocrx_word' id='word_1_130' title='bbox 1230 1798 1296 1868; x_wconf 82' lang='grc' dir='ltr'>τῇ</span> <span class='ocrx_word' id='word_1_131' title='bbox 1330 1794 1476 1868; x_wconf 74' lang='grc' dir='ltr'>ψυχῇ</span> <span class='ocrx_word' id='word_1_132' title='bbox 1507 1795 1646 1867; x_wconf 78' lang='grc' dir='ltr'>πρὸς</span> <span class='ocrx_word' id='word_1_133' title='bbox 1681 1794 1816 1867; x_wconf 87' lang='grc' dir='ltr'>βρα-</span> 
     </span>
    </p>
   </div>
   <div class='ocr_carea' id='block_1_18' title="bbox 230 1885 1812 1961">
    <p class='ocr_par' dir='ltr' id='par_1_18' title="bbox 230 1885 1812 1961">
     <span class='ocr_line' id='line_1_18' title="bbox 230 1885 1812 1961; baseline 0.001 -22"><span class='ocrx_word' id='word_1_134' title='bbox 230 1885 332 1956; x_wconf 76' lang='grc' dir='ltr'>χὺν</span> <span class='ocrx_word' id='word_1_135' title='bbox 396 1886 606 1961; x_wconf 87' lang='grc' dir='ltr'>ἐνοχλεί</span> <span class='ocrx_word' id='word_1_136' title='bbox 655 1888 877 1959; x_wconf 67' lang='grc' dir='ltr'>χρόνων</span> <span class='ocrx_word' id='word_1_137' title='bbox 922 1887 989 1951; x_wconf 81' lang='grc' dir='ltr'>ἀς</span> <span class='ocrx_word' id='word_1_138' title='bbox 1046 1888 1103 1942; x_wconf 80' lang='grc' dir='ltr'>δὲ</span> <span class='ocrx_word' id='word_1_139' title='bbox 1151 1887 1663 1961; x_wconf 86' lang='grc' dir='ltr'>ἀπηριθμησάμεθα</span> <span class='ocrx_word' id='word_1_140' title='bbox 1696 1888 1812 1955; x_wconf 89' lang='grc' dir='ltr'>νῦν,</span> 
     </span>
    </p>
   </div>
   <div class='ocr_carea' id='block_1_19' title="bbox 229 1976 1815 2053">
    <p class='ocr_par' dir='ltr' id='par_1_19' title="bbox 229 1976 1815 2053">
     <span class='ocr_line' id='line_1_19' title="bbox 229 1976 1815 2053; baseline 0.002 -21"><span class='ocrx_word' id='word_1_141' title='bbox 229 1976 458 2045; x_wconf 87' lang='grc' dir='ltr'>φύονται</span> <span class='ocrx_word' id='word_1_142' title='bbox 504 1980 603 2051; x_wconf 86' lang='grc' dir='ltr'>μὲν</span> <span class='ocrx_word' id='word_1_143' title='bbox 654 1982 711 2033; x_wconf 82' lang='grc' dir='ltr'>ἐν</span> <span class='ocrx_word' id='word_1_144' title='bbox 752 1984 819 2052; x_wconf 78' lang='grc' dir='ltr'>τῇ</span> <span class='ocrx_word' id='word_1_145' title='bbox 857 1982 1041 2053; x_wconf 74' lang='grc' dir='ltr'>σαρκὶ,</span> <span class='ocrx_word' id='word_1_146' title='bbox 1077 1982 1175 2053; x_wconf 78' lang='grc' dir='ltr'>τὴν</span> <span class='ocrx_word' id='word_1_147' title='bbox 1201 1980 1255 2036; x_wconf 83' lang='grc' dir='ltr'>δὲ</span> <span class='ocrx_word' id='word_1_148' title='bbox 1285 1980 1466 2053; x_wconf 89' lang='grc' dir='ltr'>λύμην</span> <span class='ocrx_word' id='word_1_149' title='bbox 1504 1980 1723 2036; x_wconf 73' lang='grc' dir='ltr'>ἃπασαν</span> <span class='ocrx_word' id='word_1_150' title='bbox 1753 1981 1815 2035; x_wconf 89' lang='grc' dir='ltr'>ού</span> 
     </span>
    </p>
   </div>
   <div class='ocr_carea' id='block_1_20' title="bbox 236 2070 1817 2146">
    <p class='ocr_par' dir='ltr' id='par_1_20' title="bbox 236 2070 1817 2146">
     <span class='ocr_line' id='line_1_20' title="bbox 236 2070 1817 2146; baseline 0.003 -23"><span class='ocrx_word' id='word_1_151' title='bbox 236 2071 432 2146; x_wconf 77' lang='grc' dir='ltr'>μέχρις</span> <span class='ocrx_word' id='word_1_152' title='bbox 486 2070 704 2144; x_wconf 79' lang='grc' dir='ltr'>ἐκείνης</span> <span class='ocrx_word' id='word_1_153' title='bbox 756 2071 999 2136; x_wconf 89' lang='grc' dir='ltr'>ίστῶσιν,</span> <span class='ocrx_word' id='word_1_154' title='bbox 1052 2071 1189 2126; x_wconf 87' lang='grc' dir='ltr'>ἀλλά</span> <span class='ocrx_word' id='word_1_155' title='bbox 1237 2072 1349 2127; x_wconf 70' lang='grc' dir='ltr'>καὶ·</span> <span class='ocrx_word' id='word_1_156' title='bbox 1379 2073 1473 2126; x_wconf 83' lang='grc' dir='ltr'>ἐπὶ</span> <span class='ocrx_word' id='word_1_157' title='bbox 1507 2072 1607 2144; x_wconf 83' lang='grc' dir='ltr'>τὴν</span> <span class='ocrx_word' id='word_1_158' title='bbox 1637 2072 1817 2144; x_wconf 78' lang='grc' dir='ltr'>ψυχὴν</span> 
     </span>
    </p>
   </div>
   <div class='ocr_carea' id='block_1_21' title="bbox 230 2164 1819 2237">
    <p class='ocr_par' dir='ltr' id='par_1_21' title="bbox 230 2164 1819 2237">
     <span class='ocr_line' id='line_1_21' title="bbox 230 2164 1819 2237; baseline 0.001 -20"><span class='ocrx_word' id='word_1_159' title='bbox 230 2164 688 2237; x_wconf 76' lang='grc' dir='ltr'>παραπέμπουσι,</span> <span class='ocrx_word' id='word_1_160' title='bbox 722 2164 1078 2236; x_wconf 88' lang='grc' dir='ltr'>στρεϐλοῦσαι</span> <span class='ocrx_word' id='word_1_161' title='bbox 1109 2165 1279 2237; x_wconf 81' lang='grc' dir='ltr'>αὐτὴν</span> <span class='ocrx_word' id='word_1_162' title='bbox 1319 2166 1557 2237; x_wconf 82' lang='grc' dir='ltr'>συνεχῶς</span> <span class='ocrx_word' id='word_1_163' title='bbox 1588 2167 1684 2220; x_wconf 76' lang='grc' dir='ltr'>καὶ</span> <span class='ocrx_word' id='word_1_164' title='bbox 1708 2166 1819 2220; x_wconf 89' lang='grc' dir='ltr'>δια-</span> 
     </span>
    </p>
   </div>
   <div class='ocr_carea' id='block_1_22' title="bbox 228 2254 1819 2330">
    <p class='ocr_par' dir='ltr' id='par_1_22' title="bbox 228 2254 1819 2330">
     <span class='ocr_line' id='line_1_22' title="bbox 228 2254 1819 2330; baseline 0.001 -20"><span class='ocrx_word' id='word_1_165' title='bbox 228 2254 552 2328; x_wconf 79' lang='grc' dir='ltr'>φθείρουσαι</span> <span class='ocrx_word' id='word_1_166' title='bbox 585 2257 676 2312; x_wconf 88' lang='grc' dir='ltr'>διά</span> <span class='ocrx_word' id='word_1_167' title='bbox 705 2258 803 2329; x_wconf 82' lang='grc' dir='ltr'>τῆς</span> <span class='ocrx_word' id='word_1_168' title='bbox 841 2258 1033 2329; x_wconf 88' lang='grc' dir='ltr'>ὀδύνης</span> <span class='ocrx_word' id='word_1_169' title='bbox 1061 2257 1270 2329; x_wconf 79' lang='grc' dir='ltr'>καὶτῆς</span> <span class='ocrx_word' id='word_1_170' title='bbox 1301 2258 1540 2328; x_wconf 76' lang='grc' dir='ltr'>ἀθυμίας</span> <span class='ocrx_word' id='word_1_171' title='bbox 1568 2259 1670 2330; x_wconf 78' lang='grc' dir='ltr'>τῆς</span> <span class='ocrx_word' id='word_1_172' title='bbox 1690 2257 1819 2312; x_wconf 88' lang='grc' dir='ltr'>πολ-</span> 
     </span>
    </p>
   </div>
   <div class='ocr_carea' id='block_1_23' title="bbox 226 2349 1815 2424">
    <p class='ocr_par' dir='ltr' id='par_1_23' title="bbox 226 2349 1815 2424">
     <span class='ocr_line' id='line_1_23' title="bbox 226 2349 1815 2424; baseline 0.002 -19"><span class='ocrx_word' id='word_1_173' title='bbox 226 2349 347 2421; x_wconf 76' lang='grc' dir='ltr'>λῆς.</span> <span class='ocrx_word' id='word_1_174' title='bbox 390 2350 617 2420; x_wconf 80' lang='grc' dir='ltr'>Ὠσπερ</span> <span class='ocrx_word' id='word_1_175' title='bbox 656 2350 786 2424; x_wconf 84' lang='grc' dir='ltr'>γάρ,</span> <span class='ocrx_word' id='word_1_176' title='bbox 820 2353 1007 2423; x_wconf 77' lang='grc' dir='ltr'>φησὶν,</span> <span class='ocrx_word' id='word_1_177' title='bbox 1063 2351 1206 2419; x_wconf 79' lang='grc' dir='ltr'>ὅξος</span> <span class='ocrx_word' id='word_1_178' title='bbox 1229 2351 1396 2408; x_wconf 73' lang='grc' dir='ltr'>ἕλκει</span> <span class='ocrx_word' id='word_1_179' title='bbox 1437 2352 1815 2423; x_wconf 72' lang='grc' dir='ltr'>ἀσύμφορον,</span> 
     </span>
    </p>
   </div>
   <div class='ocr_carea' id='block_1_24' title="bbox 226 2442 1813 2516">
    <p class='ocr_par' dir='ltr' id='par_1_24' title="bbox 226 2442 1813 2516">
     <span class='ocr_line' id='line_1_24' title="bbox 226 2442 1813 2516; baseline 0.004 -21"><span class='ocrx_word' id='word_1_180' title='bbox 226 2442 382 2496; x_wconf 80' lang='grc' dir='ltr'>οὕτω</span> <span class='ocrx_word' id='word_1_181' title='bbox 409 2445 768 2513; x_wconf 68' lang='grc' dir='ltr'>προσπεσὸν</span> <span class='ocrx_word' id='word_1_182' title='bbox 783 2444 974 2513; x_wconf 77' lang='grc' dir='ltr'>πάθος</span> <span class='ocrx_word' id='word_1_183' title='bbox 992 2446 1061 2500; x_wconf 83' lang='grc' dir='ltr'>ἐν</span> <span class='ocrx_word' id='word_1_184' title='bbox 1084 2445 1311 2516; x_wconf 79' lang='grc' dir='ltr'>σώματι</span> <span class='ocrx_word' id='word_1_185' title='bbox 1336 2445 1589 2515; x_wconf 80' lang='grc' dir='ltr'>καρδίαν</span> <span class='ocrx_word' id='word_1_186' title='bbox 1612 2446 1813 2502; x_wconf 69' lang='grc' dir='ltr'>λυπεῖ.</span> 
     </span>
    </p>
   </div>
   <div class='ocr_carea' id='block_1_25' title="bbox 227 2536 1817 2610">
    <p class='ocr_par' dir='ltr' id='par_1_25' title="bbox 227 2536 1817 2610">
     <span class='ocr_line' id='line_1_25' title="bbox 227 2536 1817 2610; baseline 0.003 -21"><span class='ocrx_word' id='word_1_187' title='bbox 227 2536 322 2608; x_wconf 73' lang='grc' dir='ltr'>Μὴ</span> <span class='ocrx_word' id='word_1_188' title='bbox 336 2537 515 2590; x_wconf 82' lang='grc' dir='ltr'>τοίνυν</span> <span class='ocrx_word' id='word_1_189' title='bbox 548 2539 630 2592; x_wconf 86' lang='grc' dir='ltr'>ὅτι</span> <span class='ocrx_word' id='word_1_190' title='bbox 657 2539 766 2593; x_wconf 84' lang='grc' dir='ltr'>ἀπὸ</span> <span class='ocrx_word' id='word_1_191' title='bbox 802 2539 895 2593; x_wconf 89' lang='grc' dir='ltr'>τοῦ</span> <span class='ocrx_word' id='word_1_192' title='bbox 931 2538 1183 2610; x_wconf 84' lang='grc' dir='ltr'>σώματος</span> <span class='ocrx_word' id='word_1_193' title='bbox 1224 2538 1383 2593; x_wconf 87' lang='grc' dir='ltr'>τοῦτο</span> <span class='ocrx_word' id='word_1_194' title='bbox 1415 2539 1659 2593; x_wconf 83' lang='grc' dir='ltr'>τίκτεται</span> <span class='ocrx_word' id='word_1_195' title='bbox 1692 2538 1817 2609; x_wconf 83' lang='grc' dir='ltr'>λέγε</span> 
     </span>
    </p>
   </div>
   <div class='ocr_carea' id='block_1_26' title="bbox 232 2629 1819 2704">
    <p class='ocr_par' dir='ltr' id='par_1_26' title="bbox 232 2629 1819 2704">
     <span class='ocr_line' id='line_1_26' title="bbox 232 2629 1819 2704; baseline 0.001 -21"><span class='ocrx_word' id='word_1_196' title='bbox 232 2629 416 2701; x_wconf 88' lang='grc' dir='ltr'>μόνον,</span> <span class='ocrx_word' id='word_1_197' title='bbox 450 2630 563 2684; x_wconf 82' lang='grc' dir='ltr'>ἀλλ’</span> <span class='ocrx_word' id='word_1_198' title='bbox 594 2631 642 2684; x_wconf 84' lang='grc' dir='ltr'>εί</span> <span class='ocrx_word' id='word_1_199' title='bbox 670 2632 744 2703; x_wconf 80' lang='grc' dir='ltr'>μὴ</span> <span class='ocrx_word' id='word_1_200' title='bbox 768 2630 1129 2704; x_wconf 77' lang='grc' dir='ltr'>παραπέμπει</span> <span class='ocrx_word' id='word_1_201' title='bbox 1156 2630 1253 2703; x_wconf 83' lang='grc' dir='ltr'>τὴν</span> <span class='ocrx_word' id='word_1_202' title='bbox 1279 2630 1456 2702; x_wconf 91' lang='grc' dir='ltr'>λύμην</span> <span class='ocrx_word' id='word_1_203' title='bbox 1481 2629 1701 2685; x_wconf 77' lang='grc' dir='ltr'>ἃπασαν</span> <span class='ocrx_word' id='word_1_204' title='bbox 1722 2630 1819 2684; x_wconf 74' lang='grc' dir='ltr'>καὶ</span> 
     </span>
    </p>
   </div>
   <div class='ocr_carea' id='block_1_27' title="bbox 226 2721 1820 2795">
    <p class='ocr_par' dir='ltr' id='par_1_27' title="bbox 226 2721 1820 2795">
     <span class='ocr_line' id='line_1_27' title="bbox 226 2721 1820 2795; baseline 0.001 -20"><span class='ocrx_word' id='word_1_205' title='bbox 226 2721 328 2794; x_wconf 85' lang='grc' dir='ltr'>τὴν</span> <span class='ocrx_word' id='word_1_206' title='bbox 386 2722 591 2795; x_wconf 85' lang='grc' dir='ltr'>φθορὰν</span> <span class='ocrx_word' id='word_1_207' title='bbox 635 2726 701 2795; x_wconf 71' lang='grc' dir='ltr'>τῇ</span> <span class='ocrx_word' id='word_1_208' title='bbox 748 2724 916 2795; x_wconf 76' lang='grc' dir='ltr'>ψυχῇ,</span> <span class='ocrx_word' id='word_1_209' title='bbox 960 2722 1118 2778; x_wconf 88' lang='grc' dir='ltr'>τοῦτο</span> <span class='ocrx_word' id='word_1_210' title='bbox 1150 2723 1435 2790; x_wconf 85' lang='grc' dir='ltr'>ἐπίδειξον.</span> <span class='ocrx_word' id='word_1_211' title='bbox 1483 2723 1637 2777; x_wconf 77' lang='grc' dir='ltr'>Ἐπεὶ</span> <span class='ocrx_word' id='word_1_212' title='bbox 1671 2722 1765 2777; x_wconf 72' lang='grc' dir='ltr'>καὶ</span> <span class='ocrx_word' id='word_1_213' title='bbox 1791 2723 1820 2776; x_wconf 89' lang='lat'>6</span> 
     </span>
    </p>
   </div>
   <div class='ocr_carea' id='block_1_28' title="bbox 229 2811 1820 2888">
    <p class='ocr_par' dir='ltr' id='par_1_28' title="bbox 229 2811 1820 2888">
     <span class='ocr_line' id='line_1_28' title="bbox 229 2811 1820 2888; baseline 0.002 -23"><span class='ocrx_word' id='word_1_214' title='bbox 229 2811 417 2884; x_wconf 83' lang='grc' dir='ltr'>λοιμὸς</span> <span class='ocrx_word' id='word_1_215' title='bbox 449 2813 549 2867; x_wconf 88' lang='grc' dir='ltr'>ούκ</span> <span class='ocrx_word' id='word_1_216' title='bbox 579 2814 687 2868; x_wconf 73' lang='grc' dir='ltr'>ἀπὸ</span> <span class='ocrx_word' id='word_1_217' title='bbox 712 2814 821 2868; x_wconf 88' lang='grc' dir='ltr'>τῶν</span> <span class='ocrx_word' id='word_1_218' title='bbox 855 2815 1123 2886; x_wconf 85' lang='grc' dir='ltr'>σωμάτων</span> <span class='ocrx_word' id='word_1_219' title='bbox 1157 2815 1477 2886; x_wconf 90' lang='grc' dir='ltr'>τικτόμενος</span> <span class='ocrx_word' id='word_1_220' title='bbox 1507 2813 1721 2888; x_wconf 85' lang='grc' dir='ltr'>φθείρει</span> <span class='ocrx_word' id='word_1_221' title='bbox 1749 2815 1820 2869; x_wconf 87' lang='grc' dir='ltr'>τά</span> 
     </span>
    </p>
   </div>
   <div class='ocr_carea' id='block_1_29' title="bbox 235 2896 1823 2979">
    <p class='ocr_par' dir='ltr' id='par_1_29' title="bbox 235 2896 1823 2979">
     <span class='ocr_line' id='line_1_29' title="bbox 235 2896 1823 2979; baseline 0.001 -21"><span class='ocrx_word' id='word_1_222' title='bbox 235 2904 488 2977; x_wconf 85' lang='grc' dir='ltr'>σώματα,</span> <span class='ocrx_word' id='word_1_223' title='bbox 522 2907 614 2960; x_wconf 82' lang='grc' dir='ltr'>καὶ</span> <span class='ocrx_word' id='word_1_224' title='bbox 637 2908 666 2960; x_wconf 97' lang='lat'>6</span> <span class='ocrx_word' id='word_1_225' title='bbox 692 2896 1073 2979; x_wconf 56' lang='grc' dir='ltr'>τῶνέρπετῶν</span> <span class='ocrx_word' id='word_1_226' title='bbox 1106 2906 1184 2971; x_wconf 82' lang='grc' dir='ltr'>ίδς</span> <span class='ocrx_word' id='word_1_227' title='bbox 1213 2906 1430 2978; x_wconf 86' lang='grc' dir='ltr'>πρόεισι</span> <span class='ocrx_word' id='word_1_228' title='bbox 1467 2906 1564 2976; x_wconf 84' lang='grc' dir='ltr'>μὲν</span> <span class='ocrx_word' id='word_1_229' title='bbox 1592 2905 1652 2972; x_wconf 83' lang='grc' dir='ltr'>ἐξ</span> <span class='ocrx_word' id='word_1_230' title='bbox 1678 2907 1823 2960; x_wconf 82' lang='grc' dir='ltr'>ἐκεί·</span> 
     </span>
    </p>
   </div>
   <div class='ocr_carea' id='block_1_30' title="bbox 229 2995 1824 3068">
    <p class='ocr_par' dir='ltr' id='par_1_30' title="bbox 229 2995 1824 3068">
     <span class='ocr_line' id='line_1_30' title="bbox 229 2995 1824 3068; baseline -0.001 -18"><span class='ocrx_word' id='word_1_231' title='bbox 229 3013 359 3059; x_wconf 91' lang='grc' dir='ltr'>νων,</span> <span class='ocrx_word' id='word_1_232' title='bbox 394 2996 719 3068; x_wconf 83' lang='grc' dir='ltr'>λυμαίνεται</span> <span class='ocrx_word' id='word_1_233' title='bbox 739 2996 794 3050; x_wconf 79' lang='grc' dir='ltr'>δὲ</span> <span class='ocrx_word' id='word_1_234' title='bbox 826 2998 974 3068; x_wconf 79' lang='grc' dir='ltr'>ἡμᾶς</span> <span class='ocrx_word' id='word_1_235' title='bbox 1004 3009 1059 3038; x_wconf 75' lang='grc' dir='ltr'>ι·</span> <span class='ocrx_word' id='word_1_236' title='bbox 1083 2995 1225 3050; x_wconf 80' lang='grc' dir='ltr'>οὕτω</span> <span class='ocrx_word' id='word_1_237' title='bbox 1242 2996 1337 3050; x_wconf 75' lang='grc' dir='ltr'>καὶ</span> <span class='ocrx_word' id='word_1_238' title='bbox 1353 2995 1448 3050; x_wconf 81' lang='grc' dir='ltr'>ἐπὶ</span> <span class='ocrx_word' id='word_1_239' title='bbox 1480 2997 1688 3050; x_wconf 90' lang='grc' dir='ltr'>τούτων</span> <span class='ocrx_word' id='word_1_240' title='bbox 1714 2995 1824 3050; x_wconf 90' lang='grc' dir='ltr'>τῶν</span> 
     </span>
    </p>
   </div>
   <div class='ocr_carea' id='block_1_31' title="bbox 229 3086 1823 3159">
    <p class='ocr_par' dir='ltr' id='par_1_31' title="bbox 229 3086 1823 3159">
     <span class='ocr_line' id='line_1_31' title="bbox 229 3086 1823 3159; baseline 0.001 -17"><span class='ocrx_word' id='word_1_241' title='bbox 229 3087 422 3142; x_wconf 78' lang='grc' dir='ltr'>παθῶν</span> <span class='ocrx_word' id='word_1_242' title='bbox 444 3105 458 3120; x_wconf 79' lang='grc' dir='ltr'><strong>ο</strong></span> <span class='ocrx_word' id='word_1_243' title='bbox 486 3088 730 3142; x_wconf 86' lang='grc' dir='ltr'>τίκτεται</span> <span class='ocrx_word' id='word_1_244' title='bbox 755 3090 856 3157; x_wconf 76' lang='grc' dir='ltr'>μὲν</span> <span class='ocrx_word' id='word_1_245' title='bbox 874 3086 983 3141; x_wconf 83' lang='grc' dir='ltr'>ἀπὸ</span> <span class='ocrx_word' id='word_1_246' title='bbox 1001 3086 1096 3140; x_wconf 87' lang='grc' dir='ltr'>τοῦ</span> <span class='ocrx_word' id='word_1_247' title='bbox 1110 3086 1383 3159; x_wconf 87' lang='grc' dir='ltr'>σώματος.</span> <span class='ocrx_word' id='word_1_248' title='bbox 1404 3087 1497 3142; x_wconf 80' lang='grc' dir='ltr'>τὸν</span> <span class='ocrx_word' id='word_1_249' title='bbox 1523 3088 1581 3143; x_wconf 71' lang='grc' dir='ltr'>δὲ</span> <span class='ocrx_word' id='word_1_250' title='bbox 1613 3088 1691 3144; x_wconf 84' lang='grc' dir='ltr'>ίδν</span> <span class='ocrx_word' id='word_1_251' title='bbox 1722 3087 1823 3158; x_wconf 78' lang='grc' dir='ltr'>τῆς</span> 
     </span>
    </p>
   </div>
   <div class='ocr_carea' id='block_1_32' title="bbox 231 3176 1822 3251">
    <p class='ocr_par' dir='ltr' id='par_1_32' title="bbox 231 3176 1822 3251">
     <span class='ocr_line' id='line_1_32' title="bbox 231 3176 1822 3251; baseline 0.004 -23"><span class='ocrx_word' id='word_1_252' title='bbox 231 3177 444 3241; x_wconf 78' lang='grc' dir='ltr'>οἰκείας</span> <span class='ocrx_word' id='word_1_253' title='bbox 488 3177 689 3240; x_wconf 85' lang='grc' dir='ltr'>κακίας</span> <span class='ocrx_word' id='word_1_254' title='bbox 736 3177 817 3240; x_wconf 84' lang='grc' dir='ltr'>είς</span> <span class='ocrx_word' id='word_1_255' title='bbox 846 3177 945 3248; x_wconf 84' lang='grc' dir='ltr'>τὴν</span> <span class='ocrx_word' id='word_1_256' title='bbox 997 3176 1176 3249; x_wconf 67' lang='grc' dir='ltr'>ψυχὴν</span> <span class='ocrx_word' id='word_1_257' title='bbox 1206 3176 1305 3249; x_wconf 80' lang='grc' dir='ltr'>τὴν</span> <span class='ocrx_word' id='word_1_258' title='bbox 1342 3179 1616 3250; x_wconf 78' lang='grc' dir='ltr'>ἡμετέραν</span> <span class='ocrx_word' id='word_1_259' title='bbox 1649 3181 1822 3251; x_wconf 78' lang='grc' dir='ltr'>ἐκχεῖ.</span> 
     </span>
    </p>
   </div>
   <div class='ocr_carea' id='block_1_33' title="bbox 233 3267 1825 3345">
    <p class='ocr_par' dir='ltr' id='par_1_33' title="bbox 233 3267 1825 3345">
     <span class='ocr_line' id='line_1_33' title="bbox 233 3267 1825 3345; baseline 0.004 -24"><span class='ocrx_word' id='word_1_260' title='bbox 233 3268 424 3339; x_wconf 71' lang='grc' dir='ltr'>Πάσης</span> <span class='ocrx_word' id='word_1_261' title='bbox 438 3267 548 3338; x_wconf 82' lang='grc' dir='ltr'>γὰρ</span> <span class='ocrx_word' id='word_1_262' title='bbox 563 3267 886 3338; x_wconf 74' lang='grc' dir='ltr'>δαιμονικῆς</span> <span class='ocrx_word' id='word_1_263' title='bbox 919 3267 1202 3340; x_wconf 78' lang='grc' dir='ltr'>ἐνεργείας</span> <span class='ocrx_word' id='word_1_264' title='bbox 1234 3268 1644 3343; x_wconf 82' lang='grc' dir='ltr'>βλαϐερώτερον</span> <span class='ocrx_word' id='word_1_265' title='bbox 1677 3275 1711 3344; x_wconf 77' lang='grc' dir='ltr'><strong>ὴ</strong></span> <span class='ocrx_word' id='word_1_266' title='bbox 1726 3274 1825 3345; x_wconf 78' lang='grc' dir='ltr'>τῆς</span> 
     </span>
    </p>
   </div>
   <div class='ocr_carea' id='block_1_34' title="bbox 234 3359 1823 3437">
    <p class='ocr_par' dir='ltr' id='par_1_34' title="bbox 234 3359 1823 3437">
     <span class='ocr_line' id='line_1_34' title="bbox 234 3359 1823 3437; baseline 0.031 -45"><span class='ocrx_word' id='word_1_267' title='bbox 234 3359 763 3432; x_wconf 69' lang='grc' dir='ltr'>ἀθυμίαςύπερδολή</span> <span class='ocrx_word' id='word_1_268' title='bbox 783 3377 796 3390; x_wconf 86' lang='lat'><strong>-</strong></span> <span class='ocrx_word' id='word_1_269' title='bbox 816 3361 937 3414; x_wconf 74' lang='grc' dir='ltr'>ἐπεὶ</span> <span class='ocrx_word' id='word_1_270' title='bbox 957 3363 1094 3416; x_wconf 69' lang='grc' dir='ltr'>καὶὸ</span> <span class='ocrx_word' id='word_1_271' title='bbox 1113 3362 1322 3434; x_wconf 90' lang='grc' dir='ltr'>δαίμων</span> <span class='ocrx_word' id='word_1_272' title='bbox 1348 3364 1405 3416; x_wconf 76' lang='grc' dir='ltr'>ιν</span> <span class='ocrx_word' id='word_1_273' title='bbox 1430 3360 1513 3428; x_wconf 76' lang='grc' dir='ltr'>οἷς</span> <span class='ocrx_word' id='word_1_274' title='bbox 1534 3363 1600 3419; x_wconf 75' lang='grc' dir='ltr'>ἂν</span> <span class='ocrx_word' id='word_1_275' title='bbox 1626 3369 1823 3437; x_wconf 71' lang='grc' dir='ltr'>κρατῇν</span> 
     </span>
    </p>
   </div>
   <div class='ocr_carea' id='block_1_35' title="bbox 233 3449 1823 3529">
    <p class='ocr_par' dir='ltr' id='par_1_35' title="bbox 233 3449 1823 3529">
     <span class='ocr_line' id='line_1_35' title="bbox 233 3449 1823 3529; baseline 0.004 -25"><span class='ocrx_word' id='word_1_276' title='bbox 233 3451 323 3505; x_wconf 78' lang='grc' dir='ltr'>διὰ</span> <span class='ocrx_word' id='word_1_277' title='bbox 357 3449 560 3521; x_wconf 87' lang='grc' dir='ltr'>ταύτης</span> <span class='ocrx_word' id='word_1_278' title='bbox 605 3454 798 3520; x_wconf 78' lang='grc' dir='ltr'>κρατεῖ</span> <span class='ocrx_word' id='word_1_279' title='bbox 818 3469 830 3481; x_wconf 88' lang='grc'>·</span> <span class='ocrx_word' id='word_1_280' title='bbox 863 3451 966 3506; x_wconf 73' lang='grc' dir='ltr'>κᾶν</span> <span class='ocrx_word' id='word_1_281' title='bbox 999 3452 1203 3525; x_wconf 81' lang='grc' dir='ltr'>ταύτην</span> <span class='ocrx_word' id='word_1_282' title='bbox 1249 3454 1475 3528; x_wconf 73' lang='grc' dir='ltr'>ἀφέὶῃς,</span> <span class='ocrx_word' id='word_1_283' title='bbox 1510 3455 1663 3510; x_wconf 86' lang='grc' dir='ltr'>οὐδὲν</span> <span class='ocrx_word' id='word_1_284' title='bbox 1696 3459 1823 3529; x_wconf 87' lang='grc' dir='ltr'>παρ’</span> 
     </span>
    </p>
   </div>
   <div class='ocr_carea' id='block_1_36' title="bbox 232 3543 1823 3620">
    <p class='ocr_par' dir='ltr' id='par_1_36' title="bbox 232 3543 1823 3620">
     <span class='ocr_line' id='line_1_36' title="bbox 232 3543 1823 3620; baseline 0.003 -21"><span class='ocrx_word' id='word_1_285' title='bbox 232 3544 445 3599; x_wconf 80' lang='grc' dir='ltr'>ἐκείνου</span> <span class='ocrx_word' id='word_1_286' title='bbox 479 3543 725 3599; x_wconf 88' lang='grc' dir='ltr'>πείσεταί</span> <span class='ocrx_word' id='word_1_287' title='bbox 755 3562 839 3608; x_wconf 92' lang='grc' dir='ltr'>τις</span> <span class='ocrx_word' id='word_1_288' title='bbox 868 3546 1061 3605; x_wconf 84' lang='grc' dir='ltr'>δεινόν.</span> <span class='ocrx_word' id='word_1_289' title='bbox 1090 3547 1199 3600; x_wconf 72' lang='grc' dir='ltr'>Καὶ</span> <span class='ocrx_word' id='word_1_290' title='bbox 1214 3547 1330 3611; x_wconf 86' lang='grc' dir='ltr'>πῶς</span> <span class='ocrx_word' id='word_1_291' title='bbox 1354 3547 1432 3600; x_wconf 75' lang='grc' dir='ltr'>ένι</span> <span class='ocrx_word' id='word_1_292' title='bbox 1463 3547 1538 3619; x_wconf 82' lang='grc' dir='ltr'>μὴ</span> <span class='ocrx_word' id='word_1_293' title='bbox 1568 3548 1823 3620; x_wconf 84' lang='grc' dir='ltr'>ἀθυμεῖν,</span> 
     </span>
    </p>
   </div>
   <div class='ocr_carea' id='block_1_37' title="bbox 234 3635 1827 3711">
    <p class='ocr_par' dir='ltr' id='par_1_37' title="bbox 234 3635 1827 3711">
     <span class='ocr_line' id='line_1_37' title="bbox 234 3635 1827 3711; baseline 0.003 -23"><span class='ocrx_word' id='word_1_294' title='bbox 234 3636 436 3706; x_wconf 83' lang='grc' dir='ltr'>φησίν;</span> <span class='ocrx_word' id='word_1_295' title='bbox 488 3635 631 3706; x_wconf 85' lang='grc' dir='ltr'>Ἐγὼ</span> <span class='ocrx_word' id='word_1_296' title='bbox 670 3637 728 3691; x_wconf 84' lang='grc' dir='ltr'>δέ</span> <span class='ocrx_word' id='word_1_297' title='bbox 768 3654 827 3691; x_wconf 90' lang='grc' dir='ltr'>σε</span> <span class='ocrx_word' id='word_1_298' title='bbox 857 3639 1149 3711; x_wconf 80' lang='grc' dir='ltr'>ἐρήσομαι,</span> <span class='ocrx_word' id='word_1_299' title='bbox 1185 3639 1303 3703; x_wconf 90' lang='grc' dir='ltr'>πῶς</span> <span class='ocrx_word' id='word_1_300' title='bbox 1337 3641 1438 3694; x_wconf 90' lang='grc' dir='ltr'>ούκ</span> <span class='ocrx_word' id='word_1_301' title='bbox 1477 3640 1557 3695; x_wconf 82' lang='grc' dir='ltr'>ἔνι</span> <span class='ocrx_word' id='word_1_302' title='bbox 1594 3640 1670 3711; x_wconf 81' lang='grc' dir='ltr'>μὴ</span> <span class='ocrx_word' id='word_1_303' title='bbox 1697 3638 1827 3694; x_wconf 85' lang='grc' dir='ltr'>ἀθυ-</span> 
     </span>
    </p>
   </div>
   <div class='ocr_carea' id='block_1_38' title="bbox 239 3727 1826 3802">
    <p class='ocr_par' dir='ltr' id='par_1_38' title="bbox 239 3727 1826 3802">
     <span class='ocr_line' id='line_1_38' title="bbox 239 3727 1826 3802; baseline 0.003 -24"><span class='ocrx_word' id='word_1_304' title='bbox 239 3729 397 3799; x_wconf 87' lang='grc' dir='ltr'>μείν;</span> <span class='ocrx_word' id='word_1_305' title='bbox 451 3727 516 3781; x_wconf 82' lang='grc' dir='ltr'><strong>Εἰ</strong></span> <span class='ocrx_word' id='word_1_306' title='bbox 571 3727 671 3798; x_wconf 86' lang='grc' dir='ltr'>μὲν</span> <span class='ocrx_word' id='word_1_307' title='bbox 709 3728 819 3801; x_wconf 79' lang='grc' dir='ltr'>γάρ</span> <span class='ocrx_word' id='word_1_308' title='bbox 861 3730 1077 3799; x_wconf 85' lang='grc' dir='ltr'>μοιχεία</span> <span class='ocrx_word' id='word_1_309' title='bbox 1105 3730 1200 3783; x_wconf 80' lang='grc' dir='ltr'>καὶ</span> <span class='ocrx_word' id='word_1_310' title='bbox 1242 3730 1472 3802; x_wconf 81' lang='grc' dir='ltr'>φόνος,ἢ</span> <span class='ocrx_word' id='word_1_311' title='bbox 1500 3730 1629 3784; x_wconf 80' lang='grc' dir='ltr'>ἀλλο</span> <span class='ocrx_word' id='word_1_312' title='bbox 1660 3730 1713 3783; x_wconf 87' lang='grc' dir='ltr'>τί</span> <span class='ocrx_word' id='word_1_313' title='bbox 1744 3746 1826 3784; x_wconf 91' lang='grc' dir='ltr'>σοι</span> 
     </span>
    </p>
   </div>
   <div class='ocr_carea' id='block_1_39' title="bbox 234 3816 1828 3893">
    <p class='ocr_par' dir='ltr' id='par_1_39' title="bbox 234 3816 1828 3893">
     <span class='ocr_line' id='line_1_39' title="bbox 234 3816 1828 3893; baseline 0.003 -23"><span class='ocrx_word' id='word_1_314' title='bbox 234 3816 477 3872; x_wconf 83' lang='grc' dir='ltr'>τοιοῦτον</span> <span class='ocrx_word' id='word_1_315' title='bbox 505 3818 835 3890; x_wconf 84' lang='grc' dir='ltr'>τετόλμηται</span> <span class='ocrx_word' id='word_1_316' title='bbox 885 3819 992 3874; x_wconf 87' lang='grc' dir='ltr'>τῶν</span> <span class='ocrx_word' id='word_1_317' title='bbox 1020 3820 1377 3886; x_wconf 80' lang='grc' dir='ltr'>ἐκκλειόντων</span> <span class='ocrx_word' id='word_1_318' title='bbox 1404 3821 1507 3893; x_wconf 78' lang='grc' dir='ltr'>τῆς</span> <span class='ocrx_word' id='word_1_319' title='bbox 1547 3822 1828 3893; x_wconf 82' lang='grc' dir='ltr'>βασιλείας</span> 
     </span>
    </p>
   </div>
   <div class='ocr_carea' id='block_1_40' title="bbox 234 3910 1823 3983">
    <p class='ocr_par' dir='ltr' id='par_1_40' title="bbox 234 3910 1823 3983">
     <span class='ocr_line' id='line_1_40' title="bbox 234 3910 1823 3983; baseline 0.002 -20"><span class='ocrx_word' id='word_1_320' title='bbox 234 3910 346 3964; x_wconf 83' lang='grc' dir='ltr'>τῶν</span> <span class='ocrx_word' id='word_1_321' title='bbox 376 3911 643 3981; x_wconf 79' lang='grc' dir='ltr'>οὐρανῶν,</span> <span class='ocrx_word' id='word_1_322' title='bbox 678 3911 878 3983; x_wconf 88' lang='grc' dir='ltr'>ἀθύμει</span> <span class='ocrx_word' id='word_1_323' title='bbox 921 3914 1013 3966; x_wconf 78' lang='grc' dir='ltr'>καὶ</span> <span class='ocrx_word' id='word_1_324' title='bbox 1042 3914 1247 3979; x_wconf 81' lang='grc' dir='ltr'>πένθει,</span> <span class='ocrx_word' id='word_1_325' title='bbox 1278 3916 1306 3967; x_wconf 92' lang='lat'>6</span> <span class='ocrx_word' id='word_1_326' title='bbox 1334 3913 1596 3969; x_wconf 81' lang='grc' dir='ltr'>κωλύσων</span> <span class='ocrx_word' id='word_1_327' title='bbox 1627 3913 1823 3976; x_wconf 79' lang='grc' dir='ltr'>οὐδείς’</span> 
     </span>
    </p>
   </div>
   <div class='ocr_carea' id='block_1_41' title="bbox 235 4002 1827 4076">
    <p class='ocr_par' dir='ltr' id='par_1_41' title="bbox 235 4002 1827 4076">
     <span class='ocr_line' id='line_1_41' title="bbox 235 4002 1827 4076; baseline 0.003 -21"><span class='ocrx_word' id='word_1_328' title='bbox 235 4004 285 4056; x_wconf 84' lang='grc' dir='ltr'>εἰ</span> <span class='ocrx_word' id='word_1_329' title='bbox 318 4002 379 4055; x_wconf 88' lang='grc' dir='ltr'>δὲ</span> <span class='ocrx_word' id='word_1_330' title='bbox 433 4002 640 4056; x_wconf 90' lang='grc' dir='ltr'>τούτων</span> <span class='ocrx_word' id='word_1_331' title='bbox 659 4007 727 4075; x_wconf 75' lang='grc' dir='ltr'>τῇ</span> <span class='ocrx_word' id='word_1_332' title='bbox 758 4005 852 4057; x_wconf 86' lang='grc' dir='ltr'>τοῦ</span> <span class='ocrx_word' id='word_1_333' title='bbox 880 4005 1016 4058; x_wconf 88' lang='grc' dir='ltr'>Θεοῦ</span> <span class='ocrx_word' id='word_1_334' title='bbox 1044 4005 1228 4076; x_wconf 89' lang='grc' dir='ltr'>χάριτι</span> <span class='ocrx_word' id='word_1_335' title='bbox 1274 4007 1495 4061; x_wconf 88' lang='grc' dir='ltr'>πάντων</span> <span class='ocrx_word' id='word_1_336' title='bbox 1542 4005 1827 4076; x_wconf 74' lang='grc' dir='ltr'>πόρρωθεν</span> 
     </span>
    </p>
   </div>
   <div class='ocr_carea' id='block_1_42' title="bbox 238 4094 1330 4165">
    <p class='ocr_par' dir='ltr' id='par_1_42' title="bbox 238 4094 1330 4165">
     <span class='ocr_line' id='line_1_42' title="bbox 238 4094 1330 4165; baseline 0 -16"><span class='ocrx_word' id='word_1_337' title='bbox 238 4094 481 4164; x_wconf 73' lang='grc' dir='ltr'>ἕστηκας</span> <span class='ocrx_word' id='word_1_338' title='bbox 501 4133 517 4158; x_wconf 93' lang='grc'>,</span> <span class='ocrx_word' id='word_1_339' title='bbox 558 4094 611 4147; x_wconf 92' lang='grc' dir='ltr'>τί</span> <span class='ocrx_word' id='word_1_340' title='bbox 643 4095 820 4165; x_wconf 82' lang='grc' dir='ltr'>μάτην</span> <span class='ocrx_word' id='word_1_341' title='bbox 850 4096 1072 4160; x_wconf 81' lang='grc' dir='ltr'>κόπτεις</span> <span class='ocrx_word' id='word_1_342' title='bbox 1099 4097 1330 4161; x_wconf 87' lang='grc' dir='ltr'>σαυτόν;</span> 
     </span>
    </p>
   </div>
   <div class='ocr_carea' id='block_1_43' title="bbox 308 4183 1825 4259">
    <p class='ocr_par' dir='ltr' id='par_1_43' title="bbox 308 4183 1825 4259">
     <span class='ocr_line' id='line_1_43' title="bbox 308 4183 1825 4259; baseline 0.001 -20"><span class='ocrx_word' id='word_1_343' title='bbox 308 4183 372 4239; x_wconf 83' lang='grc' dir='ltr'>ιδ’</span> <span class='ocrx_word' id='word_1_344' title='bbox 376 4226 391 4240; x_wconf 93' lang='grc'>.</span> <span class='ocrx_word' id='word_1_345' title='bbox 423 4186 535 4257; x_wconf 85' lang='grc' dir='ltr'>Τὴν</span> <span class='ocrx_word' id='word_1_346' title='bbox 552 4186 661 4257; x_wconf 80' lang='grc' dir='ltr'>γάρ</span> <span class='ocrx_word' id='word_1_347' title='bbox 676 4186 913 4258; x_wconf 80' lang='grc' dir='ltr'>ἀθυμίαν</span> <span class='ocrx_word' id='word_1_348' title='bbox 930 4186 1183 4259; x_wconf 74' lang='grc' dir='ltr'>ἐνέθηκεν</span> <span class='ocrx_word' id='word_1_349' title='bbox 1198 4190 1230 4259; x_wconf 80' lang='grc' dir='ltr'>η</span> <span class='ocrx_word' id='word_1_350' title='bbox 1240 4187 1356 4259; x_wconf 85' lang='grc' dir='ltr'>μῶν</span> <span class='ocrx_word' id='word_1_351' title='bbox 1370 4189 1396 4242; x_wconf 88' lang='lat'>6</span> <span class='ocrx_word' id='word_1_352' title='bbox 1412 4187 1544 4252; x_wconf 81' lang='grc' dir='ltr'>Θεὸς</span> <span class='ocrx_word' id='word_1_353' title='bbox 1559 4190 1626 4259; x_wconf 82' lang='grc' dir='ltr'>τῇ</span> <span class='ocrx_word' id='word_1_354' title='bbox 1645 4187 1825 4257; x_wconf 83' lang='grc' dir='ltr'>φύσει,</span> 
     </span>
    </p>
   </div>
   <div class='ocr_carea' id='block_1_44' title="bbox 236 4279 1829 4354">
    <p class='ocr_par' dir='ltr' id='par_1_44' title="bbox 236 4279 1829 4354">
     <span class='ocr_line' id='line_1_44' title="bbox 236 4279 1829 4354; baseline 0.001 -21"><span class='ocrx_word' id='word_1_355' title='bbox 236 4283 335 4351; x_wconf 71' lang='grc' dir='ltr'>οὐχ</span> <span class='ocrx_word' id='word_1_356' title='bbox 369 4280 457 4336; x_wconf 79' lang='grc' dir='ltr'>ἵνα</span> <span class='ocrx_word' id='word_1_357' title='bbox 486 4279 672 4344; x_wconf 86' lang='grc' dir='ltr'>ἁπλῶς</span> <span class='ocrx_word' id='word_1_358' title='bbox 726 4282 822 4335; x_wconf 76' lang='grc' dir='ltr'>καὶ</span> <span class='ocrx_word' id='word_1_359' title='bbox 862 4281 1106 4354; x_wconf 80' lang='grc' dir='ltr'>ἀκαίρως</span> <span class='ocrx_word' id='word_1_360' title='bbox 1156 4282 1251 4335; x_wconf 75' lang='grc' dir='ltr'>καὶ</span> <span class='ocrx_word' id='word_1_361' title='bbox 1300 4283 1357 4335; x_wconf 88' lang='grc' dir='ltr'>ἐν</span> <span class='ocrx_word' id='word_1_362' title='bbox 1403 4285 1517 4346; x_wconf 74' lang='grc' dir='ltr'>τοῖς</span> <span class='ocrx_word' id='word_1_363' title='bbox 1564 4280 1829 4347; x_wconf 84' lang='grc' dir='ltr'>ἐναντίοις</span> 
     </span>
    </p>
   </div>
   <div class='ocr_carea' id='block_1_45' title="bbox 237 4370 1829 4446">
    <p class='ocr_par' dir='ltr' id='par_1_45' title="bbox 237 4370 1829 4446">
     <span class='ocr_line' id='line_1_45' title="bbox 237 4370 1829 4446; baseline 0.001 -19"><span class='ocrx_word' id='word_1_364' title='bbox 237 4374 375 4443; x_wconf 63' lang='grc' dir='ltr'>αὐτῇ</span> <span class='ocrx_word' id='word_1_365' title='bbox 415 4370 675 4444; x_wconf 81' lang='grc' dir='ltr'>χρώμεθα</span> <span class='ocrx_word' id='word_1_366' title='bbox 709 4372 1051 4445; x_wconf 74' lang='grc' dir='ltr'>πράγμασιν,</span> <span class='ocrx_word' id='word_1_367' title='bbox 1094 4373 1203 4427; x_wconf 78' lang='grc' dir='ltr'>ούδ⁴</span> <span class='ocrx_word' id='word_1_368' title='bbox 1243 4374 1329 4427; x_wconf 75' lang='grc' dir='ltr'>ἵνα</span> <span class='ocrx_word' id='word_1_369' title='bbox 1360 4372 1670 4446; x_wconf 79' lang='grc' dir='ltr'>φθείρωμεν</span> <span class='ocrx_word' id='word_1_370' title='bbox 1704 4374 1829 4429; x_wconf 77' lang='grc' dir='ltr'>ἐαυ-</span> 
     </span>
    </p>
   </div>
   <div class='ocr_carea' id='block_1_46' title="bbox 236 4464 1830 4538">
    <p class='ocr_par' dir='ltr' id='par_1_46' title="bbox 236 4464 1830 4538">
     <span class='ocr_line' id='line_1_46' title="bbox 236 4464 1830 4538; baseline 0.003 -22"><span class='ocrx_word' id='word_1_371' title='bbox 236 4467 386 4532; x_wconf 73' lang='grc' dir='ltr'>τοὺς,</span> <span class='ocrx_word' id='word_1_372' title='bbox 418 4465 645 4520; x_wconf 83' lang='grc' dir='ltr'>ἀλλ’ἵνα</span> <span class='ocrx_word' id='word_1_373' title='bbox 672 4466 743 4520; x_wconf 83' lang='grc' dir='ltr'>τά</span> <span class='ocrx_word' id='word_1_374' title='bbox 770 4465 1003 4536; x_wconf 84' lang='grc' dir='ltr'>μέγιστα</span> <span class='ocrx_word' id='word_1_375' title='bbox 1023 4464 1374 4538; x_wconf 88' lang='grc' dir='ltr'>κερδάνωμεν</span> <span class='ocrx_word' id='word_1_376' title='bbox 1399 4464 1458 4530; x_wconf 79' lang='grc' dir='ltr'>ἐξ</span> <span class='ocrx_word' id='word_1_377' title='bbox 1482 4466 1675 4536; x_wconf 77' lang='grc' dir='ltr'>αὐτῆς.</span> <span class='ocrx_word' id='word_1_378' title='bbox 1703 4466 1830 4532; x_wconf 87' lang='grc' dir='ltr'>Πῶς</span> 
     </span>
    </p>
   </div>
   <div class='ocr_carea' id='block_1_47' title="bbox 237 4556 1841 4631">
    <p class='ocr_par' dir='ltr' id='par_1_47' title="bbox 237 4556 1841 4631">
     <span class='ocr_line' id='line_1_47' title="bbox 237 4556 1841 4631; baseline 0.001 -22"><span class='ocrx_word' id='word_1_379' title='bbox 237 4557 294 4609; x_wconf 80' lang='grc' dir='ltr'>δὲ</span> <span class='ocrx_word' id='word_1_380' title='bbox 329 4557 586 4629; x_wconf 83' lang='grc' dir='ltr'>κερδᾶναι</span> <span class='ocrx_word' id='word_1_381' title='bbox 616 4556 793 4623; x_wconf 79' lang='grc' dir='ltr'>ἔστιν;</span> <span class='ocrx_word' id='word_1_382' title='bbox 814 4557 980 4610; x_wconf 88' lang='grc' dir='ltr'>Ὅταν</span> <span class='ocrx_word' id='word_1_383' title='bbox 1014 4556 1094 4620; x_wconf 89' lang='grc' dir='ltr'>είς</span> <span class='ocrx_word' id='word_1_384' title='bbox 1124 4560 1313 4627; x_wconf 73' lang='grc' dir='ltr'>καιρὸν</span> <span class='ocrx_word' id='word_1_385' title='bbox 1348 4556 1517 4627; x_wconf 76' lang='grc' dir='ltr'>αὐτὴν</span> <span class='ocrx_word' id='word_1_386' title='bbox 1544 4558 1841 4631; x_wconf 69' lang='grc' dir='ltr'>παραλαμρ-</span> 
     </span>
    </p>
   </div>
   <div class='ocr_carea' id='block_1_48' title="bbox 241 4648 1835 4722">
    <p class='ocr_par' dir='ltr' id='par_1_48' title="bbox 241 4648 1835 4722">
     <span class='ocr_line' id='line_1_48' title="bbox 241 4648 1835 4722; baseline 0.003 -22"><span class='ocrx_word' id='word_1_387' title='bbox 241 4649 523 4721; x_wconf 78' lang='grc' dir='ltr'>ϐάνωμεν·</span> <span class='ocrx_word' id='word_1_388' title='bbox 562 4650 754 4722; x_wconf 82' lang='grc' dir='ltr'>καιρὸς</span> <span class='ocrx_word' id='word_1_389' title='bbox 781 4649 825 4703; x_wconf 79' lang='grc' dir='ltr'>δ’</span> <span class='ocrx_word' id='word_1_390' title='bbox 856 4648 1095 4720; x_wconf 82' lang='grc' dir='ltr'>ἀθυμίας</span> <span class='ocrx_word' id='word_1_391' title='bbox 1129 4648 1229 4721; x_wconf 85' lang='grc' dir='ltr'>ούχ</span> <span class='ocrx_word' id='word_1_392' title='bbox 1247 4650 1376 4702; x_wconf 81' lang='grc' dir='ltr'>ὅταν</span> <span class='ocrx_word' id='word_1_393' title='bbox 1397 4648 1699 4721; x_wconf 83' lang='grc' dir='ltr'>πάσχωμεν</span> <span class='ocrx_word' id='word_1_394' title='bbox 1732 4668 1835 4705; x_wconf 82' lang='grc' dir='ltr'>κα·-</span> 
     </span>
    </p>
   </div>
   <div class='ocr_carea' id='block_1_49' title="bbox 241 4740 1831 4815">
    <p class='ocr_par' dir='ltr' id='par_1_49' title="bbox 241 4740 1831 4815">
     <span class='ocr_line' id='line_1_49' title="bbox 241 4740 1831 4815; baseline 0.001 -18"><span class='ocrx_word' id='word_1_395' title='bbox 241 4740 374 4807; x_wconf 76' lang='grc' dir='ltr'>κῶς,</span> <span class='ocrx_word' id='word_1_396' title='bbox 410 4742 526 4797; x_wconf 79' lang='grc' dir='ltr'>ἀλλ’</span> <span class='ocrx_word' id='word_1_397' title='bbox 569 4744 699 4797; x_wconf 80' lang='grc' dir='ltr'>ὅταν</span> <span class='ocrx_word' id='word_1_398' title='bbox 736 4741 955 4814; x_wconf 86' lang='grc' dir='ltr'>δρῶμεν</span> <span class='ocrx_word' id='word_1_399' title='bbox 991 4740 1174 4806; x_wconf 88' lang='grc' dir='ltr'>κακῶς</span> <span class='ocrx_word' id='word_1_400' title='bbox 1196 4755 1212 4771; x_wconf 99' lang='grc'>⁸</span> <span class='ocrx_word' id='word_1_401' title='bbox 1244 4744 1410 4813; x_wconf 76' lang='grc' dir='ltr'>ἡμεῖς</span> <span class='ocrx_word' id='word_1_402' title='bbox 1451 4741 1509 4796; x_wconf 84' lang='grc' dir='ltr'>δὲ</span> <span class='ocrx_word' id='word_1_403' title='bbox 1546 4742 1645 4815; x_wconf 82' lang='grc' dir='ltr'>τὴν</span> <span class='ocrx_word' id='word_1_404' title='bbox 1679 4743 1831 4809; x_wconf 82' lang='grc' dir='ltr'>τάξιν</span> 
     </span>
    </p>
   </div>
   <div class='ocr_carea' id='block_1_50' title="bbox 246 4832 1833 4908">
    <p class='ocr_par' dir='ltr' id='par_1_50' title="bbox 246 4832 1833 4908">
     <span class='ocr_line' id='line_1_50' title="bbox 246 4832 1833 4908; baseline 0.001 -20"><span class='ocrx_word' id='word_1_405' title='bbox 246 4835 683 4908; x_wconf 75' lang='grc' dir='ltr'>ἀνεστρέψαμεν,</span> <span class='ocrx_word' id='word_1_406' title='bbox 717 4833 956 4898; x_wconf 75' lang='grc' dir='ltr'>καὶτοὺς</span> <span class='ocrx_word' id='word_1_407' title='bbox 974 4832 1202 4905; x_wconf 77' lang='grc' dir='ltr'>καιροὺς</span> <span class='ocrx_word' id='word_1_408' title='bbox 1226 4832 1700 4905; x_wconf 81' lang='grc' dir='ltr'>ἀντηλλαξάμεθα,</span> <span class='ocrx_word' id='word_1_409' title='bbox 1737 4835 1833 4892; x_wconf 81' lang='grc' dir='ltr'>καὶ</span> 
     </span>
    </p>
   </div>
   <div class='ocr_carea' id='block_1_51' title="bbox 244 4924 1822 5000">
    <p class='ocr_par' dir='ltr' id='par_1_51' title="bbox 244 4924 1822 5000">
     <span class='ocr_line' id='line_1_51' title="bbox 244 4924 1822 5000; baseline -0.001 -19"><span class='ocrx_word' id='word_1_410' title='bbox 244 4925 524 4991; x_wconf 86' lang='grc' dir='ltr'>ποιοῦντες</span> <span class='ocrx_word' id='word_1_411' title='bbox 550 4926 649 4999; x_wconf 78' lang='grc' dir='ltr'>μὲν</span> <span class='ocrx_word' id='word_1_412' title='bbox 678 4926 848 5000; x_wconf 87' lang='grc' dir='ltr'>μυρία</span> <span class='ocrx_word' id='word_1_413' title='bbox 881 4925 1029 4980; x_wconf 88' lang='grc' dir='ltr'>κακά</span> <span class='ocrx_word' id='word_1_414' title='bbox 1046 4964 1061 4987; x_wconf 91' lang='grc'>,</span> <span class='ocrx_word' id='word_1_415' title='bbox 1085 4924 1205 4978; x_wconf 84' lang='grc' dir='ltr'>οὑδέ</span> <span class='ocrx_word' id='word_1_416' title='bbox 1222 4924 1362 4996; x_wconf 77' lang='grc' dir='ltr'>πρὸς</span> <span class='ocrx_word' id='word_1_417' title='bbox 1384 4924 1560 4997; x_wconf 77' lang='grc' dir='ltr'>βραχὺ</span> <span class='ocrx_word' id='word_1_418' title='bbox 1597 4926 1822 4980; x_wconf 70' lang='grc' dir='ltr'>συστελο</span> 
     </span>
    </p>
   </div>
   <div class='ocr_carea' id='block_1_52' title="bbox 239 5016 1831 5094">
    <p class='ocr_par' dir='ltr' id='par_1_52' title="bbox 239 5016 1831 5094">
     <span class='ocr_line' id='line_1_52' title="bbox 239 5016 1831 5094; baseline 0.001 -22"><span class='ocrx_word' id='word_1_419' title='bbox 239 5018 447 5089; x_wconf 75' lang='grc' dir='ltr'>λόμεθα</span> <span class='ocrx_word' id='word_1_420' title='bbox 463 5036 477 5051; x_wconf 91' lang='grc'>⁸</span> <span class='ocrx_word' id='word_1_421' title='bbox 501 5019 570 5094; x_wconf 72' lang='grc' dir='ltr'>ἢν</span> <span class='ocrx_word' id='word_1_422' title='bbox 597 5018 654 5072; x_wconf 79' lang='grc' dir='ltr'>δέ</span> <span class='ocrx_word' id='word_1_423' title='bbox 675 5017 871 5091; x_wconf 86' lang='grc' dir='ltr'>μικρόν</span> <span class='ocrx_word' id='word_1_424' title='bbox 884 5035 939 5072; x_wconf 91' lang='grc' dir='ltr'>τι</span> <span class='ocrx_word' id='word_1_425' title='bbox 969 5016 1099 5089; x_wconf 82' lang='grc' dir='ltr'>παρ’</span> <span class='ocrx_word' id='word_1_426' title='bbox 1115 5016 1337 5073; x_wconf 76' lang='grc' dir='ltr'>ὁτουοῦν</span> <span class='ocrx_word' id='word_1_427' title='bbox 1353 5017 1640 5089; x_wconf 82' lang='grc' dir='ltr'>πάθωμεν,</span> <span class='ocrx_word' id='word_1_428' title='bbox 1662 5036 1831 5075; x_wconf 85' lang='grc' dir='ltr'>κατα-</span> 
     </span>
    </p>
   </div>
   <div class='ocr_carea' id='block_1_53' title="bbox 242 5107 1831 5184">
    <p class='ocr_par' dir='ltr' id='par_1_53' title="bbox 242 5107 1831 5184">
     <span class='ocr_line' id='line_1_53' title="bbox 242 5107 1831 5184; baseline 0.002 -22"><span class='ocrx_word' id='word_1_429' title='bbox 242 5110 540 5180; x_wconf 81' lang='grc' dir='ltr'>πίπτομεν,</span> <span class='ocrx_word' id='word_1_430' title='bbox 578 5107 921 5183; x_wconf 84' lang='grc' dir='ltr'>ίλιγγιῶμεν,</span> <span class='ocrx_word' id='word_1_431' title='bbox 978 5108 1362 5181; x_wconf 82' lang='grc' dir='ltr'>ἀπαλλαγῆναι</span> <span class='ocrx_word' id='word_1_432' title='bbox 1396 5109 1490 5165; x_wconf 78' lang='grc' dir='ltr'>καὶ</span> <span class='ocrx_word' id='word_1_433' title='bbox 1526 5108 1831 5184; x_wconf 76' lang='grc' dir='ltr'>ἀποστῆναι</span> 
     </span>
    </p>
   </div>
   <div class='ocr_carea' id='block_1_54' title="bbox 238 5200 836 5274">
    <p class='ocr_par' dir='ltr' id='par_1_54' title="bbox 238 5200 836 5274">
     <span class='ocr_line' id='line_1_54' title="bbox 238 5200 836 5274; baseline -0.002 -15"><span class='ocrx_word' id='word_1_434' title='bbox 238 5200 337 5259; x_wconf 75' lang='grc' dir='ltr'>τοῦ</span> <span class='ocrx_word' id='word_1_435' title='bbox 368 5200 484 5272; x_wconf 83' lang='grc' dir='ltr'>βίου</span> <span class='ocrx_word' id='word_1_436' title='bbox 514 5200 836 5274; x_wconf 76' lang='grc' dir='ltr'>σπεύδομεν.</span> 
     </span>
    </p>
   </div>
   <div class='ocr_carea' id='block_1_55' title="bbox 315 5292 1830 5371">
    <p class='ocr_par' dir='ltr' id='par_1_55' title="bbox 315 5292 1830 5371">
     <span class='ocr_line' id='line_1_55' title="bbox 315 5292 1830 5371; baseline 0.003 -24"><span class='ocrx_word' id='word_1_437' title='bbox 315 5292 604 5365; x_wconf 85' lang='grc' dir='ltr'>Τοιγάρτοι</span> <span class='ocrx_word' id='word_1_438' title='bbox 631 5293 719 5348; x_wconf 84' lang='grc' dir='ltr'>διὰ</span> <span class='ocrx_word' id='word_1_439' title='bbox 738 5292 898 5348; x_wconf 87' lang='grc' dir='ltr'>τοῦτο</span> <span class='ocrx_word' id='word_1_440' title='bbox 919 5294 1177 5367; x_wconf 71' lang='grc' dir='ltr'>φορτικὸν</span> <span class='ocrx_word' id='word_1_441' title='bbox 1201 5295 1295 5350; x_wconf 74' lang='grc' dir='ltr'>καὶ</span> <span class='ocrx_word' id='word_1_442' title='bbox 1329 5294 1470 5368; x_wconf 80' lang='grc' dir='ltr'>βαρὺ</span> <span class='ocrx_word' id='word_1_443' title='bbox 1506 5295 1567 5351; x_wconf 87' lang='grc' dir='ltr'>τδ</span> <span class='ocrx_word' id='word_1_444' title='bbox 1596 5298 1830 5371; x_wconf 82' lang='grc' dir='ltr'>πρᾶγμα</span> 
     </span>
    </p>
   </div>
   <div class='ocr_carea' id='block_1_56' title="bbox 240 5377 1833 5457">
    <p class='ocr_par' dir='ltr' id='par_1_56' title="bbox 240 5377 1833 5457">
     <span class='ocr_line' id='line_1_56' title="bbox 240 5377 1833 5457; baseline -0.002 -18"><span class='ocrx_word' id='word_1_445' title='bbox 240 5378 384 5439; x_wconf 81' lang='grc' dir='ltr'>εἶναι</span> <span class='ocrx_word' id='word_1_446' title='bbox 418 5386 549 5457; x_wconf 79' lang='grc' dir='ltr'>ἡμῖν</span> <span class='ocrx_word' id='word_1_447' title='bbox 573 5385 740 5448; x_wconf 82' lang='grc' dir='ltr'>δοκεῖ,</span> <span class='ocrx_word' id='word_1_448' title='bbox 774 5377 1074 5457; x_wconf 83' lang='grc' dir='ltr'>ὦσπεροῦν</span> <span class='ocrx_word' id='word_1_449' title='bbox 1092 5384 1188 5439; x_wconf 74' lang='grc' dir='ltr'>καὶ</span> <span class='ocrx_word' id='word_1_450' title='bbox 1209 5386 1239 5438; x_wconf 89' lang='lat'>6</span> <span class='ocrx_word' id='word_1_451' title='bbox 1267 5383 1438 5455; x_wconf 79' lang='grc' dir='ltr'>θυμὸς</span> <span class='ocrx_word' id='word_1_452' title='bbox 1459 5383 1555 5438; x_wconf 84' lang='grc' dir='ltr'>καὶ</span> <span class='ocrx_word' id='word_1_453' title='bbox 1580 5384 1616 5455; x_wconf 76' lang='grc' dir='ltr'>ἡ</span> <span class='ocrx_word' id='word_1_454' title='bbox 1642 5382 1833 5438; x_wconf 75' lang='grc' dir='ltr'>ἐπιθυ-</span> 
     </span>
    </p>
   </div>
   <div class='ocr_carea' id='block_1_57' title="bbox 243 5472 1830 5549">
    <p class='ocr_par' dir='ltr' id='par_1_57' title="bbox 243 5472 1830 5549">
     <span class='ocr_line' id='line_1_57' title="bbox 243 5472 1830 5549; baseline -0.002 -18"><span class='ocrx_word' id='word_1_455' title='bbox 243 5478 363 5549; x_wconf 88' lang='grc' dir='ltr'>μία.</span> <span class='ocrx_word' id='word_1_456' title='bbox 392 5476 503 5531; x_wconf 74' lang='grc' dir='ltr'>Καὶ</span> <span class='ocrx_word' id='word_1_457' title='bbox 518 5474 629 5548; x_wconf 90' lang='grc' dir='ltr'>γάρ</span> <span class='ocrx_word' id='word_1_458' title='bbox 643 5476 738 5530; x_wconf 80' lang='grc' dir='ltr'>καὶ</span> <span class='ocrx_word' id='word_1_459' title='bbox 753 5474 925 5530; x_wconf 86' lang='grc' dir='ltr'>ταῦτα</span> <span class='ocrx_word' id='word_1_460' title='bbox 942 5475 991 5529; x_wconf 87' lang='grc' dir='ltr'>οί</span> <span class='ocrx_word' id='word_1_461' title='bbox 1025 5474 1099 5548; x_wconf 77' lang='grc' dir='ltr'><strong>μὴ</strong></span> <span class='ocrx_word' id='word_1_462' title='bbox 1125 5473 1462 5547; x_wconf 85' lang='grc' dir='ltr'>χρησάμενοι</span> <span class='ocrx_word' id='word_1_463' title='bbox 1489 5472 1671 5537; x_wconf 90' lang='grc' dir='ltr'>καλῶς</span> <span class='ocrx_word' id='word_1_464' title='bbox 1694 5472 1830 5546; x_wconf 77' lang='grc' dir='ltr'>μηδὲ</span> 
     </span>
    </p>
   </div>
   <div class='ocr_carea' id='block_1_58' title="bbox 239 5559 1832 5638">
    <p class='ocr_par' dir='ltr' id='par_1_58' title="bbox 239 5559 1832 5638">
     <span class='ocr_line' id='line_1_58' title="bbox 239 5559 1832 5638; baseline -0.003 -15"><span class='ocrx_word' id='word_1_465' title='bbox 239 5573 322 5633; x_wconf 79' lang='grc' dir='ltr'>εἰς</span> <span class='ocrx_word' id='word_1_466' title='bbox 358 5567 478 5623; x_wconf 81' lang='grc' dir='ltr'>δέον</span> <span class='ocrx_word' id='word_1_467' title='bbox 509 5567 754 5623; x_wconf 76' lang='grc' dir='ltr'>διέϐαλον</span> <span class='ocrx_word' id='word_1_468' title='bbox 796 5567 856 5607; x_wconf 72' lang='grc' dir='ltr'>δ’</span> <span class='ocrx_word' id='word_1_469' title='bbox 902 5567 999 5622; x_wconf 68' lang='grc' dir='ltr'>καὶ</span> <span class='ocrx_word' id='word_1_470' title='bbox 1032 5564 1320 5638; x_wconf 89' lang='grc' dir='ltr'>συμϐαίνει</span> <span class='ocrx_word' id='word_1_471' title='bbox 1371 5563 1568 5631; x_wconf 83' lang='grc' dir='ltr'>ταυτὸ,</span> <span class='ocrx_word' id='word_1_472' title='bbox 1601 5559 1712 5620; x_wconf 74' lang='grc' dir='ltr'>οἷον</span> <span class='ocrx_word' id='word_1_473' title='bbox 1737 5564 1832 5619; x_wconf 69' lang='grc' dir='ltr'>ἐπὶ</span> 
     </span>
    </p>
   </div>
   <div class='ocr_carea' id='block_1_59' title="bbox 240 5655 1831 5735">
    <p class='ocr_par' dir='ltr' id='par_1_59' title="bbox 240 5655 1831 5735">
     <span class='ocr_line' id='line_1_59' title="bbox 240 5655 1831 5735; baseline -0.003 -21"><span class='ocrx_word' id='word_1_474' title='bbox 240 5660 350 5716; x_wconf 86' lang='grc' dir='ltr'>τῶν</span> <span class='ocrx_word' id='word_1_475' title='bbox 380 5662 689 5735; x_wconf 77' lang='grc' dir='ltr'>φαρμάκων</span> <span class='ocrx_word' id='word_1_476' title='bbox 717 5659 826 5713; x_wconf 88' lang='grc' dir='ltr'>τῶν</span> <span class='ocrx_word' id='word_1_477' title='bbox 863 5656 1013 5730; x_wconf 84' lang='grc' dir='ltr'>παρά</span> <span class='ocrx_word' id='word_1_478' title='bbox 1037 5657 1146 5712; x_wconf 88' lang='grc' dir='ltr'>τῶν</span> <span class='ocrx_word' id='word_1_479' title='bbox 1169 5656 1369 5729; x_wconf 84' lang='grc' dir='ltr'>ίατρῶν</span> <span class='ocrx_word' id='word_1_480' title='bbox 1383 5655 1675 5727; x_wconf 79' lang='grc' dir='ltr'>διδομένων</span> <span class='ocrx_word' id='word_1_481' title='bbox 1695 5673 1709 5688; x_wconf 86' lang='grc'>⁸</span> <span class='ocrx_word' id='word_1_482' title='bbox 1738 5656 1831 5710; x_wconf 71' lang='grc' dir='ltr'>καὶ</span> 
     </span>
    </p>
   </div>
   <div class='ocr_carea' id='block_1_60' title="bbox 304 5778 959 5835">
    <p class='ocr_par' dir='ltr' id='par_1_60' title="bbox 304 5778 959 5835">
     <span class='ocr_line' id='line_1_60' title="bbox 304 5778 959 5835; baseline 0 -9"><span class='ocrx_word' id='word_1_483' title='bbox 304 5781 330 5810; x_wconf 76' lang='grc'><strong>⁸</strong></span> <span class='ocrx_word' id='word_1_484' title='bbox 359 5778 531 5827; x_wconf 71' lang='lat' dir='ltr'>Morel.</span> <span class='ocrx_word' id='word_1_485' title='bbox 559 5779 692 5835; x_wconf 83' lang='grc' dir='ltr'>ἡμῖν,</span> <span class='ocrx_word' id='word_1_486' title='bbox 715 5778 796 5827; x_wconf 72' lang='lat' dir='ltr'><strong>alii</strong></span> <span class='ocrx_word' id='word_1_487' title='bbox 817 5779 959 5835; x_wconf 71' lang='grc' dir='ltr'>ἡμᾶς.</span> 
     </span>
    </p>
   </div>
   <div class='ocr_carea' id='block_1_61' title="bbox 300 5793 1818 5889">
    <p class='ocr_par' dir='ltr' id='par_1_61' title="bbox 300 5793 1818 5889">
     <span class='ocr_line' id='line_1_61' title="bbox 304 5793 959 5837; baseline 0 -11"><span class='ocrx_word' id='word_1_488' title='bbox 304 5793 330 5810; x_wconf 90' lang='grc'>··</span> <span class='ocrx_word' id='word_1_489' title='bbox 361 5793 531 5827; x_wconf 72' lang='grc' dir='ltr'>νιος-ει.</span> <span class='ocrx_word' id='word_1_490' title='bbox 559 5793 591 5835; x_wconf 80' lang='grc' dir='ltr'>η</span> <span class='ocrx_word' id='word_1_491' title='bbox 647 5795 692 5837; x_wconf 88' lang='grc' dir='ltr'>ν,</span> <span class='ocrx_word' id='word_1_492' title='bbox 715 5793 796 5827; x_wconf 76' lang='lat' dir='ltr'><strong>am</strong></span> <span class='ocrx_word' id='word_1_493' title='bbox 817 5793 847 5834; x_wconf 74' lang='grc' dir='ltr'>η</span> <span class='ocrx_word' id='word_1_494' title='bbox 922 5793 959 5831; x_wconf 83' lang='grc' dir='ltr'>ς.</span> 
     </span>
     <span class='ocr_line' id='line_1_62' title="bbox 300 5793 1818 5889; baseline -0.001 -1"><span class='ocrx_word' id='word_1_495' title='bbox 300 5839 331 5879; x_wconf 76' lang='grc' dir='ltr'>ιι</span> <span class='ocrx_word' id='word_1_496' title='bbox 356 5840 493 5888; x_wconf 68' lang='lat' dir='ltr'>linus</span> <span class='ocrx_word' id='word_1_497' title='bbox 525 5795 660 5889; x_wconf 57' lang='lat'><em>006;.</em></span> <span class='ocrx_word' id='word_1_498' title='bbox 684 5793 956 5888; x_wconf 51' lang='grc' dir='ltr'>συνέϐαςῗν.</span> <span class='ocrx_word' id='word_1_499' title='bbox 1000 5837 1099 5886; x_wconf 78' lang='lat' dir='ltr'><strong>Alii</strong></span> <span class='ocrx_word' id='word_1_500' title='bbox 1141 5849 1258 5884; x_wconf 74' lang='lat' dir='ltr'>vero</span> <span class='ocrx_word' id='word_1_501' title='bbox 1290 5838 1449 5887; x_wconf 86' lang='lat' dir='ltr'>minus</span> <span class='ocrx_word' id='word_1_502' title='bbox 1482 5843 1622 5888; x_wconf 78' lang='lat' dir='ltr'><strong>recte</strong></span> <span class='ocrx_word' id='word_1_503' title='bbox 1662 5836 1818 5886; x_wconf 76' lang='grc' dir='ltr'>διέϐα-</span> 
     </span>
    </p>
   </div>
   <div class='ocr_carea' id='block_1_62' title="bbox 236 5900 1277 5965">
    <p class='ocr_par' dir='ltr' id='par_1_62' title="bbox 236 5900 1277 5965">
     <span class='ocr_line' id='line_1_63' title="bbox 236 5900 1277 5965; baseline -0.007 -12"><span class='ocrx_word' id='word_1_504' title='bbox 236 5907 337 5965; x_wconf 65' lang='grc' dir='ltr'>λον.</span> <span class='ocrx_word' id='word_1_505' title='bbox 366 5902 467 5953; x_wconf 86' lang='lat' dir='ltr'><strong>lmo</strong></span> <span class='ocrx_word' id='word_1_506' title='bbox 489 5902 691 5961; x_wconf 72' lang='lat' dir='ltr'>I&#39;BCliUS,</span> <span class='ocrx_word' id='word_1_507' title='bbox 714 5906 860 5964; x_wconf 71' lang='lat' dir='ltr'>atque</span> <span class='ocrx_word' id='word_1_508' title='bbox 886 5900 932 5950; x_wconf 79' lang='lat' dir='ltr'>Id</span> <span class='ocrx_word' id='word_1_509' title='bbox 956 5900 1277 5949; x_wconf 73' lang='lat' dir='ltr'>rcsdluimus.</span> 
     </span>
    </p>
   </div>
   <div class='ocr_carea' id='block_1_63' title="bbox 893 5781 916 5792">
    <p class='ocr_par' dir='ltr' id='par_1_63' title="bbox 893 5781 916 5792">
     <span class='ocr_line' id='line_1_64' title="bbox 893 5781 916 5792; baseline 0 -2"><span class='ocrx_word' id='word_1_510' title='bbox 893 5781 916 5792; x_wconf 69' lang='grc' dir='ltr'>..ι</span> 
     </span>
    </p>
   </div>
   <div class='ocr_carea' id='block_1_64' title="bbox 679 5776 847 5837">
    <p class='ocr_par' dir='ltr' id='par_1_64' title="bbox 679 5776 847 5837">
     <span class='ocr_line' id='line_1_65' title="bbox 679 5776 847 5837; baseline -0.006 -10"><span class='ocrx_word' id='word_1_511' title='bbox 679 5815 692 5837; x_wconf 91' lang='grc'>,</span> <span class='ocrx_word' id='word_1_512' title='bbox 715 5776 796 5827; x_wconf 74' lang='lat' dir='ltr'><strong>alii</strong></span> <span class='ocrx_word' id='word_1_513' title='bbox 817 5779 847 5834; x_wconf 71' lang='grc' dir='ltr'>ἡ</span> 
     </span>
    </p>
   </div>
   <div class='ocr_carea' id='block_1_65' title="bbox 1042 284 2688 350">
    <p class='ocr_par' dir='ltr' id='par_1_65' title="bbox 1042 284 2688 350">
     <span class='ocr_line' id='line_1_66' title="bbox 1042 284 2688 350; baseline 0.002 -4"><span class='ocrx_word' id='word_1_514' title='bbox 1042 288 1138 346; x_wconf 77' lang='grc' dir='ltr'>ΔΙ)</span> <span class='ocrx_word' id='word_1_515' title='bbox 1173 284 1556 346; x_wconf 71' lang='grc' dir='ltr'>δΤΑοιιιιυλί</span> <span class='ocrx_word' id='word_1_516' title='bbox 1594 288 1636 343; x_wconf 82' lang='grc' dir='ltr'><strong>Α</strong></span> <span class='ocrx_word' id='word_1_517' title='bbox 1680 286 1988 345; x_wconf 65' lang='grc' dir='ltr'>ΒΕΜΟΝΕ</span> <span class='ocrx_word' id='word_1_518' title='bbox 2026 288 2387 350; x_wconf 67' lang='lat' dir='ltr'>VEXATUI.</span> <span class='ocrx_word' id='word_1_519' title='bbox 2426 292 2559 349; x_wconf 85' lang='lat' dir='ltr'>LIB.</span> <span class='ocrx_word' id='word_1_520' title='bbox 2600 293 2688 350; x_wconf 80' lang='lat' dir='ltr'>III.</span> 
     </span>
    </p>
   </div>
   <div class='ocr_carea' id='block_1_66' title="bbox 3382 293 3490 351">
    <p class='ocr_par' dir='ltr' id='par_1_66' title="bbox 3382 293 3490 351">
     <span class='ocr_line' id='line_1_67' title="bbox 3382 293 3490 351; baseline -0.028 0"><span class='ocrx_word' id='word_1_521' title='bbox 3382 293 3490 351; x_wconf 68' lang='grc' dir='ltr'><strong>4θί</strong></span> 
     </span>
    </p>
   </div>
   <div class='ocr_carea' id='block_1_67' title="bbox 1911 407 3492 486">
    <p class='ocr_par' dir='ltr' id='par_1_67' title="bbox 1911 407 3492 486">
     <span class='ocr_line' id='line_1_68' title="bbox 1911 407 3492 486; baseline 0.008 -26"><span class='ocrx_word' id='word_1_522' title='bbox 1911 407 2019 481; x_wconf 73' lang='grc' dir='ltr'>γάρ</span> <span class='ocrx_word' id='word_1_523' title='bbox 2048 411 2234 466; x_wconf 81' lang='grc' dir='ltr'>ἐκεῖνα</span> <span class='ocrx_word' id='word_1_524' title='bbox 2273 411 2402 466; x_wconf 78' lang='grc' dir='ltr'>ὅταν</span> <span class='ocrx_word' id='word_1_525' title='bbox 2445 412 2520 485; x_wconf 78' lang='grc' dir='ltr'>μὴ</span> <span class='ocrx_word' id='word_1_526' title='bbox 2566 415 2679 475; x_wconf 84' lang='grc' dir='ltr'>τοῖς</span> <span class='ocrx_word' id='word_1_527' title='bbox 2708 410 3086 484; x_wconf 85' lang='grc' dir='ltr'>καταλλήλοις,</span> <span class='ocrx_word' id='word_1_528' title='bbox 3117 412 3213 469; x_wconf 68' lang='grc' dir='ltr'>καὶ</span> <span class='ocrx_word' id='word_1_529' title='bbox 3241 413 3380 486; x_wconf 70' lang='grc' dir='ltr'>ὑπὲρ</span> <span class='ocrx_word' id='word_1_530' title='bbox 3411 410 3492 473; x_wconf 81' lang='grc' dir='ltr'>ὧν</span> 
     </span>
    </p>
   </div>
   <div class='ocr_carea' id='block_1_68' title="bbox 1910 500 3489 581">
    <p class='ocr_par' dir='ltr' id='par_1_68' title="bbox 1910 500 3489 581">
     <span class='ocr_line' id='line_1_69' title="bbox 1910 500 3489 581; baseline 0.009 -31"><span class='ocrx_word' id='word_1_531' title='bbox 1910 500 2365 566; x_wconf 82' lang='grc' dir='ltr'>κατεσκεύασται,</span> <span class='ocrx_word' id='word_1_532' title='bbox 2378 502 2496 558; x_wconf 80' lang='grc' dir='ltr'>ἀλλ’</span> <span class='ocrx_word' id='word_1_533' title='bbox 2521 504 2729 576; x_wconf 77' lang='grc' dir='ltr'>ἑτέροις</span> <span class='ocrx_word' id='word_1_534' title='bbox 2743 503 2861 559; x_wconf 69' lang='grc' dir='ltr'>ἀνθ’</span> <span class='ocrx_word' id='word_1_535' title='bbox 2877 505 3079 577; x_wconf 80' lang='grc' dir='ltr'>ἑτέρων</span> <span class='ocrx_word' id='word_1_536' title='bbox 3093 506 3316 578; x_wconf 79' lang='grc' dir='ltr'>ἐπιτεθῇ</span> <span class='ocrx_word' id='word_1_537' title='bbox 3336 505 3489 581; x_wconf 67' lang='lat'>[2&#39;25]</span> 
     </span>
    </p>
   </div>
   <div class='ocr_carea' id='block_1_69' title="bbox 1910 590 3493 669">
    <p class='ocr_par' dir='ltr' id='par_1_69' title="bbox 1910 590 3493 669">
     <span class='ocr_line' id='line_1_70' title="bbox 1910 590 3493 669; baseline 0.009 -28"><span class='ocrx_word' id='word_1_538' title='bbox 1910 590 2159 656; x_wconf 75' lang='grc' dir='ltr'>πάθεσιν,</span> <span class='ocrx_word' id='word_1_539' title='bbox 2192 596 2253 648; x_wconf 88' lang='grc' dir='ltr'>ού</span> <span class='ocrx_word' id='word_1_540' title='bbox 2294 595 2452 664; x_wconf 86' lang='grc' dir='ltr'>μόνον</span> <span class='ocrx_word' id='word_1_541' title='bbox 2498 597 2597 651; x_wconf 81' lang='grc' dir='ltr'>οὐκ</span> <span class='ocrx_word' id='word_1_542' title='bbox 2630 597 2905 669; x_wconf 86' lang='grc' dir='ltr'>ἀπήλλαξε</span> <span class='ocrx_word' id='word_1_543' title='bbox 2940 598 3034 652; x_wconf 90' lang='grc' dir='ltr'>τοῦ</span> <span class='ocrx_word' id='word_1_544' title='bbox 3070 597 3366 663; x_wconf 84' lang='grc' dir='ltr'>λυποῦντος</span> <span class='ocrx_word' id='word_1_545' title='bbox 3399 598 3493 656; x_wconf 78' lang='grc' dir='ltr'>τὸν</span> 
     </span>
    </p>
   </div>
   <div class='ocr_carea' id='block_1_70' title="bbox 1910 684 3489 765">
    <p class='ocr_par' dir='ltr' id='par_1_70' title="bbox 1910 684 3489 765">
     <span class='ocr_line' id='line_1_71' title="bbox 1910 684 3489 765; baseline 0.009 -30"><span class='ocrx_word' id='word_1_546' title='bbox 1910 684 2207 753; x_wconf 79' lang='grc' dir='ltr'>κάμνοντα,</span> <span class='ocrx_word' id='word_1_547' title='bbox 2236 689 2372 742; x_wconf 87' lang='grc' dir='ltr'>ἀλλά</span> <span class='ocrx_word' id='word_1_548' title='bbox 2401 692 2494 745; x_wconf 72' lang='grc' dir='ltr'>καὶ</span> <span class='ocrx_word' id='word_1_549' title='bbox 2528 690 2729 762; x_wconf 78' lang='grc' dir='ltr'>μᾶλλον</span> <span class='ocrx_word' id='word_1_550' title='bbox 2782 692 3039 764; x_wconf 73' lang='grc' dir='ltr'>ἐπέτριψε</span> <span class='ocrx_word' id='word_1_551' title='bbox 3078 704 3102 733; x_wconf 70' lang='grc' dir='ltr'><strong>α</strong></span> <span class='ocrx_word' id='word_1_552' title='bbox 3136 695 3197 747; x_wconf 88' lang='lat'>16</span> <span class='ocrx_word' id='word_1_553' title='bbox 3239 695 3489 765; x_wconf 86' lang='grc' dir='ltr'>νόσημα·</span> 
     </span>
    </p>
   </div>
   <div class='ocr_carea' id='block_1_71' title="bbox 1910 774 3493 855">
    <p class='ocr_par' dir='ltr' id='par_1_71' title="bbox 1910 774 3493 855">
     <span class='ocr_line' id='line_1_72' title="bbox 1910 774 3493 855; baseline 0.006 -27"><span class='ocrx_word' id='word_1_554' title='bbox 1910 776 2047 848; x_wconf 83' lang='grc' dir='ltr'>ὅπερ</span> <span class='ocrx_word' id='word_1_555' title='bbox 2069 774 2162 830; x_wconf 78' lang='grc' dir='ltr'>οὖν</span> <span class='ocrx_word' id='word_1_556' title='bbox 2189 781 2281 832; x_wconf 82' lang='grc' dir='ltr'>καὶ</span> <span class='ocrx_word' id='word_1_557' title='bbox 2310 781 2342 851; x_wconf 83' lang='grc' dir='ltr'><strong>ή</strong></span> <span class='ocrx_word' id='word_1_558' title='bbox 2373 780 2580 853; x_wconf 83' lang='grc' dir='ltr'>ἀθυμία</span> <span class='ocrx_word' id='word_1_559' title='bbox 2616 786 2781 847; x_wconf 82' lang='grc' dir='ltr'>ποιεῖ,</span> <span class='ocrx_word' id='word_1_560' title='bbox 2814 783 2907 836; x_wconf 77' lang='grc' dir='ltr'>καὶ</span> <span class='ocrx_word' id='word_1_561' title='bbox 2938 783 3180 843; x_wconf 81' lang='grc' dir='ltr'>είκότως.</span> <span class='ocrx_word' id='word_1_562' title='bbox 3212 783 3493 855; x_wconf 83' lang='grc' dir='ltr'>Αύστηρὸν</span> 
     </span>
    </p>
   </div>
   <div class='ocr_carea' id='block_1_72' title="bbox 1910 869 3492 950">
    <p class='ocr_par' dir='ltr' id='par_1_72' title="bbox 1910 869 3492 950">
     <span class='ocr_line' id='line_1_73' title="bbox 1910 869 3492 950; baseline 0.005 -25"><span class='ocrx_word' id='word_1_563' title='bbox 1910 871 2019 944; x_wconf 80' lang='grc' dir='ltr'>γὰρ</span> <span class='ocrx_word' id='word_1_564' title='bbox 2047 869 2183 928; x_wconf 77' lang='grc' dir='ltr'>οὖσα</span> <span class='ocrx_word' id='word_1_565' title='bbox 2202 875 2295 928; x_wconf 76' lang='grc' dir='ltr'>καὶ</span> <span class='ocrx_word' id='word_1_566' title='bbox 2313 876 2672 948; x_wconf 80' lang='grc' dir='ltr'>διαϐρωτικδν</span> <span class='ocrx_word' id='word_1_567' title='bbox 2699 877 3009 950; x_wconf 88' lang='grc' dir='ltr'>φάρμακον,</span> <span class='ocrx_word' id='word_1_568' title='bbox 3033 879 3127 932; x_wconf 78' lang='grc' dir='ltr'>καὶ</span> <span class='ocrx_word' id='word_1_569' title='bbox 3151 879 3227 943; x_wconf 83' lang='grc' dir='ltr'>ὡς</span> <span class='ocrx_word' id='word_1_570' title='bbox 3263 879 3328 933; x_wconf 80' lang='grc' dir='ltr'>ἂν</span> <span class='ocrx_word' id='word_1_571' title='bbox 3350 881 3492 933; x_wconf 83' lang='grc' dir='ltr'>είποι</span> 
     </span>
    </p>
   </div>
   <div class='ocr_carea' id='block_1_73' title="bbox 1909 965 3493 1046">
    <p class='ocr_par' dir='ltr' id='par_1_73' title="bbox 1909 965 3493 1046">
     <span class='ocr_line' id='line_1_74' title="bbox 1909 965 3493 1046; baseline 0.006 -30"><span class='ocrx_word' id='word_1_572' title='bbox 1909 980 1993 1027; x_wconf 88' lang='grc' dir='ltr'>τις</span> <span class='ocrx_word' id='word_1_573' title='bbox 2027 965 2395 1040; x_wconf 82' lang='grc' dir='ltr'>καθαρτήριον</span> <span class='ocrx_word' id='word_1_574' title='bbox 2429 969 2531 1041; x_wconf 79' lang='grc' dir='ltr'>τῆς</span> <span class='ocrx_word' id='word_1_575' title='bbox 2562 971 2829 1044; x_wconf 88' lang='grc' dir='ltr'>πονηρίας</span> <span class='ocrx_word' id='word_1_576' title='bbox 2852 972 2951 1044; x_wconf 81' lang='grc' dir='ltr'>τῆς</span> <span class='ocrx_word' id='word_1_577' title='bbox 2980 974 3037 1028; x_wconf 82' lang='grc' dir='ltr'>ἐν</span> <span class='ocrx_word' id='word_1_578' title='bbox 3068 975 3225 1044; x_wconf 79' lang='grc' dir='ltr'>ἡμῖν,</span> <span class='ocrx_word' id='word_1_579' title='bbox 3247 976 3373 1028; x_wconf 83' lang='grc' dir='ltr'>ὅταν</span> <span class='ocrx_word' id='word_1_580' title='bbox 3394 975 3493 1046; x_wconf 74' lang='grc' dir='ltr'>μὲν</span> 
     </span>
    </p>
   </div>
   <div class='ocr_carea' id='block_1_74' title="bbox 1912 1056 3494 1139">
    <p class='ocr_par' dir='ltr' id='par_1_74' title="bbox 1912 1056 3494 1139">
     <span class='ocr_line' id='line_1_75' title="bbox 1912 1056 3494 1139; baseline 0.008 -30"><span class='ocrx_word' id='word_1_581' title='bbox 1912 1056 2156 1132; x_wconf 80' lang='grc' dir='ltr'>ἀργούσῃ</span> <span class='ocrx_word' id='word_1_582' title='bbox 2182 1059 2327 1134; x_wconf 76' lang='grc' dir='ltr'>ψυχῇ</span> <span class='ocrx_word' id='word_1_583' title='bbox 2364 1065 2459 1117; x_wconf 80' lang='grc' dir='ltr'>καὶ</span> <span class='ocrx_word' id='word_1_584' title='bbox 2491 1063 2751 1135; x_wconf 79' lang='grc' dir='ltr'>τρυφώσῃ</span> <span class='ocrx_word' id='word_1_585' title='bbox 2815 1065 2910 1118; x_wconf 74' lang='grc' dir='ltr'>καὶ</span> <span class='ocrx_word' id='word_1_586' title='bbox 2950 1063 3115 1119; x_wconf 80' lang='grc' dir='ltr'>πολὺν</span> <span class='ocrx_word' id='word_1_587' title='bbox 3164 1066 3365 1139; x_wconf 79' lang='grc' dir='ltr'>ἐχούσῃ</span> <span class='ocrx_word' id='word_1_588' title='bbox 3402 1066 3494 1122; x_wconf 80' lang='grc' dir='ltr'>τὸν</span> 
     </span>
    </p>
   </div>
   <div class='ocr_carea' id='block_1_75' title="bbox 1911 1146 3492 1229">
    <p class='ocr_par' dir='ltr' id='par_1_75' title="bbox 1911 1146 3492 1229">
     <span class='ocr_line' id='line_1_76' title="bbox 1911 1146 3492 1229; baseline 0.008 -28"><span class='ocrx_word' id='word_1_589' title='bbox 1911 1146 2020 1201; x_wconf 88' lang='grc' dir='ltr'>τῶν</span> <span class='ocrx_word' id='word_1_590' title='bbox 2051 1150 2464 1223; x_wconf 82' lang='grc' dir='ltr'>ἁμαρτημάτων</span> <span class='ocrx_word' id='word_1_591' title='bbox 2503 1155 2734 1224; x_wconf 81' lang='grc' dir='ltr'>φορντδν</span> <span class='ocrx_word' id='word_1_592' title='bbox 2762 1156 3089 1228; x_wconf 82' lang='grc' dir='ltr'>παρέχηται,</span> <span class='ocrx_word' id='word_1_593' title='bbox 3139 1157 3370 1229; x_wconf 83' lang='grc' dir='ltr'>μέγιστα</span> <span class='ocrx_word' id='word_1_594' title='bbox 3399 1160 3492 1215; x_wconf 74' lang='grc' dir='ltr'>τὸν</span> 
     </span>
    </p>
   </div>
   <div class='ocr_carea' id='block_1_76' title="bbox 1911 1244 3495 1322">
    <p class='ocr_par' dir='ltr' id='par_1_76' title="bbox 1911 1244 3495 1322">
     <span class='ocr_line' id='line_1_77' title="bbox 1911 1244 3495 1322; baseline 0.004 -23"><span class='ocrx_word' id='word_1_595' title='bbox 1911 1244 2202 1317; x_wconf 80' lang='grc' dir='ltr'>δεξάμενον</span> <span class='ocrx_word' id='word_1_596' title='bbox 2235 1245 2446 1319; x_wconf 79' lang='grc' dir='ltr'>ὤνησεν</span> <span class='ocrx_word' id='word_1_597' title='bbox 2470 1262 2484 1277; x_wconf 93' lang='grc'>⁸</span> <span class='ocrx_word' id='word_1_598' title='bbox 2520 1249 2648 1304; x_wconf 83' lang='grc' dir='ltr'>ὅταν</span> <span class='ocrx_word' id='word_1_599' title='bbox 2696 1248 2754 1303; x_wconf 82' lang='grc' dir='ltr'>δὲ</span> <span class='ocrx_word' id='word_1_600' title='bbox 2807 1248 3045 1322; x_wconf 79' lang='grc' dir='ltr'>ἀθλούσῃ</span> <span class='ocrx_word' id='word_1_601' title='bbox 3093 1250 3188 1307; x_wconf 78' lang='grc' dir='ltr'>καὶ</span> <span class='ocrx_word' id='word_1_602' title='bbox 3228 1252 3495 1320; x_wconf 79' lang='grc' dir='ltr'>ἀγωνιζο-</span> 
     </span>
    </p>
   </div>
   <div class='ocr_carea' id='block_1_77' title="bbox 1916 1336 3495 1415">
    <p class='ocr_par' dir='ltr' id='par_1_77' title="bbox 1916 1336 3495 1415">
     <span class='ocr_line' id='line_1_78' title="bbox 1916 1336 3495 1415; baseline 0.008 -29"><span class='ocrx_word' id='word_1_603' title='bbox 1916 1336 2054 1409; x_wconf 80' lang='grc' dir='ltr'>μένῃ</span> <span class='ocrx_word' id='word_1_604' title='bbox 2083 1336 2180 1390; x_wconf 72' lang='grc' dir='ltr'>καὶ</span> <span class='ocrx_word' id='word_1_605' title='bbox 2211 1338 2448 1409; x_wconf 81' lang='grc' dir='ltr'>πονούσῃ</span> <span class='ocrx_word' id='word_1_606' title='bbox 2475 1338 2571 1391; x_wconf 78' lang='grc' dir='ltr'>καὶ</span> <span class='ocrx_word' id='word_1_607' title='bbox 2599 1338 3060 1412; x_wconf 81' lang='grc' dir='ltr'>μεμεριμνημένῃ</span> <span class='ocrx_word' id='word_1_608' title='bbox 3089 1340 3186 1393; x_wconf 77' lang='grc' dir='ltr'>καὶ</span> <span class='ocrx_word' id='word_1_609' title='bbox 3209 1340 3495 1415; x_wconf 78' lang='grc' dir='ltr'>πασχούσῃ</span> 
     </span>
    </p>
   </div>
   <div class='ocr_carea' id='block_1_78' title="bbox 1914 1426 3495 1503">
    <p class='ocr_par' dir='ltr' id='par_1_78' title="bbox 1914 1426 3495 1503">
     <span class='ocr_line' id='line_1_79' title="bbox 1914 1426 3495 1503; baseline 0.004 -23"><span class='ocrx_word' id='word_1_610' title='bbox 1914 1426 2120 1493; x_wconf 86' lang='grc' dir='ltr'>κακῶς,</span> <span class='ocrx_word' id='word_1_611' title='bbox 2157 1429 2295 1500; x_wconf 83' lang='grc' dir='ltr'>πρὸς</span> <span class='ocrx_word' id='word_1_612' title='bbox 2326 1428 2405 1501; x_wconf 83' lang='grc' dir='ltr'>τῷ</span> <span class='ocrx_word' id='word_1_613' title='bbox 2440 1430 2607 1501; x_wconf 81' lang='grc' dir='ltr'>μηδὲν</span> <span class='ocrx_word' id='word_1_614' title='bbox 2630 1430 2934 1501; x_wconf 81' lang='grc' dir='ltr'>ὠφελῆσαι,</span> <span class='ocrx_word' id='word_1_615' title='bbox 2965 1433 3062 1485; x_wconf 75' lang='grc' dir='ltr'>καὶ</span> <span class='ocrx_word' id='word_1_616' title='bbox 3094 1433 3306 1503; x_wconf 86' lang='grc' dir='ltr'>μεγάλα</span> <span class='ocrx_word' id='word_1_617' title='bbox 3331 1433 3495 1487; x_wconf 74' lang='grc' dir='ltr'>ἔϐλα-</span> 
     </span>
    </p>
   </div>
   <div class='ocr_carea' id='block_1_79' title="bbox 1912 1511 3492 1595">
    <p class='ocr_par' dir='ltr' id='par_1_79' title="bbox 1912 1511 3492 1595">
     <span class='ocr_line' id='line_1_80' title="bbox 1912 1511 3492 1595; baseline 0.005 -22"><span class='ocrx_word' id='word_1_618' title='bbox 1912 1520 2033 1591; x_wconf 82' lang='grc' dir='ltr'>ψεν,</span> <span class='ocrx_word' id='word_1_619' title='bbox 2065 1511 2462 1595; x_wconf 66' lang='grc' dir='ltr'>ἀσθενεστέραν</span> <span class='ocrx_word' id='word_1_620' title='bbox 2490 1524 2844 1594; x_wconf 80' lang='grc' dir='ltr'>ἐργασαμένη</span> <span class='ocrx_word' id='word_1_621' title='bbox 2875 1524 2971 1577; x_wconf 78' lang='grc' dir='ltr'>καὶ</span> <span class='ocrx_word' id='word_1_622' title='bbox 2999 1523 3492 1593; x_wconf 83' lang='grc' dir='ltr'>εὐκαταγώνιστον.</span> 
     </span>
    </p>
   </div>
   <div class='ocr_carea' id='block_1_80' title="bbox 1914 1613 3500 1689">
    <p class='ocr_par' dir='ltr' id='par_1_80' title="bbox 1914 1613 3500 1689">
     <span class='ocr_line' id='line_1_81' title="bbox 1914 1613 3500 1689; baseline 0.004 -23"><span class='ocrx_word' id='word_1_623' title='bbox 1914 1613 2013 1668; x_wconf 87' lang='grc' dir='ltr'>Διά</span> <span class='ocrx_word' id='word_1_624' title='bbox 2039 1613 2198 1668; x_wconf 89' lang='grc' dir='ltr'>τοῦτο</span> <span class='ocrx_word' id='word_1_625' title='bbox 2224 1617 2338 1679; x_wconf 78' lang='grc' dir='ltr'>τοῖς</span> <span class='ocrx_word' id='word_1_626' title='bbox 2365 1616 2463 1686; x_wconf 79' lang='grc' dir='ltr'>μὲν</span> <span class='ocrx_word' id='word_1_627' title='bbox 2488 1616 2742 1686; x_wconf 81' lang='grc' dir='ltr'>έστηκόσι</span> <span class='ocrx_word' id='word_1_628' title='bbox 2776 1616 2873 1670; x_wconf 81' lang='grc' dir='ltr'>καὶ</span> <span class='ocrx_word' id='word_1_629' title='bbox 2905 1613 3324 1687; x_wconf 80' lang='grc' dir='ltr'>ἀγωνιζομένοις</span> <span class='ocrx_word' id='word_1_630' title='bbox 3352 1617 3500 1689; x_wconf 87' lang='grc' dir='ltr'>γρά-</span> 
     </span>
    </p>
   </div>
   <div class='ocr_carea' id='block_1_81' title="bbox 1915 1697 3494 1774">
    <p class='ocr_par' dir='ltr' id='par_1_81' title="bbox 1915 1697 3494 1774">
     <span class='ocr_line' id='line_1_82' title="bbox 1915 1697 3494 1774; baseline 0.004 -20"><span class='ocrx_word' id='word_1_631' title='bbox 1915 1718 2033 1771; x_wconf 84' lang='grc' dir='ltr'>φων</span> <span class='ocrx_word' id='word_1_632' title='bbox 2070 1704 2099 1755; x_wconf 92' lang='lat'>6</span> <span class='ocrx_word' id='word_1_633' title='bbox 2131 1697 2343 1767; x_wconf 85' lang='grc' dir='ltr'>Παῦλος</span> <span class='ocrx_word' id='word_1_634' title='bbox 2392 1703 2566 1773; x_wconf 80' lang='grc' dir='ltr'>ἔλεγε,</span> <span class='ocrx_word' id='word_1_635' title='bbox 2599 1706 2844 1774; x_wconf 79' lang='grc' dir='ltr'>Χαίρετε</span> <span class='ocrx_word' id='word_1_636' title='bbox 2872 1706 2942 1759; x_wconf 84' lang='grc' dir='ltr'>ἐν</span> <span class='ocrx_word' id='word_1_637' title='bbox 2966 1706 3161 1774; x_wconf 66' lang='grc' dir='ltr'>Κιιοίῳ</span> <span class='ocrx_word' id='word_1_638' title='bbox 3202 1706 3494 1761; x_wconf 76' lang='grc' dir='ltr'>πάντοτε·</span> 
     </span>
    </p>
   </div>
   <div class='ocr_carea' id='block_1_82' title="bbox 1914 1792 3499 1872">
    <p class='ocr_par' dir='ltr' id='par_1_82' title="bbox 1914 1792 3499 1872">
     <span class='ocr_line' id='line_1_83' title="bbox 1914 1792 3499 1872; baseline 0.005 -25"><span class='ocrx_word' id='word_1_639' title='bbox 1914 1792 2103 1848; x_wconf 70' lang='grc' dir='ltr'>πάλιν</span> <span class='ocrx_word' id='word_1_640' title='bbox 2121 1794 2254 1863; x_wconf 85' lang='grc' dir='ltr'>ἐρῶ,</span> <span class='ocrx_word' id='word_1_641' title='bbox 2304 1796 2540 1864; x_wconf 81' lang='grc' dir='ltr'>χαίρετε</span> <span class='ocrx_word' id='word_1_642' title='bbox 2559 1813 2573 1829; x_wconf 93' lang='grc'>⁸</span> <span class='ocrx_word' id='word_1_643' title='bbox 2605 1798 2718 1862; x_wconf 82' lang='grc' dir='ltr'>τοῖς</span> <span class='ocrx_word' id='word_1_644' title='bbox 2741 1797 2797 1850; x_wconf 84' lang='grc' dir='ltr'>δὲ</span> <span class='ocrx_word' id='word_1_645' title='bbox 2838 1796 3137 1869; x_wconf 83' lang='grc' dir='ltr'>διαχυθείσι</span> <span class='ocrx_word' id='word_1_646' title='bbox 3172 1798 3265 1852; x_wconf 72' lang='grc' dir='ltr'>καὶ</span> <span class='ocrx_word' id='word_1_647' title='bbox 3300 1798 3499 1872; x_wconf 83' lang='grc' dir='ltr'>πολλὴν</span> 
     </span>
    </p>
   </div>
   <div class='ocr_carea' id='block_1_83' title="bbox 1916 1884 3501 1961">
    <p class='ocr_par' dir='ltr' id='par_1_83' title="bbox 1916 1884 3501 1961">
     <span class='ocr_line' id='line_1_84' title="bbox 1916 1884 3501 1961; baseline 0.006 -23"><span class='ocrx_word' id='word_1_648' title='bbox 1916 1884 2099 1957; x_wconf 81' lang='grc' dir='ltr'>έχουσι</span> <span class='ocrx_word' id='word_1_649' title='bbox 2152 1887 2251 1959; x_wconf 78' lang='grc' dir='ltr'>τὴν</span> <span class='ocrx_word' id='word_1_650' title='bbox 2298 1888 2640 1960; x_wconf 80' lang='grc' dir='ltr'>φλεγμονὴν,</span> <span class='ocrx_word' id='word_1_651' title='bbox 2697 1888 2806 1945; x_wconf 79' lang='grc' dir='ltr'>Καὶ</span> <span class='ocrx_word' id='word_1_652' title='bbox 2856 1889 3028 1960; x_wconf 81' lang='grc' dir='ltr'>ὑμεῖς</span> <span class='ocrx_word' id='word_1_653' title='bbox 3057 1891 3501 1961; x_wconf 71' lang='grc' dir='ltr'>πεφυσιωμένοι</span> 
     </span>
    </p>
   </div>
   <div class='ocr_carea' id='block_1_84' title="bbox 1914 1976 3502 2058">
    <p class='ocr_par' dir='ltr' id='par_1_84' title="bbox 1914 1976 3502 2058">
     <span class='ocr_line' id='line_1_85' title="bbox 1914 1976 3502 2058; baseline 0.005 -27"><span class='ocrx_word' id='word_1_654' title='bbox 1914 1976 2081 2043; x_wconf 81' lang='grc' dir='ltr'>ἐστὲ,</span> <span class='ocrx_word' id='word_1_655' title='bbox 2111 1980 2209 2032; x_wconf 79' lang='grc' dir='ltr'>καὶ</span> <span class='ocrx_word' id='word_1_656' title='bbox 2250 1980 2387 2050; x_wconf 74' lang='grc' dir='ltr'>οὐχὶ</span> <span class='ocrx_word' id='word_1_657' title='bbox 2424 1978 2668 2048; x_wconf 75' lang='grc' dir='ltr'>μᾶλλον</span> <span class='ocrx_word' id='word_1_658' title='bbox 2713 1979 3106 2047; x_wconf 78' lang='grc' dir='ltr'>ἐπενθήσατε.</span> <span class='ocrx_word' id='word_1_659' title='bbox 3166 1982 3223 2036; x_wconf 89' lang='lat'>&#39;0</span> <span class='ocrx_word' id='word_1_660' title='bbox 3261 1983 3359 2053; x_wconf 83' lang='grc' dir='ltr'>μὲν</span> <span class='ocrx_word' id='word_1_661' title='bbox 3390 1984 3502 2058; x_wconf 81' lang='grc' dir='ltr'>γὰρ</span> 
     </span>
    </p>
   </div>
   <div class='ocr_carea' id='block_1_85' title="bbox 1915 2069 3503 2146">
    <p class='ocr_par' dir='ltr' id='par_1_85' title="bbox 1915 2069 3503 2146">
     <span class='ocr_line' id='line_1_86' title="bbox 1915 2069 3503 2146; baseline 0.004 -23"><span class='ocrx_word' id='word_1_662' title='bbox 1915 2069 2303 2141; x_wconf 87' lang='grc' dir='ltr'>λιπαινόμενος</span> <span class='ocrx_word' id='word_1_663' title='bbox 2318 2070 2396 2143; x_wconf 84' lang='grc' dir='ltr'>τῷ</span> <span class='ocrx_word' id='word_1_664' title='bbox 2411 2070 2518 2126; x_wconf 88' lang='grc' dir='ltr'>τῶν</span> <span class='ocrx_word' id='word_1_665' title='bbox 2544 2072 2961 2145; x_wconf 82' lang='grc' dir='ltr'>ἁμαρτημάτων</span> <span class='ocrx_word' id='word_1_666' title='bbox 2976 2073 3257 2144; x_wconf 85' lang='grc' dir='ltr'>λιπασμῷ,</span> <span class='ocrx_word' id='word_1_667' title='bbox 3289 2075 3503 2146; x_wconf 85' lang='grc' dir='ltr'>ίσχνού-</span> 
     </span>
    </p>
   </div>
   <div class='ocr_carea' id='block_1_86' title="bbox 1919 2163 3501 2237">
    <p class='ocr_par' dir='ltr' id='par_1_86' title="bbox 1919 2163 3501 2237">
     <span class='ocr_line' id='line_1_87' title="bbox 1919 2163 3501 2237; baseline 0.003 -21"><span class='ocrx_word' id='word_1_668' title='bbox 1919 2163 2031 2217; x_wconf 92' lang='grc' dir='ltr'>σθω</span> <span class='ocrx_word' id='word_1_669' title='bbox 2070 2163 2164 2217; x_wconf 72' lang='grc' dir='ltr'>καὶ</span> <span class='ocrx_word' id='word_1_670' title='bbox 2207 2164 2620 2232; x_wconf 80' lang='grc' dir='ltr'>καταξαινὲσθω</span> <span class='ocrx_word' id='word_1_671' title='bbox 2647 2164 2674 2205; x_wconf 75' lang='grc' dir='ltr'><strong><em>ἀ</em></strong></span> <span class='ocrx_word' id='word_1_672' title='bbox 2714 2164 2792 2236; x_wconf 80' lang='grc' dir='ltr'>τῷ</span> <span class='ocrx_word' id='word_1_673' title='bbox 2831 2165 3109 2237; x_wconf 85' lang='grc' dir='ltr'>φαρμάκῳ</span> <span class='ocrx_word' id='word_1_674' title='bbox 3140 2164 3313 2236; x_wconf 86' lang='grc' dir='ltr'>τούτῳ</span> <span class='ocrx_word' id='word_1_675' title='bbox 3336 2184 3349 2197; x_wconf 84' lang='grc'>⁸</span> <span class='ocrx_word' id='word_1_676' title='bbox 3381 2169 3411 2221; x_wconf 89' lang='lat'>6</span> <span class='ocrx_word' id='word_1_677' title='bbox 3441 2167 3501 2222; x_wconf 66' lang='grc' dir='ltr'>δὲ</span> 
     </span>
    </p>
   </div>
   <div class='ocr_carea' id='block_1_87' title="bbox 1920 2252 3504 2330">
    <p class='ocr_par' dir='ltr' id='par_1_87' title="bbox 1920 2252 3504 2330">
     <span class='ocr_line' id='line_1_88' title="bbox 1920 2252 3504 2330; baseline 0.003 -22"><span class='ocrx_word' id='word_1_678' title='bbox 1920 2252 2161 2309; x_wconf 83' lang='grc' dir='ltr'>εύεκτῶν</span> <span class='ocrx_word' id='word_1_679' title='bbox 2204 2256 2299 2308; x_wconf 77' lang='grc' dir='ltr'>καὶ</span> <span class='ocrx_word' id='word_1_680' title='bbox 2343 2256 2402 2308; x_wconf 81' lang='grc' dir='ltr'>ἐν</span> <span class='ocrx_word' id='word_1_681' title='bbox 2445 2258 2512 2328; x_wconf 78' lang='grc' dir='ltr'>τῇ</span> <span class='ocrx_word' id='word_1_682' title='bbox 2558 2256 2912 2329; x_wconf 81' lang='grc' dir='ltr'>προσηκούσῃ</span> <span class='ocrx_word' id='word_1_683' title='bbox 2951 2257 3284 2311; x_wconf 87' lang='grc' dir='ltr'>καταστάσει</span> <span class='ocrx_word' id='word_1_684' title='bbox 3317 2258 3504 2330; x_wconf 90' lang='grc' dir='ltr'>διατη-</span> 
     </span>
    </p>
   </div>
   <div class='ocr_carea' id='block_1_88' title="bbox 1923 2345 3504 2423">
    <p class='ocr_par' dir='ltr' id='par_1_88' title="bbox 1923 2345 3504 2423">
     <span class='ocr_line' id='line_1_89' title="bbox 1923 2345 3504 2423; baseline 0.003 -24"><span class='ocrx_word' id='word_1_685' title='bbox 1923 2345 2030 2417; x_wconf 91' lang='grc' dir='ltr'>ρῶν</span> <span class='ocrx_word' id='word_1_686' title='bbox 2058 2346 2273 2409; x_wconf 76' lang='grc' dir='ltr'>ἑαυτὸν,</span> <span class='ocrx_word' id='word_1_687' title='bbox 2304 2348 2449 2409; x_wconf 83' lang='grc' dir='ltr'>τίνος</span> <span class='ocrx_word' id='word_1_688' title='bbox 2474 2348 2660 2403; x_wconf 78' lang='grc' dir='ltr'>ἕνεκεν</span> <span class='ocrx_word' id='word_1_689' title='bbox 2687 2348 2898 2421; x_wconf 85' lang='grc' dir='ltr'>φθείροι</span> <span class='ocrx_word' id='word_1_690' title='bbox 2929 2349 3027 2420; x_wconf 83' lang='grc' dir='ltr'>τὴν</span> <span class='ocrx_word' id='word_1_691' title='bbox 3050 2349 3265 2416; x_wconf 79' lang='grc' dir='ltr'>εὐεξίαν</span> <span class='ocrx_word' id='word_1_692' title='bbox 3288 2349 3376 2405; x_wconf 82' lang='grc' dir='ltr'>διά</span> <span class='ocrx_word' id='word_1_693' title='bbox 3402 2354 3504 2423; x_wconf 74' lang='grc' dir='ltr'>τῆς</span> 
     </span>
    </p>
   </div>
   <div class='ocr_carea' id='block_1_89' title="bbox 1920 2437 3504 2512">
    <p class='ocr_par' dir='ltr' id='par_1_89' title="bbox 1920 2437 3504 2512">
     <span class='ocr_line' id='line_1_90' title="bbox 1920 2437 3504 2512; baseline 0.003 -22"><span class='ocrx_word' id='word_1_694' title='bbox 1920 2437 2193 2508; x_wconf 83' lang='grc' dir='ltr'>ἀθυμίας;</span> <span class='ocrx_word' id='word_1_695' title='bbox 2226 2437 2383 2492; x_wconf 76' lang='grc' dir='ltr'>Οὕτω</span> <span class='ocrx_word' id='word_1_696' title='bbox 2429 2439 2541 2511; x_wconf 89' lang='grc' dir='ltr'>γάρ</span> <span class='ocrx_word' id='word_1_697' title='bbox 2576 2440 2722 2494; x_wconf 85' lang='grc' dir='ltr'>ἐστιν</span> <span class='ocrx_word' id='word_1_698' title='bbox 2753 2438 2893 2510; x_wconf 87' lang='grc' dir='ltr'>αῦτη</span> <span class='ocrx_word' id='word_1_699' title='bbox 2930 2439 3280 2512; x_wconf 85' lang='grc' dir='ltr'>δραστήριος,</span> <span class='ocrx_word' id='word_1_700' title='bbox 3305 2439 3381 2504; x_wconf 81' lang='grc' dir='ltr'>ὡς</span> <span class='ocrx_word' id='word_1_701' title='bbox 3409 2441 3504 2495; x_wconf 75' lang='grc' dir='ltr'>καὶ</span> 
     </span>
    </p>
   </div>
   <div class='ocr_carea' id='block_1_90' title="bbox 1919 2527 3503 2600">
    <p class='ocr_par' dir='ltr' id='par_1_90' title="bbox 1919 2527 3503 2600">
     <span class='ocr_line' id='line_1_91' title="bbox 1919 2527 3503 2600; baseline 0.004 -21"><span class='ocrx_word' id='word_1_702' title='bbox 1919 2529 2033 2589; x_wconf 85' lang='grc' dir='ltr'>τοῖς</span> <span class='ocrx_word' id='word_1_703' title='bbox 2065 2527 2340 2599; x_wconf 80' lang='grc' dir='ltr'>δεομένοις</span> <span class='ocrx_word' id='word_1_704' title='bbox 2366 2528 2535 2600; x_wconf 79' lang='grc' dir='ltr'>αὐτῆς</span> <span class='ocrx_word' id='word_1_705' title='bbox 2566 2528 2789 2584; x_wconf 83' lang='grc' dir='ltr'>πλείονα</span> <span class='ocrx_word' id='word_1_706' title='bbox 2818 2528 2913 2583; x_wconf 86' lang='grc' dir='ltr'>τοῦ</span> <span class='ocrx_word' id='word_1_707' title='bbox 2946 2530 3156 2594; x_wconf 84' lang='grc' dir='ltr'>δέοντος</span> <span class='ocrx_word' id='word_1_708' title='bbox 3190 2530 3503 2585; x_wconf 80' lang='grc' dir='ltr'>ἐπιτεθεῖσα</span> 
     </span>
    </p>
   </div>
   <div class='ocr_carea' id='block_1_91' title="bbox 1919 2622 3504 2698">
    <p class='ocr_par' dir='ltr' id='par_1_91' title="bbox 1919 2622 3504 2698">
     <span class='ocr_line' id='line_1_92' title="bbox 1919 2622 3504 2698; baseline 0.004 -23"><span class='ocrx_word' id='word_1_709' title='bbox 1919 2622 2112 2692; x_wconf 88' lang='grc' dir='ltr'>χρόνον</span> <span class='ocrx_word' id='word_1_710' title='bbox 2172 2622 2385 2693; x_wconf 89' lang='grc' dir='ltr'>μεγάλα</span> <span class='ocrx_word' id='word_1_711' title='bbox 2432 2623 2771 2694; x_wconf 88' lang='grc' dir='ltr'>ἐργάσασθαι</span> <span class='ocrx_word' id='word_1_712' title='bbox 2806 2626 2973 2680; x_wconf 90' lang='grc' dir='ltr'>κακά.</span> <span class='ocrx_word' id='word_1_713' title='bbox 3016 2626 3194 2697; x_wconf 85' lang='grc' dir='ltr'>Ὅπερ</span> <span class='ocrx_word' id='word_1_714' title='bbox 3219 2628 3314 2681; x_wconf 79' lang='grc' dir='ltr'>καὶ</span> <span class='ocrx_word' id='word_1_715' title='bbox 3345 2629 3374 2679; x_wconf 91' lang='lat'>6</span> <span class='ocrx_word' id='word_1_716' title='bbox 3401 2645 3504 2698; x_wconf 90' lang='grc' dir='ltr'>μα-</span> 
     </span>
    </p>
   </div>
   <div class='ocr_carea' id='block_1_92' title="bbox 1919 2714 3505 2790">
    <p class='ocr_par' dir='ltr' id='par_1_92' title="bbox 1919 2714 3505 2790">
     <span class='ocr_line' id='line_1_93' title="bbox 1919 2714 3505 2790; baseline 0.004 -22"><span class='ocrx_word' id='word_1_717' title='bbox 1919 2714 2112 2786; x_wconf 89' lang='grc' dir='ltr'>κάριος</span> <span class='ocrx_word' id='word_1_718' title='bbox 2166 2715 2380 2781; x_wconf 84' lang='grc' dir='ltr'>Παῦλος</span> <span class='ocrx_word' id='word_1_719' title='bbox 2430 2716 2703 2781; x_wconf 85' lang='grc' dir='ltr'>δεδοικὼς,</span> <span class='ocrx_word' id='word_1_720' title='bbox 2757 2718 2966 2787; x_wconf 83' lang='grc' dir='ltr'>ταχέως</span> <span class='ocrx_word' id='word_1_721' title='bbox 2999 2718 3168 2790; x_wconf 79' lang='grc' dir='ltr'>αὐτὴν</span> <span class='ocrx_word' id='word_1_722' title='bbox 3219 2719 3505 2775; x_wconf 85' lang='grc' dir='ltr'>ἐκέλευσεν</span> 
     </span>
    </p>
   </div>
   <div class='ocr_carea' id='block_1_93' title="bbox 1920 2804 3506 2878">
    <p class='ocr_par' dir='ltr' id='par_1_93' title="bbox 1920 2804 3506 2878">
     <span class='ocr_line' id='line_1_94' title="bbox 1920 2804 3506 2878; baseline 0.001 -20"><span class='ocrx_word' id='word_1_723' title='bbox 1920 2804 2140 2874; x_wconf 78' lang='grc' dir='ltr'>ἀφελεῖν</span> <span class='ocrx_word' id='word_1_724' title='bbox 2173 2804 2312 2876; x_wconf 86' lang='grc' dir='ltr'>μετά</span> <span class='ocrx_word' id='word_1_725' title='bbox 2345 2804 2407 2860; x_wconf 91' lang='lat'><em>16</em></span> <span class='ocrx_word' id='word_1_726' title='bbox 2456 2804 2661 2878; x_wconf 81' lang='grc' dir='ltr'>πρᾶξαι</span> <span class='ocrx_word' id='word_1_727' title='bbox 2690 2805 2752 2858; x_wconf 92' lang='lat'><em>16</em></span> <span class='ocrx_word' id='word_1_728' title='bbox 2804 2806 3023 2877; x_wconf 80' lang='grc' dir='ltr'>ἑαυτῆς,</span> <span class='ocrx_word' id='word_1_729' title='bbox 3061 2806 3156 2859; x_wconf 81' lang='grc' dir='ltr'>καὶ</span> <span class='ocrx_word' id='word_1_730' title='bbox 3199 2805 3295 2877; x_wconf 81' lang='grc' dir='ltr'>τὴν</span> <span class='ocrx_word' id='word_1_731' title='bbox 3324 2805 3506 2860; x_wconf 89' lang='grc' dir='ltr'>αἰτίαν</span> 
     </span>
    </p>
   </div>
   <div class='ocr_carea' id='block_1_94' title="bbox 1924 2894 3500 2969">
    <p class='ocr_par' dir='ltr' id='par_1_94' title="bbox 1924 2894 3500 2969">
     <span class='ocr_line' id='line_1_95' title="bbox 1924 2894 3500 2969; baseline 0.001 -18"><span class='ocrx_word' id='word_1_732' title='bbox 1924 2895 2236 2968; x_wconf 87' lang='grc' dir='ltr'>προσετίθει</span> <span class='ocrx_word' id='word_1_733' title='bbox 2258 2894 2484 2967; x_wconf 87' lang='grc' dir='ltr'>ταύτην,</span> <span class='ocrx_word' id='word_1_734' title='bbox 2519 2897 2586 2969; x_wconf 76' lang='grc' dir='ltr'>ἢν</span> <span class='ocrx_word' id='word_1_735' title='bbox 2614 2894 2725 2964; x_wconf 85' lang='grc' dir='ltr'>ἐγὼ</span> <span class='ocrx_word' id='word_1_736' title='bbox 2756 2895 2900 2964; x_wconf 82' lang='grc' dir='ltr'>λέγω</span> <span class='ocrx_word' id='word_1_737' title='bbox 2946 2896 3073 2949; x_wconf 92' lang='grc' dir='ltr'>νῦν·</span> <span class='ocrx_word' id='word_1_738' title='bbox 3120 2894 3346 2963; x_wconf 75' lang='grc' dir='ltr'>Μήπως</span> <span class='ocrx_word' id='word_1_739' title='bbox 3374 2898 3500 2968; x_wconf 84' lang='grc' dir='ltr'>γὰρ,</span> 
     </span>
    </p>
   </div>
   <div class='ocr_carea' id='block_1_95' title="bbox 1922 2986 3501 3059">
    <p class='ocr_par' dir='ltr' id='par_1_95' title="bbox 1922 2986 3501 3059">
     <span class='ocr_line' id='line_1_96' title="bbox 1922 2986 3501 3059; baseline 0.003 -19"><span class='ocrx_word' id='word_1_740' title='bbox 1922 2987 2078 3059; x_wconf 75' lang='grc' dir='ltr'>φησὶ,</span> <span class='ocrx_word' id='word_1_741' title='bbox 2109 2986 2185 3055; x_wconf 80' lang='grc' dir='ltr'>τῇ</span> <span class='ocrx_word' id='word_1_742' title='bbox 2208 2987 2608 3056; x_wconf 76' lang='grc' dir='ltr'>περισσοτέρᾳ</span> <span class='ocrx_word' id='word_1_743' title='bbox 2628 2989 2794 3055; x_wconf 74' lang='grc' dir='ltr'>λύπῃ</span> <span class='ocrx_word' id='word_1_744' title='bbox 2827 2987 3136 3057; x_wconf 52' lang='grc' dir='ltr'>κατακτοθῇ</span> <span class='ocrx_word' id='word_1_745' title='bbox 3156 2992 3188 3043; x_wconf 82' lang='grc' dir='ltr'>ό</span> <span class='ocrx_word' id='word_1_746' title='bbox 3215 2990 3501 3057; x_wconf 83' lang='grc' dir='ltr'>τοιοῦτος.</span> 
     </span>
    </p>
   </div>
   <div class='ocr_carea' id='block_1_96' title="bbox 1922 3075 3505 3151">
    <p class='ocr_par' dir='ltr' id='par_1_96' title="bbox 1922 3075 3505 3151">
     <span class='ocr_line' id='line_1_97' title="bbox 1922 3075 3505 3151; baseline 0.001 -19"><span class='ocrx_word' id='word_1_747' title='bbox 1922 3080 1988 3133; x_wconf 74' lang='lat' dir='ltr'>Ei</span> <span class='ocrx_word' id='word_1_748' title='bbox 2020 3078 2078 3133; x_wconf 77' lang='grc' dir='ltr'>δὲ</span> <span class='ocrx_word' id='word_1_749' title='bbox 2129 3080 2255 3143; x_wconf 76' lang='grc' dir='ltr'>τοὺς</span> <span class='ocrx_word' id='word_1_750' title='bbox 2306 3081 2362 3133; x_wconf 82' lang='grc' dir='ltr'>ἐν</span> <span class='ocrx_word' id='word_1_751' title='bbox 2407 3078 2569 3151; x_wconf 75' lang='grc' dir='ltr'>χρείᾳ</span> <span class='ocrx_word' id='word_1_752' title='bbox 2621 3078 2974 3142; x_wconf 90' lang='grc' dir='ltr'>καθεστῶτας</span> <span class='ocrx_word' id='word_1_753' title='bbox 3018 3075 3158 3133; x_wconf 82' lang='grc' dir='ltr'>οἶδεν</span> <span class='ocrx_word' id='word_1_754' title='bbox 3207 3080 3505 3135; x_wconf 80' lang='grc' dir='ltr'>ἀπολλύναι</span> 
     </span>
    </p>
   </div>
   <div class='ocr_carea' id='block_1_97' title="bbox 1922 3171 3508 3245">
    <p class='ocr_par' dir='ltr' id='par_1_97' title="bbox 1922 3171 3508 3245">
     <span class='ocr_line' id='line_1_98' title="bbox 1922 3171 3508 3245; baseline 0 -18"><span class='ocrx_word' id='word_1_755' title='bbox 1922 3172 2312 3245; x_wconf 76' lang='grc' dir='ltr'>προσπεσοῦσα</span> <span class='ocrx_word' id='word_1_756' title='bbox 2348 3172 2465 3244; x_wconf 76' lang='grc' dir='ltr'>μεθ’</span> <span class='ocrx_word' id='word_1_757' title='bbox 2485 3171 2879 3243; x_wconf 84' lang='grc' dir='ltr'>ύπερϐολῆς,τί</span> <span class='ocrx_word' id='word_1_758' title='bbox 2906 3187 3036 3225; x_wconf 81' lang='grc' dir='ltr'>ποτε</span> <span class='ocrx_word' id='word_1_759' title='bbox 3060 3173 3351 3243; x_wconf 79' lang='grc' dir='ltr'>ἐργάσεται</span> <span class='ocrx_word' id='word_1_760' title='bbox 3381 3175 3508 3238; x_wconf 70' lang='grc' dir='ltr'>τοὺς</span> 
     </span>
    </p>
   </div>
   <div class='ocr_carea' id='block_1_98' title="bbox 1921 3263 3507 3338">
    <p class='ocr_par' dir='ltr' id='par_1_98' title="bbox 1921 3263 3507 3338">
     <span class='ocr_line' id='line_1_99' title="bbox 1921 3263 3507 3338; baseline -0.001 -17"><span class='ocrx_word' id='word_1_761' title='bbox 1921 3265 2044 3321; x_wconf 82' lang='grc' dir='ltr'>ούδέ</span> <span class='ocrx_word' id='word_1_762' title='bbox 2088 3263 2226 3329; x_wconf 83' lang='grc' dir='ltr'>ὅλως</span> <span class='ocrx_word' id='word_1_763' title='bbox 2281 3264 2569 3335; x_wconf 88' lang='grc' dir='ltr'>δεομένους</span> <span class='ocrx_word' id='word_1_764' title='bbox 2617 3265 2809 3335; x_wconf 80' lang='grc' dir='ltr'>αὐτῆς,</span> <span class='ocrx_word' id='word_1_765' title='bbox 2857 3264 2986 3318; x_wconf 81' lang='grc' dir='ltr'>ὅταν</span> <span class='ocrx_word' id='word_1_766' title='bbox 3035 3263 3205 3337; x_wconf 75' lang='grc' dir='ltr'>αὐτὴν</span> <span class='ocrx_word' id='word_1_767' title='bbox 3245 3265 3447 3338; x_wconf 82' lang='grc' dir='ltr'>πολλὴν</span> <span class='ocrx_word' id='word_1_768' title='bbox 3481 3277 3507 3306; x_wconf 79' lang='grc' dir='ltr'><strong><em>ο</em></strong></span> 
     </span>
    </p>
   </div>
   <div class='ocr_carea' id='block_1_99' title="bbox 1926 3349 3505 3424">
    <p class='ocr_par' dir='ltr' id='par_1_99' title="bbox 1926 3349 3505 3424">
     <span class='ocr_line' id='line_1_100' title="bbox 1926 3349 3505 3424; baseline -0.001 -12"><span class='ocrx_word' id='word_1_769' title='bbox 1926 3356 2382 3422; x_wconf 83' lang='grc' dir='ltr'>ἐπισπάσωνται;</span> <span class='ocrx_word' id='word_1_770' title='bbox 2437 3355 2567 3417; x_wconf 76' lang='grc' dir='ltr'>Ναὶ,</span> <span class='ocrx_word' id='word_1_771' title='bbox 2615 3355 2799 3424; x_wconf 74' lang='grc' dir='ltr'>φησὶν,</span> <span class='ocrx_word' id='word_1_772' title='bbox 2844 3349 2963 3408; x_wconf 82' lang='grc' dir='ltr'>οῖδα</span> <span class='ocrx_word' id='word_1_773' title='bbox 3004 3353 3162 3408; x_wconf 87' lang='grc' dir='ltr'>τοῦτο</span> <span class='ocrx_word' id='word_1_774' title='bbox 3201 3357 3294 3410; x_wconf 71' lang='grc' dir='ltr'>καὶ</span> <span class='ocrx_word' id='word_1_775' title='bbox 3322 3356 3505 3421; x_wconf 72' lang='grc' dir='ltr'>αὐτὸς,</span> 
     </span>
    </p>
   </div>
   <div class='ocr_carea' id='block_1_100' title="bbox 1923 3445 3509 3522">
    <p class='ocr_par' dir='ltr' id='par_1_100' title="bbox 1923 3445 3509 3522">
     <span class='ocr_line' id='line_1_101' title="bbox 1923 3445 3509 3522; baseline -0.001 -18"><span class='ocrx_word' id='word_1_776' title='bbox 1923 3448 2059 3504; x_wconf 89' lang='grc' dir='ltr'>ἀλλά</span> <span class='ocrx_word' id='word_1_777' title='bbox 2108 3448 2227 3511; x_wconf 88' lang='grc' dir='ltr'>πῶς</span> <span class='ocrx_word' id='word_1_778' title='bbox 2264 3446 2437 3519; x_wconf 80' lang='grc' dir='ltr'>αὐτὴν</span> <span class='ocrx_word' id='word_1_779' title='bbox 2474 3445 2909 3519; x_wconf 88' lang='grc' dir='ltr'>ἀποκρούσομαι,</span> <span class='ocrx_word' id='word_1_780' title='bbox 2941 3445 3036 3501; x_wconf 74' lang='grc' dir='ltr'>καὶ</span> <span class='ocrx_word' id='word_1_781' title='bbox 3077 3447 3370 3520; x_wconf 82' lang='grc' dir='ltr'>ἀποστήσω</span> <span class='ocrx_word' id='word_1_782' title='bbox 3408 3448 3509 3522; x_wconf 78' lang='grc' dir='ltr'>τῆς</span> 
     </span>
    </p>
   </div>
   <div class='ocr_carea' id='block_1_101' title="bbox 1925 3531 3505 3610">
    <p class='ocr_par' dir='ltr' id='par_1_101' title="bbox 1925 3531 3505 3610">
     <span class='ocr_line' id='line_1_102' title="bbox 1925 3531 3505 3610; baseline 0.001 -17"><span class='ocrx_word' id='word_1_783' title='bbox 1925 3536 2164 3610; x_wconf 78' lang='grc' dir='ltr'>ἐμαυτοῦ</span> <span class='ocrx_word' id='word_1_784' title='bbox 2195 3537 2394 3609; x_wconf 74' lang='grc' dir='ltr'>ψυχῆς,</span> <span class='ocrx_word' id='word_1_785' title='bbox 2418 3537 2517 3591; x_wconf 83' lang='grc' dir='ltr'>οὐκ</span> <span class='ocrx_word' id='word_1_786' title='bbox 2535 3531 2671 3590; x_wconf 75' lang='grc' dir='ltr'>οῖδα.</span> <span class='ocrx_word' id='word_1_787' title='bbox 2697 3537 2809 3591; x_wconf 77' lang='grc' dir='ltr'>Καὶ</span> <span class='ocrx_word' id='word_1_788' title='bbox 2834 3537 2995 3601; x_wconf 88' lang='grc' dir='ltr'>ποίας</span> <span class='ocrx_word' id='word_1_789' title='bbox 3022 3536 3180 3590; x_wconf 90' lang='grc' dir='ltr'>τοῦτο</span> <span class='ocrx_word' id='word_1_790' title='bbox 3204 3536 3505 3605; x_wconf 79' lang='grc' dir='ltr'>δυσκολίας,</span> 
     </span>
    </p>
   </div>
   <div class='ocr_carea' id='block_1_102' title="bbox 1924 3621 3509 3700">
    <p class='ocr_par' dir='ltr' id='par_1_102' title="bbox 1924 3621 3509 3700">
     <span class='ocr_line' id='line_1_103' title="bbox 1924 3621 3509 3700; baseline 0.001 -19"><span class='ocrx_word' id='word_1_791' title='bbox 1924 3621 1970 3682; x_wconf 84' lang='grc' dir='ltr'>ῶ</span> <span class='ocrx_word' id='word_1_792' title='bbox 2024 3628 2179 3698; x_wconf 83' lang='grc' dir='ltr'>φίλε;</span> <span class='ocrx_word' id='word_1_793' title='bbox 2211 3627 2273 3680; x_wconf 82' lang='grc' dir='ltr'><strong>Εἰ</strong></span> <span class='ocrx_word' id='word_1_794' title='bbox 2303 3627 2400 3698; x_wconf 82' lang='grc' dir='ltr'>μὲν</span> <span class='ocrx_word' id='word_1_795' title='bbox 2438 3625 2546 3699; x_wconf 85' lang='grc' dir='ltr'>γὰρ</span> <span class='ocrx_word' id='word_1_796' title='bbox 2584 3626 2850 3698; x_wconf 83' lang='grc' dir='ltr'>ἐπιθυμία</span> <span class='ocrx_word' id='word_1_797' title='bbox 2876 3643 2964 3689; x_wconf 91' lang='grc' dir='ltr'>τις</span> <span class='ocrx_word' id='word_1_798' title='bbox 2992 3622 3084 3699; x_wconf 80' lang='grc' dir='ltr'>ἦν,</span> <span class='ocrx_word' id='word_1_799' title='bbox 3122 3628 3215 3681; x_wconf 81' lang='grc' dir='ltr'>καὶ</span> <span class='ocrx_word' id='word_1_800' title='bbox 3241 3629 3509 3700; x_wconf 87' lang='grc' dir='ltr'>σωμάτων</span> 
     </span>
    </p>
   </div>
   <div class='ocr_carea' id='block_1_103' title="bbox 1925 3717 3507 3793">
    <p class='ocr_par' dir='ltr' id='par_1_103' title="bbox 1925 3717 3507 3793">
     <span class='ocr_line' id='line_1_104' title="bbox 1925 3717 3507 3793; baseline 0 -18"><span class='ocrx_word' id='word_1_801' title='bbox 1925 3720 2066 3793; x_wconf 78' lang='grc' dir='ltr'>ἔρως</span> <span class='ocrx_word' id='word_1_802' title='bbox 2096 3718 2317 3784; x_wconf 80' lang='grc' dir='ltr'>ἄτοπος,</span> <span class='ocrx_word' id='word_1_803' title='bbox 2352 3718 2384 3790; x_wconf 74' lang='grc' dir='ltr'>ἦ</span> <span class='ocrx_word' id='word_1_804' title='bbox 2411 3717 2715 3784; x_wconf 80' lang='grc' dir='ltr'>κενοδοξίας</span> <span class='ocrx_word' id='word_1_805' title='bbox 2759 3719 3032 3790; x_wconf 78' lang='grc' dir='ltr'>τυραννὶς,</span> <span class='ocrx_word' id='word_1_806' title='bbox 3061 3719 3121 3773; x_wconf 89' lang='lat'><em>16</em></span> <span class='ocrx_word' id='word_1_807' title='bbox 3151 3719 3507 3790; x_wconf 80' lang='grc' dir='ltr'>δυσκαταγώ-</span> 
     </span>
    </p>
   </div>
   <div class='ocr_carea' id='block_1_104' title="bbox 1924 3813 3507 3886">
    <p class='ocr_par' dir='ltr' id='par_1_104' title="bbox 1924 3813 3507 3886">
     <span class='ocr_line' id='line_1_105' title="bbox 1924 3813 3507 3886; baseline 0.001 -17"><span class='ocrx_word' id='word_1_808' title='bbox 1924 3830 2103 3869; x_wconf 88' lang='grc' dir='ltr'>νιστον</span> <span class='ocrx_word' id='word_1_809' title='bbox 2127 3814 2316 3878; x_wconf 77' lang='grc' dir='ltr'>κακὸν,</span> <span class='ocrx_word' id='word_1_810' title='bbox 2348 3814 2383 3886; x_wconf 80' lang='grc' dir='ltr'>ἢ</span> <span class='ocrx_word' id='word_1_811' title='bbox 2417 3813 2545 3870; x_wconf 78' lang='grc' dir='ltr'>ἄλλο</span> <span class='ocrx_word' id='word_1_812' title='bbox 2571 3831 2623 3869; x_wconf 91' lang='grc' dir='ltr'>τι</span> <span class='ocrx_word' id='word_1_813' title='bbox 2661 3814 2773 3870; x_wconf 92' lang='grc' dir='ltr'>τῶν</span> <span class='ocrx_word' id='word_1_814' title='bbox 2802 3814 3061 3870; x_wconf 88' lang='grc' dir='ltr'>τοιούτων</span> <span class='ocrx_word' id='word_1_815' title='bbox 3092 3815 3302 3883; x_wconf 86' lang='grc' dir='ltr'>παθῶν,</span> <span class='ocrx_word' id='word_1_816' title='bbox 3328 3817 3507 3881; x_wconf 74' lang='grc' dir='ltr'>καλῶς</span> 
     </span>
    </p>
   </div>
   <div class='ocr_carea' id='block_1_105' title="bbox 1924 3906 3511 3982">
    <p class='ocr_par' dir='ltr' id='par_1_105' title="bbox 1924 3906 3511 3982">
     <span class='ocr_line' id='line_1_106' title="bbox 1924 3906 3511 3982; baseline 0.001 -21"><span class='ocrx_word' id='word_1_817' title='bbox 1924 3906 1991 3961; x_wconf 79' lang='grc' dir='ltr'>ἀν</span> <span class='ocrx_word' id='word_1_818' title='bbox 2014 3908 2240 3978; x_wconf 80' lang='grc' dir='ltr'>ἠπόρεις</span> <span class='ocrx_word' id='word_1_819' title='bbox 2271 3907 2414 3980; x_wconf 83' lang='grc' dir='ltr'>ὑπὲρ</span> <span class='ocrx_word' id='word_1_820' title='bbox 2445 3907 2545 3978; x_wconf 83' lang='grc' dir='ltr'>τῆς</span> <span class='ocrx_word' id='word_1_821' title='bbox 2576 3907 2899 3977; x_wconf 83' lang='grc' dir='ltr'>ἀπαλλαγῆς</span> <span class='ocrx_word' id='word_1_822' title='bbox 2918 3924 2932 3938; x_wconf 83' lang='grc'>⁸</span> <span class='ocrx_word' id='word_1_823' title='bbox 2961 3908 3089 3972; x_wconf 76' lang='grc' dir='ltr'>τοὺς</span> <span class='ocrx_word' id='word_1_824' title='bbox 3108 3909 3217 3982; x_wconf 84' lang='grc' dir='ltr'>γάρ</span> <span class='ocrx_word' id='word_1_825' title='bbox 3248 3910 3511 3975; x_wconf 85' lang='grc' dir='ltr'>τοιούτοις</span> 
     </span>
    </p>
   </div>
   <div class='ocr_carea' id='block_1_106' title="bbox 1924 3997 3510 4072">
    <p class='ocr_par' dir='ltr' id='par_1_106' title="bbox 1924 3997 3510 4072">
     <span class='ocr_line' id='line_1_107' title="bbox 1924 3997 3510 4072; baseline 0.002 -20"><span class='ocrx_word' id='word_1_826' title='bbox 1924 3998 2151 4062; x_wconf 83' lang='grc' dir='ltr'>ἁλόντας</span> <span class='ocrx_word' id='word_1_827' title='bbox 2202 3997 2461 4053; x_wconf 90' lang='grc' dir='ltr'>ἀδύνατον</span> <span class='ocrx_word' id='word_1_828' title='bbox 2509 3999 2608 4071; x_wconf 83' lang='grc' dir='ltr'>μὲν</span> <span class='ocrx_word' id='word_1_829' title='bbox 2660 3999 2933 4069; x_wconf 80' lang='grc' dir='ltr'>οὐδαμῶς,</span> <span class='ocrx_word' id='word_1_830' title='bbox 2979 3999 3233 4054; x_wconf 88' lang='grc' dir='ltr'>δύσκολον</span> <span class='ocrx_word' id='word_1_831' title='bbox 3266 4001 3322 4055; x_wconf 78' lang='grc' dir='ltr'>δὲ</span> <span class='ocrx_word' id='word_1_832' title='bbox 3360 4002 3510 4072; x_wconf 81' lang='grc' dir='ltr'>ὅμως</span> 
     </span>
    </p>
   </div>
   <div class='ocr_carea' id='block_1_107' title="bbox 1927 4089 3511 4163">
    <p class='ocr_par' dir='ltr' id='par_1_107' title="bbox 1927 4089 3511 4163">
     <span class='ocr_line' id='line_1_108' title="bbox 1927 4089 3511 4163; baseline 0.002 -20"><span class='ocrx_word' id='word_1_833' title='bbox 1927 4089 2228 4161; x_wconf 78' lang='grc' dir='ltr'>ἀποδρᾶναι</span> <span class='ocrx_word' id='word_1_834' title='bbox 2286 4090 2352 4144; x_wconf 82' lang='grc' dir='ltr'>τά</span> <span class='ocrx_word' id='word_1_835' title='bbox 2386 4089 2599 4144; x_wconf 89' lang='grc' dir='ltr'>δίκτυα.</span> <span class='ocrx_word' id='word_1_836' title='bbox 2640 4089 2708 4142; x_wconf 89' lang='grc' dir='ltr'>Τί</span> <span class='ocrx_word' id='word_1_837' title='bbox 2759 4090 2995 4161; x_wconf 78' lang='grc' dir='ltr'>δήποτε;</span> <span class='ocrx_word' id='word_1_838' title='bbox 3031 4090 3153 4145; x_wconf 73' lang='grc' dir='ltr'>Ὀτι</span> <span class='ocrx_word' id='word_1_839' title='bbox 3190 4090 3289 4163; x_wconf 80' lang='grc' dir='ltr'>τὴν</span> <span class='ocrx_word' id='word_1_840' title='bbox 3315 4091 3511 4163; x_wconf 76' lang='grc' dir='ltr'>ἡδονὴν</span> 
     </span>
    </p>
   </div>
   <div class='ocr_carea' id='block_1_108' title="bbox 1927 4180 3513 4254">
    <p class='ocr_par' dir='ltr' id='par_1_108' title="bbox 1927 4180 3513 4254">
     <span class='ocr_line' id='line_1_109' title="bbox 1927 4180 3513 4254; baseline 0.002 -20"><span class='ocrx_word' id='word_1_841' title='bbox 1927 4181 2108 4252; x_wconf 76' lang='grc' dir='ltr'>ἔχουσι</span> <span class='ocrx_word' id='word_1_842' title='bbox 2140 4198 2203 4234; x_wconf 92' lang='grc' dir='ltr'>συ</span> <span class='ocrx_word' id='word_1_843' title='bbox 2212 4180 2601 4253; x_wconf 88' lang='grc' dir='ltr'>μπράττουσαν</span> <span class='ocrx_word' id='word_1_844' title='bbox 2620 4181 2715 4235; x_wconf 74' lang='grc' dir='ltr'>καὶ</span> <span class='ocrx_word' id='word_1_845' title='bbox 2732 4181 3034 4254; x_wconf 83' lang='grc' dir='ltr'>βοηθοῦσαν</span> <span class='ocrx_word' id='word_1_846' title='bbox 3050 4183 3234 4247; x_wconf 80' lang='grc' dir='ltr'>αὐτοῖς</span> <span class='ocrx_word' id='word_1_847' title='bbox 3255 4200 3269 4216; x_wconf 87' lang='grc'>⁸</span> <span class='ocrx_word' id='word_1_848' title='bbox 3300 4184 3394 4237; x_wconf 76' lang='grc' dir='ltr'>καὶ</span> <span class='ocrx_word' id='word_1_849' title='bbox 3413 4181 3513 4237; x_wconf 78' lang='grc' dir='ltr'>αὖ·</span> 
     </span>
    </p>
   </div>
   <div class='ocr_carea' id='block_1_109' title="bbox 1926 4270 3509 4346">
    <p class='ocr_par' dir='ltr' id='par_1_109' title="bbox 1926 4270 3509 4346">
     <span class='ocr_line' id='line_1_110' title="bbox 1926 4270 3509 4346; baseline 0.003 -20"><span class='ocrx_word' id='word_1_850' title='bbox 1926 4290 1994 4343; x_wconf 90' lang='grc' dir='ltr'>τη</span> <span class='ocrx_word' id='word_1_851' title='bbox 2047 4272 2194 4326; x_wconf 73' lang='grc' dir='ltr'>ἐστὶν</span> <span class='ocrx_word' id='word_1_852' title='bbox 2223 4274 2257 4343; x_wconf 79' lang='grc' dir='ltr'>ἡ</span> <span class='ocrx_word' id='word_1_853' title='bbox 2300 4270 2368 4326; x_wconf 82' lang='grc' dir='ltr'>τά</span> <span class='ocrx_word' id='word_1_854' title='bbox 2394 4271 2565 4326; x_wconf 80' lang='grc' dir='ltr'>πολλά</span> <span class='ocrx_word' id='word_1_855' title='bbox 2606 4274 2941 4343; x_wconf 85' lang='grc' dir='ltr'>πανταχόθεν</span> <span class='ocrx_word' id='word_1_856' title='bbox 2967 4274 3366 4346; x_wconf 86' lang='grc' dir='ltr'>περιϐάλλουσα</span> <span class='ocrx_word' id='word_1_857' title='bbox 3397 4278 3509 4341; x_wconf 82' lang='grc' dir='ltr'>τοῖς</span> 
     </span>
    </p>
   </div>
   <div class='ocr_carea' id='block_1_110' title="bbox 1929 4362 3514 4437">
    <p class='ocr_par' dir='ltr' id='par_1_110' title="bbox 1929 4362 3514 4437">
     <span class='ocr_line' id='line_1_111' title="bbox 1929 4362 3514 4437; baseline 0.002 -19"><span class='ocrx_word' id='word_1_858' title='bbox 1929 4362 2195 4418; x_wconf 67' lang='grc' dir='ltr'>ἑαλωκόσι</span> <span class='ocrx_word' id='word_1_859' title='bbox 2234 4362 2473 4434; x_wconf 86' lang='grc' dir='ltr'>σχοινία⁸</span> <span class='ocrx_word' id='word_1_860' title='bbox 2532 4363 2626 4417; x_wconf 76' lang='grc' dir='ltr'>καὶ</span> <span class='ocrx_word' id='word_1_861' title='bbox 2668 4363 2826 4417; x_wconf 86' lang='grc' dir='ltr'>τοῦτο</span> <span class='ocrx_word' id='word_1_862' title='bbox 2880 4365 3098 4436; x_wconf 84' lang='grc' dir='ltr'>πρῶτον</span> <span class='ocrx_word' id='word_1_863' title='bbox 3138 4364 3252 4437; x_wconf 74' lang='grc' dir='ltr'>ἔχει</span> <span class='ocrx_word' id='word_1_864' title='bbox 3283 4366 3420 4437; x_wconf 81' lang='grc' dir='ltr'>πρὸς</span> <span class='ocrx_word' id='word_1_865' title='bbox 3450 4367 3514 4422; x_wconf 88' lang='lat'>16</span> 
     </span>
    </p>
   </div>
   <div class='ocr_carea' id='block_1_111' title="bbox 1927 4452 3511 4528">
    <p class='ocr_par' dir='ltr' id='par_1_111' title="bbox 1927 4452 3511 4528">
     <span class='ocr_line' id='line_1_112' title="bbox 1927 4452 3511 4528; baseline 0.002 -21"><span class='ocrx_word' id='word_1_866' title='bbox 1927 4452 2339 4525; x_wconf 80' lang='grc' dir='ltr'>κατορθωθῆναι</span> <span class='ocrx_word' id='word_1_867' title='bbox 2366 4454 2620 4526; x_wconf 78' lang='grc' dir='ltr'>χαλεπὸν,</span> <span class='ocrx_word' id='word_1_868' title='bbox 2651 4457 2835 4508; x_wconf 83' lang='grc' dir='ltr'>πεῖσαι</span> <span class='ocrx_word' id='word_1_869' title='bbox 2865 4456 2963 4526; x_wconf 76' lang='grc' dir='ltr'>τὴν</span> <span class='ocrx_word' id='word_1_870' title='bbox 2990 4456 3170 4528; x_wconf 75' lang='grc' dir='ltr'>ψυχὴν</span> <span class='ocrx_word' id='word_1_871' title='bbox 3200 4457 3333 4521; x_wconf 82' lang='grc' dir='ltr'>ὅλως</span> <span class='ocrx_word' id='word_1_872' title='bbox 3351 4457 3511 4528; x_wconf 79' lang='grc' dir='ltr'>θελῆ-</span> 
     </span>
    </p>
   </div>
   <div class='ocr_carea' id='block_1_112' title="bbox 1931 4544 3510 4626">
    <p class='ocr_par' dir='ltr' id='par_1_112' title="bbox 1931 4544 3510 4626">
     <span class='ocr_line' id='line_1_113' title="bbox 1931 4544 3510 4626; baseline 0.001 -25"><span class='ocrx_word' id='word_1_873' title='bbox 1931 4562 2023 4601; x_wconf 89' lang='grc' dir='ltr'>σαι</span> <span class='ocrx_word' id='word_1_874' title='bbox 2076 4545 2172 4601; x_wconf 78' lang='grc' dir='ltr'>καὶ</span> <span class='ocrx_word' id='word_1_875' title='bbox 2216 4544 2543 4617; x_wconf 79' lang='grc' dir='ltr'>βουληθῆναι</span> <span class='ocrx_word' id='word_1_876' title='bbox 2607 4546 2707 4616; x_wconf 81' lang='grc' dir='ltr'>τὴν</span> <span class='ocrx_word' id='word_1_877' title='bbox 2739 4544 3095 4626; x_wconf 74' lang='grc' dir='ltr'>ἀπαλλαγήν·</span> <span class='ocrx_word' id='word_1_878' title='bbox 3158 4547 3252 4601; x_wconf 71' lang='grc' dir='ltr'>καὶ</span> <span class='ocrx_word' id='word_1_879' title='bbox 3297 4549 3510 4617; x_wconf 86' lang='grc' dir='ltr'>γίνεται</span> 
     </span>
    </p>
   </div>
   <div class='ocr_carea' id='block_1_113' title="bbox 1930 4635 3509 4711">
    <p class='ocr_par' dir='ltr' id='par_1_113' title="bbox 1930 4635 3509 4711">
     <span class='ocr_line' id='line_1_114' title="bbox 1930 4635 3509 4711; baseline 0.001 -20"><span class='ocrx_word' id='word_1_880' title='bbox 1930 4637 2253 4709; x_wconf 88' lang='grc' dir='ltr'>παρόμοιον,</span> <span class='ocrx_word' id='word_1_881' title='bbox 2285 4637 2474 4707; x_wconf 88' lang='grc' dir='ltr'>ῶσπερ</span> <span class='ocrx_word' id='word_1_882' title='bbox 2498 4636 2563 4691; x_wconf 82' lang='grc' dir='ltr'>ἂν</span> <span class='ocrx_word' id='word_1_883' title='bbox 2594 4636 2744 4701; x_wconf 81' lang='grc' dir='ltr'>είτις</span> <span class='ocrx_word' id='word_1_884' title='bbox 2775 4635 2965 4710; x_wconf 78' lang='grc' dir='ltr'>ψώραν</span> <span class='ocrx_word' id='word_1_885' title='bbox 2986 4639 3019 4709; x_wconf 82' lang='grc' dir='ltr'>ἦ</span> <span class='ocrx_word' id='word_1_886' title='bbox 3042 4640 3353 4711; x_wconf 81' lang='grc' dir='ltr'>κνησμονὴν</span> <span class='ocrx_word' id='word_1_887' title='bbox 3371 4640 3509 4693; x_wconf 83' lang='grc' dir='ltr'>ἀπο⁸</span> 
     </span>
    </p>
   </div>
   <div class='ocr_carea' id='block_1_114' title="bbox 1931 4728 3512 4803">
    <p class='ocr_par' dir='ltr' id='par_1_114' title="bbox 1931 4728 3512 4803">
     <span class='ocr_line' id='line_1_115' title="bbox 1931 4728 3512 4803; baseline 0.002 -20"><span class='ocrx_word' id='word_1_888' title='bbox 1931 4729 2118 4784; x_wconf 89' lang='grc' dir='ltr'>θέσθαι</span> <span class='ocrx_word' id='word_1_889' title='bbox 2165 4729 2396 4800; x_wconf 83' lang='grc' dir='ltr'>ὀφείλων</span> <span class='ocrx_word' id='word_1_890' title='bbox 2441 4729 2749 4800; x_wconf 81' lang='grc' dir='ltr'>ἐνηδύνοιτο</span> <span class='ocrx_word' id='word_1_891' title='bbox 2801 4728 2880 4802; x_wconf 80' lang='grc' dir='ltr'>τῷ</span> <span class='ocrx_word' id='word_1_892' title='bbox 2915 4732 3203 4803; x_wconf 82' lang='grc' dir='ltr'>νοσήματι,</span> <span class='ocrx_word' id='word_1_893' title='bbox 3232 4731 3328 4785; x_wconf 73' lang='grc' dir='ltr'>καὶ</span> <span class='ocrx_word' id='word_1_894' title='bbox 3378 4730 3512 4786; x_wconf 77' lang='grc' dir='ltr'>εἴσω</span> 
     </span>
    </p>
   </div>
   <div class='ocr_carea' id='block_1_115' title="bbox 1930 4820 3512 4896">
    <p class='ocr_par' dir='ltr' id='par_1_115' title="bbox 1930 4820 3512 4896">
     <span class='ocr_line' id='line_1_116' title="bbox 1930 4820 3512 4896; baseline 0 -20"><span class='ocrx_word' id='word_1_895' title='bbox 1930 4820 2025 4877; x_wconf 88' lang='grc' dir='ltr'>τοῦ</span> <span class='ocrx_word' id='word_1_896' title='bbox 2072 4821 2281 4888; x_wconf 87' lang='grc' dir='ltr'>πάθους</span> <span class='ocrx_word' id='word_1_897' title='bbox 2328 4823 2519 4878; x_wconf 78' lang='grc' dir='ltr'>ἑαυτὸν</span> <span class='ocrx_word' id='word_1_898' title='bbox 2552 4823 2788 4878; x_wconf 83' lang='grc' dir='ltr'>είσωθοῖ.</span> <span class='ocrx_word' id='word_1_899' title='bbox 2818 4823 2962 4894; x_wconf 86' lang='grc' dir='ltr'>Πρὸς</span> <span class='ocrx_word' id='word_1_900' title='bbox 2981 4823 3040 4877; x_wconf 82' lang='grc' dir='ltr'>δὲ</span> <span class='ocrx_word' id='word_1_901' title='bbox 3071 4823 3169 4896; x_wconf 82' lang='grc' dir='ltr'>τὴν</span> <span class='ocrx_word' id='word_1_902' title='bbox 3201 4823 3302 4895; x_wconf 83' lang='grc' dir='ltr'>τῆς</span> <span class='ocrx_word' id='word_1_903' title='bbox 3334 4822 3512 4895; x_wconf 84' lang='grc' dir='ltr'>λύπης</span> 
     </span>
    </p>
   </div>
   <div class='ocr_carea' id='block_1_116' title="bbox 1929 4913 3511 4988">
    <p class='ocr_par' dir='ltr' id='par_1_116' title="bbox 1929 4913 3511 4988">
     <span class='ocr_line' id='line_1_117' title="bbox 1929 4913 3511 4988; baseline 0.001 -20"><span class='ocrx_word' id='word_1_904' title='bbox 1929 4913 2276 4987; x_wconf 87' lang='grc' dir='ltr'>ἀναχώρησιν</span> <span class='ocrx_word' id='word_1_905' title='bbox 2308 4916 2368 4969; x_wconf 88' lang='grc' dir='ltr'>ού</span> <span class='ocrx_word' id='word_1_906' title='bbox 2405 4915 2604 4988; x_wconf 85' lang='grc' dir='ltr'>μικρὸν</span> <span class='ocrx_word' id='word_1_907' title='bbox 2652 4917 2783 4988; x_wconf 78' lang='grc' dir='ltr'>ημῖν</span> <span class='ocrx_word' id='word_1_908' title='bbox 2816 4914 3254 4987; x_wconf 33' lang='grc' dir='ltr'>τοῦτοιηνυσται,</span> <span class='ocrx_word' id='word_1_909' title='bbox 3278 4915 3341 4969; x_wconf 85' lang='grc' dir='ltr'>τὸ</span> <span class='ocrx_word' id='word_1_910' title='bbox 3372 4915 3511 4980; x_wconf 89' lang='grc' dir='ltr'>τέως</span> 
     </span>
    </p>
   </div>
   <div class='ocr_carea' id='block_1_117' title="bbox 1929 5004 3514 5079">
    <p class='ocr_par' dir='ltr' id='par_1_117' title="bbox 1929 5004 3514 5079">
     <span class='ocr_line' id='line_1_118' title="bbox 1929 5004 3514 5079; baseline 0.001 -20"><span class='ocrx_word' id='word_1_911' title='bbox 1929 5005 2109 5077; x_wconf 88' lang='grc' dir='ltr'>ἀηδῶς</span> <span class='ocrx_word' id='word_1_912' title='bbox 2152 5004 2296 5076; x_wconf 76' lang='grc' dir='ltr'>ἔχειν</span> <span class='ocrx_word' id='word_1_913' title='bbox 2343 5005 2479 5077; x_wconf 85' lang='grc' dir='ltr'>πρὸς</span> <span class='ocrx_word' id='word_1_914' title='bbox 2533 5006 2726 5079; x_wconf 78' lang='grc' dir='ltr'>αὐτήν.</span> <span class='ocrx_word' id='word_1_915' title='bbox 2792 5007 2851 5062; x_wconf 86' lang='lat'>&#39;0</span> <span class='ocrx_word' id='word_1_916' title='bbox 2902 5006 3011 5079; x_wconf 88' lang='grc' dir='ltr'>γάρ</span> <span class='ocrx_word' id='word_1_917' title='bbox 3060 5024 3166 5063; x_wconf 91' lang='grc' dir='ltr'>τινι</span> <span class='ocrx_word' id='word_1_918' title='bbox 3208 5005 3514 5079; x_wconf 74' lang='grc' dir='ltr'>βαρυνόμε-</span> 
     </span>
    </p>
   </div>
   <div class='ocr_carea' id='block_1_118' title="bbox 1931 5089 3507 5168">
    <p class='ocr_par' dir='ltr' id='par_1_118' title="bbox 1931 5089 3507 5168">
     <span class='ocr_line' id='line_1_119' title="bbox 1931 5089 3507 5168; baseline -0.001 -17"><span class='ocrx_word' id='word_1_919' title='bbox 1931 5114 2039 5161; x_wconf 82' lang='grc' dir='ltr'>νος,</span> <span class='ocrx_word' id='word_1_920' title='bbox 2073 5096 2164 5150; x_wconf 74' lang='grc' dir='ltr'>καὶ</span> <span class='ocrx_word' id='word_1_921' title='bbox 2204 5095 2507 5167; x_wconf 74' lang='grc' dir='ltr'>ἀπορρῖψαι</span> <span class='ocrx_word' id='word_1_922' title='bbox 2547 5096 2839 5151; x_wconf 84' lang='grc' dir='ltr'>σπουδάσει</span> <span class='ocrx_word' id='word_1_923' title='bbox 2879 5095 3091 5168; x_wconf 86' lang='grc' dir='ltr'>ταχέως</span> <span class='ocrx_word' id='word_1_924' title='bbox 3116 5095 3267 5151; x_wconf 87' lang='grc' dir='ltr'>αύτό.</span> <span class='ocrx_word' id='word_1_925' title='bbox 3303 5095 3368 5149; x_wconf 89' lang='grc' dir='ltr'>Τί</span> <span class='ocrx_word' id='word_1_926' title='bbox 3390 5089 3507 5160; x_wconf 79' lang='grc' dir='ltr'>οὖν,</span> 
     </span>
    </p>
   </div>
   <div class='ocr_carea' id='block_1_119' title="bbox 1930 5186 3512 5264">
    <p class='ocr_par' dir='ltr' id='par_1_119' title="bbox 1930 5186 3512 5264">
     <span class='ocr_line' id='line_1_120' title="bbox 1930 5186 3512 5264; baseline -0.003 -20"><span class='ocrx_word' id='word_1_927' title='bbox 1930 5189 1997 5244; x_wconf 86' lang='grc' dir='ltr'>ἂν</span> <span class='ocrx_word' id='word_1_928' title='bbox 2028 5188 2232 5264; x_wconf 83' lang='grc' dir='ltr'>σπεύδῃ</span> <span class='ocrx_word' id='word_1_929' title='bbox 2272 5188 2392 5262; x_wconf 83' lang='grc' dir='ltr'>μὲν,</span> <span class='ocrx_word' id='word_1_930' title='bbox 2427 5188 2504 5261; x_wconf 84' lang='grc' dir='ltr'><strong>μὴ</strong></span> <span class='ocrx_word' id='word_1_931' title='bbox 2540 5187 2765 5260; x_wconf 88' lang='grc' dir='ltr'>δύνηται</span> <span class='ocrx_word' id='word_1_932' title='bbox 2800 5187 2894 5254; x_wconf 86' lang='grc' dir='ltr'>δέ;</span> <span class='ocrx_word' id='word_1_933' title='bbox 2927 5188 3018 5259; x_wconf 82' lang='grc' dir='ltr'>Μὴ</span> <span class='ocrx_word' id='word_1_934' title='bbox 3051 5186 3308 5241; x_wconf 83' lang='grc' dir='ltr'>παυέσθω</span> <span class='ocrx_word' id='word_1_935' title='bbox 3347 5203 3512 5240; x_wconf 87' lang='grc' dir='ltr'>σπου-</span> 
     </span>
    </p>
   </div>
   <div class='ocr_carea' id='block_1_120' title="bbox 1927 5278 3511 5355">
    <p class='ocr_par' dir='ltr' id='par_1_120' title="bbox 1927 5278 3511 5355">
     <span class='ocr_line' id='line_1_121' title="bbox 1927 5278 3511 5355; baseline -0.003 -17"><span class='ocrx_word' id='word_1_936' title='bbox 1927 5282 2123 5349; x_wconf 79' lang='grc' dir='ltr'>δάζων,</span> <span class='ocrx_word' id='word_1_937' title='bbox 2152 5282 2247 5337; x_wconf 68' lang='grc' dir='ltr'>καὶ</span> <span class='ocrx_word' id='word_1_938' title='bbox 2276 5282 2486 5355; x_wconf 87' lang='grc' dir='ltr'>ταχέως</span> <span class='ocrx_word' id='word_1_939' title='bbox 2508 5282 2816 5354; x_wconf 78' lang='grc' dir='ltr'>δυνήσεται.</span> <span class='ocrx_word' id='word_1_940' title='bbox 2861 5282 3143 5354; x_wconf 84' lang='grc' dir='ltr'>Ἐννόησον</span> <span class='ocrx_word' id='word_1_941' title='bbox 3172 5280 3281 5354; x_wconf 84' lang='grc' dir='ltr'>γάρ</span> <span class='ocrx_word' id='word_1_942' title='bbox 3309 5280 3391 5334; x_wconf 83' lang='grc' dir='ltr'>ὅτι</span> <span class='ocrx_word' id='word_1_943' title='bbox 3415 5278 3511 5333; x_wconf 75' lang='grc' dir='ltr'>τὸν</span> 
     </span>
    </p>
   </div>
   <div class='ocr_carea' id='block_1_121' title="bbox 1928 5373 3513 5450">
    <p class='ocr_par' dir='ltr' id='par_1_121' title="bbox 1928 5373 3513 5450">
     <span class='ocr_line' id='line_1_122' title="bbox 1928 5373 3513 5450; baseline -0.002 -20"><span class='ocrx_word' id='word_1_944' title='bbox 1928 5377 2279 5450; x_wconf 81' lang='grc' dir='ltr'>Χριστιανὸν,</span> <span class='ocrx_word' id='word_1_945' title='bbox 2329 5376 2382 5432; x_wconf 80' lang='grc' dir='ltr'>εί</span> <span class='ocrx_word' id='word_1_946' title='bbox 2432 5393 2563 5431; x_wconf 87' lang='grc' dir='ltr'>ποτε</span> <span class='ocrx_word' id='word_1_947' title='bbox 2608 5376 2848 5435; x_wconf 81' lang='grc' dir='ltr'>λυποῖτο.</span> <span class='ocrx_word' id='word_1_948' title='bbox 2882 5375 2976 5430; x_wconf 90' lang='grc' dir='ltr'>δύο</span> <span class='ocrx_word' id='word_1_949' title='bbox 3020 5375 3183 5446; x_wconf 84' lang='grc' dir='ltr'>μόνον</span> <span class='ocrx_word' id='word_1_950' title='bbox 3224 5373 3513 5438; x_wconf 82' lang='grc' dir='ltr'>ὑποθέσεις</span> 
     </span>
    </p>
   </div>
   <div class='ocr_carea' id='block_1_122' title="bbox 1927 5464 3514 5542">
    <p class='ocr_par' dir='ltr' id='par_1_122' title="bbox 1927 5464 3514 5542">
     <span class='ocr_line' id='line_1_123' title="bbox 1927 5464 3514 5542; baseline -0.006 -17"><span class='ocrx_word' id='word_1_951' title='bbox 1927 5469 2167 5542; x_wconf 84' lang='grc' dir='ltr'>ἀθυμίας</span> <span class='ocrx_word' id='word_1_952' title='bbox 2183 5469 2330 5542; x_wconf 74' lang='grc' dir='ltr'>ἔχειν</span> <span class='ocrx_word' id='word_1_953' title='bbox 2349 5468 2447 5534; x_wconf 82' lang='grc' dir='ltr'>δεῖ,</span> <span class='ocrx_word' id='word_1_954' title='bbox 2466 5468 2641 5542; x_wconf 74' lang='grc' dir='ltr'>ηόταν</span> <span class='ocrx_word' id='word_1_955' title='bbox 2655 5468 2835 5532; x_wconf 80' lang='grc' dir='ltr'>αὐτὸς,</span> <span class='ocrx_word' id='word_1_956' title='bbox 2863 5468 2897 5539; x_wconf 75' lang='grc' dir='ltr'>ἢ</span> <span class='ocrx_word' id='word_1_957' title='bbox 2913 5468 3041 5522; x_wconf 82' lang='grc' dir='ltr'>ὅταν</span> <span class='ocrx_word' id='word_1_958' title='bbox 3054 5468 3084 5521; x_wconf 90' lang='lat'>6</span> <span class='ocrx_word' id='word_1_959' title='bbox 3106 5464 3330 5538; x_wconf 87' lang='grc' dir='ltr'>πλησίον</span> <span class='ocrx_word' id='word_1_960' title='bbox 3348 5480 3514 5535; x_wconf 84' lang='grc' dir='ltr'>προσ-</span> 
     </span>
    </p>
   </div>
   <div class='ocr_carea' id='block_1_123' title="bbox 1929 5553 3512 5630">
    <p class='ocr_par' dir='ltr' id='par_1_123' title="bbox 1929 5553 3512 5630">
     <span class='ocr_line' id='line_1_124' title="bbox 1929 5553 3512 5630; baseline 0 -21"><span class='ocrx_word' id='word_1_961' title='bbox 1929 5556 2136 5630; x_wconf 72' lang='grc' dir='ltr'>κρούσῃ</span> <span class='ocrx_word' id='word_1_962' title='bbox 2172 5555 2326 5626; x_wconf 73' lang='grc' dir='ltr'>θεῷ·</span> <span class='ocrx_word' id='word_1_963' title='bbox 2359 5557 2458 5627; x_wconf 80' lang='grc' dir='ltr'>τῆς</span> <span class='ocrx_word' id='word_1_964' title='bbox 2500 5555 2557 5612; x_wconf 82' lang='grc' dir='ltr'>δέ</span> <span class='ocrx_word' id='word_1_965' title='bbox 2590 5555 2871 5628; x_wconf 88' lang='grc' dir='ltr'>παρούσης</span> <span class='ocrx_word' id='word_1_966' title='bbox 2908 5553 3084 5627; x_wconf 86' lang='grc' dir='ltr'>λύπης</span> <span class='ocrx_word' id='word_1_967' title='bbox 3115 5554 3370 5625; x_wconf 81' lang='grc' dir='ltr'>οὐδεμίαν</span> <span class='ocrx_word' id='word_1_968' title='bbox 3398 5553 3512 5609; x_wconf 85' lang='grc' dir='ltr'>τῶν</span> 
     </span>
    </p>
   </div>
   <div class='ocr_carea' id='block_1_124' title="bbox 1932 5644 3509 5722">
    <p class='ocr_par' dir='ltr' id='par_1_124' title="bbox 1932 5644 3509 5722">
     <span class='ocr_line' id='line_1_125' title="bbox 1932 5644 3509 5722; baseline -0.001 -20"><span class='ocrx_word' id='word_1_969' title='bbox 1932 5647 2084 5721; x_wconf 70' lang='lat'>[226]</span> <span class='ocrx_word' id='word_1_970' title='bbox 2111 5648 2439 5722; x_wconf 87' lang='grc' dir='ltr'>προφάσεων</span> <span class='ocrx_word' id='word_1_971' title='bbox 2476 5647 2681 5702; x_wconf 87' lang='grc' dir='ltr'>τούτων</span> <span class='ocrx_word' id='word_1_972' title='bbox 2708 5648 2864 5720; x_wconf 76' lang='grc' dir='ltr'>ῥίζαν</span> <span class='ocrx_word' id='word_1_973' title='bbox 2886 5646 3135 5720; x_wconf 84' lang='grc' dir='ltr'>ἐχούσης,</span> <span class='ocrx_word' id='word_1_974' title='bbox 3162 5649 3287 5717; x_wconf 82' lang='grc' dir='ltr'>εἰκῆ</span> <span class='ocrx_word' id='word_1_975' title='bbox 3312 5644 3509 5701; x_wconf 82' lang='grc' dir='ltr'>σαυτὸν</span> 
     </span>
    </p>
   </div>
   <div class='ocr_carea' id='block_1_125' title="bbox 1996 5767 2858 5841">
    <p class='ocr_par' dir='ltr' id='par_1_125' title="bbox 1996 5767 2858 5841">
     <span class='ocr_line' id='line_1_126' title="bbox 1996 5767 2858 5841; baseline 0 -24"><span class='ocrx_word' id='word_1_976' title='bbox 1996 5773 2019 5841; x_wconf 62' lang='grc' dir='ltr'><strong>ξ</strong></span> <span class='ocrx_word' id='word_1_977' title='bbox 2204 5770 2441 5841; x_wconf 55' lang='grc' dir='ltr'>ἐπέτριψε,</span> <span class='ocrx_word' id='word_1_978' title='bbox 2467 5767 2600 5841; x_wconf 53' lang='grc' dir='ltr'>εξιιίιζ</span> <span class='ocrx_word' id='word_1_979' title='bbox 2614 5767 2858 5841; x_wconf 64' lang='grc' dir='ltr'>ἐπέτριψε.</span> 
     </span>
    </p>
   </div>
   <div class='ocr_carea' id='block_1_126' title="bbox 1996 5821 3506 5890">
    <p class='ocr_par' dir='ltr' id='par_1_126' title="bbox 1996 5821 3506 5890">
     <span class='ocr_line' id='line_1_127' title="bbox 1996 5821 3506 5890; baseline -0.005 -10"><span class='ocrx_word' id='word_1_980' title='bbox 1996 5831 2021 5871; x_wconf 75' lang='grc' dir='ltr'><strong><em>ἀ</em></strong></span> <span class='ocrx_word' id='word_1_981' title='bbox 2043 5831 2177 5880; x_wconf 71' lang='grc' dir='ltr'>(ἶσιΙὶ).</span> <span class='ocrx_word' id='word_1_982' title='bbox 2204 5839 2258 5881; x_wconf 77' lang='lat' dir='ltr'>et</span> <span class='ocrx_word' id='word_1_983' title='bbox 2280 5821 2822 5890; x_wconf 60' lang='grc' dir='ltr'>Βενίιίκαταεαινέσθοί,</span> <span class='ocrx_word' id='word_1_984' title='bbox 2868 5828 3037 5879; x_wconf 64' lang='lat' dir='ltr'>More).</span> <span class='ocrx_word' id='word_1_985' title='bbox 3078 5821 3506 5887; x_wconf 74' lang='grc' dir='ltr'>καταετιραινίσθω.</span> 
     </span>
    </p>
   </div>
   <div class='ocr_carea' id='block_1_127' title="bbox 1993 5890 2681 5952">
    <p class='ocr_par' dir='ltr' id='par_1_127' title="bbox 1993 5890 2681 5952">
     <span class='ocr_line' id='line_1_128' title="bbox 1993 5890 2681 5952; baseline -0.01 -8"><span class='ocrx_word' id='word_1_986' title='bbox 1993 5898 2014 5925; x_wconf 75' lang='grc'>⁸</span> <span class='ocrx_word' id='word_1_987' title='bbox 2041 5893 2173 5944; x_wconf 66' lang='lat' dir='ltr'>C0”).</span> <span class='ocrx_word' id='word_1_988' title='bbox 2200 5893 2357 5952; x_wconf 74' lang='grc' dir='ltr'>πάλιν,</span> <span class='ocrx_word' id='word_1_989' title='bbox 2384 5890 2465 5940; x_wconf 81' lang='lat' dir='ltr'><strong>alii</strong></span> <span class='ocrx_word' id='word_1_990' title='bbox 2486 5890 2681 5947; x_wconf 79' lang='grc' dir='ltr'>πολλήν.</span> 
     </span>
    </p>
   </div>
  </div>
