4060 6136
569 333 678 392 493

571 450 780 520 ὀδυνᾷς.
809 447 918 500 Καὶ
957 446 1117 500 πόθεν
1141 445 1296 498 τοῦτο
1326 446 1502 516 δῆλον,
1544 448 1726 518 φησὶν,
1760 446 1842 499 ὅτι
1880 445 1940 497 οὐ
1977 459 2145 514 προσ-

572 531 932 604 κρουσμάτων
951 529 1150 600 ταύτην
1168 531 1384 602 τίνομεν
1400 533 1554 603 δίκην
1575 549 1589 597 ;
1607 530 1856 586 Μάλιστα
1875 530 1974 600 μὲν
1987 529 2144 600 δῆλόν

572 617 708 676 ἐστι,
747 612 884 684 πλὴν
905 615 1039 676 τέως
1074 615 1173 666 ούκ
1207 615 1550 684 ἰσχυρίζομαι
1591 613 1765 668 τοῦτο.
1813 613 1952 666 Ἀλλ’
1981 613 2140 676 ἔστω,

571 700 620 751 εί
673 697 870 767 βούλει,
907 697 1040 767 μηδὲ
1079 697 1292 766 ἄδηλον,
1333 700 1408 763 ὼς
1442 699 1598 769 ἔφης,
1640 698 1776 751 ἀλλά
1811 699 1904 751 καὶ
1941 697 2145 768 σφόδρα

570 781 749 851 δῆλον,
786 779 988 834 ὅτιτῶν
1006 781 1420 852 ἁμαρτημάτων
1449 783 1568 834 ἐστὶ
1587 783 1746 835 τοῦτο
1771 781 2140 843 ἀνταπόδοσις·

569 863 657 916 διὰ
709 861 865 914 τοῦτο
905 859 998 915 οὖν
1022 863 1227 931 ἀλγεῖς,
1272 865 1392 918 εἰπέ
1430 881 1549 935 μοι;
1593 864 1698 919 Καὶ
1747 865 1851 935 μὴν
1883 863 2145 933 εὐθυμίας

570 945 718 1010 ἄξιον
751 946 811 998 τὸ
851 946 1084 1000 ἐνταῦθα
1131 947 1483 1001 διαλύσασθαι
1520 947 1590 1000 τά
1627 949 2022 1018 ἁμαρτήματα,
2053 946 2146 998 καὶ

573 1029 648 1098 μὴ
677 1028 773 1082 σὺν
799 1029 878 1095 τῷ
908 1031 1100 1100 κόσμῳ
1129 1029 1575 1101 κατακρίνεσθαι.
1607 1029 1710 1082 Τὸν
1734 1031 1842 1100 γὰρ
1877 1029 2144 1098 ἀλγοῦντα

569 1111 667 1181 οὐχ
686 1111 826 1181 ὑπὲρ
843 1104 917 1165 ὧν
935 1111 1242 1178 κολάζεται,
1262 1113 1381 1166 ἀλλ’
1399 1113 1538 1186 ὑπὲρ
1553 1106 1627 1166 ὧν
1645 1113 1976 1183 ἁμαρτάνων
2003 1130 2078 1164 πα
2089 1129 2128 1179 ρ-

568 1193 744 1258 οξύνει
768 1193 858 1247 τὸν
883 1193 1036 1260 Θεὸν,
1071 1197 1256 1264 ἀλγεῖν
1281 1196 1390 1249 δεῖ·
1418 1196 1486 1250 τὰ
1517 1197 1614 1268 μὲν
1636 1196 1744 1266 γὰρ
1771 1197 2144 1266 ἁμαρτήματα

569 1275 862 1345 ἀφίστησιν
909 1277 1069 1348 ἡμῶν
1098 1278 1190 1331 τὸν
1252 1279 1386 1333 Θεὸν
1413 1281 1507 1333 καὶ
1553 1279 1745 1350 ἐχθρὸν
1783 1281 1944 1341 ποιεῖ,
1986 1277 2056 1331 τά
2087 1279 2142 1331 δὲ

567 1359 678 1413 τῶν
697 1359 973 1413 κολάσεων
1007 1360 1366 1416 καταλλάττει
1407 1379 1464 1416 τε
1495 1363 1657 1416 αὑτὸν
1689 1365 1819 1433 ἡμῖν
1849 1362 1942 1414 καὶ¹
1969 1379 2146 1432 παρα-

571 1443 828 1506 σκευάζει
862 1443 1020 1496 ἵλεων
1067 1441 1208 1497 είναι
1239 1447 1334 1499 καλ¹
1361 1445 1547 1513 ἐγγύς.
1581 1446 1704 1498 Ὀτι
1728 1445 1784 1498 δὲ
1803 1445 1925 1497 οὔτε
1961 1447 2144 1516 ἀμαρ-

569 1528 828 1596 τημάτων
884 1527 1029 1580 ἐστὶν
1083 1528 1370 1593 ἀντίδοσις,
1400 1529 1536 1583 ἀλλά
1567 1530 1844 1598 στεφάνων
1886 1529 1981 1582 καί¹
2015 1527 2146 1598 βρα-

569 1610 731 1662 ϐείων
786 1609 1041 1674 ὑπόθεσις
1090 1608 1242 1675 οὗτος
1293 1614 1320 1664 6
1370 1613 1528 1683 ἱδρὼς
1571 1613 1667 1665 καὶ
1705 1613 1733 1664 6
1763 1613 1943 1673 πόνος,
1990 1609 2146 1680 δῆλον

569 1691 794 1746 ἐκεῖθεν.
836 1693 899 1745 Εἰ
933 1694 1030 1762 μὲν
1061 1694 1170 1762 γάρ
1197 1695 1437 1764 αἰσχρῶς
1479 1695 1574 1748 καὶ
1617 1693 1840 1758 ἀσώτως
1879 1694 1970 1746 τὸν
2011 1694 2146 1764 πρόι

567 1791 724 1844 τερον
755 1773 866 1844 βίον
903 1775 1070 1844 βιοὺς,
1093 1775 1266 1839 οὕτως
1303 1779 1395 1830 ἐπὶ
1435 1778 1533 1846 τὴν
1566 1776 1674 1830 τῶν
1710 1777 1956 1848 μοναχῶν
1995 1777 2148 1830 πολι-

567 1856 718 1908 τείαν
749 1855 1054 1926 μετέθηκας
1096 1859 1336 1925 σεαυτὸν,
1365 1855 1432 1930 ἦν
1465 1861 1561 1931 μὲν
1609 1861 1726 1913 οὐδὲ
1767 1857 1910 1913 οὕτω
1945 1859 2149 1931 ταύτην

569 1938 906 1992 ὑποπτεῦσαι
947 1940 1047 2009 τὴν
1099 1942 1348 2011 ὑποψίαν.
1409 1943 1467 1996 Ιίῖί
1503 1943 1612 2014 γάρ
1641 1942 1727 1998 διὰ
1763 1943 1920 1997 τοῦτο
1955 1944 2149 2012 ἐπάγει

566 2021 666 2082 τὰς
691 2021 960 2092 τιμωρίας
992 2025 1020 2076 6
1040 2023 1192 2088 Θεὸς,
1226 2025 1311 2078 ἵνα
1337 2027 1508 2097 τρέψῃ
1540 2027 1674 2096 πρὸς
1712 2029 1997 2097 μετάνοιαν
2023 2027 2150 2090 τοὺς

567 2105 861 2168 ἀνενδότως
893 2105 1133 2176 ἔχοντας,
1159 2109 1258 2178 τῆς
1286 2109 1570 2179 μετανοίας
1605 2111 2018 2181 ἐπιδειχθείσης,
2050 2129 2150 2164 πε-

570 2188 726 2258 ριττὰ
751 2188 934 2242 λοιπόν
964 2191 1030 2243 τά
1060 2191 1158 2260 τῆς
1189 2193 1455 2264 τιμωρίας
1491 2195 1680 2248 τούτου
1706 2211 1768 2263 γε
1802 2196 1986 2250 ἕνεκέν
2012 2198 2144 2250 ἐστι.

567 2272 832 2326 Τοσοῦτον
857 2272 966 2346 γὰρ
993 2274 1183 2344 ἀπέχει
1216 2275 1310 2329 τοῦ
1341 2277 1617 2347 βούλεσθαι
1672 2278 1919 2342 κολάζειν
1950 2281 2095 2350 ἡμᾶς
2122 2281 2151 2334 6

565 2355 717 2420 Θεὸς,
765 2356 842 2418 ὡς
880 2359 974 2410 καὶ
1014 2358 1272 2422 πολλάκις
1304 2361 1572 2431 τιμωρίας
1619 2361 1745 2426 ἄξια
1793 2363 2148 2433 πράττοντας,

566 2439 662 2492 καὶ
691 2436 890 2508 πολλῆς
921 2438 1206 2510 δεομένους
1235 2443 1586 2514 ἐπιστροφῆς,
1623 2445 1689 2497 δι’
1719 2445 1948 2516 ἀπειλῆς
1992 2445 2151 2513 μόνον

566 2521 660 2574 καὶ
689 2522 949 2593 ῥημάτων
982 2523 1227 2594 φοϐερῶν
1268 2527 1616 2598 σωφρονίζειν
1647 2529 1817 2598 ἡμᾶς.
1846 2529 1955 2580 Καὶ¹
1996 2528 2152 2581 τοῦτο

569 2605 700 2668 ἴδοις
731 2604 796 2658 ἂν
828 2605 919 2658 ἐπί
951 2624 1011 2659 τε
1034 2606 1127 2660 τοῦ
1171 2609 1402 2680 Ἰσραὴλ,
1453 2610 1546 2662 ὲπί
1581 2627 1640 2662 τε
1679 2611 1778 2680 τῆς
1815 2610 2016 2674 πόλεως
2044 2612 2150 2664 τῶν

566 2687 884 2740 Νινευῖτῶν.
909 2689 981 2740 υύ
1010 2689 1118 2760 γάρ
1147 2691 1303 2758 μόνον
1329 2690 1426 2761 τὴν
1456 2693 1723 2762 τιμωρίαν
1750 2693 1850 2746 οὐκ
1878 2695 2149 2764 ἐπήγαγε,

566 2770 664 2840 τὴν
709 2771 996 2841 μετάνοιαν
1034 2773 1457 2843 ἐπιδειξαμένων
1486 2773 1726 2841 ἐκείνων,
1759 2773 1893 2829 ἀλλά
1928 2778 2020 2830 καὶ
2052 2777 2151 2848 τὴν

566 2851 792 2922 ἀπειλὴν
827 2852 1028 2916 εὐθέως
1065 2853 1237 2906 ἔλυσε.
1270 2854 1455 2926 Πολλῷ
1503 2856 1606 2928 γὰρ
1650 2857 1806 2928 ἡμῶν
1838 2858 2018 2911 αὐτῶν
2053 2860 2152 2913 αὗ-

564 2935 656 2999 τὸς
707 2935 950 3006 βούλεται
999 2937 1197 3008 μᾶλλον
1257 2939 1420 3009 μηδὲν
1477 2942 1624 3011 ἡμᾶς
1683 2942 1908 3011 πάσχειν
1959 2943 2147 3006 κακὸν,

565 3019 662 3070 καὶ
697 3019 869 3082 οὐδεὶς
923 3018 1094 3084 οὕτως
1132 3021 1322 3074 ἑαυτοῦ
1379 3022 1611 3091 φείσαιτ’
1657 3023 1723 3077 ἂν
1749 3065 1762 3088 ,
1807 3025 1882 3088 ὡς
1931 3026 2145 3080 πάντων

564 3101 722 3171 ἡμῶν
746 3104 774 3154 6
800 3102 952 3165 Θεός.
976 3099 1107 3156 Εἶτα
1128 3105 1156 3156 6
1180 3105 1306 3168 τοὺς
1340 3105 1596 3171 πολλάκις
1637 3109 1733 3178 μὲν
1763 3109 2148 3178 ἡμαρτηκότας

569 3185 776 3254 ῥήμασι
818 3185 1018 3254 φοϐῶν,
1065 3188 1124 3240 οὺ
1177 3187 1438 3253 κολάζων,
1478 3192 1912 3260 μετανοήσαντας
1949 3191 2005 3244 δὲ
2056 3191 2148 3246 καὶ

563 3266 768 3337 ταύτης
807 3269 1160 3323 ἀπαλλάττων
1201 3270 1301 3341 τῆς
1352 3273 1610 3340 ἀγωνίας,
1648 3273 1708 3325 σὲ
1749 3274 1838 3326 τὸν
1881 3273 2148 3346 τοσαύτην

565 3349 972 3418 ἐπιδειξάμενον
1003 3352 1288 3406 εύλάϐειάν
1325 3371 1382 3407 τε
1414 3357 1506 3409 καὶ
1545 3357 1744 3428 ἀρετὴν
1773 3357 1832 3409 ού
1870 3357 2029 3426 μόνον
2051 3359 2149 3428 τῆς

565 3432 794 3502 ἀπειλῆς
821 3433 921 3487 οὐκ
941 3435 1264 3506 ἀπήλλαξεν,
1309 3437 1442 3491 ἀλλά
1475 3439 1568 3492 καὶ
1599 3442 1664 3510 τῇ
1709 3440 1796 3494 διὰ
1838 3439 1944 3493 τῶν
1974 3441 2148 3511 ἔργων

567 3515 849 3584 παρεδίδου
873 3516 1124 3585 κολάσεις
1153 3520 1244 3573 καὶ
1284 3521 1398 3583 πῶς
1427 3522 1492 3576 ἄν
1516 3539 1599 3586 τις
1623 3523 1779 3576 τοῦτο
1806 3523 2140 3591 πιστεύσειε;

566 3595 713 3678 Πλὴν
757 3597 870 3650 ἀλλ’
901 3601 950 3651 εἰ
990 3601 1088 3670 μὲν
1118 3602 1406 3675 διέφθαρτό
1448 3622 1529 3659 σοι
1570 3609 1662 3660 καὶ
1710 3606 1964 3678 πονηρὸς,
2009 3609 2143 3678 ὅπερ

565 3677 723 3748 ἔφην,
770 3681 798 3732 ὁ
848 3681 952 3752 πρὸ
986 3683 1170 3737 τούτου
1207 3686 1320 3756 βίος
1352 3682 1438 3758 ἦν,
1481 3687 1583 3740 κᾶν
1623 3692 1703 3753 είς
1736 3677 1944 3743 ἔννοιαν
1990 3677 2146 3746 τοῦτο

567 3763 736 3816 ἐλθεῖν
765 3783 870 3818 τινι
895 3767 1115 3820 δυνατὸν
1142 3764 1207 3839 ἦν
1223 3785 1236 3798 ο
1267 3769 1362 3820 νῦν
1385 3770 1439 3822 δὲ
1465 3769 1556 3823 τοῦ
1583 3772 1682 3842 μὲν
1706 3775 1968 3844 παρόντος
1991 3774 2144 3828 ἐλάτ-

563 3862 673 3902 των
699 3850 924 3915 ἐκεῖνος,
957 3849 1176 3921 κόσμιος
1216 3849 1270 3904 δὲ
1306 3852 1400 3906 καὶ
1423 3852 1582 3916 αὐτὸς
1611 3855 1703 3907 καὶ
1733 3855 1930 3926 πολλῆς
1959 3856 2144 3928 γέμων

1280 333 1336 387 S.
1377 331 1660 388 JOANNIS
1693 327 2208 387 CHRYSOSTOMI.
2249 328 2567 386 ARCHIEP.
2607 325 3149 395 CONSTANTINOP,

3723 332 3750 385 ι
3759 331 3854 387 94⁵

2247 443 2570 514 σεμνότητος
2593 438 2682 515 ἦν.
2707 442 2846 495 ὥστε
2882 441 3040 494 τοῦτο
3079 439 3340 506 πάντοὼν
3382 442 3513 512 ἡμῖν
3549 437 3687 497 εἷναι
3721 460 3846 514 φα-

2244 526 2420 599 νερὸν,
2461 527 2544 580 ὅτι
2585 527 2862 596 στεφάνων
2913 525 3005 579 καὶ
3051 524 3294 590 μείζονος
3345 524 3654 590 ὑποθέσεώς
3711 531 3838 582 ἐστι

2243 613 2401 666 ταυτὶ
2443 611 2510 665 τὰ
2559 610 2934 680 παλαίσματα.
2965 612 3057 663 Δεῖ
3085 609 3182 680 μὲν
3221 605 3336 671 οὖν,
3380 611 3518 682 ὅπερ
3547 611 3708 682 ἔφην,
3733 613 3860 666 καις

2243 697 2466 759 τούτους
2496 696 2590 748 καὶ
2621 697 2747 760 τοὺς
2791 693 3064 757 τοιούτους
3101 695 3375 747 ἀνακινεῖν
3403 694 3718 764 λογισμοὺς,
3751 695 3846 747 δεῖ

2244 780 2301 833 δὲ
2337 779 2476 850 μετά
2507 778 2732 843 τούτων,
2767 777 2964 847 μᾶλλον
3000 777 3056 830 δὲ
3098 777 3193 830 καὶ
3227 777 3334 846 πρὸ
3379 776 3602 841 τούτων,
3641 779 3845 848 εὐχαῖς

2245 865 2340 918 καὶ
2386 863 2686 934 ἱκετηρίαις
2734 862 2893 915 τοῦτο
2941 859 3313 924 διασκεδάζειν
3360 861 3420 914 τὸ
3457 862 3670 925 σκότος.
3719 863 3846 915 Καὶ

2244 947 2353 1018 γὰρ
2377 949 2404 1001 6
2433 945 2699 1018 μακάριος
2719 944 2898 1009 Δαυῖδ,
2927 945 2955 996 ὁ
2979 943 3288 1014 θαυμαστὸς
3311 945 3517 1007 ἐκεῖνος
3539 945 3632 997 καὶ
3657 944 3846 1014 μέγας

2246 1029 2404 1102 ἀνὴρ,
2436 1029 2645 1092 τούτοις
2676 1029 2946 1100 ἐχρήσατο
2972 1029 3084 1088 τοῖς
3107 1026 3418 1097 φαρμάκοις
3449 1029 3708 1098 συνεχῶς,
3740 1030 3846 1080 καὶ

2244 1111 2385 1165 οὕτω
2408 1111 2505 1174 τὰς
2530 1110 2730 1174 πολλὰς
2753 1110 2862 1164 τῶν
2887 1109 3118 1179 θλίψεων
3142 1109 3475 1181 ἀπεκρούετο
3499 1110 3710 1174 ὀδύνας,
3737 1110 3847 1164 νῦν

2249 1195 2348 1265 μὲν
2375 1196 2665 1265 εὐχόμενος
2698 1193 2792 1248 καὶ
2827 1193 3036 1262 λέγων⁹
3077 1196 3147 1247 Al
3179 1193 3416 1261 θλίψεις
3435 1191 3546 1260 τῆς
3581 1194 3845 1263 καρδίας

2241 1298 2360 1348 μου
2383 1279 2876 1344 ἐπληθύνθησαν·
2903 1277 2969 1330 ἐκ
2993 1276 3112 1330 τῶν
3134 1275 3413 1344 ἀναγκῶν
3428 1293 3549 1346 μου
3579 1276 3846 1348 ἐξάπιτέ

2240 1381 2350 1434 με·
2385 1363 2480 1418 νῦν
2506 1363 2562 1416 δὲ
2591 1361 2882 1432 λογισμοὺς
2913 1360 3182 1416 ἀνακινῶν
3210 1360 3483 1424 εὐσεόεἶςο
3521 1362 3698 1416 Ἱνατί
3723 1379 3839 1415 πε-

2239 1449 2502 1517 ρίλυπος
2529 1442 2603 1510 εἷ,
2633 1445 2674 1513 ἠ
2707 1445 2877 1514 ψυχή
2911 1463 3053 1514 μου,
3077 1445 3174 1499 καί
3211 1444 3367 1498 [rati
3403 1443 3848 1514 συνταράττεις

2241 1548 2351 1602 με;
2379 1533 2675 1584 Ἕλπισον
2707 1529 2804 1582 ἐπὶ
2843 1529 2951 1581 τὸν
2993 1527 3162 1592 Θεὸν,
3192 1527 3280 1580 ὅτι
3315 1525 3843 1597 ἐξομολογήσομαε

2247 1613 2427 1680 αὐτῷ.
2466 1615 2577 1667 Καὶ
2601 1612 2783 1676 πάλιν,
2806 1611 2914 1665 ἀπὸ
2939 1615 3050 1664 τῶν
3071 1609 3348 1680 λογισμῶν
3380 1611 3714 1681 τρεπόμενος
3742 1610 3841 1663 ἐπὶ

2247 1714 2346 1760 τας
2375 1697 2557 1767 εὐχάς
2587 1698 2754 1761 ’Λνες
2770 1713 2891 1764 μοι,
2925 1696 3112 1764 φησὶν,
3136 1695 3236 1747 ἵνα
3261 1693 3552 1760 arati-life)
3584 1693 3700 1760 πρὸ
3729 1693 3838 1746 τοῦ

2251 1779 2400 1852 [Ξῒῑ]
2429 1797 2506 1849 με
2529 1779 2831 1845 ἀπελθεῖν,
2856 1779 2953 1833 καὶ
2991 1778 3189 1832 οὐκέτι
3218 1781 3290 1830 οὐ
3315 1775 3400 1846 μὴ
3429 1773 3678 1844 ὑπάρξω
3699 1793 3712 1806 ο
3745 1779 3841 1830 καὶ

2248 1864 2356 1917 ἀπὸ
2383 1863 2490 1917 τῶν
2522 1863 2696 1935 εὐχῶν
2723 1865 2814 1918 ἐπὶ
2845 1863 2972 1926 τοὺς
2997 1859 3314 1930 λογισμούς·
3355 1861 3415 1913 τι
3589 1877 3696 1928 μοι
3725 1861 3841 1914 ὑπο

2248 1947 2412 2016 ἄρχει
2442 1948 2512 2000 ἐν
2538 1945 2616 2012 τῷ
2652 1945 2906 2015 οὐρανῷ,
2950 1945 3046 1999 καὶ
3092 1944 3250 2012 παρὰ
3296 1943 3414 1996 σοῦ
3454 1943 3512 1995 τί
3562 1941 3838 2010 ἠθέλησα

2248 2029 2346 2083 ἐπὶ
2378 2029 2488 2098 τῆς
2526 2029 2672 2100 γῆςς
2720 2029 2875 2082 Οὕτω
2919 2029 3014 2082 καὶ
3048 2029 3076 2080 6
3121 2026 3240 2079 Ἰὼϐ
3287 2026 3422 2096 πρὸς
3463 2025 3563 2096 μὲν
3601 2027 3704 2096 τὴν
3743 2044 3836 2094 γυ-

2249 2115 2410 2166 ναῖκα
2455 2111 2826 2184 παραινοῦσαν
2870 2111 2940 2164 τά
2987 2109 3248 2164 σατανικά
3290 2113 3508 2182 ῥήματα
3555 2107 3837 2180 λογισμοῖς

2250 2195 2568 2266 ἀπεμάχετο
2609 2197 2702 2248 καὶ
2744 2194 2977 2264 ἐπετίμα
3022 2193 3194 2262 λέγων
3212 2211 3225 2223 -
3273 2191 3446 2246 Ἰνιιτί
3481 2190 3692 2260 ὥσπερ
3731 2194 3839 2260 μία

2249 2279 2369 2334 τῶν
2399 2279 2679 2346 ἀφρόνων
2700 2276 3018 2348 γυναικῶν,
3055 2277 3242 2342 οὕτως
3268 2275 3578 2341 Aldina-az;
3596 2293 3616 2340 ,-
3656 2277 3726 2328 Εἰ
3769 2275 3842 2330 τὰ

2249 2361 2440 2433 ἀγαθὰ
2468 2359 2792 2431 ἐδεξάμεθα
2815 2361 2883 2414 ἐκ
2921 2361 3120 2430 χειρὸς
3150 2359 3392 2426 Κιιριόυ,
3423 2359 3495 2411 τὰ
3537 2357 3696 2410 κακὰ
3725 2359 3842 2428 οὐχ

2252 2447 2630 2514 ὑποίσομενε
2658 2445 2802 2516 Πρὸς
2835 2445 2888 2497 δὲ
2930 2443 3020 2498 τὸν
3053 2444 3184 2498 Θεὸν
3225 2444 3522 2514 ἱκετηρίαις
3548 2443 3840 2514 ἐκέχρητο.

2253 2529 2363 2581 Καὶ
2387 2530 2416 2582 6
2451 2528 2719 2599 μακάριος
2750 2527 2807 2581 δὲ
2841 2527 3051 2592 Παῦλος
3078 2529 3406 2598 ἀμφοτέροις
3439 2525 3651 2588 τούτοις
3685 2525 3842 2596 ἐϐοήο

2252 2610 2338 2664 θει
2380 2615 2490 2673 τοῖς
2526 2613 2584 2662 ὲν
2625 2611 2866 2680 θλίψεσιν
2908 2607 3027 2665 οὖσι
3069 2611 3164 2664 καί⁵
3213 2612 3556 2682 πειρασμοῖς,
3599 2609 3702 2662 νῦν
3742 2608 3841 2679 μὲν

2250 2693 2444 2762 λέγων·
2463 2696 2532 2746 Ei
2559 2693 2626 2746 δὲ
2650 2695 2822 2761 ἐκτός
2853 2695 2993 2749 ἐστε
3022 2694 3313 2759 παιδείας,
3339 2695 3452 2762 ἄρα
3479 2695 3644 2746 νόθοι
3675 2693 3840 2756 ἐστὲ,

2251 2779 2347 2832 καί
2381 2780 2494 2847 οὐχ
2532 2779 2652 2832 υἱοί
2672 2796 2684 2810 ·
2737 2779 2828 2844 τίς
2854 2779 2964 2848 γάρ
2993 2779 3160 2832 ἐστιν
3183 2779 3330 2842 υἱὸς,
3369 2777 3441 2830 ὃν
3465 2779 3538 2830 οὺ
3572 2775 3841 2829 παιδεύει

2251 2860 2492 2929 πατήρ;
2531 2861 2624 2914 νῦν
2665 2861 2721 2914 δὲ
2764 2861 3072 2933 εὐχόμενος,
3130 2860 3352 2926 Πιστὸς
3397 2859 3525 2930 γὰρ,
3574 2861 3765 2929 φησὶν.
3813 2862 3842 2913 ὁ

2253 2943 2416 3012 Θεὸς,
2448 2944 2515 3011 ὃς
2537 2947 2648 3000 οὐκ
2685 2944 2850 2999 ἐάσει
2883 2944 3037 3014 ὑμᾶς
3057 2944 3450 3014 πειρασθῆναι
3476 2946 3632 3011 ὑπὲρ
3664 2944 3698 2997 ὃ
3739 2943 3844 2996 διι-

2251 3033 2468 3082 νασθε·
2502 3033 2596 3082 καὶ
2628 3029 2808 3092 πάλιν,
2849 3029 3032 3097 Εἴπερ
3075 3028 3309 3082 δίκαιον
3351 3026 3508 3095 παρὰ
3543 3024 3667 3090 Θεῷ
3696 3027 3842 3080 ἀντ-

2249 3112 2583 3166 αποδοῦναι
2611 3113 2734 3177 τοῖς
2769 3113 3084 3167 θλίϐουσιν
3106 3110 3260 3181 ὑμᾶς
3303 3109 3529 3178 θλῖψιν,
3565 3111 3666 3163 καὶ
3697 3110 3846 3180 ὑμῖν

2248 3194 2374 3259 τοῖς
2409 3195 2778 3264 θλιϐομένοις
2803 3195 3035 3250 ἄνεσιν.
3066 3195 3162 3247 Ἂν
3193 3191 3284 3248 οὖν
3313 3193 3522 3257 τούτοις
3550 3195 3645 3246 καὶ
3673 3194 3844 3257 αὐτὸς

2251 3276 2412 3348 θέλῃς
2443 3277 2675 3348 χρῆσθαι
2705 3280 2818 3343 τοῖς
2851 3279 3056 3342 ὅπλοις,
3098 3279 3189 3332 καὶ
3227 3276 3568 3348 περιφράξῃς
3609 3275 3843 3330 σεαυτὸν

2251 3361 2586 3430 πανταχόθεν
2631 3361 2830 3427 καλῶς,
2877 3365 2989 3425 τοῖς
3023 3361 3120 3432 μὲν
3161 3361 3436 3430 λογισμοῖς
3472 3358 3843 3429 ἀποτειχίζων

2250 3443 2349 3512 τῆς
2377 3443 2613 3516 ἀθυμίας
2636 3445 2734 3517 τὴν
2762 3444 2968 3514 ἔφοδον,
2994 3448 3110 3508 ταῖς
3135 3445 3192 3498 δὲ
3218 3444 3400 3514 εὐχαῖς
3434 3443 3528 3496 καὶ
3553 3445 3670 3505 ταῖς
3706 3458 3839 3494 σαυο

2251 3525 2344 3580 τοῦ
2378 3529 2473 3580 καὶ
2515 3531 2634 3591 ταῖς
2669 3527 2870 3599 ἑτέρων
2913 3527 3068 3581 τοῦτο
3099 3527 3315 3598 ἰσχυρὸν
3347 3527 3407 3578 τὸ
3435 3529 3610 3596 τεῖχος
3642 3525 3830 3587 ποιῶν,

2251 3609 2460 3679 ταχέως
2491 3611 2724 3682 αἰσθήσῃ
2773 3609 2877 3663 τῶν
2916 3610 3142 3680 καρπῶν
3180 3610 3276 3680 τῆς
3311 3609 3577 3672 παιδείας.
3615 3611 3692 3661 Ub
3726 3609 3836 3680 γὰρ

2250 3691 2407 3745 τοῦτο
2435 3693 2592 3763 μόνον
2623 3695 2899 3765 κερδανεῖς
2936 3695 2995 3746 τὸ
3024 3693 3092 3746 τὰ
3120 3693 3360 3764 παρόντα
3387 3693 3653 3760 γενναίως
3687 3695 3834 3759 ἐνεγ-

2250 3778 2386 3837 κεῖν,
2423 3776 2534 3828 ἀλλ’
2575 3779 3054 3847 ἐγγυμνασάμενος
3086 3779 3265 3840 αὐτοῖς
3313 3775 3513 3842 καλῶς,
3555 3779 3651 3829 καὶ

2251 3855 2468 3912 ἅπαντα
2496 3857 2680 3911 λοιπὸν
2709 3860 2981 3924 ἀνάλωτος
3009 3859 3105 3931 ἔσῃ
3137 3859 3204 3913 τὰ
3228 3859 3322 3914 τοῦ
3354 3859 3470 3930 βίου
3497 3859 3739 3930 λυπηρά.

3704 3777 3831 3847 πρὸς

589 4387 3182 4416 Ww—

1546 4555 1626 4618 IN
1682 4557 1845 4620 DUO
1899 4558 2350 4632 SEQUENTIA
2393 4562 2825 4630 OPUSCULA.

625 4873 678 4927 In
706 4872 944 4927 editione
969 4869 1176 4924 Morelli
1209 4870 1326 4926 haec
1353 4870 1463 4926 duo
1497 4872 1760 4942 opuscula
1795 4874 2013 4930 inverso
2035 4892 2130 4931 or-

543 4963 672 5018 dine
697 4964 912 5028 iacent;
951 4978 1076 5016 nam
1113 4963 1257 5031 quod
1285 4965 1348 5017 ad
1381 4965 1621 5034 virgines
1665 4967 1961 5022 canoniras
1988 4969 2122 5022 diri-

543 5056 709 5122 gitur,
768 5055 948 5122 priore
999 5053 1219 5123 ponitur
1260 5055 1398 5120 loco,
1465 5057 1795 5111 reclamante
1840 5058 1965 5112 licet
2007 5059 2126 5129 ipso

541 5145 958 5214 Chrysouomo,
1001 5145 1093 5212 qui
1145 5159 1376 5198 numero
1416 5144 1450 5199 4
1491 5145 1564 5198 ait
1601 5159 1614 5194 :
1647 5143 1717 5197 Et
1754 5146 1873 5214 jam
1911 5149 2124 5218 quidem

541 5237 958 5290 demonstratum
990 5245 1088 5299 est,
1112 5253 1230 5289 cum
1263 5235 1326 5290 de
1355 5236 1480 5290 viris
1510 5236 1824 5300 diceremus,
1857 5241 1995 5308 quod
2021 5257 2124 5296 non

540 5323 712 5378 solum
743 5325 831 5393 qui
871 5325 1220 5389 maledicunt,
1253 5327 1343 5379 sed
1375 5335 1424 5380 et
1456 5333 1546 5396 qui
1593 5329 1892 5383 occasiones
1934 5343 2123 5388 temere

537 5416 792 5486 prwbent,
836 5427 942 5471 etc.
977 5418 1134 5474 Unde
1173 5419 1341 5489 liquet
1399 5435 1707 5476 sermonem
1741 5423 1834 5493 qui
1878 5425 1946 5481 de
1990 5427 2124 5484 viris

540 5507 983 5564 subintroductas
1002 5510 1237 5582 virgines
1261 5511 1584 5570 habentibus
1609 5514 1819 5589 agebat.
1845 5520 2122 5591 praeivisse

446 5678 452 5686 _
537 5601 587 5654 ei
619 5599 709 5672 qui
733 5599 800 5655 de
825 5603 1128 5672 virginibus
1152 5604 1600 5665 subintroduetos
1623 5610 1772 5668 viros
1794 5613 2122 5670 habentibus

540 5692 784 5750 disserit.
823 5693 1005 5762 Quare
1034 5695 1220 5754 Savilii
1267 5701 1562 5759 editionem
1595 5705 1764 5761 secuti
1797 5706 1990 5764 ambos
2020 5723 2121 5764 suo

536 5786 715 5858 ordini
746 5788 1111 5846 restituimus.
2059 5812 2063 5817 '

2309 4883 2482 4939 Ilosee
2497 4881 2950 4956 Cbrysostomum
2979 4903 3104 4944 cum
3124 4890 3390 4948 diaconus
3415 4905 3565 4950 esset
3583 4899 3822 4956 edidisse

2233 4985 2466 5030 testatur
2493 4977 2745 5034 Socrates
2773 4979 2866 5034 lib.
2904 4995 2978 5044 νι,
3013 4997 3133 5052 cap.
3159 4983 3194 5038 5
3226 5001 3239 5038 :
3279 5003 3298 5036 ι
3335 4984 3448 5042 Nec
3473 4989 3651 5045 multo
3675 5003 3819 5059 post,

2232 5069 2431 5140 inquit,
2486 5071 2698 5126 diaconi
2755 5071 3078 5142 dignitatem
3125 5092 3154 5130 a
3202 5077 3417 5134 Meletio
3482 5095 3816 5141 consecutus

2228 5161 2400 5217 libros
2427 5161 2500 5216 De
2517 5164 2816 5218 sacerdotio
2839 5166 3078 5236 scripsit,
3102 5169 3342 5240 itemque
3371 5172 3440 5225 ad
3470 5171 3774 5245 Stagirium
3798 5193 3816 5230 :

2230 5254 2297 5308 ad
2327 5254 2440 5310 lure
2467 5255 2544 5310 De
2576 5257 3108 5328 inromprehensibili,
3148 5271 3200 5317 et
3226 5261 3396 5320 l;bros
3427 5264 3500 5318 De
3539 5268 3817 5323 subintro-

2229 5345 2426 5408 ductis,
2475 5349 2568 5402 καὶ
2596 5347 2723 5414 τοὺς
2767 5350 2905 5418 Περὶ
2934 5350 3052 5406 τῶν
3079 5355 3522 5411 συνεισάκτων.
3559 5377 3578 5411 ι
3613 5359 3813 5414 Verum

2225 5452 2325 5507 pro
2359 5453 2510 5494 more
2541 5455 2640 5496 suo
2665 5457 2772 5496 non
2805 5453 3059 5500 accurate
3085 5446 3327 5516 loquitur
3348 5463 3472 5502 eum
3499 5449 3636 5504 dicit
3662 5465 3811 5513 eum,

2224 5547 2348 5585 cum
2412 5532 2674 5588 diaconus
2725 5543 2888 5598 esset,
2944 5537 3114 5593 libros
3157 5537 3236 5593 De
3295 5539 3814 5609 iucompreheusibili

2223 5623 2494 5680 edidisse:
2528 5634 2737 5681 certum
2760 5628 2961 5700 quippe
2981 5637 3064 5685 est
3087 5632 3266 5700 ipsum
3289 5631 3402 5702 jam
3430 5633 3811 5702 presbyterum

2222 5711 2516 5768 conciones
2559 5712 2633 5768 De
2680 5715 3361 5788 incomprehensibiliapud
3405 5723 3666 5790 populum
3695 5724 3809 5777 Au-

2223 5801 2534 5860 tiochcnum
2567 5806 2844 5874 habuisse,
2869 5821 2927 5866 ut
2955 5811 3093 5866 infra
3133 5829 3233 5870 suo
3259 5815 3377 5870 loco
3407 5815 3802 5872 declarabitur.
