4060 6136
270 289 375 343 15"»

277 390 485 456 habent,
511 389 733 459 teipsum
755 388 947 445 frustra
964 388 1270 444 discrucias.
1289 386 1357 442 Et
1379 388 1519 442 unde
1544 386 1594 441 id
1616 398 1846 452 constet,

276 481 520 547 inquies,
573 480 715 550 quod
767 496 870 535 non
921 479 1273 535 oll‘ensionum
1321 488 1623 533 nostrarum
1662 493 1849 549 ptenas

271 571 644 625 emolvmnus?
673 570 726 625 Id
748 571 958 640 quidem
989 571 1213 624 maxime
1243 570 1427 639 liquet,
1454 568 1548 624 sed
1581 569 1680 623 hoc
1710 570 1846 623 inte—

272 663 369 715 ritu
392 677 499 716 non
516 663 817 716 asserimus.
842 662 1035 717 Verum
1058 663 1146 729 sit,
1168 661 1212 716 si
1238 661 1337 727 vis,
1365 660 1416 715 id
1441 676 1545 715 non
1564 661 1846 724 incertum,

272 756 362 809 sed
393 756 619 809 maxime
660 756 1017 821 manifestum,
1050 764 1106 809 ut
1145 764 1197 808 tu
1223 754 1377 820 dicis,
1408 754 1544 808 hanc
1574 769 1691 808 esse
1718 768 1845 824 pee-

269 855 507 901 catorum
540 856 745 900 tuorum
776 846 1210 900 retributionem:
1242 861 1388 908 num,
1418 860 1619 914 qumso,
1650 844 1848 898 ideirco

272 953 466 992 montes
507 945 561 990 et
596 936 786 990 doles?
827 938 983 1005 Atqui
1020 937 1249 1006 gaudere
1279 938 1452 1006 potius
1491 936 1672 999 debes,
1706 935 1847 1006 quod

270 1029 357 1083 hic
407 1036 620 1097 peccata
660 1037 746 1081 tua
786 1027 881 1081 tibi
930 1028 1285 1091 remittantur,
1352 1044 1418 1081 ne
1467 1042 1589 1081 eum
1645 1026 1844 1080 mundo

270 1121 560 1173 damneris.
609 1119 708 1186 Qui
737 1119 878 1174 enim
917 1119 1081 1183 dolet,
1129 1135 1231 1173 non
1276 1121 1396 1190 quia
1427 1118 1711 1178 cruciatur,
1751 1118 1844 1172 sed

268 1214 388 1283 quia
416 1211 635 1267 ofl‘endit
662 1212 850 1279 Deum,
879 1212 1057 1267 dolere
1101 1212 1278 1267 debet.
1324 1212 1543 1266 Peccata
1587 1211 1727 1266 enim
1758 1227 1844 1266 se-

268 1311 454 1372 parant
481 1318 508 1355 a
541 1301 691 1355 nobis
720 1302 905 1360 Deum.
938 1303 1369 1371 constituuntque
1392 1302 1544 1356 nobis
1570 1302 1715 1354 illum
1740 1301 1843 1354 ini-

267 1394 459 1447 micum
487 1411 499 1446 :
532 1392 795 1447 cruciatus
816 1408 944 1447 vero
983 1392 1136 1446 nobis
1162 1392 1309 1445 illum
1340 1392 1665 1455 reconciliet,
1710 1406 1844 1458 prte-

267 1493 521 1553 paratque
569 1494 624 1539 ut
652 1485 906 1556 propitius
935 1499 999 1539 ae
1022 1484 1348 1559 propinquus
1372 1483 1459 1537 sit.
1491 1482 1640 1548 Quod
1665 1492 1842 1537 autem

260 1575 429 1629 sudor
473 1578 569 1631 iste
609 1589 727 1631 tuus
761 1591 864 1631 nou
914 1577 982 1631 sit
1015 1586 1348 1645 peccatorum
1382 1575 1530 1640 ultio,
1572 1574 1664 1631 sed
1692 1591 1844 1631 coro.

262 1681 452 1721 narum
474 1668 649 1736 potius
678 1668 1123 1736 praemiorumque
1153 1666 1392 1731 materia,
1424 1666 1546 1720 hinc
1573 1681 1702 1720 sane
1731 1682 1842 1718 nta-

262 1756 513 1812 nifestutn
560 1769 661 1812 est.
711 1758 767 1812 Si
823 1758 964 1812 enim
996 1758 1158 1826 prius
1200 1758 1423 1828 turpiter
1467 1772 1531 1812 ac
1573 1758 1844 1812 luxuriose

260 1848 518 1914 vixisses,
574 1859 733 1918 atque
773 1849 844 1904 ita
883 1858 935 1904 te
976 1849 1041 1904 ad
1074 1848 1453 1904 monachorum
1483 1849 1844 1904 conversatio-

260 1956 385 1993 nem
432 1942 766 2006 contulisses,
813 1956 881 1995 ne
908 1942 985 1995 sie
1012 1941 1224 2010 quidem
1260 1940 1374 1995 haec
1409 1940 1640 2011 suspicio
1666 1941 1840 1995 locum

258 2029 553 2086 habuisset.
583 2031 711 2085 Nam
757 2032 800 2085 si
832 2031 901 2085 ob
929 2030 1029 2086 hoc
1068 2031 1206 2086 Deus
1255 2044 1440 2099 poenas
1476 2031 1650 2094 infert,
1702 2040 1757 2084 ut
1789 2030 1840 2083 in

259 2122 417 2175 malis
435 2132 834 2190 perseverantes
850 2122 915 2176 ad
942 2121 1305 2191 paenitentiam
1329 2129 1601 2192 provocet,
1629 2131 1841 2175 ostensa

258 2212 570 2280 pmnitentia
611 2211 872 2282 superflua
919 2213 1028 2281 jam
1071 2212 1174 2267 erit
1203 2227 1378 2282 paena.
1428 2211 1655 2266 Tantum
1700 2214 1841 2267 enim

252 2304 410 2359 abest
444 2314 499 2359 ut
529 2320 625 2360 nos
661 2304 847 2375 punire
874 2304 998 2361 velit
1024 2305 1181 2368 Deus,
1224 2312 1284 2358 ut
1315 2319 1436 2358 cum
1474 2317 1842 2373 sarpenumero

254 2396 433 2466 paruis
469 2396 626 2466 digna
658 2394 913 2449 faciamus
935 2436 951 2463 ,
992 2411 1307 2465 summaque
1333 2395 1680 2448 conversione
1709 2409 1843 2463 opus

255 2487 568 2549 habeamus,
591 2486 1001 2541 comminatione
1018 2487 1188 2541 solum
1205 2486 1487 2554 verbisque
1514 2484 1837 2539 terribilibus

251 2594 357 2633 nos
397 2580 658 2647 castigare
694 2580 883 2633 malit:
924 2580 1082 2649 idque
1121 2577 1275 2634 facile
1300 2578 1559 2648 quispiam
1604 2576 1844 2632 animad-

252 2682 431 2728 vertet
467 2681 522 2727 et
562 2675 614 2727 in
643 2674 928 2728 Israelitica
958 2674 1136 2744 plebe,
1169 2689 1224 2730 et
1250 2675 1303 2728 in
1334 2674 1683 2730 Ninivitarum
1710 2674 1842 2728 civi-

255 2772 388 2817 tate.
414 2763 526 2817 Non
561 2765 737 2818 solum
763 2765 904 2819 enim
933 2766 1186 2835 supplicia
1217 2780 1321 2820 non
1349 2766 1543 2831 intulit,
1579 2782 1698 2820 cum
1730 2780 1842 2835 pm-

251 2854 532 2908 nitentiam
582 2855 953 2919 ostenderent,
1012 2856 1108 2911 sed
1161 2866 1216 2909 et
1265 2859 1437 2911 minas
1483 2857 1626 2925 ipsas
1663 2857 1841 2910 statim

262 2946 514 3000 removit.
558 2945 723 3000 Multo
770 2945 915 3000 enim
955 2947 1120 3013 magis
1161 2947 1270 2999 vult
1297 2947 1408 3015 ipse
1435 2946 1565 3000 nihil
1606 2961 1703 3000 nos
1733 2946 1839 3013 pati

255 3036 408 3101 ntali,
446 3052 604 3106 quam
634 3052 734 3089 nos
776 3037 897 3106 ipsi,
946 3037 1230 3105 nullusque
1266 3037 1364 3091 sibi
1410 3036 1482 3090 ita
1515 3046 1754 3106 parceret
1780 3036 1844 3090 li-

252 3128 467 3193 benter,
500 3136 555 3180 ut
581 3128 733 3180 nobis
758 3127 1003 3182 omnibus
1033 3127 1191 3181 Deus.
1240 3127 1438 3184 Deinde
1466 3128 1510 3182 is
1532 3127 1622 3197 qui
1649 3129 1845 3198 sa-pius

256 3229 544 3290 peccantes
577 3219 755 3273 verbis
785 3228 987 3274 tantum
1028 3229 1278 3281 exterret,
1318 3234 1415 3274 nec
1455 3220 1622 3289 punit,
1672 3219 1843 3287 paeni-

264 3332 544 3391 tentesque
575 3320 674 3374 hac
703 3318 987 3374 formidine
1016 3318 1222 3382 liberat,
1269 3327 1320 3371 te
1345 3317 1434 3386 qui
1465 3324 1606 3369 tanta
1637 3315 1845 3385 religio-

264 3414 369 3478 nis,
412 3422 553 3467 tanta
584 3410 792 3466 virtutis
817 3418 872 3464 et
902 3409 1181 3479 probitatis
1212 3407 1403 3461 indicia
1434 3422 1542 3475 pra:
1578 3415 1628 3459 Ie
1657 3404 1841 3469 tulisti,

263 3521 371 3561 non
413 3505 584 3559 solum
625 3504 707 3556 his
724 3502 889 3556 minis
930 3510 1089 3569 atque
1120 3499 1219 3553 hoc
1249 3508 1452 3553 terrore
1493 3513 1597 3551 non
1628 3496 1842 3564 eripuit,

266 3610 447 3650 verum
477 3603 531 3648 et
563 3609 621 3647 re
647 3593 755 3661 ipsa
787 3590 1060 3660 suppliciis
1075 3590 1431 3657 exposuit?et
1455 3586 1720 3655 quomodo
1744 3585 1845 3638 ali-

258 3686 382 3756 quis
406 3686 505 3739 hoc
529 3683 752 3738 credat?
773 3685 1016 3736 Attamen
1045 3682 1087 3734 si
1104 3680 1262 3750 prior
1288 3678 1373 3733 illa
1401 3687 1484 3731 tua
1513 3675 1846 3730 conversatio

263 3784 513 3844 corrupta
528 3774 713 3828 fuisset
737 3787 798 3826 ac
823 3771 1044 3841 perdita,
1061 3780 1116 3825 ut
1141 3768 1466 3836 dixi,aliquis
1487 3766 1538 3820 id
1557 3766 1641 3819 vel
1670 3764 1845 3833 suspi-

267 3867 378 3921 cari
402 3874 745 3936 po-sctzeum
776 3878 903 3919 vero
922 3862 1153 3918 deterior
1168 3860 1377 3930 quidem
1398 3859 1483 3912 illa
1505 3856 1660 3911 fuerit
1689 3870 1846 3925 quam

269 3972 504 4027 praesens
526 3956 614 4019 sit,
654 3963 839 4008 ornata
868 3963 1042 4008 tamen
1084 3962 1138 4006 et
1180 3951 1290 4019 ipsa
1321 3964 1633 4016 summaque
1678 3947 1846 4000 hone-

268 4058 402 4101 state
435 4047 655 4114 pollens,
690 4044 927 4113 profecto
958 4044 1111 4097 nobis
1145 4041 1292 4095 omni
1316 4055 1379 4094 ex
1412 4049 1559 4106 parte
1582 4037 1848 4091 constabit

1715 277 2048 336 MONITUM.

3422 280 3529 336 ωδ

1954 389 2350 445 colluctationes
2408 389 2503 445 has
2553 397 2669 445 tuas
2707 403 3021 445 coronarum
3063 388 3157 445 tibi
3204 388 3527 459 majorisque

1951 482 2133 552 gloriae
2151 484 2482 538 occasionem
2500 498 2635 538 esse.
2649 484 2869 554 Oportet
2887 486 3064 555 igitur,
3080 495 3135 549 ut
3152 484 3277 550 dixi,
3298 495 3349 541 et
3366 485 3527 539 baset

1955 571 2251 641 hujusmodi
2273 574 2616 643 cogitationes
2638 589 2872 629 movere.
2900 575 3159 630 Convenit
3185 579 3307 630 item
3332 587 3383 630 et
3403 591 3523 630 cum

1964 664 2045 717 his
2071 678 2198 729 una,
2223 664 2328 717 imo
2349 675 2469 718 ante
2501 665 2613 726 has,
2642 666 3128 722 ratiocinationibus
3152 668 3524 737 perpetuisque

1954 754 2342 823 precationibus
2379 756 2472 809 has
2501 756 2743 810 tenebras
2772 756 3046 826 dissipare.
3074 757 3203 812 Nam
3244 768 3297 811 et
3335 758 3521 812 beatus

1954 843 2134 908 David,
2154 858 2371 914 magnus
2395 845 2481 898 ille
2503 845 2580 897 vir
2594 856 2752 914 atque
2773 847 3049 911 mirabilis,
3070 846 3150 899 Itis
3167 846 3524 901 medicamen-

1953 936 2018 989 tis
2043 935 2345 1006 frequenter
2373 950 2498 989 usus
2517 945 2617 1000 est,
2648 937 2830 1005 hisque
2857 937 3109 1005 plurimos
3136 936 3343 991 dolores
3373 952 3522 1004 pres-

1950 1040 2189 1080 snrarum
2230 1027 2451 1080 removit
2493 1041 2556 1082 ac
2588 1028 2812 1096 repulit,
2843 1042 2981 1081 nunc
3007 1027 3217 1096 quidem
3242 1041 3420 1091 orans,
3459 1040 3522 1079 ar.

1950 1119 2152 1186 dicens,
2189 1119 2552 1174 Tribulationes
2587 1122 2751 1173 cordis
2782 1122 2876 1173 mei
2915 1120 3257 1189 multiplicata
3282 1129 3418 1187 sunt,
3459 1120 3522 1173 de

1949 1209 2319 1263 necessitatibus
2346 1211 2465 1263 meis
2499 1226 2614 1263 erue
2639 1226 2717 1264 me
2756 1209 2923 1279 (Psal.
2949 1210 3039 1264 24.
3071 1210 3160 1279 l7)
3198 1227 3211 1262 :
3255 1224 3394 1263 nunc
3416 1209 3519 1275 piis

1948 1315 2010 1353 ac
2068 1300 2328 1370 religiosis
2386 1301 2871 1357 ratiocinationibus
2937 1301 3167 1356 admotis
3227 1302 3515 1372 inquiens:

1950 1390 2119 1456 Quare
2157 1391 2311 1443 tristis
2339 1408 2409 1457 es,
2457 1392 2627 1444 anima
2668 1409 2796 1455 utea,
2839 1403 2885 1446 et
2908 1409 3062 1461 quare
3092 1394 3356 1447 conturbas
3397 1391 3522 1445 me?

1948 1481 2114 1549 Spera
2148 1481 2200 1534 in
2222 1480 2350 1547 Deo,
2398 1483 2635 1553 quoniam
2664 1482 2828 1535 adhuc
2862 1482 3133 1550 conﬁtebor
3170 1484 3247 1536 illi
3276 1481 3390 1557 (Ps.
3426 1484 3516 1538 42.

1947 1572 2022 1643 5).
2045 1574 2374 1643 Rursumque
2395 1590 2462 1628 ex
2477 1574 2963 1629 ratiocinationibus
2985 1574 3286 1642 hujusmodi
3315 1573 3379 1627 ad
3406 1589 3521 1627 ora.

1948 1665 2119 1719 tiones
2146 1679 2440 1719 conversus
2472 1682 2485 1719 :
2518 1663 2753 1730 Remitte,
2796 1664 2984 1734 inquit,
3013 1665 3155 1728 mihi,
3186 1675 3237 1716 ut
3258 1664 3520 1732 refrigerer
3584 1664 3591 1673 '

1946 1758 2235 1826 priusquam
2272 1757 2467 1823 abeam,
2506 1746 2561 1809 ἓι
2590 1755 2726 1809 ultra
2750 1756 2855 1820 iam
2882 1771 2980 1808 non
3006 1771 3091 1808 ero
3126 1754 3244 1824 (Ps.
3272 1755 3360 1809 58.
3395 1754 3516 1823 H);

1944 1857 2102 1915 atque
2131 1846 2198 1898 ab
2227 1846 2555 1900 orationibus
2580 1845 2646 1899 ad
2676 1844 3104 1900 ratiocinationes
3137 1861 3151 1898 ε
3197 1843 3331 1908 Quid
3364 1844 3516 1910 enim,

1944 1938 2036 2001 ait,
2058 1937 2181 1991 milii
2199 1946 2270 1989 est
2298 1938 2350 1990 iu
2369 1937 2511 2001 cazlo,
2532 1944 2692 1990 etate
2714 1935 2836 2006 quid
2866 1936 2998 1988 volui
3018 1951 3167 2003 super
3192 1943 3372 1987 terram
3396 1932 3513 2004 (Ps.

1947 2027 2033 2080 72.
2060 2027 2188 2098 25)?
2219 2028 2291 2081 lta
2319 2038 2371 2083 et
2396 2026 2496 2082 Job
2522 2026 2670 2081 uxori
2700 2042 2817 2095 qua:
2853 2025 3010 2079 verba
3036 2025 3292 2079 diabolica
3326 2040 3519 2094 sugge-

1945 2117 2114 2182 rebat,
2142 2117 2631 2171 ratiocinationibus
2656 2116 3032 2180 reluctabatur,
3064 2115 3311 2184 illamque
3350 2114 3520 2169 incre-

1941 2225 2074 2277 pans
2136 2207 2352 2263 dicebat
2378 2229 2393 2266 :
2421 2209 2597 2273 Quare
2672 2216 2926 2276 tamquam
2964 2222 3065 2259 una
3107 2206 3373 2259 stultorum
3403 2222 3516 2257 mu-

1944 2296 2120 2350 lierum
2145 2297 2348 2366 loquuta
2366 2296 2454 2352 es?
2473 2296 2532 2352 Si
2548 2295 2678 2350 bona
2698 2296 3006 2363 suscepimus
3032 2294 3093 2348 de
3116 2312 3265 2348 manu
3289 2294 3510 2358 Domini,

1945 2389 2080 2441 mala
2109 2405 2209 2441 non
2259 2387 2610 2441 sustinebimus
2654 2386 2773 2460 (Job
2800 2386 2855 2439 2.
2888 2386 3019 2457 10)?
3061 2386 3142 2439 Ad
3189 2387 3352 2440 Deum
3393 2402 3520 2440 vero

1945 2479 2188 2548 precibus
2218 2478 2480 2533 utebatur.
2509 2481 2587 2532 Ac
2613 2477 2797 2531 beatus
2830 2478 3018 2530 Paulus
3050 2477 3286 2547 utrisque
3316 2475 3398 2530 his
3430 2492 3518 2530 ar-

1945 2569 2047 2622 mis
2072 2583 2185 2633 cos,
2234 2569 2323 2638 qui
2353 2569 2405 2621 in
2437 2567 2697 2636 pressuris
2734 2582 2797 2620 ac
2822 2565 3207 2620 tentationibus
3236 2574 3404 2630 erant,
3430 2566 3519 2634 ju-

1944 2659 2119 2724 vabal,
2146 2673 2285 2712 nunc
2308 2658 2517 2728 quidem
2539 2657 2750 2711 dicens:
2776 2656 2836 2710 Si
2855 2666 3017 2708 autem
3045 2665 3186 2709 extra
3206 2656 3522 2726 disciplinam

1945 2751 2082 2813 estis,
2120 2765 2240 2820 ergo
2266 2747 2555 2810 adulterini,
2585 2764 2684 2800 non
2705 2747 2799 2815 ﬁlii
2818 2761 2837 2808 ;
2878 2748 2987 2815 quis
3015 2747 3146 2799 enim
3178 2747 3337 2815 ﬁlius,
3380 2763 3522 2815 quem

1946 2859 2043 2895 non
2062 2840 2266 2907 corripit
2282 2837 2597 2910 paterUIeb.
2624 2836 2707 2891 12.
2728 2840 2779 2891 8.
2799 2836 2891 2903 7)?
2910 2852 3150 2906 nuncque
3172 2851 3349 2900 orans,
3375 2835 3525 2889 Fide—

1946 2931 2029 2993 lis,
2058 2930 2244 2998 inquit,
2274 2927 2410 2981 Deus
2437 2937 2525 2991 est,
2561 2927 2643 2995 qui
2671 2944 2771 2979 non
2802 2927 3019 2993 patietur
3046 2942 3132 2979 vos
3160 2927 3339 2979 tentari
3370 2942 3523 2995 supra

1945 3021 1997 3072 id
2024 3018 2157 3088 quod
2181 3019 2384 3088 potestis
2405 3016 2602 3089 (LCor.
2624 3016 2708 3070 10.
2742 3017 2871 3085 15):
2901 3025 2955 3070 et
2976 3032 3203 3083 rursum,
3238 3015 3298 3070 Si
3327 3017 3525 3086 quidem

1939 3113 2131 3179 justum
2160 3108 2296 3178 apud
2327 3107 2484 3160 Deum
2514 3116 2606 3172 est,
2636 3105 2905 3159 retribuere
2929 3106 3299 3159 retributionem
3326 3105 3404 3158 Itis
3439 3107 3526 3175 qui

1946 3216 2030 3255 vos
2054 3199 2312 3264 tribulam,
2341 3207 2387 3251 et
2404 3196 2537 3250 vobis
2555 3198 2639 3268 qui
2655 3197 2984 3262 tribulamini,
3009 3196 3226 3264 requiem
3248 3195 3321 3266 (Ξ.
3347 3195 3520 3249 Tltess.

1949 3296 1998 3347 1.
2029 3295 2079 3347 6.
2115 3292 2191 3361 7).
2220 3290 2277 3345 Si
2310 3290 2471 3359 igitur
2498 3288 2658 3343 armis
2689 3287 2771 3343 his
2798 3287 2912 3357 ipse
2931 3301 3141 3357 quoque
3178 3302 3303 3341 usus
3340 3285 3521 3353 fueris,

1946 3400 2009 3439 ae
2052 3384 2275 3452 teipsum
2306 3380 2540 3452 perfecte
2567 3379 2800 3450 undique
2843 3380 3156 3443 armaveris,
3189 3378 3523 3448 cogitationi-

1946 3479 2046 3533 bus
2086 3476 2332 3532 maeroris
2373 3471 2661 3529 retundens
2702 3472 2977 3542 impetum,
3030 3470 3357 3525 orationibus
3398 3486 3525 3524 vero

1948 3581 2057 3625 tam
2102 3570 2227 3636 tuis,
2273 3582 2430 3638 quam
2474 3567 2697 3620 aliorum
2737 3573 2790 3619 te
2830 3563 2989 3619 veluti
3040 3579 3192 3618 muro
3238 3562 3525 3616 fortissimo

1950 3665 2214 3727 muniens,
2245 3660 2493 3718 celeriter
2516 3658 2813 3727 disciplina:
2834 3656 2987 3711 istius
3017 3657 3276 3726 percipies
3300 3654 3522 3709 fructus.

1948 3756 2064 3809 Non
2086 3754 2227 3808 enim
2251 3752 2357 3808 hoc
2381 3750 2554 3806 solum
2587 3748 2900 3815 lucraberis,
2930 3746 3072 3817 quod
3099 3749 3377 3818 praesentia
3421 3745 3526 3800 for-

1952 3848 2073 3900 titer
2093 3842 2253 3909 feras,
2298 3857 2479 3898 verum
2513 3841 2593 3895 bis
2618 3839 3089 3896 exercitationibus
3122 3837 3525 3893 robustissimus

1949 3939 2190 4004 effectus,
2221 3936 2378 3991 nullis
2393 3934 2504 4006 jam
2527 3935 2646 3989 vitm
2674 3933 2828 4003 hujus
2853 3932 3095 3987 adversis
3120 3932 3331 3985 casibus
3358 3929 3521 3998 frangi

1952 4033 2033 4086 vel
2054 4032 2207 4099 dejiei
2236 4029 2454 4099 poteris.

2246 4274 2343 4282 σε-...οη

1712 4440 2097 4503 MONITUM

254 4779 539 4837 Palladius
556 4793 702 4842 vero,
733 4778 1001 4833 sincerior
1026 4793 1206 4833 rerum
1242 4779 1618 4851 Cbrysostomi
1644 4795 1840 4850 prmi-0,

257 4874 316 4928 in
341 4872 569 4941 Dialogo
608 4872 773 4925 hasce
806 4871 1086 4926 orationes
1129 4872 1197 4926 ad
1231 4872 1445 4926 initium
1497 4873 1844 4943 episcopatus

255 4960 379 5029 ejus
410 4959 572 5013 refert
606 4977 618 5009 τ
650 4979 669 5010 ι
706 4958 1109 5016 Sieordinatus
1143 4960 1403 5026 Joannes,
1429 4963 1626 5034 inquit,
1658 4980 1841 5018 rerum

257 5065 448 5105 curam
490 5050 821 5120 aggreditur,
869 5066 966 5119 per
1005 5051 1382 5107 rationabilem
1438 5056 1673 5109 tistulam
1709 5072 1843 5111 oves

257 5141 487 5210 probare
510 5155 762 5196 exorsus.
790 5140 936 5195 Raro
958 5154 1138 5197 autem
1168 5143 1433 5199 adhibens
1460 5146 1622 5199 etiam
1644 5147 1840 5215 petltttn

258 5232 671 5302 increpationis,
709 5248 1017 5288 sermonem
1053 5234 1238 5305 dirigit
1282 5237 1572 5291 adversum
1607 5239 1839 5291 ementi-

254 5333 366 5377 tum
401 5324 630 5379 fratrum
663 5340 1023 5397 sororumque
1052 5326 1387 5393 convictum,
1409 5344 1468 5383 re
1499 5345 1622 5383 vera
1656 5340 1834 5384 autem

254 5424 467 5482 turpem
492 5414 912 5484 improbumque
935 5418 1268 5479 convictum,
1295 5418 1361 5471 de
1385 5418 1836 5483 subintrothtctts,

253 5505 647 5567 συνεισάκτων,
701 5515 764 5559 ut
812 5516 1029 5571 vocant,
1088 5522 1253 5577 agens
1312 5508 1737 5578 ostendensque,
1792 5514 1835 5538 ν’

256 5594 524 5648 malorum
564 5592 724 5647 detur
771 5595 942 5663 optio,
986 5597 1242 5651 meliores
1278 5599 1398 5652 istis
1438 5599 1666 5655 lenones
1695 5618 1833 5655 esse.

259 5685 341 5739 llli
387 5700 628 5753 namque
675 5688 866 5755 procul
904 5703 934 5741 a
984 5689 1210 5744 medicis
1244 5690 1571 5756 habitantes,
1605 5696 1744 5763 apud
1784 5710 1842 5749 se

258 5781 510 5830 morbum
545 5776 764 5842 habent,
798 5776 889 5834 sed
922 5779 1227 5836 volentibus
1257 5782 1344 5835 :hi
1369 5793 1549 5839 autem
1570 5785 1623 5838 in
1649 5786 1841 5842 salutis

1953 4780 2168 4836 ollieina
2211 4781 2542 4845 habitantes,
2577 4781 2739 4835 etiam
2774 4796 2939 4836 sanes
2972 4781 3259 4852 impellunt
3288 4782 3354 4837 ad
3385 4800 3538 4839 mor-

1942 4873 2247 4928 bum.lnde
2277 4889 2402 4943 pars
2434 4873 2561 4929 cleri
2603 4873 2828 4927 minime
2872 4873 3148 4945 religiosa,
3184 4890 3305 4944 quae
3336 4879 3530 4931 morbo

1944 4965 2038 5018 illo
2085 4964 2391 5024 tenebatur,
2439 4972 2712 5018 commota
2744 4972 2846 5019 est.
2892 4984 2909 5014 ι
2952 4965 3075 5019 llaec
3106 4964 3403 5035 Palladius,
3434 4969 3523 5024 cui

1946 5067 2133 5126 utpote
2155 5056 2371 5110 oculato
2407 5055 2530 5110 testi
2562 5056 2719 5110 fidem
2771 5057 2970 5111 habere
3006 5072 3105 5126 par
3141 5069 3243 5111 cst.
3275 5058 3532 5115 Socrates

1950 5166 2081 5203 vero
2113 5150 2294 5203 omnia
2351 5150 2589 5204 miscuit.
2629 5150 2775 5205 Licet
2819 5160 2999 5206 autem
3048 5152 3163 5206 ha'c
3202 5152 3269 5206 ad
3315 5154 3528 5207 initium

1950 5244 2299 5313 episc0patus
2331 5244 2450 5312 ejus
2488 5242 2766 5298 referenda
2797 5244 2926 5306 sint,
2972 5253 3209 5300 attamen
3254 5245 3441 5299 Savilii
3477 5257 3532 5301 et

1949 5334 2245 5391 Frontonis
2278 5334 2456 5391 Ducaai
2492 5337 2592 5390 hac
2623 5337 2675 5389 in
2707 5346 2857 5406 parte
2890 5338 3136 5391 ordinem
3164 5338 3319 5407 sequi
3350 5338 3529 5393 visum

1947 5437 2051 5491 est,
2081 5428 2173 5497 qui
2212 5443 2296 5482 res
2330 5443 2519 5483 omnes
2553 5429 2618 5483 ad
2650 5430 2969 5493 monachos,
3006 5438 3236 5495 aseetas,
3268 5430 3527 5499 virgines,

1947 5519 2248 5586 viduasque
2273 5528 2581 5587 spectantes
2615 5521 2781 5575 simul
2812 5529 3131 5590 posuerunt.

2019 5607 2522 5678 Interpretationem
2585 5609 2830 5665 Latinam
2886 5611 3078 5667 incerti
3135 5612 3275 5677 viri,
3336 5611 3521 5665 multis

1945 5700 1998 5753 in
2054 5702 2186 5754 locis
2236 5703 2576 5757 emendatam
2638 5719 2667 5757 e
2708 5703 2927 5775 regione
2964 5705 3134 5767 Graeci
3184 5715 3364 5759 textus
3418 5718 3520 5775 po-

1946 5806 2178 5845 Slllll'lUS.
