4060 6136
497 312 604 367 495

1187 312 1243 368 5.
1283 310 1572 368 JOANNIS
1621 312 2116 371 CHRYSOSTOMI
2157 313 2484 371 ARClllEll.
2535 307 3088 368 CONSTANTINOP.

669 523 3523 548 mw

3672 306 3783 360 ‘95

1862 741 2396 832 EJUSDEM

925 1022 1288 1079 ADVERSUS
1321 1019 1455 1077 EOS
1492 1021 1607 1095 ριν
1655 1020 1834 1080 APUD
1874 1018 1960 1076 SE
2003 1016 2279 1073 HABENT
2319 1017 2645 1076 VIRGINES
2677 1014 3332 1075 SUBINTRODUCTAS.

565 1500 614 1554 1.
648 1498 934 1566 Major-ibus
974 1499 1167 1551 nostris
1203 1495 1319 1550 dua:
1359 1505 1562 1550 tantum
1602 1493 1813 1547 fuerunt
1850 1504 2024 1545 causze
2048 1531 2062 1555 ,

494 1599 711 1656 propter
747 1602 877 1656 quas
925 1585 1233 1640 mulieribus
1272 1585 1367 1639 viri
1414 1582 1796 1639 cohabitarcnt.
1849 1580 1918 1635 Et
1962 1595 2065 1633 una

493 1677 705 1745 quidem
750 1688 901 1731 vetus
940 1686 1021 1730 cst
1058 1691 1121 1728 ac
1152 1675 1295 1744 justa
1325 1673 1624 1743 rationique
1662 1679 2017 1727 consentanea
2050 1686 2062 1721 :

496 1783 686 1837 nempe
713 1766 1125 1832 matrimonium,
1152 1765 1291 1834 quod
1317 1765 1423 1819 Deo
1443 1764 1743 1845 legislatore
1768 1761 2063 1816 institutum

495 1871 612 1914 est:
648 1857 861 1927 Pmpter
886 1860 981 1911 hoc
1019 1858 1189 1922 enim,
1237 1855 1436 1926 inquit,
1481 1855 1721 1922 relinquet
1760 1853 1835 1907 vir
1873 1860 2064 1922 patrem

493 1965 639 2003 suum
658 1957 703 2001 et
729 1958 935 2001 matrem
955 1964 1118 2012 suam,
1148 1955 1191 1999 et
1217 1944 1490 2000 adlmebit
1510 1946 1657 1997 nam
1674 1959 1800 2007 me,
1829 1951 2067 2007 eruntque

495 2041 595 2094 duo
622 2041 677 2092 in
714 2055 913 2093 carnem
939 2055 1090 2091 unum
1117 2036 1270 2106 (Cen.
1298 2035 1353 2090 2.
1380 2034 1507 2105 34);
1538 2035 1700 2088 altera
1729 2048 1854 2088 vero
1883 2047 2066 2086 recen-

494 2132 617 2194 tior,
648 2131 822 2200 iniqua
849 2139 901 2184 et
929 2129 1029 2198 legi
1059 2128 1301 2193 adversa,
1336 2141 1525 2196 nempe
1550 2124 1848 2186 fornicatio,
1880 2140 1998 2195 qua:
2034 2138 2062 2175 a

497 2222 740 2292 malignis
763 2221 1058 2276 introducta
1090 2230 1169 2273 est
1196 2218 1542 2272 daemonibus.
1567 2216 1735 2284 Atque
1765 2224 1942 2269 nostra
1969 2214 2066 2267 hac

495 2321 651 2367 :etate
691 2313 876 2365 tertius
903 2310 1114 2380 quidam
1145 2323 1313 2362 novus
1342 2316 1395 2362 et
1424 2306 1669 2361 insolitus
1697 2319 1812 2358 mos
1837 2304 2061 2374 prodiit,

493 2402 644 2473 cujus
680 2418 889 2457 causam
930 2402 1066 2456 haud
1107 2400 1259 2456 facile
1303 2399 1722 2469 investigaveris.
1751 2398 1881 2452 Sunt
1923 2397 2063 2451 enim

495 2496 766 2562 nonnulli,
806 2496 895 2566 qui
938 2495 1137 2565 puellas
1166 2495 1461 2563 nuptiarum
1509 2493 1811 2564 inexpertas
1848 2490 2062 2545 domum

491 2588 724 2651 ducunt,
767 2598 821 2641 et
851 2602 1017 2656 usque
1048 2586 1099 2642 itt
1142 2594 1433 2640 extremam
1465 2594 1789 2638 scnecmtcm
1836 2582 2064 2635 inclusas

494 2687 676 2734 tenent
698 2693 762 2733 ac
787 2678 986 2744 fovent,
1020 2693 1123 2730 non
1154 2675 1599 2746 procreandorum
1629 2675 1912 2728 libet-orum
1941 2688 2063 2743 gra-

494 2772 592 2834 tia,
623 2778 817 2840 negant
842 2768 983 2824 enim
1014 2783 1070 2822 se
1097 2783 1216 2822 cum
1259 2768 1363 2822 illis
1390 2783 1501 2820 rem
1532 2768 1761 2831 habere;
1802 2780 1974 2834 neque
2003 2765 2060 2818 li-

492 2860 684 2914 hidinis
705 2875 864 2915 causa
885 2900 900 2926 ,
929 2859 1075 2913 aiunt
1101 2858 1242 2913 enim
1287 2857 1426 2928 quod
1460 2858 1574 2910 illas
1601 2858 1929 2925 incorruptas
1953 2871 2061 2909 scr-

491 2961 613 3005 veut
641 2967 654 3003 :
684 2958 737 3005 et
768 2952 813 3006 si
843 2949 963 3020 quis
990 2951 1057 3004 ab
1086 2950 1164 3002 eis
1189 2964 1399 3003 causam
1430 2949 1722 3017 rogaverit,
1754 2947 1931 3001 dicunt
1963 2947 2062 3002 srhi

491 3043 683 3097 multas
721 3057 874 3107 esse;
917 3041 1011 3097 sed
1044 3040 1281 3111 tingunt:
1313 3057 1410 3111 ego
1436 3041 1575 3095 enim
1606 3040 1799 3094 nullam
1841 3055 1934 3095 eos
1964 3039 2060 3093 ha-

491 3132 621 3187 bere
649 3132 986 3194 crediderim,
1017 3149 1132 3202 qua:
1162 3133 1243 3186 vel
1272 3135 1487 3186 honesta
1521 3132 1602 3186 vel
1634 3131 1682 3185 id
1708 3147 1819 3187 :nea
1843 3133 1929 3185 sit.
1966 3131 2063 3186 Ve-

490 3236 608 3274 rum
653 3222 719 3277 de
758 3221 839 3276 his
883 3222 1114 3277 nondum
1158 3223 1434 3278 dicemus:
1477 3222 1757 3277 afferetuus
1786 3232 1960 3277 autem
2010 3222 2059 3277 in

491 3312 721 3367 mediuut
753 3329 910 3382 quam
948 3329 1045 3367 nos
1089 3314 1418 3383 potissimum
1448 3329 1661 3368 causam
1709 3314 2057 3383 suSpicamur.

490 3406 557 3460 Et
585 3423 825 3475 quamam
850 3417 931 3462 est
958 3408 1082 3461 illa?
1111 3407 1338 3462 Omnino
1359 3448 1374 3473 ,
1406 3408 1450 3461 si
1479 3421 1507 3461 a
1535 3421 1695 3476 scopo
1719 3406 2057 3467 aberravero,

489 3496 568 3551 fas
598 3498 746 3552 vobis
771 3508 854 3552 cst
897 3508 953 3552 ut
992 3514 1077 3553 me
1104 3498 1449 3570 redarguatis.
1486 3498 1548 3553 Et
1585 3513 1823 3568 quamam
1865 3498 2059 3552 causa?

488 3589 608 3658 quis
639 3588 728 3641 ille
770 3588 1088 3656 praetentus?
1116 3587 1334 3644 Videtur
1361 3588 1487 3642 mihi
1529 3589 1763 3643 mulieris
1788 3589 2059 3643 convictus

490 3693 595 3732 non
619 3692 684 3732 ex
716 3678 829 3748 lege
864 3679 1161 3747 nuptiarum
1204 3679 1361 3733 modo
1381 3719 1396 3742 ,
1429 3678 1520 3733 sed
1552 3678 1710 3733 etiam
1740 3678 1940 3748 absque
1966 3695 2061 3732 uu-

487 3769 611 3839 ptiis
636 3784 699 3823 ac
727 3784 1032 3839 congressu,
1067 3770 1346 3840 voluptatis
1380 3770 1578 3824 habere
1619 3771 1878 3825 nonnihil.
1907 3770 2058 3837 Quod

487 3862 531 3916 si
560 3877 661 3915 non
689 3871 831 3918 recte
857 3862 1058 3926 sentio,
1087 3879 1188 3917 non
1217 3877 1429 3932 possum
1465 3861 1642 3919 dicere
1667 3882 1682 3919 :
1711 3880 1878 3919 meam
1910 3864 2059 3919 vobis

488 3954 803 4008 sententiam
851 3969 1046 4009 uarro:
1081 3955 1214 4008 forte
1257 3963 1434 4009 autem
1485 3968 1588 4007 nou
1636 3969 1805 4007 meam
1847 3953 2055 4018 solum,

488 4047 579 4099 sed
608 4054 662 4101 et
706 4048 949 4113 illorum;
997 4064 1117 4101 nam
1148 4058 1201 4103 et
1244 4048 1346 4103 illis
1387 4048 1465 4103 sic
1505 4048 1729 4116 videtur,
1758 4050 1894 4120 quod
1934 4050 2058 4106 hine

491 4139 676 4204 liquet.
707 4138 929 4194 Tantam
970 4141 1108 4193 enim
1149 4140 1371 4210 gloriam
1402 4151 1457 4197 et
1486 4149 1626 4195 tanta
1654 4142 1900 4198 scandala
1931 4160 2057 4199 neu-

488 4229 684 4297 tiquam
715 4229 1067 4298 despicerent,
1099 4232 1199 4286 nisi
1224 4232 1409 4303 ingens
1433 4233 1674 4304 quoidam
1695 4244 1749 4289 et
1772 4235 2056 4291 vehemens

486 4319 821 4373 cohabitandi
844 4320 1090 4393 voluptas
1113 4331 1272 4377 esset.
1296 4322 1444 4391 Quod
1475 4324 1518 4379 si
1552 4324 1688 4379 forte
1713 4334 2058 4381 succenseant

486 4409 731 4477 quidam,
778 4410 917 4479 quod
950 4410 1063 4467 lucc
1104 4412 1375 4480 dicamus,
1409 4429 1596 4483 prccnr
1631 4424 1686 4469 ut
1725 4418 1875 4469 nobis
1903 4417 2055 4472 venia

486 4502 658 4566 detur,
688 4501 931 4571 absitque
958 4501 1284 4573 indignatio:
1319 4520 1489 4574 neque
1516 4505 1656 4559 enim
1687 4506 1857 4561 libens
1879 4522 1943 4562 ac
1974 4520 2054 4564 te-

486 4600 632 4647 mere
660 4591 794 4646 hanc
821 4592 1147 4647 inimicitiam
1170 4596 1515 4664 susciperem.
1544 4595 1656 4650 Non
1678 4610 1793 4649 sum
1821 4606 1925 4652 tam
1958 4600 2055 4652 mi-

483 4696 571 4737 ser
591 4697 653 4736 ac
673 4697 1024 4748 mrumnosus,
1043 4684 1131 4752 qui
1155 4695 1356 4740 temere
1376 4700 1559 4740 omnes
1575 4685 1844 4743 offendere
1862 4689 2050 4757 velim;

484 4772 579 4827 sed
609 4772 760 4827 valde
802 4771 957 4826 doleo
983 4786 1046 4826 ac
1072 4774 1297 4838 crucior,
1328 4783 1382 4828 et
1419 4775 1641 4845 gloriam
1682 4777 1774 4832 Dei
1808 4779 2055 4849 blasphe-

484 4866 615 4919 mari
648 4866 877 4928 intuens,
909 4875 960 4919 et
1007 4867 1288 4921 multorum
1313 4868 1784 4950 salutemOpropter
1808 4871 2051 4940 volupta-

483 4965 588 5008 tem
635 4953 772 5009 hanc
813 4956 1061 5024 paulatim
1110 4958 1304 5025 perire.
1351 4957 1501 5024 Quod
1532 4960 1671 5014 enim
1723 4961 1849 5015 illud
1893 4977 2053 5019 suave

482 5048 568 5107 sit,
601 5053 656 5098 et
684 5048 902 5115 nuptiali
924 5049 1193 5102 consortio
1221 5048 1574 5104 ardentiorem
1606 5053 2048 5120 pariatamorem,

481 5149 622 5189 nunc
652 5134 784 5189 forte
803 5137 1081 5205 stupebitis
1100 5136 1394 5199 audientes,
1417 5138 1510 5192 sed
1538 5139 1621 5194 ubi
1647 5141 1695 5194 id
1721 5142 2053 5197 demonstra-

481 5239 625 5285 vero,
658 5239 751 5279 vos
780 5226 937 5280 etiam
982 5226 1380 5282 conﬁtebimini.
1412 5228 1618 5282 Etenim
1661 5245 1780 5284 cum
1820 5231 2050 5303 legitima

482 5315 702 5369 muliere
725 5315 975 5386 congredi
1002 5331 1122 5371 cum
1153 5332 1255 5371 non
1290 5318 1358 5372 sit
1383 5321 1599 5373 vetitum
1622 5363 1635 5385 ,
1670 5325 2046 5392 σθηειψίενρηο

541 5493 1301 5575 ἊΤἮ¹¹¹3⁵εξΞμ¹ἓ¹ἶθὶἒ9ἒὲῗί¹τξ
1321 5498 1656 5575 εθέἒθωηαῖάρ
1679 5504 1908 5575 σφενδαὲ
1946 5507 2052 5564 ωω

477 5556 558 5619 qui
568 5556 736 5627 habent
970 5556 1351 5627 subintroductas
1364 5556 1576 5624 ,‘M'orel.,
1590 5556 1812 5627 ejusdem
1823 5556 2050 5624 adici-Ia:

479 5616 560 5692 eo;
602 5616 686 5680 qui
707 5616 877 5669 habent
917 5616 1314 5692 satiati-eductas.
1364 5616 1784 5692 ftnterpres'vero,
1800 5690 1807 5692 ξ

476 5678 815 5757 pugnaces
849 5678 933 5757 qui
948 5681 1090 5757 rapad
1125 5696 1176 5735 se
1220 5687 1374 5748 forent
1416 5678 1602 5740 sorores
1642 5678 2049 5757 cannulis};

471 5738 1054 5793 subiturodurws'vocaiu.

2077 1248 2141 1263 α·-

2172 1491 2296 1544 tiam
2327 1490 2504 1555 sedat,
2534 1499 2587 1546 et
2625 1507 2990 1563 saepenumero
3015 1498 3308 1555 satietatem
3337 1500 3524 1569 affert,
3558 1502 3750 1559 immo-

2171 1576 2345 1632 dicum
2373 1580 2707 1649 restinguens
2736 1583 3002 1638 ardorem.
3036 1586 3298 1643 Praeterea
3330 1600 3506 1659 partus
3533 1600 3589 1647 et
3621 1608 3749 1662 par-

2170 1675 2317 1722 tuum
2342 1667 2583 1736 dolores,
2618 1687 3007 1744 puerorumque
3033 1680 3427 1744 procreationes
3452 1696 3515 1736 ac
3548 1681 3750 1738 educa-

2171 1760 2379 1822 tiones.
2426 1775 2629 1815 necnon
2670 1772 2724 1817 et
2767 1764 3068 1836 frequentes
3105 1770 3193 1838 qui
3229 1785 3293 1826 ex
3337 1771 3421 1828 his
3448 1786 3752 1843 sequuntur

2171 1848 2341 1904 morbi
2369 1864 2562 1920 corpus
2591 1852 2850 1922 amiguut,
2891 1856 3074 1912 ﬂorem
3103 1860 3273 1914 aetatis
3297 1863 3590 1918 marcidum
3621 1865 3750 1919 red-

2168 1938 2317 2004 dunt,
2353 1940 2744 2012 invalidumque
2772 1945 3060 2015 voluptatis
3082 1949 3259 2003 calcar
3284 1949 3520 2007 faciunt:
3551 1954 3603 2007 in
3633 1956 3747 2008 vir-

2168 2030 2290 2101 gine
2316 2040 2494 2086 autem
2519 2034 2902 2090 cohabitatrice
2926 2037 3054 2091 nihil
3084 2038 3272 2093 horum
3299 2042 3555 2110 reperies.
3580 2044 3751 2099 Abest

2168 2123 2309 2177 enim
2337 2125 2539 2190 coitus,
2586 2127 2673 2195 qui
2719 2137 2922 2183 natura:
2970 2136 3222 2200 impetum
3265 2131 3527 2203 deprimat
3552 2145 3607 2189 et
3646 2137 3749 2190 ob-

2170 2212 2382 2279 tundat;
2414 2230 2585 2285 neque
2613 2216 2827 2272 dolores
2852 2228 3065 2287 partus,
3099 2236 3270 2291 neque
3303 2238 3584 2291 puerorum
3617 2225 3753 2280 edu-

2167 2308 2405 2361 cationes
2431 2321 2647 2362 carnem
2690 2324 3022 2366 marcescere
3059 2310 3297 2368 faciunt:
3325 2314 3417 2368 sed
3449 2314 3748 2384 juvenilem

2168 2396 2401 2464 vigorem
2433 2396 2522 2450 diu
2549 2408 2863 2461 conservat,
2902 2409 3087 2470 utpote
3117 2402 3313 2457 intacta
3345 2420 3585 2458 manens.
3622 2407 3753 2462 Po~t

2167 2496 2350 2553 partus
2374 2486 2517 2539 enim
2563 2496 2614 2542 et
2645 2489 2989 2545 educationes
3031 2508 3315 2561 puerorum
3363 2509 3586 2566 corpora
3615 2513 3752 2550 uxo-

2168 2590 2284 2629 rum
2313 2575 2602 2631 infirmiora
2633 2578 2796 2644 liunt;
2835 2580 2937 2635 illae
2976 2592 3152 2637 autem
3180 2598 3346 2654 usque
3375 2587 3425 2638 in
3453 2587 3752 2657 quadrage-

2165 2667 2358 2723 simum
2385 2684 2581 2725 annum
2609 2672 2662 2725 in
2687 2687 2778 2726 sua
2805 2684 3117 2744 permanent
3136 2676 3327 2743 forma,
3359 2688 3555 2733 etcum
3585 2682 3747 2751 virgio

2168 2769 2321 2812 mnus
2342 2758 2450 2827 jam
2481 2760 2754 2815 elocandis
2791 2773 3017 2818 certant.
3059 2765 3193 2821 Hine
3219 2777 3301 2822 est
3339 2768 3479 2837 quod
3522 2770 3749 2825 cohabi-

2167 2855 2343 2904 tantes
2363 2849 2558 2919 duplici
2586 2854 2705 2922 igne
2731 2855 3124 2920 accenduntur;
3155 2872 3277 2912 nam
3299 2868 3352 2912 et
3373 2860 3536 2915 ardor
3559 2877 3748 2917 eorum

2166 2956 2272 2996 non
2302 2945 2644 3015 restinguitur
2661 2949 2800 3002 coitu
2825 2950 2904 3004 eis
2926 2951 3225 3020 interdicto,
3263 2964 3316 3008 et
3347 2957 3557 3011 ardoris
3577 2958 3751 3012 fotnes

2167 3045 2346 3088 manet
2388 3037 2517 3090 rcdd
2545 3047 2734 3108 turque
2760 3040 3004 3096 validior.
3035 3042 3183 3099 Hanc
3220 3060 3321 3115 ego
3359 3047 3516 3116 hujus
3552 3060 3749 3103 contu-

2167 3123 2334 3179 hernii
2364 3139 2578 3180 causam
2609 3130 2880 3198 suspicor;
2924 3131 3018 3186 sed
3047 3148 3113 3188 ne
3138 3134 3291 3190 valde
3330 3150 3749 3193 succenseamus

2165 3214 2277 3277 eis,
2321 3229 2496 3285 neque
2537 3216 2779 3273 difﬁciles
2822 3221 2988 3276 simus
3027 3231 3079 3277 et
3123 3224 3430 3295 importuni.
3470 3227 3603 3283 Nam
3650 3233 3747 3300 qui

2165 3321 2363 3376 {egrum
2386 3310 2497 3362 vult
2523 3311 2818 3377 restituere,
2853 3329 2957 3368 non
2986 3314 3088 3370 hoc
3104 3319 3213 3387 agit
3232 3318 3307 3373 ira
3333 3329 3386 3373 et
3409 3320 3745 3387 verberibus,

2165 3397 2257 3451 sed
2287 3398 2441 3452 offert
2485 3399 2766 3469 pharmaca
2792 3417 2913 3457 cum
2946 3421 3133 3473 magna
3163 3421 3289 3461 cura
3327 3417 3381 3464 et
3417 3408 3609 3464 blanda
3649 3412 3749 3463 ad-

2166 3485 2483 3543 hortatione.
2532 3490 2737 3545 Etenim
2782 3493 2825 3546 si
2857 3493 2925 3546 ab
2955 3494 3057 3548 illis
3088 3511 3272 3565 pennas
3305 3509 3559 3568 expetere
3585 3502 3747 3556 nobis

2163 3581 2491 3649 propositum
2521 3593 2690 3648 esset,
2725 3593 2779 3638 et
2804 3585 2846 3639 si
2867 3585 3104 3653 judicum
3129 3587 3369 3644 ordinem
3403 3599 3745 3655 teneremus,

2165 3671 2423 3741 indignari
2452 3685 2753 3745 oporteret;
2785 3678 2878 3732 sed
2899 3680 2943 3732 si
2972 3680 3063 3734 illo
3090 3681 3307 3736 dimisso
3330 3683 3653 3739 medicorum
3684 3699 3747 3741 et

2163 3778 2356 3819 curare
2384 3766 2669 3821 volentium
2699 3784 2893 3824 munus
2921 3773 3300 3842 suscipiamus,
3332 3776 3552 3840 hortari,
3581 3778 3742 3832 obse-

2162 3869 2330 3920 crare,
2361 3864 2432 3919 et,
2466 3858 2509 3911 si
2532 3873 2664 3927 opus
2685 3860 2771 3926 sit,
2799 3876 2967 3930 genua
2994 3871 3207 3933 tangere
3233 3880 3367 3933 opus
3391 3879 3491 3932 est,
3515 3878 3571 3922 ut
3597 3871 3745 3938 quod

2161 3945 2423 4014 agendum
2450 3949 2778 4017 suscepimus
2803 3950 3153 4018 perficiamus.
3195 3953 3355 4024 Igitur
3387 3959 3741 4025 quemadmo-

2161 4035 2285 4090 dum
2315 4037 2539 4104 medici,
2569 4041 2654 4107 qui
2685 4055 2855 4110 a-gros
2878 4057 2906 4095 a
2937 4043 3057 4096 cibo
3082 4045 3164 4097 vel
3190 4056 3312 4115 potu
3343 4047 3531 4100 nocivo
3552 4063 3745 4103 arcere

2161 4132 2403 4200 cupiunt,
2441 4132 2562 4188 licet
2591 4135 2674 4189 illa
2717 4137 2931 4190 mixtam
2973 4139 3200 4194 habeant
3228 4142 3580 4212 voluptatem,
3614 4155 3743 4201 ante

2161 4221 2337 4274 omnia
2387 4230 2562 4277 tamen
2613 4226 2928 4292 persuadent
2966 4227 3140 4284 inesse
3185 4231 3286 4285 illis
3328 4242 3522 4302 przeter
3570 4251 3739 4289 nocuo

2160 4324 2337 4365 menta
2365 4314 2521 4368 etiam
2566 4315 2785 4370 multum
2820 4321 3184 4385 insuavitatis;
3223 4323 3300 4375 sic
3337 4336 3393 4377 et
3435 4339 3534 4378 nos
3573 4324 3739 4380 facia-

2159 4419 2297 4468 mus,
2321 4408 2784 4461 commonstrando
2807 4409 2909 4464 illis
2928 4412 3070 4480 quod
3091 4413 3407 4468 cohabitatio
3428 4416 3536 4477 illa,
3558 4434 3738 4484 quant-

2158 4493 2238 4546 vis
2260 4494 2436 4548 suavis
2455 4504 2508 4549 et
2522 4495 2753 4564 jucunda
2774 4499 3032 4565 videatur,
3058 4504 3351 4570 perniciosa
3375 4506 3465 4570 sit,
3488 4517 3543 4560 et
3568 4508 3740 4560 nihilo

2158 4583 2347 4639 melior
2370 4599 2528 4654 quam
2570 4589 2855 4645 mortifera:
2884 4593 3143 4660 potiones.
3187 4595 3254 4649 Et
3285 4596 3492 4652 videtur
3520 4600 3737 4668 quidem

2158 4675 2378 4728 multam
2411 4677 2604 4733 habere
2639 4680 2903 4745 lzetitiam,
2936 4684 3065 4739 latet
3106 4694 3280 4740 tamen
3321 4688 3545 4742 multum
3574 4690 3626 4742 iu
3670 4706 3735 4744 ea

2157 4765 2542 4830 amaritudinis,
2564 4784 2721 4835 quam
2747 4772 2957 4837 animm,
2985 4790 3103 4844 qua:
3125 4776 3476 4847 voluptatibus
3499 4780 3737 4836 oblecta-

2158 4863 2263 4916 tur,
2292 4855 2537 4911 infundit.
2561 4856 2689 4912 Nam
2714 4861 2803 4930 qui
2836 4879 3117 4930 persuasus
3145 4866 3384 4931 discedit,
3413 4883 3605 4925 secure
3626 4870 3738 4925 dis-

2157 4934 2316 4999 cedit.
2347 4945 2485 5001 Sane
2514 4950 2600 5018 qui
2643 4961 2783 5005 melu
2825 4962 2880 5007 et
2922 4957 3236 5011 necessitate
3259 4973 3289 5011 a
3318 4957 3509 5013 dilecta
3548 4961 3737 5029 sejun-

2156 5034 2316 5102 gitur,
2348 5033 2533 5091 fortior
2559 5049 2765 5095 amator
2797 5042 2885 5107 tit,
2913 5054 2966 5097 et
3004 5044 3243 5101 fortassis
3273 5049 3460 5102 iterum
3489 5048 3558 5103 ad
3589 5051 3739 5105 illum

2157 5127 2405 5193 accedet;
2437 5140 2488 5182 at
2529 5132 2571 5183 si
2619 5141 2673 5184 ιιι
2717 5148 2827 5186 rem
2869 5134 3178 5190 damnosam
3207 5147 3257 5192 ot
3295 5153 3530 5193 amaram
3566 5140 3736 5211 fugit,

2158 5219 2558 5289 haudquaquam
2591 5221 2779 5277 iterum
2810 5228 3094 5282 revertitur
3117 5228 3186 5281 ob
3214 5228 3475 5284 calculum
3512 5242 3735 5285 sentcn-

2158 5308 2241 5362 tiae
2270 5323 2412 5371 suar,
2451 5326 2570 5380 qua:
2607 5315 2791 5382 quivis
2830 5318 3143 5373 necessitate
3171 5319 3450 5375 violentius
3484 5321 3559 5375 illi
3610 5338 3733 5391 per-

2156 5400 2359 5454 Suadet.
2391 5402 2667 5468 Quomodo
2689 5421 2817 5475 ergo
2849 5410 3280 5468 rmrsuadebimus
3307 5412 3432 5478 illis,
3462 5414 3606 5482 quod
3635 5414 3735 5469 hoc

2157 5503 2259 5542 non
2291 5490 2459 5544 solum
2489 5504 2710 5560 noceat,
2751 5496 2842 5551 sed
2885 5506 2941 5553 ct
2972 5514 3211 5555 amorim
3237 5502 3341 5556 sit?
3373 5502 3440 5557 Et
3464 5507 3734 5573 quotnodo

2156 5578 2330 5645 aliter,
2375 5596 2532 5649 quam
2575 5598 2641 5638 ex
2690 5585 2802 5654 ipsa
2845 5603 3022 5643 rerum
3068 5592 3293 5645 natura?
3340 5591 3737 5664 interrogemus

2154 5684 2280 5754 ergo
2312 5687 2405 5726 eos
2426 5714 2441 5737 ,
2472 5673 2516 5727 si
2555 5676 2674 5744 quis
2716 5692 2896 5733 mensa
2926 5692 3229 5750 sumptuosa
3267 5687 3507 5754 apposita
3527 5728 3544 5751 ,
3572 5691 3736 5741 variis

2153 5753 2577 5829 dulcissitnisque
2617 5761 2772 5830 plena
2800 5763 3023 5831 eduliis,
3066 5753 3348 5824 denuntiet
3363 5769 3589 5825 summis
3631 5775 3734 5827 mi-
