4060 6136
318 302 440 361 *4θὸ

905 266 911 281 ῃ
973 287 1252 348 CONTRA
1293 286 1423 344 EOS
1461 284 1578 353 QUI
1621 274 2253 340 SUBINTRODUCTAS
2292 270 2566 329 IIABENT
2609 264 2954 324 VIRGINES.

3495 260 3594 313 ωτι

374 479 3598 532 ww...

1514 690 1669 767 [’28]
1722 698 1951 787 ΤΟΥ
2028 694 2406 783 ΑΥΤΟΥ

1047 1002 1223 1058 ΠΡΟΣ
1261 1005 1439 1057 ΤΟΥΣ
1486 999 1806 1055 ΕΧΟΝΤΑΣ
1848 992 2263 1051 ΠΑΡΘΕΝΟΥΣ
2302 990 2831 1046 ΣΥΝΕΙΣΛΚΤΟΥΣ
2857 1001 2906 1044 ι.

405 1724 474 1772 α’.
522 1715 644 1771 Ἐπὶ
668 1715 765 1786 μέν
785 1713 893 1767 τῶν
917 1715 1194 1785 προγόνων
1212 1714 1319 1768 τῶν
1348 1712 1630 1785 ἡμετέρων
1657 1711 1750 1767 δύο
1775 1712 1916 1777 τινές

318 1797 475 1875 ἦσαν
523 1802 823 1873 προφάσεις
868 1803 923 1854 αί
970 1800 1069 1865 τὰς
1100 1802 1365 1869 γυναῖκας
1404 1796 1916 1867 ωγκατοικίζουσαι

328 1892 448 1953 τοῖς
490 1887 745 1957 ἀνδράσι·
784 1884 882 1956 μία
922 1885 1021 1955 μὶν
1060 1886 1095 1956 ή
1143 1882 1237 1937 τοῦ
1261 1882 1465 1953 γάμου,
1493 1882 1695 1953 ἀρχαία
1723 1898 1783 1933 τε
1823 1880 1916 1934 καὶ

332 1974 515 2029 δικαία
548 1969 642 2024 καὶ
678 1968 919 2037 εὔλογος,
955 1968 1050 2023 άτε
1082 1968 1174 2022 τὸν
1200 1968 1332 2022 Θεὸν
1364 1967 1562 2038 ἔχουσα
1584 1964 1878 2038 νομοθέτην
1897 1980 1912 1995 ·

346 2051 495 2107 Ἀντί
518 2051 624 2123 γὰρ
649 2052 885 2116 τούτου,
916 2052 1068 2124 φησὶ,
1099 2052 1450 2121 καταλείψει
1479 2050 1789 2118 ἅνθρωπος
1812 2049 1917 2102 τὸν

326 2137 557 2207 πατέρα
584 2136 769 2191 αὑτοῦ
798 2137 896 2191 καὶ
921 2137 1035 2204 τὴν
1057 2136 1304 2207 μητέρα,
1339 2135 1435 2190 καί
1461 2134 1917 2204 προσκολληθή-

316 2239 503 2278 σεται
554 2222 705 2291 πρὸς
744 2221 858 2291 τὴν
893 2221 1148 2290 γυναῖκα
1177 2222 1388 2283 αὑτοῦ.
1429 2223 1526 2277 καί
1576 2222 1820 2278 ἔσονται
1862 2223 1915 2274 οί

326 2307 442 2361 δύο
470 2309 557 2372 είς
586 2305 781 2375 σάρκα
802 2305 981 2374 μίαν·
1015 2304 1179 2377 ἐτέρα
1219 2305 1277 2358 δέ
1306 2307 1339 2375 ή
1385 2306 1484 2376 τῆς
1513 2306 1787 2377 πορνείας,
1822 2302 1918 2357 καὶ

331 2389 572 2461 νεωτέρα
600 2388 802 2459 ταύτης
831 2389 924 2442 καὶ
952 2387 1133 2452 ἄδικος
1161 2388 1254 2441 καὶ
1277 2388 1613 2458 παράνομος,
1644 2387 1739 2441 ἃτε
1765 2384 1918 2459 παρὰ

330 2471 441 2527 τῶν
471 2470 722 2543 πονηρῶν
751 2470 1116 2542 είσενεχθεῖσα
1143 2471 1433 2542 δαιμόνων.
1467 2471 1591 2525 Ἐπὶ
1623 2470 1679 2525 δέ
1706 2470 1805 2542 τῆς
1824 2487 1917 2539 γε·

329 2559 460 2620 νεᾶς
481 2557 580 2626 τῆς
603 2554 874 2626 ἡμετέρας
902 2557 995 2610 καὶ
1014 2554 1195 2625 τρίτος
1215 2556 1480 2627 ἐπενοήθη
1508 2556 1706 2624 τρόπος
1732 2554 1917 2620 καινός

328 2656 417 2702 τις
443 2638 537 2693 καὶ
558 2637 859 2710 παράδοξος
883 2640 975 2692 καὶ
1012 2639 1211 2712 πολλὴν
1238 2639 1376 2709 ἔχων
1406 2640 1506 2709 τὴν
1540 2639 1771 2708 ἀπορίαν
1802 2642 1916 2703 τοῖς

330 2722 677 2796 βουλομένοις
703 2722 803 2792 τὴν
836 2722 1016 2777 αἰτίαν
1043 2724 1243 2794 εὑρεῖν.
1280 2722 1397 2776 Εἰσὶ
1438 2723 1546 2794 γάρ
1571 2740 1715 2787 τινες
1738 2722 1788 2776 οἳ
1815 2722 1917 2790 γά-

326 2823 439 2877 ,μου
480 2805 572 2859 καὶ
621 2805 904 2869 συνουσίας
937 2805 1106 2878 χωρὶς
1144 2806 1313 2876 κόρας
1351 2806 1758 2875 ἀπειρογάμους
1787 2804 1916 2873 ἀγόν·

335 2906 506 2960 μενοι,
552 2888 864 2953 καθίζουσιν
915 2888 1052 2942 οῖκοι
1092 2888 1400 2953 διαπαντὸς,
1438 2888 1528 2939 καὶ
1565 2889 1644 2948 είς
1688 2886 1916 2955 ἔσχατον

332 2974 508 3045 γῆρας
558 2974 767 3036 ἑαυτοῖς
819 2971 1355 3041 συγκατακλείουσιν,
1405 2969 1526 3023 οὔτε
1578 2970 1670 3022 ἐπὶ
1731 2968 1918 3022 παιδο-

322 3056 484 3129 ποιίᾳ
509 3058 561 3119 δ,
590 3057 651 3109 οὗ
682 3057 790 3126 γάρ
834 3071 999 3124 φασιν
1039 3054 1230 3116 αὐταῖς
1270 3052 1638 3121 συγγίνεσθαι,
1692 3050 1814 3105 οὒτε
1858 3050 1919 3116 ἐξ

331 3138 647 3201 ἀκολασίας,
684 3137 904 3205 λέγουσι
942 3136 1048 3210 7&9
1089 3136 1259 3199 αὐτὰς
1287 3135 1575 3206 ἀκεραίους
1606 3134 1913 3205 διατηρεῖνο

331 3224 446 3278 ἀλλ’
478 3223 571 3277 ἐάν
620 3240 701 3287 τις
739 3220 932 3293 ἐρηται
968 3220 1066 3291 τὴν
1102 3219 1316 3286 αἰτίαν,
1354 3220 1535 3290 ἔχουσι
1563 3220 1659 3291 μὲν
1695 3217 1915 3285 πολλὰς,

317 3309 429 3363 ’καὶ
461 3309 915 3379 μεμελετήκασιν,
942 3304 1161 3374 εῦλογον
1193 3304 1270 3368 δέ,
1298 3304 1375 3368 ὡς
1417 3304 1591 3373 ἔγωγε
1620 3299 1794 3374 οἶμαι,
1824 3306 1917 3358 ού-

315 3392 543 3462 ⁴δεμίαν,
571 3394 693 3445 οὐδὲ
723 3392 949 3464 σεμνήν.
984 3388 1145 3443 Ἀλλὰ
1177 3390 1342 3460 μήπω
1371 3390 1499 3459 περὶ
1524 3388 1749 3452 τούτων,
1782 3388 1918 3459 μηδὲ

334 3475 435 3538 τὰς
471 3475 693 3529 ἐκείνων
730 3475 869 3539 τέως
912 3474 1159 3545 λέγωμεν
1205 3472 1527 3544 προφάσεις,
1567 3472 1679 3526 ἀλλ’
1720 3472 1785 3543 ἢν
1822 3471 1913 3526 αὐ-

324 3557 418 3610 τοὶ
470 3557 704 3628 μάλιστα
748 3556 1125 3626 ὑποπτεύομεν
1168 3550 1343 3617 εἶναι,
1378 3553 1580 3627 ταύτην
1621 3557 1702 3619 είς
1755 3554 1918 3625 μέσον

320 3641 649 3713 ἀγάγωμεν.
685 3641 782 3705 Τίς
812 3637 905 3696 οὖν
948 3643 1093 3694 ἐστιν
1137 3639 1303 3709 αῦτης
1355 3639 1576 3702 Πάντως
1609 3638 1664 3692 δὲ
1708 3640 1757 3693 εί
1803 3638 1921 3692 δια-

322 3724 600 3796 ,μάρτοιμι
637 3724 731 3778 τοῦ
763 3724 986 3789 σκοποῦ,
1018 3722 1225 3789 ἔξεστιν
1260 3721 1615 3776 ἐπιλαϐέσθαι
1646 3724 1760 3785 τοῖς
1793 3722 1917 3790 βου-

324 3807 580 3879 λομένοις
610 3807 784 3879 ὑμῶν.
818 3809 914 3873 Τίς
945 3805 1037 3862 οὖν
1064 3809 1262 3878 ἐστινή
1299 3806 1600 3878 πρόφασις;
1628 3808 1787 3860 Δοκεῖ
1826 3805 1917 3877 μοί

334 3907 454 3944 τινα
498 3891 691 3963 ἡδονὴν
734 3891 877 3961 ἐχειν
926 3892 988 3945 τὸ
1040 3893 1307 3945 συνοικεῖν
1352 3888 1614 3959 γυναιξὶν,
1652 3888 1712 3942 ού
1768 3889 1918 3960 νόμῳ

331 3974 512 4045 γάμου
544 3975 724 4045 μόνον,
759 3974 896 4028 ἀλλά
927 3976 1022 4029 καὶ
1049 3975 1227 4044 γάμου
1270 3973 1364 4026 καὶ
1405 3972 1691 4035 συνουσίας
1726 3971 1915 4042 χωρίς.

322 4057 399 4110 Εἰ
428 4057 485 4109 δὲ
512 4058 613 4109 οὐκ
640 4056 814 4124 ὀρθῶς
842 4056 1006 4119 δοκῶ,
1035 4056 1214 4125 λέγειν
1242 4055 1342 4109 οὐκ
1376 4054 1514 4125 ἔχω’
1551 4054 1651 4125 τὴν
1682 4054 1792 4124 7&9
1820 4056 1919 4124 ἐμ-

332 4137 499 4194 αυτοῦ
524 4139 658 4203 τέως
683 4140 810 4209 ὑμῖν
838 4139 1130 4211 διηγοῦμαι
1166 4138 1421 4211 γνώμην·
1455 4139 1593 4210 τάχα
1631 4139 1689 4192 δὲ
1726 4139 1786 4193 ού
1817 4140 1917 4209 τὴν

320 4222 573 4295 ἐμαυτοῦ
610 4222 787 4292 μόνον,
834 4222 968 4278 ἀλλὰ
1018 4223 1111 4277 καὶ
1156 4222 1255 4294 τὴν
1314 4222 1494 4276 αὐτῶν
1536 4223 1791 4276 ἐκείνων⁹
1836 4222 1916 4275 ὅτι

324 4306 443 4378 γὰρ
473 4306 567 4361 κοιλ⁸
605 4305 835 4371 ἐκείνοις
862 4304 1004 4360 οὕτω
1047 4306 1211 4370 δοκεῖ,
1239 4305 1395 4376 δῆλον
1441 4305 1665 4360 ἐκεῖθεν.
1703 4305 1777 4358 υύ
1809 4304 1917 4378 7&9

332 4391 405 4445 ἣν
454 4389 724 4461 τοσαύτης
784 4389 1193 4463 κατεφρόνησαν
1262 4389 1420 4461 δόξης
1491 4390 1587 4444 καὶ
1651 4389 1919 4444 τοσούτων

335 4472 668 4537 σκανδάλων,
703 4475 753 4527 εἰ
794 4473 868 4544 μὴ
907 4473 1113 4544 σφοδρά
1152 4490 1236 4536 τις
1266 4468 1334 4543 ἦν
1370 4473 1463 4526 καὶ
1491 4472 1785 4545 τυραννικὴ
1819 4473 1920 4544 τῆς

338 4558 700 4628 συνοικήσεως
740 4555 944 4628 ταύτης
976 4559 1009 4628 ἡ
1037 4556 1221 4627 ἡδονή.
1258 4556 1322 4609 El
1362 4554 1418 4609 δέ
1450 4572 1594 4620 τινες
1636 4554 1920 4627 δυσχεραίο

335 4657 476 4694 νοιεν
511 4640 682 4693 ταῦτα
718 4639 985 4709 λεγόντων
1033 4638 1214 4712 ήμῶν,
1271 4639 1682 4711 παραιτήσομαι
1732 4656 1922 4709 συγγι-

335 4721 564 4779 νώσκειν
607 4724 769 4794 ἡμῖν,
819 4722 911 4777 καὶ
959 4722 1034 4794 μὴ
1086 4723 1412 4790 ἀγανακτεῖν
1432 4738 1445 4753 ·
1489 4721 1549 4774 ού
1594 4721 1702 4794 7&9
1754 4721 1918 4788 ἑκὼν,

336 4806 455 4860 ούδέ
489 4806 674 4870 ἁπλῶς
701 4807 800 4877 τὴν
830 4805 1123 4876 ἀπέχθειαν
1153 4804 1509 4872 ἀναδέξασθαι
1550 4806 1751 4876 ταύτην
1778 4805 1920 4859 εἱλό-

341 4907 469 4960 μην.
516 4889 626 4959 ούχ
673 4887 847 4953 οὕτως
889 4890 1070 4953 ἄθλιος
1123 4888 1234 4958 ἐγὼ
1286 4889 1379 4942 καὶ
1429 4887 1804 4961 ταλαίπωρος,
1844 4889 1919 4955 ὡς

337 4974 459 5044 εἰκῆ
496 4972 774 5043 βούλεσθαι
807 4972 1167 5046 προσκρούειν
1219 4973 1449 5028 ἅπασιν⁸
1499 4972 1613 5027 ἀλλ’
1649 4972 1920 5044 ὀδυνῶμαι

337 5055 544 5127 σφόδρα
574 5056 670 5109 καὶ
716 5055 867 5125 ἀλγῶ
902 5059 997 5110 καὶ
1033 5056 1132 5128 τὴν
1182 5055 1276 5110 τοῦ
1328 5056 1464 5110 Θεοῦ
1508 5056 1666 5124 δόξαν
1708 5056 1922 5127 ὑϐριζο-

336 5140 511 5212 μένην
551 5138 713 5212 ὁρῶν,
760 5139 855 5193 καὶ
900 5140 999 5211 τὴν
1051 5139 1157 5195 τῶν
1204 5140 1415 5195 πολλῶν
1461 5141 1733 5211 σωτηρίαν
1778 5140 1920 5194 κατά

341 5222 534 5293 μικρὸν
582 5222 953 5294 ὐτοορρέουσαν
1003 5223 1092 5278 διὰ
1140 5224 1237 5297 τὴν
1282 5225 1475 5297 ἡδονὴν
1521 5224 1743 5295 ταύτην.
1798 5225 1920 5278 Ὅτι

335 5306 445 5376 γὰρ
478 5306 576 5377 ήδὺ
605 5304 762 5360 τοῦτο
789 5306 886 5359 καὶ
920 5304 1014 5361 τοῦ
1044 5306 1193 5379 νόμῳ
1221 5307 1400 5378 γάμου
1434 5310 1701 5363 συνοικεῖν
1727 5307 1922 5380 δριμύ-

335 5405 494 5461 τερον
527 5388 640 5460 εχει
675 5388 767 5442 τὸν
809 5388 1006 5461 ἐρωτα,
1035 5388 1132 5443 νῦν
1165 5390 1262 5461 μέν
1301 5391 1431 5454 ῐσως
1476 5391 1571 5444 καὶ
1603 5390 1919 5462 θορυϐεῖσθε

337 5471 646 5537 ἀκούοντες,
680 5471 820 5543 μετὰ
849 5472 906 5525 δέ
939 5471 1036 5544 τὴν
1067 5472 1339 5536 ἀπόδειξιν
1369 5472 1464 5527 καὶ
1502 5472 1656 5528 αὐτοὶ
1695 5490 1922 5546 συνομο-

335 5554 617 5628 λογήσετε.
658 5556 782 5610 Ἐπὶ
814 5557 920 5647 μὲν
947 5556 1057 5628 γάρ
1089 5556 1191 5629 τῆς
1221 5555 1446 5626 ἐννόμου
1474 5556 1732 5625 γυναικὸς
1763 5559 1797 5630 ή
1829 5558 1922 5631 μί-

396 5684 426 5716 ⁸
447 5682 665 5755 Τίιιιιιιε,
681 5685 758 5755 είο
802 5684 955 5733 habet
993 5684 1044 5755 in
1067 5682 1258 5755 Savil_._:
1281 5683 1646 5755 Χρυεοςτὸμουλ
1675 5685 1790 5755 πρὸς
1810 5686 1921 5755 τοὸς

337 5748 531 5810 ιχοπας
549 5746 803 5810 παρθένους
822 5744 1173 5805 συνεισάκτους,
1197 5742 1370 5794 Morel.
1382 5742 1481 5794 Τοῦ
1502 5742 1649 5794 αὐτοῦ
1676 5742 1793 5810 πρὸς
1809 5742 1918 5804 τοὺς

332 5805 904 5870 ὧναεῶιεους-ἐχοντας.

396 5868 428 5913 δ
453 5866 536 5919 Sic
557 5865 940 5919 Sa\'il.'buume.
969 5866 1197 5920 Edideral
1233 5867 1399 5918 Montf.
1420 5866 1738 5923 παιδοποιίας.
1774 5868 1912 5920 Enn.

2017 1711 2098 1779 εις
2129 1708 2403 1775 ἀκώλυτος
2429 1704 2583 1774 οὖσα,
2613 1710 2703 1764 τόν
2747 1729 2803 1766 τε
2839 1712 3000 1765 πόθον
3035 1717 3481 1789 παρεμυθήσατο,
3505 1720 3597 1776 καὶ

2014 1794 2095 1857 είς
2126 1793 2286 1865 κόρον
2318 1792 2576 1858 πολλάκις
2617 1794 2708 1847 τὸν
2743 1794 2908 1865 ἄνδρα
2950 1795 3147 1867 ἤγαγε,
3196 1798 3291 1856 καὶ
3331 1802 3428 1871 τὴν
3468 1820 3596 1872 capo-

2014 1874 2147 1945 69&v
2174 1876 2468 1931 κατέλυσεν
2497 1876 2811 1946 ἐπιθυμίαν.
2842 1878 2950 1931 Καὶ
2982 1880 3151 1951 χωρὶς
3182 1880 3239 1935 δὲ
3276 1882 3480 1936 τούτων
3506 1885 3602 1939 καὶ

2016 1959 2200 2024 ὠδῖνες
2226 1960 2319 2014 καὶ
2352 1961 2498 2014 τόκοι
2542 1960 2637 2014 καὶ
2688 1960 3012 2015 παιδοποιίαι
3061 1964 3155 2017 καὶ
3198 1965 3598 2038 παιδοτροφίαι,

2015 2044 2111 2096 καὶ
2132 2042 2200 2097 τὰ
2229 2046 2291 2123 ἐκ
2323 2044 2527 2098 τούτων
2556 2043 2798 2114 ἑπόμενα
2826 2044 3022 2117 συνεχῆ
3050 2048 3351 2119 νοσήματα,
3384 2053 3601 2123 πολιορ-

2017 2125 2218 2180 κοῦντα
2248 2121 2397 2197 [229]
2424 2124 2485 2180 τὸ
2518 2124 2678 2198 σῶμα
2709 2127 2805 2181 καὶ
2847 2129 3180 2201 μαραίνοντα
3220 2130 3283 2184 τὸ
3310 2131 3469 2196 ἄνθος
3503 2121 3602 2204 τῆς
3628 2140 3631 2145 '

2017 2207 2185 2278 ῶρας,
2209 2206 2591 2280 ἀσθενέστερον
2612 2209 2674 2262 τὸ
2698 2210 2920 2280 κέντρον
2945 2211 3237 2283 ἐργάζεται
3258 2214 3355 2285 τῆς
3382 2215 3598 2285 ἡδονῆς.

2029 2293 2151 2346 Ἐπὶ
2174 2292 2231 2345 δὲ
2260 2291 2358 2362 τῆς
2386 2291 2652 2364 παρθένου
2680 2293 2831 2347 οὐδὲν
2857 2292 3059 2348 τούτων
3088 2295 3199 2349 ἔνι⁹
3222 2294 3346 2350 οὔτε
3374 2297 3481 2369 γάρ
3514 2299 3602 2369 μί-

2018 2374 2100 2441 ξις
2130 2376 2245 2429 ἐστὶ
2290 2376 2380 2428 τὸν
2422 2372 2635 2449 οἶστρον
2668 2376 2768 2447 τῆς
2812 2376 3024 2447 φύσεως
3071 2378 3343 2451 δυναμένη
3374 2381 3602 2451 χαλάσαι

2017 2458 2111 2512 καὶ
2154 2461 2525 2526 κατενεγκεῖν,
2560 2457 2683 2512 οὕτε
2718 2459 2903 2524 ὠδῖνες
2944 2461 3038 2514 καὶ
3088 2462 3466 2532 παιδοτροφίαι
3508 2464 3603 2536 τὴν

2020 2542 2198 2613 σάρκα
2251 2541 2641 2612 μαραίνουσιν,
2696 2542 2811 2595 ἀλλ’
2857 2543 3086 2597 ἐπιπολὺ
3134 2544 3452 2611 διασώζουσι
3508 2547 3604 2617 τὴν

2016 2623 2220 2695 ἀκμὴν,
2238 2623 2334 2678 an
2364 2624 2631 2695 ἀνέπαφοι
2658 2625 2913 2694 μένουσαι
2925 2626 3032 2679 τῶν
3056 2626 3322 2682 ἐντεῦθεν.
3343 2630 3463 2683 Τῶν
3503 2631 3604 2701 μέν

2017 2707 2126 2779 7&9
2161 2708 2522 2779 γαμουμένων
2567 2710 2707 2780 μετά
2736 2711 2862 2773 τοὺς
2893 2712 3088 2774 τόκους
3130 2713 3224 2765 καὶ
3272 2714 3368 2776 τὰς
3419 2715 3604 2768 παιδο-

2015 2790 2243 2862 τροφίας
2271 2789 2635 2863 ἀσθενέστερα
2664 2791 2734 2846 τὰ
2774 2791 2997 2863 σώματα
3035 2793 3273 2862 γίνεται,
3325 2797 3380 2849 αἱ
3415 2796 3470 2850 δέ
3514 2799 3606 2851 καὶ

2018 2876 2096 2935 είς
2128 2874 2563 2945 τεσσαρακοστὸν
2606 2874 2725 2939 ἐτος
2777 2876 3052 2945 μένουσιν,
3093 2876 3467 2949 ἁμιλλώμεναι
3499 2881 3605 2932 τῶν

2019 2954 2302 3026 παρθένων
2344 2959 2463 3019 ταῖς
2500 2954 2966 3027 θαλαμευομέναις
2988 2975 3001 2987 ·
3036 2957 3157 3011 ὅθεν
3192 2959 3356 3014 διπλᾶ
3399 2962 3464 3015 τὰ
3508 2964 3608 3031 τῆς

2021 3037 2319 3108 ἐπιθυμίας
2340 3036 2611 3108 ἐγείρεται
2653 3040 2766 3102 τοῖς
2812 3038 3149 3093 συνοικοῦσιν
3189 3043 3398 3108 αὐταῖς,
3429 3044 3508 3115 τῷ
3545 3062 3605 3099 τε

2023 3120 2098 3193 μὴ
2128 3120 2524 3191 συγχωρεῖσθαι
2557 3123 2624 3192 τῇ
2660 3121 2802 3191 μίξει
2832 3122 2922 3175 τὸν
2954 3122 3117 3176 πόθον
3143 3126 3603 3195 παραμυθεῖσθαι,

2021 3207 2113 3260 καὶ
2145 3204 2224 3276 τῷ
2251 3205 2433 3277 μένειν
2466 3204 2695 3258 ἐπιπολὺ
2728 3204 2819 3258 τοῦ
2853 3205 3018 3259 πόθου
3051 3206 3149 3279 τὴν
3183 3209 3435 3263 ὑπόθεσιν
3466 3214 3608 3283 ἰσχυ-

2023 3289 2270 3361 ροτέραν.
2302 3287 2519 3359 Ταύτην
2557 3288 2845 3341 ὑποπτεύω
2887 3290 3154 3361 πρόφασιν
3180 3287 3317 3347 εἶναι
3355 3294 3465 3362 ἐγὼ
3508 3296 3607 3367 τῆς

2019 3372 2351 3444 ὁμοσκηνίις
2375 3371 2597 3442 ταύτης.
2627 3371 2786 3426 Ἀλλὰ
2820 3371 2894 3444 μή
2920 3374 3315 3446 ἀγανακτῶμεν
3344 3377 3480 3448 πρὸς
3506 3380 3607 3432 αὖ-

2019 3456 2169 3522 τοὺς,
2208 3455 2341 3526 μηδὲ
2365 3453 2804 3526 δυσχεραίνωμεν
2824 3471 2840 3487 ο
2871 3455 3043 3520 οὐδεὶς
3080 3457 3189 3529 7&9
3213 3460 3304 3513 τὸν
3332 3460 3607 3531 κάμνοντα

2020 3538 2322 3607 ἀναστῆσαι
2374 3535 2694 3607 βουλόμενος
2747 3537 2862 3608 μετ’
2910 3538 3078 3609 ὀργῆς
3121 3541 3216 3595 καὶ
3266 3542 3607 3615 ἐπιπλήξεως

2017 3619 2174 3673 τοῦτο
2212 3623 2380 3683 ποιεῖ,
2412 3620 2548 3676 ἀλλά
2579 3620 2716 3691 μετά
2748 3621 3042 3692 θεραπείας
3074 3624 3167 3677 καὶ
3210 3626 3608 3698 παρακλήσεως

2020 3704 2287 3775 προσάγει
2337 3705 2405 3757 τά
2463 3704 2748 3775 φάρμακα.
2814 3705 2923 3758 Καὶ
2972 3704 3080 3775 7&9
3134 3707 3183 3759 εί
3235 3706 3336 3778 μὲν
3382 3709 3604 3764 κολάσαι

2019 3785 2331 3860 προῦκειτο,
2365 3787 2458 3841 καὶ
2492 3787 2592 3857 τὴν
2636 3786 2744 3841 τῶν
2787 3786 3113 3850 δικαζόντων
3158 3788 3374 3861 εἴχομεν
3430 3791 3602 3855 τάξιν,

2019 3868 2187 3941 ἐχρῆν
2212 3870 2306 3923 καὶ
2330 3869 2656 3939 ἀγανακτεῖν
2673 3887 2686 3900 ·
2712 3872 2760 3923 εἰ
2793 3870 2850 3923 δὲ
2875 3870 3091 3941 ἐκείνην
3117 3871 3345 3940 ἀφέντες
3371 3872 3469 3944 τὴν
3496 3873 3604 3927 τῶν

2021 3951 2222 4023 ίατρῶν
2269 3954 2363 4005 καὶ
2412 3951 2747 4024 θεραπεῦσαι
2806 3951 3145 4023 βουλομένων
3193 3953 3603 4025 μεταλαμϐάνο-

2021 4051 2142 4105 μεν,
2184 4035 2519 4107 παρακαλεῖν
2564 4037 2670 4107 χρὴ
2716 4036 2810 4088 καὶ
2861 4035 3110 4098 δέεσθαι,
3160 4037 3254 4090 καὶ
3304 4037 3503 4103 αὐτῶν,
3552 4040 3603 4091 εί

2018 4116 2146 4177 δέοι,
2181 4116 2288 4169 τῶν
2315 4117 2555 4185 γονάτων
2584 4118 2872 4180 ἅπτεσθαι,
2905 4118 3045 4173 ὥστε
3079 4118 3329 4189 γενέσθαι
3352 4120 3413 4174 τὸ
3440 4137 3605 4175 σπου-

2018 4197 2333 4269 δαζόμενον.
2375 4199 2643 4271 Καθάπερ
2673 4196 2768 4254 οὖν
2807 4203 2856 4255 οἱ
2894 4202 3070 4274 ἰατροὶ
3110 4201 3221 4257 τῶν
3259 4203 3603 4275 βλαπτόντων

2025 4282 2145 4351 μὲν,
2173 4281 2364 4353 ἡδονὴν
2387 4281 2444 4335 δὲ
2486 4283 2719 4354 ἐχόντων
2766 4284 3089 4354 ἀπάγοντες,
3119 4286 3230 4340 εἴτε
3260 4288 3463 4355 σιτίων,
3492 4290 3605 4364 εἴτε

2022 4365 2201 4419 ποτῶν
2224 4406 2240 4431 ,
2293 4364 2451 4419 τοῦτο
2478 4367 2584 4440 πρὸ
2617 4367 2725 4422 τῶν
2755 4368 2929 4422 ἄλλων
2969 4369 3213 4423 πείθουσι
3259 4373 3385 4435 τοὺς
3418 4373 3602 4445 ἀρρώ-

2023 4465 2199 4513 στους,
2226 4448 2308 4502 ὅτι
2339 4448 2399 4501 τὸ
2430 4449 2667 4504 τοιοῦτον
2703 4448 2839 4522 μετά
2877 4451 2975 4519 τῆς
3014 4449 3217 4521 βλάϐης
3265 4453 3461 4523 πολλὴν
3491 4455 3605 4524 ἔχει

2022 4531 2114 4585 καὶ
2140 4531 2238 4601 τὴν
2263 4530 2454 4602 ἀηδίαν
2474 4548 2487 4560 ·
2518 4530 2661 4586 οὕτω
2690 4532 2783 4586 καὶ
2814 4534 2974 4604 ἡμεῖς
3006 4532 3267 4604 ποιῶμεν,
3299 4533 3604 4601 δεικνύντες

2023 4616 2229 4680 αὐτοῖς,
2254 4614 2335 4667 ὅτι
2437 4614 2628 4687 ἡδίστη
2659 4614 2797 4688 αὕτη
2831 4616 3141 4686 συνοίκησις
3168 4615 3333 4670 πολὺν
3366 4617 3479 4688 ἔχει
3509 4619 3603 4673 τὸν

2021 4697 2277 4769 όλεθρον,
2324 4698 2416 4751 καὶ
2464 4698 2573 4752 τῶν
2620 4698 2959 4771 δηλητηρίων
3002 4699 3150 4753 οὐδὲν
3190 4698 3411 4772 ἄμεινον
3464 4718 3603 4774 φαρ-

2025 4780 2213 4852 μάκων
2236 4781 2686 4837 κατεσκεύασται.
2706 4784 2817 4837 Καὶ
2839 4783 2985 4837 δοκεῖ
3005 4783 3102 4855 μὲν
3124 4784 3460 4857 εὐφροσύνην
3479 4786 3604 4841 τινὰ

2024 4862 2188 4934 ἔχειν,
2220 4862 2422 4935 πολλὴν
2468 4865 2524 4918 δέ
2576 4866 3134 4939 ὲναποκεκρυμμένην
3176 4867 3480 4939 δριμύτητα
3508 4870 3602 4925 καὶ

2027 4947 2252 5018 πικρίαν
2305 4947 2562 5020 καταχέει
2614 4949 2713 5021 τῆς
2757 4950 3025 5023 ήδομένης
3073 4950 3283 5022 ψυχῆςο
3336 4955 3457 5006 ἐπεὶ
3510 4955 3601 5008 καὶ

2021 5031 2221 5103 αὐτὴή
2258 5031 2397 5102 μετά
2433 5031 2655 5098 πειθοῦς
2701 5032 3048 5106 ἀναχώρησις
3092 5035 3359 5109 ἀσφαλής.
3400 5037 3460 5093 '0
3503 5039 3602 5108 μὲν

2022 5113 2132 5185 7&9
2164 5112 2315 5186 φόϐῳ
2346 5114 2447 5185 τῆς
2469 5116 2802 5188 φιλουμένης
2821 5118 3276 5191 διαζευγνύμενος
3303 5122 3396 5175 καὶ
3430 5122 3601 5193 ἀνάγ-

2022 5211 2115 5270 κῃ,
2163 5197 2514 5271 σφοδρότερός
2561 5217 2623 5255 τε
2651 5201 2674 5253 ἐ
2685 5201 2888 5273 ραστής
2917 5201 3146 5271 γίνεται,
3192 5202 3287 5257 καὶ
3330 5204 3459 5270 ἴσως
3507 5206 3602 5259 καὶ

2021 5280 2281 5352 ἐπανήξει
2314 5282 2475 5337 πάλιν
2494 5300 2508 5313 ·
2550 5285 2578 5338 ὁ
2601 5284 2658 5339 δέ
2684 5284 2781 5339 τοῦ
2808 5286 3132 5358 πράγματος
3159 5287 3480 5356 καταγνοὺς,
3508 5289 3601 5343 καὶ

2021 5361 2165 5417 οὕτω
2198 5363 2384 5434 φυγὼν
2418 5367 2494 5431 ὡς
2523 5368 2818 5433 ἐπιϐλαϐἐς
2864 5371 2961 5425 καὶ
2992 5369 3211 5442 πικρὸν,
3242 5370 3351 5425 οὐδ’
3380 5372 3445 5425 ἂν
3476 5372 3600 5426 ἐπι-

2024 5447 2303 5519 στρέψειεν
2335 5445 2510 5518 αὖθις,
2541 5452 2642 5523 τὴν
2673 5454 2738 5507 ἐκ
2773 5454 2876 5524 τῆς
2912 5453 3119 5518 οἰκείας
3154 5453 3378 5526 γνώμης
3422 5454 3600 5525 ψῆφον

2021 5531 2206 5602 πάσης
2237 5531 2485 5604 ἀνάγκης
2519 5534 2658 5605 ἔχων
2692 5537 3070 5609 ἰσχυροτέραν.
3106 5538 3231 5602 Πῶς
3258 5534 3351 5592 οὖν
3403 5538 3601 5602 αὐτοὺς

2019 5612 2304 5685 πείσομεν,
2356 5616 2439 5669 ὅτι
2483 5618 2543 5671 οὐ
2593 5617 2858 5689 βλαϐερὸν
2888 5618 3049 5674 τοότο
3102 5621 3281 5691 μόνον,
3331 5620 3466 5675 ἀλλά
3505 5622 3601 5675 καὶ

2020 5695 2246 5765 πικρόν;
2271 5696 2394 5762 Πῶς
2420 5698 2477 5752 δέ
2515 5699 2692 5764 ἄλλως
2729 5701 2762 5771 ἢ
2792 5700 2851 5765 ἐξ
2879 5702 3053 5773 αὐτῆς
3075 5704 3173 5774 τῆς
3197 5703 3306 5756 τῶν
3340 5706 3603 5775 πραγμά-

2014 5778 2402 5862 τωνφύσεωςς
2448 5781 2733 5853 Ἐρώμεθα
2760 5779 2855 5837 οῦν
2884 5784 3104 5848 αὐτοὺς,
3134 5786 3189 5839 ετ
3220 5802 3305 5849 τις
3332 5785 3600 5859 πολυτελῆ

2013 5859 2296 5935 τράπεζαν
2347 5862 2635 5934 παραθεὶς,
2672 5864 2885 5920 πολλῶν
2914 5866 3008 5919 καὶ
3053 5866 3286 5938 ἡδίστων
3322 5868 3599 5940 γέμουσαν
