4060 6136
451 312 552 370 607

447 427 782 501 ἐδεσμάτων,
802 423 1146 497 ἀπηγόρευσε
1168 435 1191 464 ι
1215 422 1352 494 μετά
1387 421 1622 492 σφοδρᾶς
1650 420 1746 501 τῆς
1777 417 2026 486 ἀπειλῆς,

455 510 531 585 μὴ
569 499 838 567 ἀπτεσθαί
885 525 1032 572 τινος
1081 507 1191 560 τῶν
1245 506 1644 578 προκειμένων,
1693 499 1800 574 ἆρα
1845 501 1910 553 ἄν
1945 516 2029 562 τις

451 599 628 650 είλετο
687 594 912 664 τοιαύτη
964 592 1390 665 παρακαθῆσθαι
1419 589 1705 663 τραπέζῃ,
1739 587 1834 641 καὶ
1878 585 2031 639 κολά-

451 680 566 746 ζειν
607 679 832 739 ἐαυτόνς
867 679 981 732 Οὐκ
1020 677 1195 747 ἔγωγε
1241 671 1428 748 οἶμαιο
1467 675 1590 729 οῦτε
1624 675 1732 744 γὰρ
1760 669 2030 740 τοσαύτην

449 764 559 817 ἀπὸ
597 762 698 833 τῆς
752 762 928 832 ὅψεως
965 763 1276 834 ἐκαρποῦτο
1319 761 1417 832 τὴν
1467 761 1680 832 ἠδονην,
1737 759 1870 827 ὅσην
1924 753 2031 808 ἀπὸ

449 847 552 918 τῆς
595 847 884 910 κωλύσεως
930 847 1170 918 ὑπέμενε
1213 847 1312 917 τὴν
1361 845 1619 916 ἀθυμίαν.
1664 844 1728 896 Τί
1762 842 1838 904 δὲ,
1872 842 1920 893 εί
1949 839 2023 892 διο

447 932 622 1002 ψῶντι
666 933 760 986 καὶ
792 932 1070 1004 καιομένῳ
1111 933 1294 1004 πηγήν
1329 949 1412 994 τις
1455 926 1725 993 ἐπιδείξας
1782 925 2030 996 καθαρὰν

450 1018 542 1070 καὶ
589 1010 809 1086 διαυγῆ,
841 1017 914 1088 μὴ
950 1016 1109 1087 μόνον
1151 1015 1324 1085 αὐτῆς
1358 1021 1431 1086 μὴ
1465 1011 1854 1081 ἀπογεύεσθαι,
1895 1009 2032 1066 ἀλλά

453 1099 592 1170 μηδέ
636 1099 830 1171 ἄκροις
875 1099 1050 1168 θιγεῖν
1093 1103 1208 1162 τοῖς
1244 1097 1526 1162 δακτύλοις
1564 1097 1884 1167 ἐπέτρεπεν,
1921 1090 2032 1166 ἆρα

451 1184 518 1238 ἂν
546 1183 750 1252 ταύτης
792 1184 1010 1252 ἐγένετό
1034 1203 1086 1238 τι
1113 1183 1440 1256 πικρότερον
1465 1183 1565 1250 τῆς
1593 1180 1867 1242 κολάσεως
1891 1197 1904 1245 ;

526 1266 590 1338 β’.
623 1267 755 1320 Ούδέ
777 1267 1010 1321 ἐνταῦθα
1027 1265 1179 1338 οἶμαί
1203 1285 1326 1320 τινα
1349 1268 1618 1337 ἀντερεῖν.
1639 1263 1904 1316 Τοσοῦτον
1923 1261 2032 1332 γάρ

453 1351 569 1404 ἐστι
601 1349 758 1404 τοῦτο
811 1349 872 1402 16
927 1350 1118 1414 κακὸν,
1155 1351 1237 1403 ὅτι
1259 1349 1351 1403 καὶ
1383 1349 1492 1402 τῶν
1543 1347 1742 1412 ἔξωθεν
1773 1347 1823 1398 οἱ
1858 1343 2032 1398 ταῦτα

451 1433 872 1488 διασκέπτεσθαι
929 1433 1159 1504 μάλιστα
1200 1434 1352 1497 ὅντες
1411 1433 1594 1494 δεινοὶ,
1633 1431 1827 1502 ἡδονῆς
1871 1429 2032 1498 φύσιν

455 1517 606 1591 [250]
627 1518 769 1586 λέγω
790 1519 883 1570 καὶ
907 1517 1104 1586 λύπης,
1138 1517 1462 1586 θελήσαντες
1493 1515 1619 1586 ποιῆ
1631 1531 1714 1567 σαι
1741 1512 2034 1581 κολαζομέ-

454 1620 579 1668 νους
610 1602 764 1666 τινάς
807 1602 1073 1675 σφοδρῶς,
1113 1601 1214 1655 οὐκ
1261 1601 1436 1664 ἄλλως
1473 1600 1756 1670 ἐποίησαν,
1793 1598 1824 1668 ἢ
1861 1597 2034 1666 τούτῳ

452 1687 532 1758 τῷ
561 1687 770 1758 τρόπῳ⁶
815 1685 1119 1747 πλάσαντες
1158 1685 1266 1756 γάρ
1309 1700 1429 1736 τινα
1482 1682 1668 1752 μῦθον,
1714 1679 1934 1748 ἄγουσιν
1977 1680 2033 1730 ἐν

452 1769 532 1840 τῷ
568 1769 721 1840 μύθῳ
757 1769 902 1828 τινὰ,
933 1768 991 1822 ὃν
1043 1767 1152 1820 ἔδει
1197 1767 1382 1821 δοῦναι
1427 1765 1586 1834 δίκην
1639 1763 1896 1834 ἐσχάτην.
1940 1761 2035 1815 καὶ

453 1851 640 1924 ἕτερον
673 1853 770 1923 μὲν
811 1851 986 1914 οὐδὲν,
1020 1849 1345 1903 πανδαισίαν
1387 1848 1444 1900 δὲ
1491 1846 1829 1918 παραθέντες
1864 1843 2031 1914 αύτῷ,

453 1936 547 1990 καὶ
585 1935 897 2007 παραρρέον
929 1933 1201 2001 δείξαντες
1247 1933 1413 2004 ὕδωρ,
1463 1931 1675 1994 οὐδενὸς
1729 1928 2035 1983 ἀπολαῦσαι

452 2019 660 2072 τούτων
691 2018 1050 2089 συνεχώρουν,
1092 2016 1206 2070 ἀλλ’
1233 2014 1367 2086 ὁμοῦ
1397 2033 1456 2068 τε
1481 2014 1712 2080 ἐξέτεινε
1747 2013 1845 2082 τὴν
1880 2014 2036 2082 χεῖρα

453 2103 662 2166 ἐκεῖνος
690 2103 786 2154 καὶ
813 2100 883 2154 τά
912 2099 1166 2170 ὁρώμενα
1193 2100 1409 2154 ἅπαντα
1441 2099 1733 2168 ἀφίπτατο,
1761 2097 1854 2150 καὶ
1879 2095 2037 2148 τοῦτο

454 2187 664 2256 ἐγίνετο
703 2185 1013 2249 διαπαντός.
1041 2185 1149 2238 Καὶ
1175 2177 1328 2246 οὗτος
1356 2183 1454 2250 τῆς
1484 2183 1756 2244 κολάσεως
1783 2183 1810 2235 6
1838 2180 2038 2250 τρόπος

453 2265 522 2340 ἦν
544 2270 688 2324 κατά
718 2269 807 2322 τὸν
841 2267 1005 2340 μῦθον
1039 2268 1130 2322 τὸν
1153 2267 1371 2335 ἔξωθεν.
1403 2267 1509 2320 Καὶ⁷
1543 2264 1850 2334 φιλοσόφων
1875 2263 1931 2316 δέ
1955 2279 2039 2325 τις

459 2353 583 2408 ἰδών
616 2371 735 2406 τινα
766 2352 874 2406 τῶν
925 2351 1075 2422 αύτῷ
1119 2351 1388 2404 συνόντων
1439 2347 1888 2420 καταφιλήσαντα
1919 2345 2036 2397 νέον

455 2435 752 2508 εὔμορφον,
785 2435 1096 2507 ἐθαύμασεν
1131 2434 1322 2498 εἰπὼν,
1370 2435 1454 2488 ὅτι
1506 2435 1600 2488 καὶ
1629 2435 1707 2496 εἰς
1743 2431 1855 2503 πῦρ
1884 2424 2039 2494 οῦτος

459 2521 656 2591 ῥᾳδίως
697 2519 763 2573 ἂν
809 2519 1192 2590 κυϐιστήσειεν
1214 2520 1241 2570 6
1264 2517 1468 2587 ταύτην
1517 2515 1794 2587 τολμήσας
1831 2514 1918 2567 διὰ
1943 2511 2037 2566 τοῦ

457 2602 760 2674 φιλήματος
797 2601 1000 2672 ἀνάψαι
1041 2604 1098 2655 ἐν
1139 2602 1318 2673 ἐαυτῷ
1344 2601 1594 2671 κάμινον.
1637 2597 1778 2668 Ἐγὼ
1801 2597 1856 2650 δὲ
1881 2595 2040 2650 τοῦτο

460 2688 560 2759 μὲν
589 2689 688 2740 οὐκ
727 2687 792 2740 ἂν
836 2687 1066 2756 εἴποιμι,
1099 2687 1182 2740 ὅτι
1219 2686 1319 2748 τὰς
1348 2684 1702 2746 συνοικούσας
1730 2681 1975 2752 φιλοῦσιν
2007 2677 2038 2752 ἢ

457 2770 806 2840 ἐπαφῶνται’
857 2771 905 2823 εἰ
953 2769 1009 2822 δέ
1056 2787 1200 2833 τινες
1247 2769 1418 2822 ταῦτα
1461 2769 1839 2838 κατηγοροῖεν,
1869 2765 2040 2830 δεῖξαι

459 2854 788 2924 πειράσομαι
819 2853 922 2915 ὅτι,
959 2851 1063 2906 κᾶν
1089 2852 1249 2923 μέχρι
1283 2851 1471 2904 τούτου
1498 2852 1749 2918 προΐωσι,
1785 2849 2041 2922 πικροτέ-

463 2955 561 3008 ραν
585 2935 745 2990 πάλιν
773 2935 893 2988 καθ’
927 2935 1137 2988 ἑαυτῶν
1166 2935 1266 3005 τῆς
1288 2935 1560 3007 προτέρας
1579 2933 1918 2987 ἐπισπῶνται
1942 2932 2041 3003 τὴν

462 3021 712 3092 βάσανον.
740 3020 801 3072 Εἰ
835 3018 944 3090 γὰρ
977 3018 1100 3088 ὄψις
1139 3019 1272 3090 μόνη
1306 3017 1576 3090 τοσαύτην
1611 3019 1882 3088 ἐντίθησιν
1921 3016 2042 3070 ὀδύ-

459 3121 581 3174 νην,
611 3105 740 3157 όταν
776 3103 868 3156 καὶ
903 3104 1016 3174 ἁφὴ
1041 3105 1239 3174 προσῇ,
1267 3101 1370 3172 τῆς
1397 3102 1572 3170 ὅψεως
1596 3102 1731 3155 πολὺ
1761 3102 2043 3173 παχυτέρα

459 3187 780 3250 ἀπόλαυσις,
813 3185 1034 3257 μείζονα
1060 3185 1205 3256 αἴρει
1235 3185 1332 3256 τὴν
1367 3185 1562 3254 φλόγα,
1594 3185 1691 3239 καὶ
1709 3185 2044 3256 δριμυτέραν

459 3267 752 3344 ἐργάζεται
791 3271 891 3341 τὴν
931 3269 1223 3340 ἀλγηδόνα,
1266 3270 1360 3323 καὶ
1395 3269 1778 3340 χαλεπώτερον
1813 3272 1956 3322 ποιεῖ
1983 3269 2043 3322 16

461 3355 673 3426 θηρίον.
697 3353 863 3407 Ὅσον
890 3355 998 3426 γὰρ
1014 3351 1078 3406 ἂν
1113 3351 1366 3423 αῦξωμεν
1395 3353 1463 3406 τὰ
1487 3354 1585 3424 τῆς
1611 3352 1928 3424 ἐπιθυμίας,
1951 3353 2044 3406 καὶ

419 3435 427 3441 ’
465 3436 815 3507 ἰσχυροτέραν
862 3437 1000 3506 αὐτῇ
1031 3435 1360 3507 παρέχωμεν
1401 3436 1500 3506 τὴν
1529 3435 1758 3506 τροφὴν,
1788 3435 2042 3489 τοσοῦτον

462 3520 558 3574 καὶ
572 3519 640 3572 τά
658 3519 756 3589 τῆς
775 3519 967 3590 ὀδύνης
983 3521 1114 3590 ἡμῖν
1135 3519 1480 3572 ἐπιτείνεται.
1509 3520 1620 3573 Καὶ
1648 3519 1898 3592 καθάπερ
1919 3521 1947 3572 6
1977 3522 2042 3592 τῇ

461 3601 710 3673 τραπέζῃ
765 3602 858 3655 καί¹
904 3605 968 3673 τῇ
1022 3605 1170 3674 πηγῇ
1217 3603 1692 3674 παρακαθήμενος
1727 3605 1824 3675 οὐχ
1873 3603 2045 3668 οῦτως

413 3755 420 3760 _
464 3683 605 3757 ὁρῶν
645 3684 930 3750 ὀδυνᾶται,
985 3685 1061 3749 ὡς
1108 3687 1238 3739 ὅταν
1280 3687 1372 3738 καὶ
1413 3689 1478 3757 τῇ
1511 3687 1656 3758 χειρὶ
1697 3687 1868 3756 θιγεῖν
1923 3689 2046 3740 ἐπι-

461 3766 693 3837 τραπεὶς
731 3766 1138 3835 ἀπογεύσασθαι
1183 3767 1397 3838 κωλυθῇ
1440 3768 1630 3821 πάλιν·
1662 3768 1803 3823 οῦτω
1845 3769 1909 3841 δὴ
1951 3770 2046 3823 καὶ

461 3852 508 3904 οἰ
536 3851 644 3904 τῶν
663 3849 1005 3924 παρθενιξιῶν
1037 3852 1306 3922 σωμάτων
1324 3850 1532 3922 ψαῦσαι
1555 3852 1972 3924 ἐπιτρεπόμενοι
1994 3851 2043 3918 δ,

463 3932 841 4006 χαλεπώτερον
855 3935 952 4004 τῆς
970 3933 1096 3998 θέας
1112 3933 1220 3988 ἀπὸ
1233 3933 1330 4004 τῆς
1344 3933 1488 4005 ἁφῆς
1503 3934 1841 4000 κολάζονται,
1860 3951 2048 4007 πικρο-

461 4019 626 4090 τέραν
654 4016 1002 4088 ἐφελκόμενοι
1018 4019 1116 4088 τὴν
1141 4019 1204 4071 ἐκ
1219 4017 1319 4087 τῆς
1341 4018 1677 4087 ἀποτυχίαςε
1701 4017 1914 4088 ὀδύνην.
1937 4019 2046 4072 Καὶ

463 4104 515 4156 τί
539 4103 618 4156 δεῖ
634 4100 803 4154 ταῦτα
829 4103 936 4154 ἀπὸ
952 4101 1058 4154 τῶν
1076 4099 1275 4166 ἔξωθεν
1297 4103 1640 4172 πραγμάτων
1655 4101 1963 4173 φιλοσοφεῖν
1979 4119 1992 4166 ;
2013 4105 2046 4174 ἡ

465 4187 574 4254 γάρ
603 4184 694 4237 τοῦ
723 4183 858 4237 Θεοῦ
889 4184 1070 4254 ψῆφος
1099 4186 1132 4255 ἡ
1165 4183 1370 4238 τούτων
1400 4185 1656 4239 ἁπάντων
1701 4187 2044 4258 ἰσχυροτέρα,

467 4268 608 4335 αῦτη
633 4268 870 4322 δείκνυσι
900 4267 1061 4322 τοῦτο
1088 4268 1326 4323 τοιοῦτον
1363 4269 1442 4324 δν.
1478 4270 1582 4323 Τδν
1609 4269 1720 4341 γάρ
1757 4271 1927 4342 Ἀδάμ
1953 4290 2048 4326 κο-

465 4351 629 4406 λάσαι
681 4350 1018 4422 βουλόμενος,
1052 4353 1114 4406 οὐ
1167 4353 1354 4425 πόρρω
1398 4352 1492 4406 τοῦ
1547 4353 1876 4425 παραδείσου
1916 4373 2048 4409 κατ-

465 4435 686 4508 ῴκισεν,
713 4433 829 4488 ἀλλ’
861 4434 1024 4489 αὑτοῦ
1067 4437 1291 4510 πλησίον
1335 4436 1566 4503 ἐκείνου,
1592 4437 1658 4490 ἵν’
1685 4437 1782 4510 έχῃ
1829 4437 2050 4510 διηνεκῆ

469 4518 708 4584 κόλασιν,
733 4519 832 4591 τὴν
873 4519 1004 4574 θέαν
1037 4519 1132 4574 τοῦ
1177 4520 1516 4591 ποθουμένου
1557 4521 1779 4592 χωρίου,
1830 4521 2050 4594 θεωρῶν

471 4603 570 4674 μὲν
603 4602 736 4656 αὐτὸ
774 4603 1087 4669 διαπαντὸς,
1148 4603 1454 4658 ἀπολαῦσαι
1507 4603 1567 4656 δὲ
1609 4604 1712 4657 οὒκ
1763 4605 2052 4675 ἐπιτρεπό-

473 4703 650 4756 μενος.
687 4685 825 4740 Ἀλλ’
853 4686 984 4750 ἴσως
1013 4687 1158 4741 εῖποι
1197 4705 1281 4752 τις
1319 4688 1414 4742 άν·
1448 4689 1558 4741 Καὶ
1586 4687 1723 4750 πῶς,
1765 4690 1814 4741 εἰ
1855 4688 2050 4760 πικρὸν

469 4768 628 4823 τοῦτο
659 4770 832 4834 οὕτως
882 4771 999 4824 ἐστὶ
1047 4773 1113 4842 τῇ
1161 4769 1340 4840 φύσει,
1369 4770 1508 4842 μετά
1551 4769 1820 4842 τοσαύτης
1848 4773 1979 4825 αὐτὸ
2001 4774 2050 4826 οί

473 4854 658 4907 πολλοὶ
691 4853 947 4908 διώκουσι
1001 4853 1100 4924 τῆς
1143 4853 1405 4925 σπουδῆς;
1452 4853 1594 4922 Ἐγὼ
1631 4855 1687 4908 δὲ
1717 4856 1854 4927 προς
1893 4855 2052 4910 τοῦτο

471 4938 648 4990 ἐκεῖνο
693 4937 756 4990 ἂν
805 4937 1036 5008 εἴποιμι,
1064 4937 1147 4990 ὅτι
1185 4937 1317 4989 αὐτὸ
1353 4939 1449 5006 μὲν
1482 4935 1572 4992 οῦν
1605 4938 1764 4994 τοῦτο
1799 4939 2053 5010 μέγιστον

471 5019 768 5091 τεκμήριον
793 5021 892 5090 τῆς
919 5019 1156 5092 ἐσχάτης
1177 5020 1354 5074 αὐτῶν
1375 5023 1685 5093 ἀρρωστίας
1713 5023 1850 5078 ἐστί.
1880 5023 2051 5078 Τοῦτο

471 5105 580 5174 γὰρ
615 5101 720 5155 τῶν
777 5101 1074 5157 νοσούντων
1103 5103 1164 5157 16
1206 5103 1346 5168 ἐθος,
1381 5104 1596 5175 ιξυχράν
1623 5123 1748 5161 τινα
1799 5108 1893 5160 καὶ
1943 5107 2052 5160 ὀλι-

473 5185 748 5256 γοχρόνιον
774 5185 966 5255 ἡδονὴν
992 5186 1353 5260 καρποῦσθαι,
1378 5187 1471 5241 καὶ
1496 5189 1714 5260 μακρὰν
1731 5190 1940 5253 ἑαυτοῖς
1970 5191 2054 5242 ἐν·

477 5270 663 5324 τεῦθεν
712 5270 1142 5334 κατασκευάζειν
1199 5270 1437 5324 κόλασιν.
1477 5271 1648 5325 Τοῦτο
1679 5273 1788 5343 γὰρ
1819 5273 1913 5326 καὶ
1964 5275 2056 5327 ἐπὶ

472 5352 579 5404 τῶν
614 5351 988 5422 πυρεττόντων
1019 5351 1118 5406 ἴδοι
1147 5370 1231 5416 τις
1259 5352 1344 5416 ἂν,
1384 5355 1432 5408 οἳ
1467 5355 1543 5425 μὴ
1583 5353 1896 5427 βουλόμενοι
1923 5373 2058 5428 καρ-

471 5434 701 5508 τερῆσαι
735 5433 950 5506 μικρὸν,
994 5435 1062 5489 δι’
1107 5436 1471 5509 ὀλιγοχρόνιόν
1523 5455 1648 5492 τινα
1699 5438 2059 5510 ψυχαγωγίαν

537 5674 562 5742 _'
587 5674 738 5742 ξοιτὶὶ.
762 5674 1047 5742 ἀπηγόρευε,
1068 5675 1242 5727 ΜΟΙΘῘ.
1269 5675 1583 5742 ἀπηγόρευσε.

536 5734 564 5774 b
590 5735 671 5802 Sic
699 5734 980 5796 postulzin'le
1021 5734 1183 5802 Sena-6
1213 5734 1486 5788 correb'm'm
1531 5747 1635 5802 est;
1677 5740 1879 5802 logpba!
1924 5745 2057 5790 vnim

478 5793 639 5866 δῐιὶιιιεζ
667 5793 924 5866 ρέςρρταω
948 5800 1336 5866 ἀποτρεπόμενοι.
1365 5801 1495 5852 Eun.

539 5859 561 5888 ⁸
588 5858 704 5909 uer.
731 5858 938 5924 ἀτυχίας.

1166 312 1221 366 S.
1260 308 1542 368 JOANNIS
1575 304 2062 364 CIIRYSOSTOMI
2103 302 2416 360 ABCIHEP.
2455 300 2996 358 CONSTANTINOP.

3610 299 3715 358 633

2133 417 2226 467 καὶ
2251 415 2430 468 ποτῶν
2455 416 2550 468 καὶ
2582 413 2766 468 σιτίων
2807 412 3200 482 κεκωλυμένων
3227 410 3545 481 ἁπτόμενοι,
3606 429 3714 479 μα-

2131 500 2266 568 κράν
2332 516 2455 552 τινα
2507 499 2604 551 καὶ
2661 496 3055 567 χαλεπωτάτην
3117 496 3330 557 ἐαυτοῖς
3389 492 3718 564 ἐργάζονται

2129 582 2305 636 νόσον.
2333 583 2425 635 Δεῖ
2444 582 2500 634 δέ
2518 583 2646 644 τοὺς
2677 579 3020 648 ὑγιαίνοντας
3051 577 3154 630 ούκ
3193 577 3304 630 ἀπὸ
3348 576 3459 630 τῶν
3493 575 3715 630 νοσούν-
3755 592 3764 597 ’

2128 682 2238 718 των
2285 665 2586 736 λαμϐάνειν
2619 663 2718 726 τὰς
2771 662 2900 733 περὶ
2951 659 3061 714 τῶν
3093 661 3434 732 πραγμάτων
3467 659 3718 729 ψήφους·

2131 749 2274 812 ἐπεὶ,
2302 749 2351 802 εἰ
2379 747 2588 811 τούτοις
2616 745 2858 816 ἑψόμεθα
2877 783 2894 809 ,
2925 743 3019 798 καὶ
3057 743 3162 796 ὑπὸ
3194 743 3294 812 τῆς
3333 743 3586 814 ἰατρικῆς
3626 744 3727 796 καὶ

2132 831 2238 884 ὑπὸ
2299 832 2397 903 τῆς
2449 829 2811 901 φιλοσοφίαςά
2857 825 3340 895 καταγνωσόμεθα.
3394 825 3530 880 Οὐδὲ
3588 827 3724 896 γάρ,

2131 914 2254 968 οὐδὲ
2276 915 2369 967 ἐπὶ
2401 914 2672 986 πυρετῶν,
2703 912 2824 966 οὐδὲ
2855 914 2946 964 ἐπὶ
2974 908 3253 978 γυναικῶν
3285 907 3443 962 τοῦτο
3473 908 3728 978 πάσχου-

2134 1015 2187 1051 σι
2221 1000 2400 1070 μόνον,
2446 1000 2582 1054 ἀλλὰ
2619 999 2713 1054 καὶ
2756 997 2849 1052 ἐπὶ
2902 993 3202 1066 χρημάτων
3230 992 3327 1046 καὶ
3368 991 3598 1045 ἐπὶτῶν
3625 991 3720 1044 άλ-

2132 1070 2240 1137 λων
2277 1084 2533 1138 ἁπάντων
2563 1085 2612 1137 οἱ
2653 1084 2722 1136 τά
2761 1080 2987 1134 τοιαῦτα
3020 1077 3324 1141 νοσοῦντες.
3363 1077 3474 1130 Καὶ
3519 1074 3630 1148 γάρ
3673 1076 3730 1128 οἱ

2133 1169 2262 1236 περί
2303 1169 2370 1221 τὰ
2421 1170 2684 1239 χρήματα
2717 1164 3042 1237 μεμηνότες,
3095 1161 3247 1234 [251]
3295 1160 3514 1225 εἰδότες,
3552 1159 3640 1212 ὃτι
3669 1159 3728 1213 οι

2131 1249 2200 1302 τά
2225 1251 2401 1322 μικρά
2430 1251 2605 1304 ταῦτα
2649 1248 2885 1303 ἐνταῦθα
2935 1246 3231 1317 προέμενοι
3283 1246 3394 1308 τοῖς
3445 1241 3728 1312 δεομένοις

2138 1334 2306 1404 μυρία
2363 1337 2480 1388 ἐκεῖ
2506 1335 2768 1406 λήψονται
2810 1331 3011 1402 ἀγαθὰ,
3045 1329 3368 1400 κατέχουσιν
3407 1329 3556 1397 ὅμως
3583 1327 3730 1380 αὐτὰ

2135 1419 2230 1472 καὶ
2261 1420 2674 1490 κατορύττουσι,
2718 1418 2810 1472 καὶ
2860 1417 3081 1470 πάντων
3131 1416 3387 1467 ἐκπεσεῖν
3437 1413 3726 1482 αἱροῦνται

2135 1502 2240 1556 τῶν
2269 1504 2492 1572 ἀγαθῶν
2524 1503 2725 1575 μᾶλλον
2747 1502 2834 1556 διά
2859 1503 2960 1572 τὴν
2985 1499 3198 1571 ψυχρὰν
3229 1497 3432 1567 ταύτην
3465 1497 3559 1550 καὶ
3587 1495 3728 1568 βρα-

2135 1589 2290 1658 χεῖαν
2319 1589 2536 1659 ἡδονὴν,
2571 1588 2604 1659 ἢ
2629 1589 2728 1658 τῆς
2765 1586 2984 1641 αἰωνίου
3015 1586 3288 1648 κολάσεως
3317 1582 3726 1652 ἀπαλλαγῆναι,

2135 1671 2230 1723 καὶ
2261 1671 2359 1742 τὴν
2384 1672 2652 1726 ἀθάνατον
2686 1669 3082 1742 καρπώσασθαι
3111 1669 3276 1740 ζωὴν,
3301 1668 3389 1722 διά
3412 1669 3510 1737 τῆς
3549 1683 3730 1738 προσ.

2137 1755 2324 1826 καίρου
2380 1757 2584 1810 τούτων
2646 1756 2964 1826 ὑπεροψίας.
3015 1755 3182 1808 Τοῦτο
3214 1754 3279 1826 δὴ
3305 1755 3400 1809 καὶ
3431 1747 3578 1807 οῦτοι
3616 1753 3730 1807 πά-

2138 1856 2344 1910 σχουσι,
2381 1841 2482 1912 τῆς
2517 1843 2720 1912 μικρᾶς
2756 1840 2960 1910 ταύτης
3003 1839 3316 1910 ἐπιθυμίας,
3350 1839 3448 1909 τῆς
3474 1837 3565 1891 διὰ
3616 1838 3732 1891 τῶν

2135 1925 2449 1996 ὀφθαλμῶν,
2481 1927 2580 1978 οὐκ
2610 1925 2928 1995 ἀνεχόμενοι
2976 1922 3169 1993 μικρὸν
3209 1924 3434 1985 ἑαυτοὺς
3477 1923 3731 1994 ἀτεθστῆο

2144 2025 2256 2072 σαι,
2307 2010 2582 2082 ἀφόρητον
2618 2011 2832 2072 ἐαυτοῖς
2869 2000 3159 2076 συνάγουσι
3188 2007 3330 2078 πῦρ·
3361 2008 3457 2060 καὶ
3504 2009 3732 2080 ὅσῳπερ

2138 2093 2204 2146 ἂν
2256 2094 2550 2162 νομίζωσιν
2591 2093 2833 2164 ἥδεσθαι,
2868 2092 3108 2163 τοσούτῳ
3166 2092 3368 2162 μᾶλλον
3415 2093 3731 2162 ἐμπλέκον-

2136 2193 2224 2230 ται
2249 2177 2326 2248 τῷ
2345 2177 2521 2249 κακῷ.
2560 2178 2652 2232 τοῦ
2674 2178 2918 2232 διαϐόλου
2963 2177 3124 2231 τοῦτο
3149 2177 3555 2248 τεχνασαμένου
3589 2178 3734 2250 πρὸς

2137 2263 2236 2333 τὴν
2267 2265 2592 2335 παραμονὴν
2622 2263 2724 2334 τῆς
2758 2262 2955 2332 φλογὸς
2997 2262 3091 2316 καὶ
3134 2263 3394 2326 ἐπίδοσιν,
3418 2261 3542 2316 ὅθεν
3570 2266 3734 2318 καιό-

2143 2362 2291 2416 μενοι
2319 2347 2414 2399 καὶ
2441 2348 2660 2418 ἥδονται
2694 2351 2788 2402 καὶ
2813 2347 3093 2416 ἀλγοῦσιν,
3136 2347 3336 2401 ἄτοπόν
3363 2365 3486 2400 τινα
3528 2352 3734 2420 κρᾶσιν

2139 2429 2198 2481 ἐν
2227 2433 2344 2494 ταῖς
2375 2433 2580 2486 ἑαυτῶν
2613 2431 3081 2500 καταφυτεύοντες
3109 2430 3327 2500 ψυχαῖς.

2210 2521 2279 2582 γ’.
2315 2515 2377 2568 Εί
2393 2515 2450 2568 δέ
2481 2533 2562 2579 τις
2577 2514 2736 2587 ἡμῶν
2754 2515 3022 2587 ἀκρασίαν
3045 2513 3446 2582 καταγινώσκει
3462 2514 3572 2568 ἀπὸ
3599 2515 3734 2570 τού-

2137 2613 2250 2650 των
2293 2597 2404 2652 τῶν
2439 2600 2702 2670 ῥημάτιον
2732 2600 2893 2670 (τοὺς
2937 2597 3048 2668 γάρ
3080 2600 3362 2666 γενναίους
3391 2599 3597 2671 ἄνδρας
3635 2602 3738 2655 καὶ

2139 2681 2356 2751 γυναιξὶ
2385 2685 2766 2747 συνοικοῦντας
2799 2684 2966 2754 μηδὲν
3013 2684 3242 2753 πάσχειν
3291 2684 3510 2752 δεινὸν),
3546 2703 3736 2754 μακα-

2143 2768 2278 2839 ρίζω
2304 2768 2400 2838 μὲν
2418 2769 2544 2831 τοὺς
2569 2769 2862 2834 τοιούτους,
2885 2771 2978 2823 καὶ
3017 2770 3307 2840 βουλοίμην
3341 2769 3408 2822 ἂν
3441 2769 3536 2822 καὶ
3565 2771 3737 2834 αὐτὸς

2140 2851 2412 2922 τοσαύτην
2448 2852 2632 2906 λαϐεῖν
2669 2854 2852 2924 ἰσχύνσ
2881 2855 2974 2908 καὶ
3004 2853 3135 2917 ἴσως
3173 2853 3272 2924 μὲν
3305 2854 3397 2906 καὶ
3426 2853 3593 2914 r1616;
3620 2856 3742 2906 πεί-

2143 2933 2306 3004 θομαι
2351 2937 2432 2988 ὅτι
2478 2937 2700 2991 δυνατὸν
2729 2935 2868 2992 εἶναι
2897 2938 3172 3002 τοιούτους
3214 2937 3389 3001 τινάς,
3417 2937 3737 3008 ἐϐουλόμην

2141 3017 2198 3071 δέ
2227 3021 2323 3072 καὶ
2351 3020 2476 3082 τοὺς
2505 3020 2871 3089 ἐγκαλοῦντας
2901 3024 3032 3093 ἡμῖν
3057 3021 3346 3092 δυνηθῆναι
3379 3024 3564 3074 πεῖσαι
3605 3021 3738 3074 τοῦ·

2143 3119 2223 3168 το,
2279 3104 2362 3156 ὃτι
2412 3105 2530 3170 νέος
2585 3105 2828 3176 σφριγῶν
2886 3106 2963 3176 τῷ
3017 3105 3248 3176 σώματι,
3286 3105 3423 3176 κόρῃ
3465 3106 3740 3158 συνοικῶν

2145 3187 2402 3260 παρθένῳ
2467 3189 2562 3242 καὶ
2632 3189 3044 3260 συγκαθήμενος
3121 3190 3214 3242 καὶ
3268 3189 3600 3241 συνδειπνῶν
3639 3190 3740 3243 καὶ

2147 3273 2621 3344 συνδιαλεγόμενος
2672 3275 2740 3328 δι’
2771 3275 2988 3345 ἡμέρας
3035 3273 3164 3342 (τῶν
3205 3273 3315 3344 γὰρ
3363 3273 3540 3328 ἄλλων
3577 3273 3739 3327 οὐδὲν

2146 3357 2498 3430 προστίθημι,
2522 3358 2646 3423 τοὺς
2677 3358 2940 3428 ἀκαίρους
2965 3356 3207 3426 γέλωτας
3225 3356 3320 3410 καὶ
3341 3356 3439 3420 τὰς
3453 3356 3741 3426 διαχύσεις

2149 3442 2243 3494 καὶ
2280 3441 2346 3494 τά
2385 3440 2604 3511 μαλακά
2633 3443 2700 3513 ρή
2710 3459 2875 3512 ματα,
2918 3441 3014 3494 καὶ
3039 3441 3107 3494 τά
3133 3441 3288 3506 ἀλλα,
3321 3441 3357 3494 6.
3383 3441 3521 3512 μηδέ
3550 3440 3741 3510 λέγειν

2149 3523 2278 3588 ἴσως
2333 3525 2559 3596 καλόν)·
2611 3527 2832 3580 ἀλλ’ὅτι
2865 3527 2964 3598 τὴν
2999 3526 3169 3598 αὐτὴν
3199 3526 3338 3598 ἔχων
3387 3527 3587 3592 οἰκίαν,
3641 3527 3742 3581 καὶ

2146 3607 2426 3680 τραπέζης
2472 3609 2568 3663 καὶ
2617 3609 2790 3680 λόγων
2847 3612 3142 3675 κοινωνῶν,
3169 3613 3265 3665 καὶ
3323 3611 3460 3683 μετά
3509 3614 3740 3684 παρρη-

2149 3693 2274 3756 σίας
2300 3693 2504 3764 πολλῆς
2535 3695 2630 3748 καὶ
2663 3695 3096 3767 μεταλαμϐάνων
3127 3696 3336 3749 πολλῶν
3372 3697 3468 3751 καὶ
3513 3699 3746 3767 μεταδι-

2147 3775 2289 3839 δοὺς,
2325 3776 2500 3830 οὐδενὶ
2525 3777 2635 3830 τῶν
2677 3779 3032 3850 ἀνθρωπίνων
3061 3778 3364 3843 ἁλίσκεται,
3389 3779 3524 3832 ἀ)λά
3561 3781 3746 3833 καθα-

2150 3861 2242 3932 ρδς
2277 3861 2573 3932 ἐπιθυμίας
2602 3880 2662 3916 τε
2721 3865 2871 3934 μένει
2922 3867 3166 3936 πονηρᾶς
3193 3866 3286 3916 καὶ
3312 3865 3509 3936 ἡδονῆς
3529 3881 3543 3896 ·
3577 3863 3746 3918 ἐϐου-

2146 3945 2320 4016 λόμην
2377 3947 2552 4000 ταῦτα
2607 3947 2867 4002 δύνασθαι
2913 3949 3122 4002 πείθειν
3186 3951 3312 4012 τοὺς
3363 3947 3744 4017 ἐγκαλοῦντας

2149 4029 2301 4098 ἡμῖν,
2341 4027 2458 4082 ἀλλ’
2491 4029 2592 4082 ούκ
2628 4028 2875 4083 ἐθέλουσι
2905 4030 3208 4088 πείθεσθαι,
3245 4031 3381 4084 ἀλλά
3437 4031 3532 4085 καὶ
3575 4030 3744 4100 ἡμῶν

2147 4111 2257 4164 τῶν
2327 4113 2502 4168 ταῦτα
2551 4115 3004 4186 ἀπολογουμένων
3065 4116 3404 4170 καταϐοῶσιν
3448 4116 3524 4179 ὡς
3576 4118 3742 4170 ἀναι-

2151 4197 2416 4266 σχύντων,
2457 4199 2551 4252 καὶ
2586 4199 2657 4253 τά
2699 4199 2838 4252 αὐτὰ
2878 4198 3173 4252 νοσούντων
3227 4201 3430 4262 αὐτοῖς,
3482 4201 3576 4253 καὶ
3641 4200 3743 4270 τὴν

2150 4283 2362 4336 οἰκείαν
2399 4283 2861 4355 περιστελλόντων
2883 4285 3113 4344 κακίαν.
3165 4286 3272 4336 Καὶ
3302 4283 3354 4336 τί
3391 4282 3564 4336 ταῦτα
3598 4285 3745 4354 πρὸς

2151 4369 2330 4438 ἡμᾶςς
2369 4371 2561 4440 φησίν
2610 4369 2731 4422 οὐδὲ
2777 4368 2886 4440 γὰρ
2941 4370 3040 4440 τῆς
3097 4369 3299 4440 ἐτέρων
3349 4369 3535 4430 ἀνοίας
3573 4370 3743 4438 ἡμεῖς

2158 4452 2472 4518 ὑπεύθυνοι,
2513 4452 2634 4507 οὐδὲ
2669 4454 2723 4506 εί
2742 4470 2824 4517 τις
2856 4452 3065 4520 ἀλόγως
3091 4452 3520 4517 σκανδαλίζοιτο,
3550 4452 3741 4506 δοῦναι

2153 4533 2310 4604 δίκην
2348 4534 2498 4601 ἄξιος
2530 4535 2641 4604 ἐγὼ
2672 4536 2760 4591 διά
2805 4536 2903 4608 τὴν
2941 4536 3126 4590 ἀνοιαν
3155 4533 3259 4602 τὴν
3298 4535 3531 4592 ἐκείνου.
3575 4537 3743 4591 Ἀλλά

2159 4619 2372 4686 Παῦλος
2398 4623 2498 4675 οὐκ
2524 4617 2645 4674 εἷπε
2677 4622 2856 4683 τοῦτο,
2891 4620 3026 4675 άλλά
3073 4620 3176 4674 κᾶν
3226 4619 3428 4684 ἀδίκως
3459 4621 3744 4675 σκανδαλί·

2155 4703 2319 4791 ζηταί
2345 4722 2450 4791 τις,
2485 4705 2588 4760 κᾶν
2613 4706 2681 4760 δι’
2709 4705 3030 4791 ἀσθένειαν,
3047 4705 3260 4791 βοηθεῖν
3287 4705 3610 4791 ἐκέλευοε.χ

2226 4789 2362 4842 Τότε
2393 4790 2502 4862 γάρ
2533 4791 2691 4861 μόνον
2721 4790 3178 4860 ἀπαλλαττόμεθα
3209 4791 3309 4860 τῆς
3337 4790 3430 4843 ἐπὶ
3449 4795 3564 4854 τοῖς
3584 4789 3751 4846 σκαν-

2151 4873 2522 4945 δαλιζομένοις
2572 4876 2842 4948 τιμωρίας
2885 4877 3178 4948 κειμένης,
3209 4876 3337 4928 ὃταν
3363 4877 3423 4927 ἐκ
3454 4875 3549 4928 τοῦ
3586 4894 3745 4930 σκαν-

2156 4955 2318 5010 δάλου
2352 4957 2541 5030 κέρδος
2562 4958 2750 5031 ἕτερον
2779 4959 3029 5030 τίκτηται
3053 4960 3152 5030 τῆς
3175 4957 3284 5012 ἀπὸ
3314 4957 3406 5012 τοῦ
3439 4959 3743 5013 σκανδάλου

2157 5039 2358 5112 βλάϐης
2381 5043 2567 5112 μεῖζον
2583 5059 2596 5072 ο
2627 5043 2703 5108 ὼς
2731 5043 2796 5097 ἂν
2819 5043 2978 5097 τοῦτο
3010 5045 3082 5116 μὴ
3103 5041 3158 5118 ᾖ,
3180 5045 3294 5098 ἀλλ’
3319 5045 3376 5096 ἐν
3407 5045 3567 5114 μόνον
3599 5060 3744 5116 συμ-

2157 5123 2317 5196 ϐαίνῃ
2348 5125 2408 5178 16
2445 5125 2892 5190 σκανδαλίζεσθαι
2924 5128 3166 5198 ἐτέρους,
3197 5128 3261 5182 ἄν
3295 5145 3354 5180 τε
3395 5128 3634 5197 εὐλόγως
3679 5131 3744 5182 ἄν

2155 5222 2212 5258 τε
2233 5205 2447 5276 ἀλόγως
2477 5207 2954 5274 σκανδαλίζωνται.
2974 5209 3038 5264 ἄν
3065 5229 3120 5264 τε
3139 5212 3210 5274 ὡς
3226 5211 3491 5275 ἀσθενεῖς,
3519 5213 3580 5265 16
3603 5210 3745 5282 αἷμα

2156 5289 2334 5343 αὐτῶν
2347 5290 2440 5342 ἐπὶ
2455 5291 2552 5361 τὴν
2563 5293 2802 5364 κεφαλὴν
2816 5293 2912 5364 τὴν
2925 5296 3216 5366 ἡμετέραν,
3233 5297 3325 5348 καὶ
3343 5299 3405 5348 ὲκ
3423 5296 3529 5348 τῶν
3543 5314 3601 5367 χε
3612 5315 3628 5349 ι
3635 5296 3745 5368 ρῶν

2157 5371 2264 5425 τῶν
2307 5374 2596 5446 ἡμετέρων
2625 5378 2653 5428 6
2683 5377 2815 5441 (Eia-,6;
2850 5379 2948 5442 τὰς
2999 5379 3255 5443 τοιαύτας
3299 5381 3596 5450 ἐκζητήσει
3643 5382 3742 5450 66-

2157 5455 2277 5524 χάς.
2325 5457 2426 5510 Διά
2463 5475 2546 5511 τοι
2592 5458 2770 5524 τοῦτο,
2807 5461 2892 5514 ἵνα
2926 5459 3000 5532 μὴ
3037 5462 3311 5534 πανταχοῦ
3345 5464 3484 5534 μήτε
3519 5463 3744 5534 φροντί-

2159 5538 2360 5607 ζωμεν,
2412 5541 2547 5610 μήτε
2595 5544 3022 5614 καταφρονῶμεν
3057 5545 3165 5599 τῶν
3217 5547 3741 5617 σκανδαλιζομένων,

2159 5621 2318 5691 ὄρους
2357 5623 2508 5688 τινὰς
2553 5628 2679 5698 ἡμῖν
2709 5629 2803 5680 καὶ
2833 5630 3063 5695 κανόνας
3106 5632 3268 5703 ἔθηκε
3317 5633 3506 5687 τούτου
3543 5635 3571 5686 ὀ
3615 5634 3747 5702 Χρι-

2163 5704 2305 5767 στὸς,
2341 5706 2435 5758 καὶ
2473 5707 2630 5760 τοῦτο
2676 5713 2894 5764 κάκεῖνο
2936 5716 3171 5785 ποιήσας
3216 5717 3354 5786 μετά
3400 5717 3494 5770 τοῦ
3545 5714 3744 5788 καιροῦ

2223 5881 2249 5920 «ί
2271 5882 2355 5930 Fax
2371 5885 2422 5932 il.
2448 5889 2526 5934 καὶ
2546 5888 2755 5954 ἰατρικῆς
2779 5893 2858 5940 καὶ
2883 5895 2978 5959 φιλ.
