4060 6136
266 332 366 388 497

264 446 376 510 nis,
408 456 473 496 ne
513 439 640 510 quid
679 441 1071 511 propositorum
1113 443 1484 513 contingatur:
1513 459 1638 496 num
1679 442 1836 497 vellet

263 535 447 605 aliquis
475 532 540 587 ad
564 532 722 586 talem
753 548 989 588 mensam
1021 534 1299 589 considere
1321 576 1335 600 ,
1376 541 1430 587 et
1450 533 1683 604 seipsum
1710 547 1835 587 cru-

262 607 435 683 ciare?
465 624 577 694 ligo
613 626 792 693 utique
833 641 936 679 non
968 626 1184 693 opinor;
1218 640 1387 694 neque
1426 625 1567 678 enim
1599 633 1742 679 tanta
1769 638 1835 678 ex

261 727 470 787 aspectu
500 715 768 783 voluptate
807 715 1070 769 frueretur
1091 725 1342 784 quantam
1369 714 1634 768 tristitiam
1659 729 1728 769 ex
1750 713 1834 766 in-

262 811 475 865 terdicto
501 809 824 878 conciperet.
873 807 1010 873 Quid
1048 819 1256 874 autem,
1303 807 1348 860 si
1378 806 1496 876 quis
1536 805 1734 861 sitienti
1781 814 1835 859 et

260 903 442 957 adusto
468 916 576 971 prae
598 901 684 954 siti
707 900 900 954 fontem
923 899 1196 968 limpidum
1219 907 1272 953 et
1295 913 1480 967 purum
1503 898 1834 952 demonstra—

260 1004 365 1049 tum
401 1010 505 1047 non
534 993 704 1047 solum
737 1007 838 1046 non
867 991 1147 1060 degustare
1167 1033 1182 1057 ,
1212 990 1306 1045 sed
1335 1004 1401 1044 ne
1435 989 1690 1043 extremis
1710 989 1832 1058 qui-

258 1087 372 1141 dem
399 1086 575 1154 digitis
611 1085 918 1153 contingere
958 1083 1315 1152 permitteret,
1347 1095 1414 1135 an
1449 1080 1575 1150 quid
1601 1095 1666 1135 eo
1704 1095 1826 1134 cru-

258 1180 388 1233 ciatu
417 1175 699 1232 acerbius?

324 1271 376 1324 Ξ.
402 1267 668 1323 Tantalus.
692 1299 761 1308 —
786 1268 969 1338 Neque
1013 1267 1133 1335 hic,
1178 1267 1395 1337 Opinor,
1443 1264 1573 1320 mihi
1614 1273 1830 1320 contra~

257 1360 442 1414 dixerit
469 1360 625 1413 ullus.
668 1358 894 1412 Tantum
921 1358 1062 1412 enim
1094 1357 1194 1412 hoc
1221 1357 1417 1410 malum
1444 1364 1527 1411 est
1547 1397 1561 1421 ,
1594 1365 1648 1409 ut
1669 1355 1826 1410 etiam

257 1450 482 1519 profani,
517 1451 605 1520 qui
633 1451 916 1518 plurimum
955 1450 1132 1503 valent
1162 1449 1210 1503 in
1251 1456 1451 1502 natura:
1480 1447 1750 1516 voluptate
1776 1453 1830 1500 et

257 1543 457 1596 tristitia
487 1542 863 1610 expendenda,
891 1543 1132 1596 volentes
1172 1541 1424 1611 effingere
1456 1541 1711 1611 quosdam
1738 1540 1828 1610 qui

254 1635 399 1688 valde
423 1635 744 1700 cruciantur,
775 1635 928 1688 talem
955 1634 1236 1704 quamdam
1261 1634 1488 1689 fabulam
1514 1633 1568 1687 in
1594 1633 1826 1688 medium

255 1724 540 1794 proferant.
570 1725 922 1779 lutroducitur
943 1725 994 1778 in
1020 1725 1189 1780 fabula
1210 1725 1421 1794 quidam
1440 1733 1682 1778 extremo
1704 1739 1828 1792 sup-

253 1815 405 1884 plicio
417 1813 747 1882 afficiendus,
763 1815 848 1869 cui
864 1815 1158 1870 ostenditur
1171 1815 1406 1868 omnium
1424 1814 1661 1869 ciborum
1676 1815 1825 1882 copia

251 1913 303 1957 et
323 1903 684 1972 prreterﬂuens
701 1919 856 1974 aqua,
883 1920 980 1959 ncc
1002 1904 1311 1959 conceditur
1328 1912 1384 1958 ut
1406 1904 1584 1972 aliquo
1602 1902 1823 1957 istorum

250 1993 448 2048 fruatur
472 2013 484 2047 :
521 2005 572 2050 et
597 2011 715 2050 cum
742 1996 978 2051 extendit
1006 1997 1094 2051 ille
1120 2011 1364 2062 manum,
1394 1995 1571 2050 omnia
1600 2011 1720 2065 quae
1749 1995 1824 2048 vi-

250 2086 435 2141 dentur
461 2103 486 2139 a
523 2097 660 2141 tactu
693 2089 916 2157 fugiunt,
947 2089 1107 2158 fitque
1136 2088 1237 2142 hoc
1261 2103 1493 2158 semper.
1519 2087 1585 2141 Et
1613 2089 1725 2142 haec
1744 2096 1826 2142 est

248 2181 595 2249 profanorum
631 2179 696 2231 de
722 2177 811 2230 illo
843 2180 1084 2248 supplicii
1115 2194 1312 2249 genere
1350 2177 1543 2234 fabula.
1576 2178 1822 2233 Philoso-

248 2278 466 2347 phorum
498 2291 625 2331 vero
649 2276 863 2346 quidam
883 2271 1222 2344 (XenOphOu,
1250 2261 1551 2339 Ᾰπομνημον.
1583 2273 1634 2325 1.
1665 2272 1717 2326 5.
1743 2269 1820 2341 9),

246 2381 360 2419 cum
397 2369 619 2422 vidisset
670 2365 931 2419 sodalium
982 2361 1265 2432 quemdam
1309 2363 1544 2416 osculum
1590 2361 1823 2416 formoso

249 2469 408 2520 puero
437 2460 597 2518 dare,
638 2451 1058 2508 admirabundus
1089 2451 1256 2504 dixit:
1285 2450 1380 2505 llic
1407 2451 1598 2521 opinor
1639 2451 1825 2520 princi-

245 2545 400 2611 pitem
433 2544 584 2600 faeile
625 2559 682 2598 se
711 2545 762 2597 in
809 2546 980 2613 ignem
1014 2542 1288 2611 injiceret,
1320 2543 1409 2613 qui
1450 2552 1650 2597 tantum
1682 2543 1732 2597 in
1763 2558 1824 2599 se

247 2636 515 2690 fornacem
540 2635 719 2689 osculo
749 2644 827 2688 est
854 2650 1012 2688 ausus
1042 2633 1353 2687 accendere.
1381 2633 1490 2703 Ego
1510 2642 1685 2687 autem
1715 2649 1821 2688 non

245 2726 377 2780 idem
437 2727 696 2794 dixerim,
765 2726 903 2796 qund
965 2741 1160 2794 nempe
1229 2725 1636 2781 contubernales
1699 2739 1823 2781 suas

243 2819 546 2872 esculentur
571 2828 625 2874 et
652 2826 999 2872 contrecteut.
1030 2819 1101 2871 At
1129 2817 1172 2870 si
1201 2817 1290 2887 qui
1323 2825 1448 2871 sunt
1475 2817 1562 2886 qui
1594 2816 1710 2870 haec
1735 2831 1825 2870 ea-

245 2907 582 2974 lunmientur,
612 2909 976 2964 demonstrare
1008 2907 1222 2962 teutabo
1251 2907 1389 2975 quod
1411 2947 1426 2972 ,
1456 2908 1499 2959 si
1536 2907 1627 2960 illo
1657 2921 1824 2976 usque

245 3002 570 3066 perveniant,
599 2999 784 3054 durius
814 3000 913 3053 sibi
941 3014 1098 3067 quam
1123 2997 1269 3065 prius
1293 2997 1608 3066 supplicium
1637 3011 1822 3050 accer-

243 3103 378 3150 sant.
412 3093 544 3146 Nam
575 3093 620 3144 si
657 3101 904 3159 aspectus
944 3089 1090 3142 solus
1133 3095 1333 3140 tantum
1365 3085 1521 3140 infert
1544 3087 1783 3141 dolorem
1804 3128 1820 3154 ,

243 3184 452 3252 quando
481 3191 758 3237 contactus
779 3180 1003 3245 accedit,
1037 3191 1094 3234 ut
1118 3187 1200 3233 est
1227 3179 1468 3248 voluptas
1492 3179 1655 3233 multo
1679 3193 1825 3234 cras-

245 3275 350 3327 sior
379 3290 541 3344 quam
581 3282 860 3342 aspectus,
906 3272 973 3325 ita
1019 3270 1277 3340 majorem
1321 3272 1478 3324 struit
1518 3270 1820 3337 flammam,

243 3366 571 3420 acerbiorem
602 3363 762 3419 eflicit
786 3363 1056 3427 dolorem,
1090 3370 1145 3416 et
1169 3359 1535 3415 vehementius
1561 3359 1727 3415 feram
1757 3360 1823 3414 il-

245 3456 344 3510 lam
375 3465 676 3526 exasperat.
719 3456 926 3523 Quanto
968 3455 1110 3508 enim
1154 3452 1324 3522 magis
1367 3453 1824 3521 concupiscentias

244 3563 514 3618 augemus,
545 3557 598 3602 et
620 3547 841 3617 plurima
869 3547 946 3600 eis
969 3544 1202 3599 fomenta
1230 3542 1649 3613 suppeditamus,
1679 3552 1824 3597 tanto

244 3649 296 3693 et
322 3641 538 3694 dolores
565 3638 731 3692 nostri
774 3638 940 3706 magis
978 3634 1340 3690 intenduntur.
1371 3633 1436 3688 Et
1473 3633 1826 3704 quemadmo-

243 3730 364 3784 dum
384 3731 487 3801 ‘qui
517 3745 712 3784 mensa:
740 3738 794 3783 et
817 3727 946 3782 fonti
986 3726 1204 3793 assidet,
1235 3741 1340 3779 non
1369 3726 1446 3780 sic
1474 3724 1700 3780 videndo
1729 3723 1824 3780 do-

243 3821 344 3886 let,
372 3833 430 3876 ut
459 3823 546 3878 cui
593 3821 905 3892 permissum
937 3829 1020 3874 est
1051 3834 1208 3872 manu
1234 3818 1525 3886 attingere,
1557 3825 1610 3871 et
1647 3826 1822 3871 tamen

158 3919 163 3926 ‘
243 3926 309 3965 ne
327 3913 572 3984 degustet
591 3912 926 3982 prohibetur:
951 3912 1027 3965 sic
1050 3911 1228 3980 utique
1249 3909 1336 3978 qui
1360 3909 1422 3961 ad
1445 3907 1819 3961 contrectanda

243 4005 507 4073 virginum
551 4020 774 4073 corpora
817 4004 1193 4067 admittuntur,
1233 4002 1530 4070 graviorem
1578 4000 1824 4054 hauriunt

244 4099 534 4150 cruciatum
566 4111 629 4150 ex
659 4105 800 4149 tactu
830 4110 986 4163 quam
1029 4109 1093 4147 ex
1136 4092 1387 4162 aspectu,
1425 4091 1550 4145 dum
1582 4091 1824 4146 acerbius

245 4187 316 4239 rri
363 4199 524 4242 tactae
572 4186 869 4256 privatione
917 4193 1244 4253 torquentur.
1296 4183 1363 4236 Et
1400 4182 1522 4251 quid
1567 4197 1700 4250 opus
1743 4191 1826 4235 est

245 4280 610 4351 philosophari
649 4295 711 4333 ex
743 4279 901 4332 rebus
939 4277 1210 4330 externis?
1241 4276 1333 4330 Dei
1364 4278 1503 4329 enim
1531 4276 1820 4338 sententia,

246 4367 325 4423 his
352 4371 606 4424 onmibus
642 4361 927 4438 potentior,
973 4368 1081 4437 ipsa
1115 4367 1265 4421 nobis
1301 4365 1534 4421 Ostendit
1571 4381 1680 4420 rem
1725 4366 1823 4419 ἰδίει

246 4474 360 4516 sese
388 4463 608 4516 habere.
636 4461 766 4514 Nam
806 4475 925 4514 cum
957 4459 1116 4513 vellet.
1146 4459 1331 4526 punire
1359 4457 1525 4509 Adam
1558 4455 1711 4526 (Gen.
1742 4454 1820 4525 5),

249 4565 348 4606 non
379 4553 565 4622 procul
589 4568 616 4604 a
647 4551 890 4620 paradiso
912 4552 1082 4620 ipsum
1111 4549 1348 4602 habitare
1373 4547 1516 4612 fecit,
1545 4545 1637 4600 sed
1660 4561 1824 4615 prope

250 4643 575 4707 paradisum,
605 4653 659 4695 ut
680 4644 980 4696 continuam
1005 4654 1212 4709 pmuam
1237 4638 1456 4692 haberet
1475 4653 1504 4691 e
1525 4639 1826 4706 spectaculo

249 4731 345 4787 loci
372 4752 528 4804 quem
557 4735 923 4797 desiderabat,
954 4741 1007 4786 et
1037 4747 1132 4794 eo,
1175 4729 1414 4800 quamvis
1439 4743 1650 4796 semper
1674 4727 1822 4780 illum

250 4835 369 4877 ante
398 4841 455 4880 se
485 4827 720 4890 videret,
769 4824 866 4878 frui
919 4839 1020 4876 non
1070 4822 1481 4892 permitteretur.
1524 4819 1643 4873 Jam
1690 4819 1825 4873 forte

249 4913 438 4984 aliquis
463 4916 676 4980 dixerit,
706 4915 772 4968 Et
798 4913 1084 4983 quomodo,
1118 4913 1161 4966 si
1193 4912 1294 4964 hoc
1323 4921 1507 4963 natura
1537 4919 1642 4962 tam
1673 4924 1823 4962 ama-

248 5017 398 5067 rum,
444 5006 683 5075 plerique
727 5014 871 5058 tanto
913 5004 1087 5057 studio
1117 4988 1423 5057 sectantur?
1458 4999 1541 5054 Ad
1585 5001 1686 5054 hoc
1724 5014 1824 5069 ego

247 5093 503 5160 dixerim,
549 5096 687 5150 istud
733 5097 902 5164 ipsum
949 5105 1203 5149 extremm
1243 5093 1452 5147 illorum
1498 5090 1823 5162 mgritudiuis

247 5191 534 5244 maximum
562 5205 681 5244 esse
707 5199 1093 5259 argumentum.
1122 5186 1254 5240 Nam
1284 5186 1368 5239 hic
1406 5200 1521 5240 mos
1546 5193 1626 5238 est
1655 5198 1825 5254 argro-

249 5280 466 5334 tantium
489 5322 505 5348 ,
539 5289 595 5333 ut
625 5290 864 5350 qumrant
909 5278 1154 5350 frigidam
1185 5277 1464 5348 quamdam
1487 5327 1500 5343 ,
1543 5275 1824 5344 brevisque

251 5375 503 5440 temporis
529 5373 872 5443 voluptatem.
899 5371 1038 5426 unde
1059 5370 1397 5439 prolixiorem
1422 5367 1519 5422 sibi
1542 5368 1824 5422 conciliant

251 5477 482 5530 pinnam.
513 5466 624 5520 Hoc
650 5476 702 5520 et
732 5467 783 5519 in
817 5464 1237 5520 febricitantibus
1265 5463 1442 5517 videre
1469 5463 1584 5531 quis
1613 5471 1819 5532 potest,

252 5556 338 5622 qui
357 5571 474 5609 cum
493 5559 763 5629 paulisper
778 5559 1044 5612 abstinere
1065 5558 1251 5611 nolunt
1265 5571 1293 5608 a
1312 5553 1694 5610 refocillatione
1712 5571 1824 5607 mo-

253 5656 529 5703 mentanca
558 5643 843 5706 vetitorum
882 5649 962 5702 vel
992 5649 1382 5702 esculentorum
1406 5645 1490 5700 vel
1514 5645 1823 5716 poculcnto-

251 5751 387 5806 rum,
419 5740 632 5815 longum
657 5743 938 5815 quemdam
969 5751 1022 5797 et
1049 5739 1418 5795 difficillimum
1443 5740 1696 5797 invehunt
1716 5755 1818 5798 sun

554 5846 825 5907 Pnnoc.
874 5840 919 5902 (ἰ
933 5859 990 5900 ιι.
1039 5840 1290 5906 XLVII.
1641 5853 1700 5934 ἱ
1714 5849 1866 5876 Ζττνέέι

932 327 1204 385 CONTRA
1245 328 1374 386 EOS
1412 328 1526 397 QUI
1568 327 1766 386 SUBIN
1784 326 2190 387 TRODUCTAS
2228 330 2503 389 HABENT
2542 334 2870 396 VIRGINES

3425 349 3526 407 £98

1951 442 2218 500 morbum.
2249 445 2471 516 Oportet
2510 460 2685 512 autem
2714 442 2775 506 'ut
2815 452 2849 506 ii
2879 453 2967 522 qui
2997 452 3131 509 bene
3162 456 3371 525 valent,
3418 475 3524 517 non

1945 548 2128 589 eorum
2159 536 2247 606 qui
2293 539 2430 593 male
2468 539 2666 596 habent
2710 545 3026 600 sententiam
3055 556 3364 618 sequantur.
3389 550 3522 607 Nam

1945 624 1991 679 si
2019 627 2137 682 illos
2163 629 2454 697 sequimur,
2501 641 2554 685 et
2577 647 2604 685 a
2637 634 2842 688 medica
2883 644 2996 691 arte
3035 646 3087 692 et
3124 653 3153 691 a
3185 638 3516 712 philosophia

1943 716 2438 773 condemnabimur.
2464 719 2648 790 Neque
2667 723 2808 777 enim
2831 728 3210 794 argrotantibus
3231 729 3332 785 hoc
3350 731 3522 787 solum

1940 804 1996 858 in
2029 806 2160 860 febri
2187 809 2481 880 contingit,
2524 811 2608 864 vel
2635 812 2686 865 in
2718 814 2996 869 mulierum
3025 831 3228 886 amore,
3258 818 3353 874 sed
3383 827 3440 875 et
3468 821 3520 877 in

1940 896 2139 951 divitiis
2167 907 2222 954 et
2263 899 2312 953 in
2354 902 2598 956 omnibus
2624 903 2762 957 aliis.
2797 905 3003 961 Etenim
3044 908 3132 977 qui
3174 907 3226 961 in
3270 911 3522 980 pecunias

1940 987 2240 1057 insaniunt,
2286 991 2409 1045 licet
2437 994 2605 1048 sciant
2633 995 2773 1064 quod
2805 997 2838 1050 ii
2881 998 2969 1068 qui
3000 1013 3159 1068 parva
3189 999 3304 1055 lucc
3329 1002 3520 1071 indigi:

1939 1077 2332 1146 impartiuntur,
2368 1082 2570 1138 infinita
2597 1085 2706 1139 illic
2735 1085 2869 1140 bona
2905 1087 3136 1157 capiant,
3178 1091 3418 1147 detinent
3441 1101 3518 1148 ta-

1938 1182 2059 1221 men
2087 1184 2148 1222 ea
2175 1180 2228 1225 et
2250 1171 2526 1227 defodiunt
2546 1215 2559 1237 ,
2591 1184 2645 1229 et
2673 1176 2824 1230 bonis
2855 1179 3101 1234 omnibus
3125 1181 3372 1238 excidere
3399 1199 3518 1239 ma-

1939 1257 2088 1323 lunt,
2140 1260 2209 1314 ob
2259 1260 2497 1330 frigidam
2550 1265 2873 1337 brevemque
2921 1270 3058 1326 hanc
3101 1273 3514 1344 voluptatulam,

1936 1365 2094 1418 quam
2139 1361 2335 1408 mterna
2379 1370 2533 1423 parua
2582 1357 2829 1424 liberari,
2878 1371 2932 1414 et
2973 1362 3323 1421 immortalem
3351 1367 3513 1423 vitam

1936 1439 2158 1509 adipisci
2188 1441 2307 1497 illas
2335 1443 2401 1497 ad
2445 1445 2604 1500 breve
2646 1456 2853 1517 tempus
2879 1451 3238 1520 despicienda.
3272 1457 3385 1513 lloc
3413 1459 3514 1513 uti-

1935 1545 2039 1600 que
2063 1540 2119 1586 et
2160 1533 2262 1587 illis
2287 1536 2576 1606 contingit,
2608 1538 2732 1593 dum
2761 1555 2791 1594 a
2820 1556 2983 1610 parva
3023 1545 3296 1600 oculorum
3322 1561 3516 1605 concu-

1933 1623 2190 1692 piscentia
2221 1626 2426 1694 seipsos
2452 1629 2835 1701 aliquantisper
2860 1636 3132 1690 continere
3163 1637 3406 1694 nolentes
3435 1640 3516 1694 in-

1933 1712 2261 1769 tolerabilem
2289 1715 2389 1770 sibi
2414 1716 2586 1786 ignem
2608 1719 2859 1789 colligunt
2883 1739 2899 1775 :
2927 1732 2981 1777 et
3007 1735 3206 1794 quanto
3230 1727 3435 1784 scilicet
3457 1743 3516 1784 se

1933 1805 2099 1873 magis
2122 1805 2378 1861 oblectari
2400 1817 2605 1876 putant,
2637 1818 2784 1865 tanto
2804 1813 2971 1882 magis
2996 1814 3135 1868 malo
3156 1815 3511 1885 implicantur,

1932 1894 2144 1951 diabolo
2173 1899 2282 1953 suis
2310 1900 2513 1956 artibus
2542 1901 2643 1956 hoc
2680 1914 2899 1959 curante
2927 1905 2993 1959 ad
3034 1907 3416 1965 incrementum
3459 1922 3514 1966 et

1933 1991 2382 2058 perseverantiam
2414 1993 2675 2062 incendii,
2723 2004 2780 2049 ut
2823 1996 3075 2052 ardentes
3098 2008 3153 2053 et
3185 1999 3514 2056 delectentur

1931 2088 1986 2134 et
2012 2080 2254 2149 doleant,
2300 2083 2586 2139 absurdum
2633 2086 2900 2157 quoddam
2939 2097 3412 2159 temperamentum
3459 2093 3512 2147 in

1930 2171 2208 2228 animabus
2234 2175 2342 2229 suis
2367 2174 2682 2232 efficientes.
2707 2189 2711 2194 '

2001 2264 2053 2318 5.
2100 2263 2218 2319 Jam
2254 2281 2383 2320 vero
2430 2267 2474 2320 si
2521 2269 2640 2338 quis
2684 2284 2783 2324 nos
2828 2270 3251 2342 intemperantia:
3291 2274 3360 2330 ob
3399 2274 3512 2330 haec

1933 2353 2096 2408 verba
2122 2355 2441 2411 condemnet
2467 2356 2737 2430 (strenuos
2761 2361 2902 2416 enim
2933 2361 3076 2416 viros
3107 2372 3301 2419 etcum
3326 2365 3510 2422 mulie-

1931 2445 2078 2500 ribus
2101 2447 2419 2511 habitantes,
2441 2449 2569 2502 nihil
2588 2463 2749 2520 grave
2772 2449 2921 2523 pati),
2949 2451 3130 2508 beatos
3149 2454 3363 2524 quidem
3387 2455 3512 2511 dico

1930 2538 2020 2608 qui
2051 2539 2179 2593 tales
2203 2540 2326 2602 sint,
2347 2548 2401 2595 et
2421 2540 2612 2595 vellem
2634 2544 2792 2596 etiam
2820 2544 2930 2612 ipse
2957 2543 3057 2599 hoc
3077 2547 3270 2602 robore
3289 2547 3511 2603 donari:

1929 2638 1983 2684 et
2010 2629 2124 2699 ipse
2148 2631 2360 2700 quidem
2392 2631 2530 2687 forte
2558 2632 2796 2688 adducor
2829 2643 2886 2688 ut
2908 2635 3120 2690 credam
3149 2652 3305 2707 posse
3330 2638 3513 2710 hujus-

1929 2721 2074 2776 modi
2103 2722 2244 2777 viros
2267 2723 2488 2792 reperiri
2515 2741 2528 2776 :
2553 2724 2744 2778 vellem
2773 2733 2949 2780 tamen
2978 2741 3070 2783 eos
3093 2729 3182 2798 qui
3213 2744 3309 2784 nos
3334 2745 3512 2801 repre-

1929 2809 2165 2866 hendunt
2188 2853 2203 2878 ,
2247 2827 2404 2882 posse
2446 2813 2547 2868 hoc
2587 2816 2738 2869 nobis
2769 2818 3119 2886 persuadere,
3159 2821 3297 2890 quod
3328 2821 3513 2877 adole-

1930 2915 2084 2956 scens
2107 2904 2312 2958 fervens
2333 2920 2574 2973 corpore,
2604 2907 2898 2976 puellmque
2925 2909 3435 2977 virginicohabitans
3457 2923 3512 2969 et

1929 2991 1993 3044 ad
2028 2992 2187 3045 latera
2217 2995 2334 3062 ejus
2361 2993 2621 3060 assidens,
2655 3003 2710 3050 et
2731 2997 2888 3050 simul
2916 3013 3154 3059 ccenans.
3173 3007 3228 3054 et
3255 3015 3349 3069 per
3370 3001 3509 3056 diem

1930 3091 2095 3138 totum
2115 3085 2482 3153 eonfabulans,
2511 3096 2567 3141 ut
2598 3088 2729 3142 nihil
2758 3089 2896 3142 aliud
2928 3105 3212 3160 apponam,
3246 3092 3509 3163 intempe-

1930 3179 2094 3232 stivos
2132 3178 2271 3232 risus
2295 3188 2350 3234 et
2373 3180 2567 3235 ell’usos
2597 3182 2885 3237 cachinnos
2907 3194 2961 3238 et
2986 3183 3166 3238 mollia
3196 3184 3356 3240 verba
3377 3225 3393 3252 ,
3424 3195 3508 3240 at-

1929 3283 2031 3338 que
2056 3268 2156 3322 alia
2185 3284 2304 3339 quae
2328 3269 2472 3325 dictu
2495 3270 2771 3326 inhonesta
2798 3289 2812 3335 ;
2837 3273 2927 3328 sed
2961 3273 3012 3327 in
3035 3274 3240 3340 eadem,
3273 3274 3508 3346 inquam,

1930 3359 2175 3416 habitans
2210 3362 2370 3417 domo
2399 3363 2676 3434 eidemque
2716 3367 3112 3421 communicans
3156 3381 3355 3423 mensae
3376 3408 3392 3434 ,
3420 3368 3510 3423 ubi

1931 3452 2092 3505 multa
2123 3462 2204 3506 est
2234 3451 2450 3507 libertas
2475 3454 2758 3508 verborum
2783 3495 2796 3518 ,
2829 3464 2884 3508 et
2919 3455 3060 3509 ultro
3099 3456 3337 3526 citroque
3374 3459 3512 3512 acci-

1929 3545 2146 3612 piuntur
2176 3545 2338 3599 multa
2367 3546 2694 3615 danturque,
2724 3546 2864 3600 nulla
2902 3545 3248 3601 humanarum
3271 3547 3494 3604 affectio-

1931 3650 2055 3688 num
2087 3636 2359 3704 capiatur,
2389 3635 2481 3690 sed
2514 3650 2675 3704 purus
2705 3651 2733 3688 a
2766 3636 2902 3690 mala
2932 3636 3204 3706 voluptate
3231 3645 3285 3691 et
3309 3652 3496 3692 concu~

1929 3726 2186 3800 pisceutia
2214 3736 2557 3796 permaneat:
2591 3728 2782 3781 vellem
2814 3727 2930 3781 lucc
2964 3727 3031 3782 ab
3062 3727 3143 3780 his
3173 3728 3262 3797 qui
3294 3742 3392 3782 uos
3417 3744 3531 3782 ar-.

1928 3830 2095 3890 guunt
2118 3835 2204 3874 me
2228 3820 2406 3874 doceri
2437 3835 2618 3890 posse,
2647 3820 2740 3874 sed
2772 3836 2943 3889 neque
2974 3821 3069 3889 ipsi
3097 3821 3279 3874 volunt
3303 3820 3504 3883 doceri,

1929 3919 1983 3964 et
2011 3911 2163 3965 nobis
2205 3910 2321 3965 hmc
2354 3911 2418 3966 ad
2451 3912 2811 3965 defensionem
2850 3910 3190 3964 all'erentibus
3219 3911 3510 3964 reclamant

1930 4003 2079 4070 quasi
2107 4003 2519 4072 impudentibus,
2545 4003 2731 4057 eodem
2759 4017 2863 4072 quo
2890 4001 2987 4071 ipsi
3011 4001 3198 4055 morbo
3223 4001 3506 4071 correptis,

1931 4093 2303 4162 propriamque
2325 4093 2899 4162 tcgentibusmalitiam.
2922 4095 2986 4148 Et
3006 4092 3128 4163 quid
3155 4092 3268 4148 hate
3291 4092 3358 4147 ad
3387 4108 3505 4156 nos,

1931 4183 2140 4251 inquit?
2169 4182 2349 4250 Neque
2377 4199 2473 4236 uos
2500 4198 2684 4237 sumus
2709 4185 2922 4238 obnoxii
2953 4184 3270 4252 insipientia:
3294 4184 3506 4247 alienat,

1932 4286 2104 4341 neque
2127 4311 2141 4336 ,
2185 4271 2229 4326 si
2271 4273 2388 4340 quis
2409 4273 2568 4326 stulte
2603 4273 3002 4338 scandalizelur,
3047 4275 3234 4342 dignus
3261 4289 3360 4344 ego
3388 4289 3507 4328 sum

1931 4365 2020 4432 qui
2049 4379 2231 4434 ptenas
2255 4364 2374 4418 dem
2410 4365 2480 4418 ob
2521 4364 2663 4419 illius
2693 4365 3066 4433 insipientiam.
3107 4366 3213 4420 Sed
3262 4367 3364 4420 hoc
3401 4382 3506 4420 non

1931 4455 2060 4508 dixit
2089 4455 2309 4521 Paulus,
2341 4455 2434 4509 sed
2472 4454 2627 4523 jussit
2651 4464 2743 4520 ut,
2795 4455 2837 4509 si
2877 4455 3070 4523 injuste
3113 4454 3500 4510 scandalizetur

1931 4548 2141 4616 aliquis,
2168 4548 2282 4616 ejus
2309 4547 2592 4600 infirmitati
2615 4546 2940 4600 consulatur.

2005 4639 2262 4703 Quantum
2295 4639 2504 4709 quisque
2531 4653 2703 4691 cavere
2744 4637 2920 4690 debeat
2958 4654 3020 4691 ne
3054 4638 3168 4692 aliis
3201 4636 3506 4704 offendicula

1930 4732 2011 4785 sit.
2033 4759 2105 4770 —-
2128 4731 2277 4784 Tunc
2302 4729 2443 4785 enim
2478 4729 2648 4784 solum
2685 4729 2972 4782 liberamur
2995 4743 3024 4782 a
3059 4743 3233 4797 poena,
3264 4743 3383 4798 quae
3410 4743 3506 4797 po-

1930 4823 2029 4877 sita
2055 4831 2136 4877 est
2160 4822 2209 4875 in
2233 4837 2323 4875 eos
2347 4822 2434 4891 qui
2463 4820 2766 4874 scandalum
2789 4819 2917 4874 dant
2936 4821 3071 4883 aliis,
3095 4821 3139 4874 si
3159 4835 3224 4874 ex
3254 4819 3506 4874 scandan

1929 4913 2070 4966 aliud
2105 4913 2371 4983 quoddam
2412 4913 2617 4966 lucrum
2654 4921 2900 4965 nascatur
2932 4911 3103 4980 majus
3129 4911 3323 4965 damno
3364 4912 3504 4982 quod

1929 5021 1993 5061 ex
2023 5005 2273 5060 seandalo
2298 5005 2378 5058 fit.
2406 5005 2660 5074 Adeoque
2687 5005 2731 5058 si
2765 5006 2864 5058 hoc
2888 5019 2992 5056 non
3014 5001 3192 5067 fuerit,
3218 5013 3272 5058 et
3297 5003 3399 5056 hoc
3428 5019 3507 5057 so-

1934 5099 2044 5153 lum
2074 5097 2385 5161 obvenerit,
2417 5105 2473 5150 ut
2499 5095 2922 5150 scandalizentur
2947 5093 3036 5148 alii
3061 5134 3075 5158 ,
3115 5097 3228 5149 sive
3252 5094 3323 5149 ob
3345 5094 3506 5149 ratio-

1929 5207 2050 5246 nem
2087 5192 2344 5261 aliquam,
2374 5191 2486 5245 sive
2513 5190 2582 5243 ob
2617 5189 2814 5242 nullam
2840 5229 2854 5252 ,
2895 5188 3006 5242 sive
3033 5197 3089 5242 ut
3119 5187 3309 5242 infirmi
3339 5186 3509 5249 offen-

1929 5283 2140 5346 dantur.
2182 5282 2394 5352 sanguis
2423 5283 2630 5336 illorum
2661 5296 2819 5351 super
2845 5291 3001 5350 caput
3043 5289 3318 5345 nostrum,
3348 5287 3404 5335 et
3437 5296 3500 5335 cx

1929 5378 2173 5432 manibus
2201 5376 2396 5430 nostris
2431 5376 2567 5429 Deus
2603 5375 2808 5428 animas
2836 5374 2966 5427 tales
2995 5373 3248 5443 requiret.
3286 5373 3352 5428 Et
3377 5387 3503 5442 pro-

1929 5479 2050 5538 pter
2079 5469 2198 5530 hoc.
2228 5483 2292 5521 ne
2320 5482 2415 5535 per
2435 5467 2611 5520 omnia
2633 5468 3020 5536 negligeremus
3048 5465 3132 5519 vel
3153 5464 3504 5534 abjiceremus

1928 5577 2021 5616 eos
2049 5560 2238 5630 quibus
2265 5557 2585 5613 oﬂ'endiculo
2625 5571 2808 5612 sumus
2831 5597 2846 5620 ,
2878 5556 3136 5611 terminos
3163 5553 3419 5627 quosdam
3451 5565 3501 5606 (τι

1929 5653 2142 5721 regulas
2169 5650 2320 5704 nobis
2347 5648 2589 5704 Christus
2611 5646 2970 5718 praescripsit:
3003 5661 3124 5700 nam
3155 5655 3209 5701 et
3237 5644 3336 5698 hoc
3357 5653 3412 5697 et
3441 5643 3501 5696 il-

1932 5741 2020 5798 lud
2053 5743 2192 5810 fecit,
2223 5751 2375 5811 prout
2407 5750 2614 5810 tempus
2640 5738 2957 5810 postulabat.
2989 5738 3272 5795 Enimvero
3292 5750 3407 5790 cum
3437 5737 3499 5791 de

3096 5844 3175 5904 ‘29
