4060 6136
584 319 687 376 ι99

579 446 767 493 natura
794 434 1032 490 ciborum
1055 433 1434 498 dissereret,et
1458 433 1762 489 ostenderet
1780 448 1895 488 eam
1919 447 2037 487 esse
2066 447 2161 502 pu-

580 543 715 594 ram,
733 534 783 581 et
800 542 828 579 a
844 525 1060 581 Judaica
1079 526 1444 580 observatione
1460 525 1731 592 liberaret,
1749 525 1903 579 Petro
1920 524 2161 594 ingresso

575 630 626 671 et
642 618 872 684 dicente,
884 601 1232 672 Scandalizati
1242 629 1375 683 sunt,
1391 617 1517 673 dixit
1534 636 1546 671 :
1564 617 1687 672 Sine
1698 618 1831 688 ipsos
1847 615 2052 691 (Matth.
2068 616 2155 675 l5.

570 712 664 763 12.
698 711 825 780 Η).
861 711 927 764 Et
968 726 1072 763 non
1111 711 1280 764 solum
1308 709 1581 779 despexit,
1613 710 1739 779 quin
1768 718 1821 764 et
1847 707 2112 763 accusavit
2141 725 2155 761 :

582 804 764 857 Omnis
792 802 921 856 enim
949 803 1195 871 plautatio
1219 843 1233 866 ,
1264 819 1413 871 quam
1441 819 1539 856 non
1570 801 1812 871 plantavit
1837 800 1992 854 Pater
2019 816 2156 853 meus

572 895 816 960 ctelestis,
862 894 1195 948 eradicabitur
1224 891 1328 963 (lb.
1361 891 1550 960 v.15).
1597 890 1670 945 Ita
1711 891 1878 960 legem
1917 890 1983 944 de
2024 890 2155 945 cibis

580 986 782 1042 irritam
816 984 958 1040 fecit.
990 984 1088 1040 Ubi
1115 993 1290 1038 autem
1320 982 1407 1052 qui
1435 982 1685 1052 petebant
1712 982 2018 1036 didrachma
2043 1022 2057 1045 ,
2085 979 2152 1051 ad

575 1078 794 1133 Petrum
824 1059 1139 1132 accedentes
1164 1076 1434 1137 dixerunt,
1468 1073 1711 1144 Magister
1738 1084 1854 1127 tuus
1881 1090 1981 1127 non
2007 1073 2153 1126 solvit

571 1164 883 1218 rlidrarlmta
905 1166 921 1234 (
943 1165 1135 1220 Matth.
1163 1166 1245 1219 l7.
1269 1165 1395 1235 25),
1421 1174 1553 1217 tunc
1581 1180 1688 1219 non
1709 1163 1848 1218 idem
1869 1162 1981 1230 egit
2004 1162 2148 1223 sicut

572 1265 752 1319 antea,
772 1259 863 1312 sed
881 1258 1147 1321 rationem
1163 1258 1351 1313 habuit
1377 1257 1644 1321 seandali,
1666 1264 1720 1311 et
1746 1257 1854 1310 ait:
1882 1254 1948 1309 Ut
1971 1264 2150 1319 autem

566 1363 670 1401 non
693 1347 1090 1401 scandalizemus
1119 1349 1285 1415 ipsos,
1320 1347 1459 1400 mitte
1485 1346 1688 1399 hamum
1707 1346 1759 1400 in
1789 1362 1959 1413 mare,
1992 1354 2039 1399 et
2066 1347 2146 1415 pi-

561 1454 695 1491 scem
715 1438 804 1508 qui
828 1438 1043 1507 primum
1071 1454 1298 1507 egressus
1322 1437 1471 1507 fuerit
1494 1438 1631 1504 tolle,
1654 1438 1966 1509 inveniesque
1986 1438 2035 1491 in
2061 1453 2147 1492 ore

569 1531 677 1598 ejus
720 1539 953 1583 staterem
980 1544 999 1582 :
1028 1529 1158 1583 hunc
1186 1538 1442 1598 acceptum
1480 1528 1546 1581 da
1584 1545 1674 1598 pro
1716 1545 1795 1582 me
1834 1539 1881 1583 et
1928 1538 1976 1583 te
2016 1528 2141 1602 (Ib.

570 1620 697 1676 ιε.Ξῖ
723 1620 764 1690 ).
790 1620 950 1675 Vides
979 1620 1136 1675 modo
1155 1629 1449 1685 curantem,
1482 1618 1640 1673 modo
1667 1618 1796 1674 nihil
1825 1628 2095 1676 curantem
2120 1621 2142 1675 ‘3

560 1710 691 1764 Nam
721 1710 820 1766 hoc
840 1711 958 1765 loco
987 1710 1119 1764 nihil
1143 1710 1294 1765 valde
1330 1708 1593 1764 referebat
1620 1710 1845 1780 gloriam
1873 1711 2140 1783 Uuigeniti

561 1803 782 1857 revelari
807 1820 822 1856 :
849 1801 1116 1872 quomodo
1145 1802 1287 1856 enim
1312 1842 1328 1869 ,
1354 1816 1472 1856 eum
1503 1812 1559 1867 et
1585 1803 1705 1856 alibi
1734 1802 1997 1859 studuerit
2020 1820 2137 1860 eam

558 1893 914 1958 obumbrare,
949 1895 1363 1963 prmccperitqtte
1405 1893 1758 1961 multitudini,
1795 1910 1863 1950 ne
1899 1894 2140 1950 dicerent

556 1984 698 2052 quod
725 1985 837 2054 ipse
857 1995 1000 2043 esset
1022 1984 1297 2040 Christus?
1324 1985 1393 2040 Et
1419 1994 1692 2055 propterea
1716 1985 1844 2039 nihil
1865 1985 2041 2040 damni
2069 2001 2136 2040 ex

556 2092 621 2131 eo
662 2075 800 2147 quod
845 2077 1098 2147 dependit
1128 2076 1436 2133 didrachma
1472 2092 1485 2131 ε
1517 2078 1560 2131 si
1598 2088 1774 2132 autem
1806 2093 1910 2131 non
1937 2077 2131 2131 solvis.

553 2174 657 2232 set,
684 2182 868 2237 magna
897 2168 1017 2223 inde
1039 2177 1161 2223 nata
1188 2168 1410 2223 fuissent
1432 2168 1569 2222 mala
1596 2183 1746 2223 :nam
1769 2176 1826 2221 ut
1853 2178 2130 2239 tyrannum

552 2266 605 2311 et
633 2257 987 2313 obluctantem
1017 2267 1071 2313 et
1095 2258 1323 2313 civitatis
1349 2260 1612 2314 universae
1642 2259 1909 2313 inimicum
1935 2300 1949 2323 ,
1978 2268 2031 2313 et
2079 2260 2131 2313 in

553 2357 790 2404 extrema
813 2350 1044 2419 pericula
1066 2350 1408 2419 injicientem,
1432 2351 1610 2420 utique
1632 2351 1861 2406 aversati
1884 2350 2127 2406 fuissent.

553 2437 838 2509 Propterea
870 2440 1011 2510 ipsos
1040 2440 1130 2508 qui
1160 2440 1407 2495 volebant
1435 2441 1606 2509 ipsum
1636 2454 1842 2511 rapere,
1872 2450 1926 2495 et
1954 2440 2131 2497 facere

553 2544 753 2597 regem,
781 2529 987 2599 longius
1013 2529 1163 2600 fugit,
1195 2545 1418 2600 eamque
1444 2530 1746 2600 opinionem
1776 2545 1805 2583 a
1836 2530 2015 2585 multis
2037 2531 2128 2599 qui

548 2620 688 2674 circa
714 2620 886 2690 ipsum
914 2630 1068 2677 erant
1095 2621 1305 2690 repulit.
1333 2621 1503 2676 Priori
1528 2631 1716 2687 autem,
1734 2621 1852 2676 loco
1882 2636 2126 2683 necessa-

551 2711 687 2765 rium
713 2722 829 2767 erat
857 2713 908 2768 id
938 2713 1079 2782 quod
1105 2713 1359 2782 agebatur
1386 2730 1400 2765 :
1433 2712 1553 2767 ideo
1592 2712 1791 2779 utiliter
1822 2727 1885 2766 ac
1917 2721 2122 2781 tempe-

544 2801 681 2857 stive
698 2813 752 2858 et
773 2804 903 2858 utin
929 2802 1132 2858 meliori
1153 2818 1314 2873 Opere
1328 2803 1645 2873 contempsit
1672 2802 1996 2859 scandalum.
2029 2804 2124 2858 Et-

544 2899 686 2953 enim
699 2897 851 2953 valde
879 2897 1100 2966 tempori
1115 2898 1436 2967 congruebat
1464 2896 1529 2951 ad
1560 2913 1859 2968 supremam
1891 2898 2122 2967 philoso-

541 2989 719 3061 phiam
747 3002 1061 3045 ascensuros
1090 3004 1195 3043 non
1225 2987 1508 3058 prohibere
1532 2997 1589 3043 ut
1611 2990 1807 3044 ludatis
1831 3006 1946 3045 mos
1968 3005 2120 3061 gere-

541 3091 717 3147 retur;
741 3081 831 3137 sed
859 3080 1009 3135 abire
1029 3089 1252 3135 vocante
1275 3089 1514 3151 tempore
1540 3080 1605 3134 ad
1625 3081 1785 3136 animi
1811 3082 2114 3150 puritatem,

539 3192 710 3246 neque
736 3174 991 3232 retardari
1020 3173 1280 3245 corporali
1306 3174 1694 3239 observatione,
1726 3174 1820 3228 sed
1850 3190 1878 3229 a
1909 3175 1998 3228 vili
2029 3174 2115 3230 illa

536 3282 664 3323 cura
701 3267 881 3325 eximi.
922 3267 1013 3322 Sic
1052 3275 1106 3323 et
1143 3266 1336 3321 Paulus
1374 3265 1533 3321 modo
1565 3264 1882 3336 contempsit
1905 3281 1996 3319 eos
2024 3265 2116 3335 qui

535 3359 1043 3426 seandalizabantur,
1058 3357 1216 3414 modo
1235 3373 1340 3415 non
1360 3357 1696 3427 contempsit,
1713 3357 2010 3426 Magistrum
2029 3372 2114 3413 se-

534 3468 725 3523 quens,
754 3462 808 3509 et
833 3453 965 3507 dixit
994 3470 1007 3507 :
1044 3452 1143 3505 Per
1170 3452 1337 3509 omnia
1368 3452 1595 3506 omnibus
1623 3452 1814 3521 placeo,
1848 3467 1947 3505 non
1972 3467 2111 3522 quae-

532 3560 652 3599 rens
676 3544 810 3613 quod
835 3543 957 3597 mihi
982 3541 1106 3597 utile
1128 3553 1223 3606 est,
1247 3543 1334 3598 sed
1365 3543 1498 3613 quod
1529 3541 1720 3608 multis,
1750 3551 1803 3596 ut
1831 3542 1957 3596 salvi
1983 3543 2111 3611 ﬁant

534 3635 625 3704 (l.
659 3631 775 3688 Cor.
805 3633 890 3688 l0.
921 3633 1053 3704 55).
1096 3634 1152 3688 Si
1180 3643 1354 3690 autem
1392 3634 1584 3688 Paulus
1623 3649 1770 3688 suam
1816 3632 2104 3689 contemnit

531 3724 834 3792 utilitatem,
865 3734 920 3779 ut
950 3724 1178 3779 inveniat
1204 3723 1345 3793 quod
1374 3724 1549 3779 multis
1576 3723 1761 3793 prosit,
1787 3732 1986 3793 quanta
2007 3737 2108 3783 nos

529 3816 671 3886 digni
698 3815 897 3871 erimus
926 3830 1081 3885 paena
1109 3854 1123 3879 ,
1165 3814 1209 3867 si
1251 3828 1422 3882 neque
1450 3813 1717 3881 proprium
1749 3812 1978 3883 fugimus
2007 3810 2103 3867 da-

528 3923 733 3974 mnum,
753 3915 810 3961 nt
831 3907 1165 3961 inveniamus
1185 3904 1324 3975 quod
1347 3904 1473 3959 utile
1497 3905 1564 3958 sit
1585 3904 1724 3970 aliis,
1749 3905 1841 3959 sed
1865 3918 1962 3958 nos
1982 3920 2105 3974 quo-

526 4015 630 4074 que
648 4016 769 4054 eum
794 3999 912 4053 aliis
927 3997 1159 4054 suaviter
1176 3997 1466 4067 perdimus,
1489 4011 1607 4050 cum
1638 4011 1912 4065 possemus
1932 4006 1983 4051 et
2004 4012 2103 4052 nos

526 4096 670 4162 ipsos
698 4103 751 4146 et
773 4092 906 4145 alios
930 4105 1143 4145 servare
1163 4088 1186 4141 ‘l
1206 4089 1494 4157 Propterea
1513 4104 1633 4144 eum
1657 4089 1799 4144 videt
1825 4091 1996 4160 majus
2020 4092 2102 4145 lu-

525 4197 673 4236 crum
702 4195 856 4249 quam
888 4179 1139 4234 daumutn
1164 4220 1181 4246 ,
1210 4180 1495 4234 contemnit
1529 4194 1622 4234 eos
1659 4181 1748 4251 qui
1791 4182 2097 4236 scandalum

525 4272 838 4343 patiuntur:
870 4270 958 4324 ubi
1001 4280 1176 4326 autem
1225 4271 1428 4326 lucrum
1470 4271 1611 4327 videt
1653 4273 1892 4336 nullum,
1925 4272 2098 4328 solum

523 4375 703 4420 autem
741 4363 1047 4420 scandalum
1094 4363 1216 4418 inde
1258 4365 1470 4419 evenire
1494 4405 1510 4430 ,
1548 4364 1725 4419 omnia
1754 4374 1807 4419 et
1848 4364 2019 4419 facere
2044 4373 2099 4419 et

523 4456 629 4523 pati
650 4464 863 4525 paratus
884 4464 967 4510 est
996 4470 1061 4509 ne
1082 4453 1308 4517 eveniat,
1337 4453 1397 4508 Et
1422 4470 1524 4508 non
1546 4453 1780 4522 disputat
1800 4454 1920 4507 talia
1949 4469 2097 4508 more

519 4556 744 4601 nostro:
779 4560 883 4600 non
923 4546 1059 4600 enim
1104 4544 1265 4610 dicit,
1294 4543 1467 4610 Quare
1510 4552 1633 4597 sunt
1674 4544 1906 4598 iulirmi?
1931 4560 2097 4615 quare

519 4640 635 4695 sine
663 4652 821 4692 causa
850 4637 927 4693 sic
954 4635 1127 4691 affecti
1157 4635 1323 4690 sunt?
1351 4634 1444 4691 sed
1472 4650 1533 4689 ea
1562 4635 1627 4689 de
1652 4650 1810 4690 causa
1838 4634 1968 4704 ipsis
1998 4651 2095 4705 po-

520 4730 779 4783 tissimum
808 4729 995 4798 parcit,
1019 4728 1141 4797 quia
1167 4728 1237 4782 ob
1265 4727 1484 4781 rationis
1515 4727 1787 4796 penuriam
1815 4728 1884 4780 ita
1911 4741 1970 4783 se
1998 4726 2094 4780 ha-

519 4823 659 4884 bent,
690 4833 744 4876 et
774 4822 843 4875 ita
873 4820 1063 4875 infirmi
1094 4828 1239 4875 sunt.

591 4915 645 4966 4.
695 4916 788 4967 Dic
819 4916 961 4967 enim
1004 4911 1132 4966 mihi
1171 4910 1379 4980 qualem
1426 4910 1516 4966 ille
1559 4910 1926 4967 rationabilem
1953 4926 2092 4981 prae-

519 5011 722 5058 textum
749 5003 925 5058 dicere
946 5010 1121 5071 potest
1139 5042 1153 5064 ,
1179 5002 1268 5071 qui
1291 5001 1676 5057 scandalizatur
1700 5002 1756 5056 in
1782 5001 2093 5057 comedente

516 5108 733 5149 carnem
769 5102 824 5147 et
857 5093 1070 5150 bibeute
1108 5093 1331 5148 vinum?
1371 5094 1507 5147 hanc
1532 5095 1727 5164 quippe
1754 5095 1924 5165 legem
1956 5096 2092 5150 Deus

518 5185 644 5239 olim
674 5185 869 5254 posuit.
894 5182 1273 5261 Verumtamen
1302 5183 1354 5238 in
1385 5183 1467 5237 his
1498 5184 1543 5237 si
1580 5183 1965 5239 scandalizetur
1991 5187 2092 5240 alie

516 5276 655 5346 quis,
683 5276 879 5331 Paulus
900 5275 1147 5329 abstinet.
1179 5273 1299 5328 Non
1323 5276 1463 5329 enim
1486 5289 1689 5329 carnem
1712 5278 1989 5344 comedam,
2014 5278 2094 5331 in-

514 5369 665 5437 quit,
694 5383 847 5437 neque
885 5368 1052 5420 vinum
1079 5365 1279 5430 bibam,
1322 5375 1376 5418 ut
1412 5381 1475 5419 ne
1510 5365 1846 5422 scandalizent
1886 5368 2092 5437 fratrem

515 5459 535 5531 (
563 5461 605 5512 I.
630 5458 746 5514 Cor.
773 5459 828 5515 8.
849 5459 965 5530 ts).
994 5446 1101 5514 Nec
1124 5458 1335 5514 dixitea
1366 5473 1482 5527 quae
1509 5473 1608 5514 nos
1629 5459 1885 5516 dicimus:
1910 5460 2089 5532 Subji-

514 5551 808 5607 cien‘dusne
848 5566 947 5620 ego
985 5551 1173 5608 aliena:
1214 5550 1573 5621 insipientitc?
1612 5567 1736 5607 num
1770 5553 1893 5624 quia
1931 5553 2089 5613 alicui

514 5641 824 5711 simpliciori
862 5639 1069 5697 videtur
1101 5656 1221 5697 esse
1261 5642 1571 5699 scandalum
1596 5683 1611 5707 ,
1654 5657 1754 5712 ego
1782 5643 1972 5713 dignus
1999 5644 2089 5713 qui

513 5734 826 5804 Snyplicium
866 5733 1050 5791 illam?
1075 5733 1326 5803 Quamvis
1369 5736 1526 5790 etiam
1562 5736 1605 5789 si
1644 5734 1896 5801 dixisset,
1926 5734 2090 5791 multo

1280 308 1339 366 S.
1371 310 1656 385 JOANNlS
1684 309 2165 373 CHRYSOSTOMI
2206 313 2527 373 ARCﬂlEP.
2558 316 3087 391 CONSTANTINOP.

3739 333 3842 390 500

2269 440 2447 485 tamen
2484 432 2680 502 justins
2716 434 2938 492 dixisset
2983 453 3138 506 quam
3181 452 3297 494 nos.
3344 439 3475 495 Nam
3514 443 3603 512 qui
3648 441 3701 496 in
3746 444 3846 500 illis

2266 522 2673 593 scandalizatur,
2699 526 2996 581 insensatus
3015 533 3101 581 est
3116 534 3169 582 et
3190 530 3341 584 valde
3360 531 3643 600 insipiens;
3663 548 3843 588 verum

2265 613 2317 667 in
2353 614 2431 667 his
2462 615 2573 684 ipse
2604 616 2799 677 multas
2819 619 2989 687 justas
3032 620 3291 690 etdignas
3317 637 3507 679 causas
3547 639 3680 694 quas
3706 625 3846 680 dicat

2264 705 2442 763 habet.
2462 709 2833 764 Verumtamen
2851 711 3074 780 justiora
3096 712 3252 766 etiam
3271 728 3428 782 quam
3455 729 3552 770 nos
3574 716 3846 772 habuisset

2262 796 2475 860 Paulus,
2499 798 2761 867 siquidem
2790 800 3070 857 voluisset:
3093 810 3145 855 at
3163 818 3267 856 non
3286 804 3435 870 dixit,
3468 805 3557 858 sed
3585 807 3651 859 ad
3681 823 3844 862 unum

2259 888 2430 947 solum
2476 891 2735 959 Spectavit
2765 932 2781 957 ,
2828 906 3019 961 nempe
3060 893 3283 947 salutem
3327 896 3575 963 proximi.
3619 897 3687 951 Et
3726 898 3844 952 vide

2257 994 2411 1048 quam
2443 980 2737 1036 eminenter
2764 999 2778 1036 :
2810 998 2913 1037 non
2937 983 3077 1038 enim
3105 983 3241 1038 dixit
3267 986 3463 1049 semel,
3488 995 3577 1039 aut
3608 986 3691 1042 bis
3709 1030 3726 1055 ,
3753 997 3845 1042 aut

2256 1076 2402 1122 tanto
2430 1080 2689 1140 tempore,
2721 1072 2837 1139 sed,
2868 1072 2932 1127 In
2962 1084 3225 1140 teternum,
3249 1077 3342 1139 ait,
3374 1092 3472 1129 non
3494 1077 3777 1142 comedam,
3796 1079 3841 1132 si

2254 1158 2643 1214 scandalizetur
2669 1161 2825 1216 alius.
2860 1162 2925 1216 Et
2949 1171 3007 1217 ut
3032 1178 3099 1217 ne
3126 1174 3279 1233 putes
3308 1165 3358 1217 in
3398 1165 3479 1218 his
3507 1181 3631 1220 eum
3662 1168 3837 1221 subsi-

2252 1258 2428 1332 stere,
2459 1260 2515 1305 et
2541 1252 2682 1317 aliud
2725 1254 2975 1323 quiddam
3006 1255 3189 1323 adjicit
3227 1255 3327 1310 hoc
3370 1261 3560 1326 majus.
3598 1257 3666 1313 Ut
3693 1259 3834 1313 enim

2250 1342 2385 1396 dixit
2403 1333 2647 1413 f’Bonum
2683 1354 2756 1399 est
2792 1362 2892 1399 non
2920 1348 3176 1401 comedere
3198 1365 3431 1412 carnem,
3463 1359 3510 1403 et
3549 1366 3647 1403 non
3672 1350 3837 1406 bibere

2249 1434 2419 1489 vinum
2450 1432 2640 1505 (Rom.
2671 1435 2757 1489 il.
2803 1434 2867 1490 21
2897 1434 2954 1506 ),
2985 1437 3258 1506 conjunxit
3285 1448 3337 1491 et
3365 1438 3491 1493 illud
3517 1456 3530 1492 :
3564 1438 3745 1509 Neque
3766 1442 3833 1495 il-

2248 1524 2338 1576 lud
2356 1565 2371 1589 ,
2410 1541 2499 1595 per
2533 1526 2668 1597 quod
2693 1529 2854 1598 frater
2879 1536 2994 1582 tuus
3029 1528 3301 1599 impingit,
3331 1530 3409 1584 vel
3432 1532 3827 1599 scandalizatur,

2246 1614 2324 1667 vel
2346 1616 2648 1682 inﬁrmatur.
2675 1617 2741 1671 Et
2759 1618 3121 1673 animadverte
3145 1635 3333 1674 rursus
3354 1622 3667 1688 sapientiam
3697 1639 3832 1692 pra:-

2251 1706 2503 1775 ceptoris.
2536 1707 2740 1762 Relicto
2774 1709 2916 1763 enim
2954 1709 3168 1765 infirmo
3204 1709 3395 1764 fortem
3442 1712 3664 1782 corrigit
3709 1724 3828 1767 ante

2245 1796 2391 1850 illum
2427 1815 2439 1850 :
2470 1812 2592 1852 nam
2621 1798 2775 1852 fortis
2801 1809 2987 1854 auctor
3011 1809 3092 1855 est
3115 1842 3129 1866 ,
3165 1801 3304 1871 quod
3338 1802 3425 1855 ille
3454 1801 3701 1857 infirmus
3726 1804 3822 1869 sit,

2248 1902 2315 1942 eo
2343 1887 2483 1957 quod
2522 1890 2687 1959 possit
2715 1889 3075 1957 infirmitatem
3097 1893 3362 1960 corrigere
3382 1934 3396 1960 ,
3428 1903 3481 1948 et
3508 1909 3614 1949 non
3647 1895 3822 1950 faciat.

2246 1977 2444 2047 Ecquid
2476 1978 2595 2032 dico
2623 1979 2689 2033 de
2720 1980 2944 2034 infirmis
2971 1980 3266 2036 fratribus?
3299 1984 3503 2037 Etenim
3546 1984 3747 2040 Judaeis
3773 1998 3823 2042 et

2238 2070 2485 2136 gentibus
2515 2070 2665 2139 jubet
2699 2072 2939 2131 eamdem
2970 2088 3150 2128 curam
3184 2074 3413 2145 impendi
3450 2095 3463 2134 :
3497 2077 3625 2131 Sine
3656 2077 3821 2145 oﬂ'eu-

2234 2158 2430 2228 dicula,
2460 2161 2552 2227 ait,
2574 2171 2727 2217 estote
2746 2172 2792 2216 et
2810 2162 3005 2218 Judwis
3032 2175 3076 2218 et
3096 2167 3322 2235 gentibus
3347 2178 3393 2220 et
3419 2166 3663 2223 Ecclesia:
3690 2168 3785 2223 Dei
3802 2171 3819 2201 ‘

2237 2254 2311 2321 (l.
2341 2252 2457 2308 Cor.
2481 2254 2564 2310 10.
2589 2255 2704 2335 52).
2727 2255 2907 2326 Itaque
2932 2268 3128 2329 quanto
3156 2269 3207 2313 te
3226 2260 3498 2315 fortiorem
3518 2278 3642 2317 esse
3665 2262 3815 2328 dicis,

2232 2347 2471 2417 nihilque
2506 2363 2535 2404 a
2573 2349 2967 2405 cohabitatione
3007 2353 3310 2407 nocumeuti
3356 2355 3599 2424 accipere
3623 2396 3638 2419 ,
3672 2365 3819 2411 tanta

2231 2439 2400 2509 magis
2423 2439 2649 2509 teipsum
2678 2440 2972 2497 debitorem
3000 2444 3299 2507 constituis,
3327 2452 3385 2499 ut
3415 2447 3683 2500 vinculum
3716 2447 3818 2503 hoc

2231 2546 2466 2601 rumpas.
2490 2530 2622 2586 Nam
2648 2541 2844 2602 quanto
2869 2532 3059 2588 fortior
3080 2551 3201 2590 eras
3221 2578 3235 2600 ,
3268 2545 3416 2590 tanto
3442 2539 3648 2609 sequius
3678 2539 3813 2604 fuit,

2229 2629 2287 2674 ιιι
2312 2620 2653 2677 infirmiorem
2682 2631 2938 2692 gestares.
2972 2624 3134 2695 igitur
3159 2626 3204 2681 si
3229 2626 3467 2683 infirmus
3487 2645 3566 2697 es,
3596 2641 3818 2702 propter

2229 2721 2282 2765 te
2312 2711 2481 2793 ipsum
2512 2712 2744 2780 desiste;
2776 2714 2857 2769 sin
2894 2715 3190 2781 robustior,
3224 2727 3440 2789 propter
3468 2720 3691 2776 alterius
3725 2723 3812 2776 in-

2226 2802 2550 2858 firmitatem.
2579 2803 2695 2859 Non
2724 2806 2866 2859 enim
2893 2806 2993 2861 sibi
3018 2808 3115 2877 ipsi
3143 2807 3454 2877 dumtaxat,
3484 2811 3579 2866 sed
3609 2822 3664 2866 et
3692 2814 3813 2869 aliis

2224 2894 2415 2949 fortem
2458 2910 2578 2951 esse
2617 2905 2829 2966 oportet
2856 2912 2977 2953 eum
3004 2899 3093 2969 qui
3140 2898 3292 2955 fortis
3325 2912 3428 2956 est.
3465 2902 3621 2971 Quod
3664 2906 3709 2960 si
3760 2916 3811 2962 te

2213 2984 2413 3041 fortem
2445 3002 2567 3042 esse
2596 2987 2727 3043 dicis
2751 3029 2766 3055 ,
2810 2998 2865 3045 et
2902 2990 3262 3047 infirmitatem
3298 2993 3440 3050 illius
3464 2997 3806 3064 contemnis,

2210 3078 2436 3149 duplam
2460 3080 2611 3136 dabis
2636 3096 2846 3152 pteuam
2869 3125 2883 3149 ,
2911 3093 3019 3140 tum
3046 3085 3185 3154 quod
3218 3101 3320 3139 non
3348 3090 3657 3157 pepercisti,
3693 3102 3807 3147 tum

2208 3169 2358 3239 quod
2394 3171 2554 3224 multa
2594 3172 2685 3226 tibi
2728 3174 2808 3227 vis
2837 3183 2953 3227 erat
2986 3183 3043 3228 ut
3073 3174 3146 3229 illi
3178 3190 3398 3245 parcere
3429 3192 3635 3247 posses.
3669 3180 3806 3237 Nam

2207 3261 2581 3332 unusquisque
2603 3271 2840 3320 nostrum
2862 3264 3070 3320 debitor
3089 3277 3170 3321 est
3191 3268 3375 3322 salutis
3398 3271 3645 3339 proximi.
3664 3272 3807 3328 Pro-

2207 3360 2395 3420 pterea
2418 3352 2555 3423 jussi
2580 3369 2797 3422 sumus,
2831 3370 2936 3410 non
2963 3371 3080 3426 quae
3110 3367 3287 3412 nostra
3327 3368 3496 3426 sunt,
3543 3363 3638 3417 sed
3679 3382 3805 3435 qua:

2212 3444 2437 3511 proximi
2476 3446 2812 3517 spectare“.
2832 3446 2949 3501 Cor.
2970 3447 3066 3515 10,
3093 3447 3225 3520 24).
3256 3448 3432 3508 Pretio
3458 3453 3600 3508 enim
3630 3459 3803 3525 empti

2209 3547 2406 3591 sumus
2426 3534 2499 3605 (ι.
2523 3534 2647 3589 Cor.
2668 3538 2722 3600 6,
2744 3539 2860 3608 ‘20),
2879 3547 2933 3594 et
2949 3542 3040 3609 qui
3062 3556 3161 3595 nos
3184 3542 3430 3609 redemit,
3455 3544 3558 3597 hoc
3588 3559 3803 3612 praece-

2210 3624 2292 3693 pit
2325 3624 2379 3678 in
2415 3640 2757 3684 communem
2789 3631 3095 3686 animarum
3139 3641 3453 3690 nostrarum
3488 3637 3814 3693 utilitatem.

2207 3716 2321 3771 Non
2362 3715 2502 3772 enim
2531 3718 2631 3771 hoc
2670 3717 2841 3771 solum
2886 3728 3125 3772 nostrum
3167 3727 3251 3775 est
3277 3719 3481 3775 lucrum
3514 3761 3533 3788 ,
3579 3722 3804 3789 quando

2206 3811 2417 3883 propria
2459 3825 2733 3866 servamus
2774 3810 3014 3868 membra
3041 3853 3057 3880 ,
3104 3813 3197 3867 sed
3237 3820 3290 3865 et
3324 3811 3535 3881 quando
3572 3813 3716 3866 alios
3748 3814 3800 3866 in

2207 3903 2392 3973 majori
2435 3904 2717 3958 securitate
2759 3903 3146 3958 constituimus.
3196 3903 3445 3970 Quamvis
3477 3903 3620 3958 enim
3670 3906 3801 3957 mit-

2205 3993 2302 4048 lies
2347 3992 2735 4063 philosopheris
2763 4035 2778 4059 ,
2831 3992 3162 4062 redargueris
3204 4001 3381 4047 tamen
3438 4008 3535 4063 per
3586 4008 3754 4064 opera
3780 4036 3793 4058 ,

2202 4082 2455 4137 damnum
2498 4099 2563 4138 ex
2608 4081 2708 4137 hac
2746 4082 3138 4137 cohabitatione
3177 4094 3491 4151 accepturus
3534 4098 3639 4143 non
3669 4085 3796 4137 vul-

2200 4188 2348 4243 gare.
2389 4172 2610 4241 Quando
2641 4174 2781 4227 enim
2813 4183 2864 4246 t_e
2890 4173 3043 4228 video
3082 4174 3152 4227 ita
3189 4173 3345 4228 avelli
3375 4189 3479 4227 non
3508 4189 3667 4243 posse
3691 4218 3707 4237 ,
3739 4185 3794 4229 et

2202 4266 2367 4319 millia
2396 4280 2579 4320 eorum
2604 4264 2898 4341 despicere,
2941 4281 3057 4335 qua:
3086 4264 3335 4318 damnum
3382 4264 3635 4327 inferunt,
3685 4276 3791 4319 nec

2201 4356 2441 4410 converti
2470 4365 2519 4412 te
2549 4364 2653 4409 tam
2684 4356 2863 4409 multis
2887 4354 3422 4425 reprehendentibus,
3450 4354 3543 4411 sed
3576 4365 3632 4409 et
3656 4357 3780 4425 glo-

2199 4448 2331 4502 riam
2357 4457 2496 4501 tuam
2524 4447 2857 4512 conculcare,
2885 4446 3244 4516 Ecclesizeque
3264 4460 3507 4516 magnam
3529 4436 3789 4501 invidiam

2199 4537 2468 4603 conﬂare,
2508 4545 2668 4606 atque
2709 4536 3001 4592 infidelium
3049 4551 3140 4590 ora
3191 4537 3399 4606 aperire
3424 4577 3438 4602 ,
3484 4551 3788 4608 omnesque

2199 4630 2335 4684 mala
2364 4630 2615 4701 opinione
2642 4628 2899 4694 imbuere,
2923 4636 2978 4682 et
2997 4635 3138 4681 tanta
3168 4627 3381 4696 quidem
3407 4641 3475 4681 ex
3501 4626 3786 4682 cohabita-

2198 4722 2343 4778 tione
2373 4723 2515 4778 nasci
2546 4721 2682 4776 mala
2704 4762 2719 4786 ,
2747 4721 2949 4775 nullum
2991 4730 3170 4775 autem
3212 4721 3493 4790 provenire
3532 4720 3737 4775 bonum
3766 4737 3782 4787 ;

2197 4830 2262 4868 ex
2290 4814 2627 4883 separatione
2653 4828 2778 4867 vero
2807 4811 2996 4866 horum
3025 4811 3261 4866 omnium
3305 4810 3567 4864 malorum
3598 4812 3782 4866 subla-

2199 4906 2431 4969 tionem,
2462 4904 2746 4959 multorum
2790 4911 2966 4957 autem
3006 4903 3229 4957 aliorum
3265 4903 3524 4957 bonorum
3564 4917 3783 4973 posses-

2197 4997 2400 5052 sionem
2446 4994 2667 5065 adipiscj
2706 4994 2902 5060 licere,
2936 4991 3131 5049 deinde
3172 5009 3292 5047 cum
3341 4992 3553 5048 resilire
3601 4994 3741 5047 nolis
3766 5033 3781 5055 .

2195 5089 2464 5159 quomodo
2490 5086 2807 5157 persuadere
2847 5094 3033 5155 potero
3061 5085 3180 5139 aliis
3207 5084 3349 5155 quod
3379 5083 3680 5139 at'l'ectionis
3709 5085 3784 5137 sis

2196 5194 2408 5248 expers,
2439 5189 2492 5233 et
2532 5193 2562 5231 a
2601 5176 3030 5246 concupiscentia
3073 5175 3211 5229 mala
3262 5175 3468 5245 purus?
3510 5174 3625 5229 lmo
3653 5189 3785 5229 vero

2196 5283 2357 5337 super
2385 5268 2465 5323 his
2492 5266 2620 5321 nihil
2647 5265 2912 5321 contendo
2936 5282 2950 5331 ;
2979 5265 3071 5321 sed
3100 5274 3216 5319 esto
3237 5264 3379 5335 quod
3403 5265 3477 5318 sis
3500 5266 3666 5319 etiam
3693 5279 3785 5317 co-

2196 5357 2482 5414 babitando
2505 5372 2666 5427 purus
2690 5399 2703 5421 ,
2736 5356 2976 5426 quamvis
3014 5371 3079 5409 ne
3104 5354 3205 5411 Job
3231 5354 3447 5425 quidem
3476 5354 3566 5409 ille
3591 5355 3782 5410 beatus

2195 5463 2358 5504 ausus
2382 5446 2479 5503 fuit
2505 5458 2701 5503 tantam
2728 5448 2975 5502 virtutem
3004 5454 3059 5501 et
3092 5446 3405 5516 sapientiam
3446 5444 3551 5501 sibi
3579 5445 3782 5501 adscri-

2197 5538 2357 5605 bere;
2403 5538 2497 5593 sed
2538 5538 2629 5610 qui
2675 5553 2889 5595 omnem
2932 5535 3335 5594 transcenderat
3378 5535 3633 5592 virtutem
3661 5574 3678 5595 .
3707 5548 3778 5591 es

2262 5745 2277 5777 ι
2314 5750 2363 5793 tn
2383 5739 2543 5803 Savil.,
2565 5740 2756 5793 cltristt.
