4060 6136
375 278 476 334 499

1023 272 1301 331 CONTRA
1341 273 1472 331 EOS
1511 274 1628 342 QUI
1669 271 2295 332 SUBINTRODUCTAS
2335 274 2609 330 IIABENT
2646 270 2993 333 VIRGiNES.

3533 269 3636 327 500

376 392 465 445 τοῦ
531 390 925 463 προσήκοντος.
986 393 1114 446 Ὅτε
1175 394 1275 464 μὲν
1327 395 1437 467 γὰρ
1505 396 1630 465 περὶ
1697 395 1800 465 τῆς
1844 395 1955 449 τῶν
2061 397 2330 466 ἀδελφόν
2348 414 2463 467 μου
2483 366 3023 453 σκανδαλίσω.Καὶ
3044 390 3142 445 οὐκ
3163 388 3281 444 εἶπε
3304 387 3473 443 ταῦτα
3496 390 3639 461 άπερ

379 476 687 563 ἐδεσμάτων
715 476 987 545 διελέγετο
1017 477 1257 563 φύσεως,
1293 481 1387 534 καὶ
1439 479 1651 533 ἐδείκνυ
1710 480 1957 552 καθαρὰν
2061 493 2241 563 ἡμεῖς,
2275 493 2377 556 δτι,
2422 493 2562 561 Ἐγὼ
2595 491 2771 563 μέλλω
2804 490 2902 560 τῆς
2952 488 3154 560 ἑτέρων
3204 486 3425 555 ἀλογίας
3471 483 3641 537 ὑπεύ-

379 562 543 632 αὐτὴν
577 555 763 625 οὖσαν,
798 563 891 616 καὶ
921 563 1020 631 τῆς
1057 562 1356 632 Ἰουδαϊκῆς
1372 563 1680 634 ἀπήλλαττε
1708 580 1961 635 παρατη-

2065 574 2221 639 Ουνος
2244 574 2395 647 [‘253]
2427 570 2600 641 εἷναι;
2634 575 2750 638 καὶ,
2798 573 2925 627 Ἐάν
2961 589 3065 626 τινι
3096 570 3222 643 δόξῃ
3249 568 3642 638 σκανδαλισθῆ-

292 702 298 706 ~
384 649 612 717 Ρῆσεωςν
650 645 985 708 εἰσελθόντος
1026 646 1119 700 τοῦ
1171 646 1376 717 Πέτρου
1418 648 1512 720 καὶ
1554 646 1795 709 εἰπόντος
1820 683 1835 710 2
1879 647 1960 698 δτι
2061 676 2151 712 ναι
2196 645 2400 723 ἁπλῶς,
2434 657 2544 727 ἐγὼ
2594 659 2788 728 ἔσομαι
2820 655 2970 723 ἄξιος
3009 655 3165 724 δίκην
3192 653 3411 716 δοῦναι;
3448 649 3642 703 Καίτοι

394 730 1029 796 Ἑσκανδαλισθησαν,
1061 731 1236 798 Ἄφες
1274 729 1516 795 αὐτοὺς.
1573 730 1736 800 φησί’
1782 729 1876 781 καὶ
1899 728 1962 780 οὐ

387 813 543 884 μόνον
574 812 981 885 κατεφρόνησεν
1015 813 1216 877 αὐτῶν,
1264 813 1400 866 ἀλλά
1430 814 1522 867 καὶ
1552 811 1705 884 [232]
1732 812 1965 882 κατηγό-

389 914 549 968 ρησεν
602 896 795 961 εἰπὼν,
832 896 1008 951 Πᾶσα
1045 896 1154 966 γάρ
1188 897 1422 966 φυτεία,
1468 895 1549 962 ἣν
1575 898 1686 949 οὐκ
1723 896 1967 963 ἐφύτευ-

382 997 496 1035 σεν
512 984 546 1036 ὀ
570 982 771 1049 Πατήρ
793 998 914 1049 μου
939 984 973 1035 ό
992 980 1291 1049 οὐράνιος,
1318 979 1769 1049 ὲκριζὶοθήσεται
1789 997 1802 1009 ·
1823 979 1966 1033 οὕτω

386 1065 476 1118 τὸν
519 1066 682 1136 νόμον
711 1065 981 1137 ἠκύρωσε.
1002 1065 1095 1117 τὸν
1135 1065 1265 1136 περὶ
1295 1064 1621 1135 βρωμάτων.
1662 1062 1881 1134 Ἐπειδὴ
1911 1063 1967 1115 δὲ

385 1150 435 1204 οί
459 1150 528 1204 τὰ
553 1150 823 1221 δίδραχμα
844 1148 1224 1212 ἀπαιτοῦντες,
1257 1149 1334 1220 τῷ
1365 1150 1556 1219 Πέτρῳ
1576 1148 1968 1217 προσελθόντες

386 1233 592 1301 ελεγον,
643 1234 696 1285 '0
745 1232 1116 1298 διδάσκαλός
1167 1248 1284 1286 σου
1334 1235 1406 1286 οὐ
1451 1231 1613 1286 τελεῖ
1652 1232 1726 1284 τὰ
1774 1230 1972 1298 δίδρα-

390 1333 532 1387 χμα,
558 1317 741 1371 οὐκέτι
797 1317 858 1370 τὸ
894 1317 1027 1371 αὐτὸ
1074 1316 1396 1387 πεποίηκεν,
1434 1316 1568 1388 ὅπερ
1602 1316 1688 1369 ἐπ’
1723 1315 1967 1378 ἐκείνων,

389 1399 523 1454 ἀλλὰ
572 1397 849 1472 φροντίζει
887 1399 981 1453 τοῦ
1018 1399 1316 1454 σκανδάλου
1364 1399 1459 1453 καί
1493 1417 1687 1471 φησιν’
1735 1400 1860 1454 Ἵνα
1902 1397 1972 1451 δὲ

384 1482 468 1553 μὴ
523 1482 1029 1551 σκανδαλίσωμεν
1081 1483 1322 1549 αὐτοὺς,
1380 1483 1694 1551 πορευθεὶς
1734 1485 1821 1548 εἰς
1858 1481 1973 1549 τὴν

387 1567 713 1623 θάλασσαν
734 1567 894 1632 βάλε
946 1566 1291 1636 ἄγκιστρον,
1322 1565 1422 1620 καί
1449 1579 1475 1606 ι
1513 1564 1620 1619 τὸν
1670 1565 1975 1621 ἀναϐάντα

390 1652 628 1720 πρῶτον
669 1651 839 1721 ἰχθὺν
870 1644 1037 1718 ἆρον,
1070 1651 1166 1703 καὶ
1202 1650 1481 1716 εὑρήσεις
1510 1647 1580 1702 ἐν
1617 1648 1697 1714 τῷ
1726 1648 1976 1718 στόματι

391 1734 579 1788 αὐτοῦ
622 1733 891 1801 στατῆρα
906 1750 918 1763 ·
956 1732 1176 1787 τοῦτον
1189 1731 1393 1787 λαϐὼν
1410 1731 1517 1798 δὸς
1540 1731 1675 1786 ἀντὶ
1706 1732 1853 1802 ἐμοῦ
1873 1730 1972 1786 καί

390 1818 528 1872 σοῦ.
571 1817 732 1888 Ὁρᾷς
774 1816 871 1869 καὶ
923 1815 1276 1888 φροντίζοντα
1313 1815 1407 1867 καὶ
1463 1814 1537 1884 μὴ
1589 1814 1972 1885 φροντίζοντα;

402 1899 672 1954 Ἐνταῦθα
703 1901 801 1972 μὲν
831 1901 939 1971 γὰρ
978 1901 1079 1954 οὐκ
1104 1895 1173 1970 ἦν
1205 1900 1533 1966 κατεπεῖγον
1563 1896 1976 1969 ὲκκαλυφθῆναι

389 1984 485 2039 τοῦ
510 1985 849 2054 Μονογενοῦς
869 1988 968 2057 τὴν
981 1984 1139 2051 δόξαν
1156 2000 1170 2014 ·
1194 1983 1311 2040 πῶς
1334 1983 1465 2051 γὰρ,
1493 1983 1628 2036 ὅπου
1655 1981 1752 2034 καὶ
1774 1983 1973 2053 ἐπετή-

390 2068 549 2122 δευεν
590 2069 759 2139 αὐτὴν
810 2067 1145 2133 συσκιάζειν,
1171 2068 1267 2121 καὶ
1292 2067 1510 2121 ἐκέλευε
1537 2064 1752 2129 πολλοῖς
1784 2068 1859 2139 μὴ
1893 2065 1981 2119 λέ-

394 2170 538 2221 γειν,
567 2153 651 2207 ὅτι
686 2153 850 2216 αὐτὸς
894 2153 981 2224 εῐη
1036 2154 1066 2206 6
1105 2152 1377 2223 Χριστός;
1410 2151 1521 2205 Kal
1570 2151 1658 2207 διὰ
1685 2151 1841 2206 τοῦτο
1874 2150 1981 2205 ἀπὸ

396 2236 497 2306 μὲν
530 2235 625 2290 τοῦ
659 2236 972 2289 καταθεῖναι
1005 2235 1074 2288 τά
1131 2234 1448 2306 δίδραχμαδ
1479 2234 1632 2288 οὐδὲν
1659 2229 1728 2307 ἦν
1762 2233 1977 2306 βλάϐος,

396 2317 509 2372 ἀπὸ
539 2318 596 2371 δὲ
622 2316 716 2372 τοῦ
743 2317 818 2391 μὴ
838 2317 1151 2372 καταθεῖναι
1183 2318 1397 2389 μεγάλα
1425 2317 1669 2372 ἐτίκτετο
1699 2319 1874 2373 κακά·
1907 2319 1983 2384 ὼς

396 2401 510 2474 γὰρ
536 2401 822 2474 τύραννον,
855 2402 951 2456 καὶ
981 2401 1331 2475 ἀνταίροντα,
1355 2400 1451 2455 καὶ
1479 2401 1580 2471 τῆς
1603 2400 1813 2466 πόλεως
1837 2402 1981 2455 ἀπά-

400 2500 504 2556 σης
527 2484 740 2557 ἐχθρὸν,
771 2485 865 2540 καὶ
888 2485 968 2548 είς
1011 2486 1137 2549 τοὺς
1158 2485 1420 2556 ἐσχάτους
1444 2484 1782 2556 ὲμδάλλοντα
1807 2486 1987 2541 κινδύ-

300 2590 303 2597 ·
396 2584 544 2630 νους,
591 2568 763 2632 οὕτως
806 2568 872 2623 ἂν
905 2569 1361 2641 ἀπεστράφησαν.
1420 2568 1521 2621 Διά
1562 2568 1626 2641 δὴ
1681 2569 1841 2624 τοῦτο
1891 2569 1986 2624 καὶ

403 2650 760 2723 βουλομένους
790 2652 988 2716 αὐτοὺς
1026 2653 1273 2723 ἀρπάσαι
1316 2668 1377 2705 τε
1426 2651 1590 2705 αὐτὸν
1625 2653 1721 2705 καὶ
1760 2650 1988 2722 βασιλέα

401 2734 627 2805 ποιῆσαι
658 2735 908 2805 ἀπέφυγε
942 2735 1247 2808 πόρρωθεν,
1284 2736 1349 2788 ὲκ
1389 2733 1585 2787 πολλοῦ
1627 2732 1724 2787 τοῦ
1763 2734 1983 2805 περιόν-

399 2835 494 2882 τος
532 2816 736 2889 ταύτην
783 2819 1225 2890 ἀποκρουόμενος
1280 2818 1381 2889 τὴν
1428 2815 1719 2888 ὑπόληψιν.
1754 2818 1903 2871 Ἐκεῖ
1930 2816 1989 2870 δὲ

402 2902 698 2971 ἀναγκαῖον
750 2901 812 2955 τὸ
868 2901 1303 2973 κατορθούμενον
1334 2896 1431 2970 ἦν·
1466 2901 1548 2954 διὸ
1585 2900 1877 2972 χρησίμως
1929 2917 1990 2953 τε

407 2988 506 3041 καὶ
553 2987 826 3058 εὐκαίρως
864 2987 960 3041 καὶ
1002 2987 1095 3039 ἐπὶ
1152 2984 1535 3056 κατορθώματι
1587 2984 1795 3055 μείζονι
1867 3002 1993 3039 κατ-

408 3071 679 3142 εφρόνησε
722 3069 816 3123 τοῦ
865 3069 1184 3127 σκανδάλου.
1215 3068 1325 3122 Kal
1352 3068 1463 3139 γὰρ
1494 3066 1749 3139 εὐκαιρον
1781 3063 1851 3139 ἦν
1882 3066 1992 3122 λοι-

387 3154 511 3207 ’πὸν
539 3155 667 3218 τοὺς
701 3153 992 3224 μέλλοντας
1032 3153 1128 3205 ἐπὶ
1166 3152 1265 3225 τὴν
1314 3151 1626 3223 ἀκροτάτην
1682 3151 1994 3206 ἀναϐαίνειν

407 3236 756 3308 φιλοσοφίαν,
778 3235 853 3308 μὴ
883 3235 1114 3290 κωλύειν
1156 3235 1245 3290 διὰ
1276 3237 1375 3307 τὴν
1417 3237 1497 3300 εἰς
1530 3237 1657 3301 τούς
1698 3236 1994 3301 Ἰουδαίους

407 3318 598 3389 φειδὼ,
638 3319 752 3374 ἀλλ’
783 3319 1002 3389 ἀφιέναι
1052 3319 1240 3373 λοιπὸν
1303 3317 1396 3373 τοῦ
1456 3320 1651 3392 καιροῦ
1704 3318 1994 3385 καλοῦντος

407 3404 504 3459 ἐπὶ
535 3405 634 3478 τὴν
681 3405 783 3477 τῆς
838 3404 1020 3476 ψυχῆς
1058 3404 1431 3476 καθαρότητα,
1479 3405 1576 3460 καὶ
1619 3405 1693 3477 μὴ
1745 3405 1996 3478 κατέχειν

407 3488 467 3542 ὲν
493 3490 558 3559 τῇ
597 3491 883 3560 σωματικῇ
917 3491 1324 3561 παρατηρήσει,
1356 3488 1495 3542 ἀλλά
1546 3491 1851 3560 συγχωρεῖν
1897 3489 1998 3560 τῆς

405 3570 835 3643 ταπεινότητοςο
887 3572 1322 3627 ἀπαλλάττεσθαι
1383 3572 1616 3644 ἐκείνης.
1685 3572 1842 3627 Οὐτω
1902 3575 1998 3629 καὶ

409 3653 625 3728 Παῦλος
661 3655 754 3707 καὶ
801 3658 1134 3727 καταφρονεῖ
1193 3656 1302 3709 τῶν
1348 3657 1869 3728 σκανδαλιζομένων,
1902 3659 1999 3713 καὶ

406 3727 472 3792 όύ
506 3742 860 3811 καταφρονεῖ,
913 3740 1223 3795 ἀκολουθῶν
1243 3740 1324 3812 τῷ
1351 3727 1682 3813 διδασκάλῳ,
1714 3742 1810 3796 καί
1841 3760 1995 3815 φησι·

408 3822 619 3879 Πάντα
664 3823 856 3879 πᾶσιν
908 3824 1173 3892 ἀρέσκω,
1240 3824 1328 3895 μὴ
1377 3822 1566 3893 ζητῶν
1615 3826 1683 3879 τὸ
1734 3827 1998 3896 ἐμαυτοῦ

405 3909 745 3977 συμφέρον,
786 3909 950 3963 ἀλλὰ
995 3909 1062 3963 τὸ
1097 3907 1219 3962 τῶν
1244 3908 1515 3973 πολλῶν,
1557 3910 1660 3963 ἵνα
1696 3909 1995 3966 σωθῶσιν.

413 3993 479 4046 Εἰ
506 3992 564 4045 δὲ
589 3991 799 4056 Παῦλος
818 3993 879 4046 τὸ
905 3994 1104 4047 οἰκεῖον
1129 3995 1346 4065 παρορᾷ
1365 3994 1665 4065 συμφέρον,
1693 3994 1780 4048 ἵνα
1805 3995 1866 4048 τὸ
1889 3995 1998 4049 τῶν

410 4077 590 4131 ἄλλων
637 4075 794 4147 εὕρῃ,
822 4076 998 4146 πόσης
1030 4077 1131 4130 οὐκ
1164 4075 1231 4130 ἂν
1271 4077 1463 4147 είημεν
1505 4076 1647 4141 ἄξιοι
1699 4076 1997 4142 κολάσεως,

417 4157 556 4229 μηδὲ
583 4158 1119 4229 οίκείαςκάποστῆναι
1150 4158 1354 4229 βλάϐης
1383 4160 1699 4231 ἀνεχόμενοι
1732 4161 1873 4231 ὑπὲρ
1901 4161 1998 4215 τοῦ

411 4242 478 4294 τὸ
491 4241 696 4312 ἑτέρων
713 4241 990 4312 συμφέρον
1003 4242 1205 4313 εὑρεῖν,
1223 4242 1337 4296 ἀλλ’
1356 4243 1529 4314 ἡδέως
1547 4243 1667 4314 μεθ’
1681 4245 1889 4298 ἑαυτῶν
1905 4246 2003 4299 καὶ

412 4324 638 4397 ἑτέρους
667 4324 1160 4396 προσαπολλύντες,
1186 4327 1360 4399 παρὸν
1391 4329 1483 4382 καὶ
1507 4329 1736 4395 ὲαυτούς
1759 4330 1854 4383 καὶ
1885 4330 2005 4385 ἑτέ-

417 4425 549 4482 ρους
577 4407 876 4476 διασῶσαι;
911 4409 1012 4464 Δ·ιά
1038 4409 1103 4481 δὴ
1142 4410 1324 4477 τοῦτο,
1351 4412 1481 4466 ὅταν
1513 4411 1613 4484 μὲν
1656 4411 1739 4484 ἴδῃ
1774 4413 1910 4467 πολύ
1941 4413 2003 4467 τὸ

414 4492 628 4565 κέρδος,
657 4490 873 4564 καὶτῆς
904 4492 1000 4547 τοῦ
1035 4493 1332 4548 σκανδάλου
1365 4494 1570 4566 βλάϐης
1601 4495 1808 4566 μεῖζον,
1833 4512 2005 4550 κατα-

414 4579 606 4649 φρονεῖ
630 4575 742 4653 τῶν
787 4575 1296 4648 σκανδαλιζομένων
1317 4589 1332 4606 ⁶
1356 4577 1488 4631 ὅταν
1521 4577 1581 4631 δὲ
1616 4578 1809 4649 κέρδος
1898 4597 2003 4652 μη-

411 4657 541 4725 δὲνη
582 4652 745 4708 τοῦτο
805 4653 863 4707 δὲ
925 4655 1088 4725 μόνον
1139 4656 1203 4710 τὺ
1259 4655 1707 4722 σκανδαλίζεσθαι
1752 4652 2000 4732 ἐκϐῆναι,

412 4743 596 4798 πάντα
638 4739 734 4793 καὶ
789 4741 963 4794 ποιεῖν
1007 4741 1103 4795 καὶ¹
1161 4742 1394 4814 πάσχειν
1439 4743 1697 4813 αἱρεῖται,
1729 4741 1870 4797 ὥστε
1928 4744 2004 4817 μὴ

412 4825 576 4881 τοῦτο
601 4821 874 4894 γενέσθαι.
900 4824 1010 4878 Kal
1022 4825 1082 4878 οὐ
1100 4824 1384 4895 φιλοσοφεῖ
1402 4824 1647 4890 τοιαῦτα,
1662 4820 1754 4879 οἷα
1774 4828 1935 4897 ἡμεῖς
1950 4825 2002 4891 ἀ,

413 4907 539 4962 οὐδὲ
574 4906 743 4975 λέγει,
771 4906 877 4961 Διά
921 4907 975 4960 τί
1007 4908 1117 4980 γάρ
1155 4909 1293 4962 εἰσιν
1332 4907 1613 4973 ἀσθενεῖς;
1669 4907 1762 4962 διὰ
1804 4910 1859 4963 τί
1895 4911 2006 4980 γὰρ

415 4991 629 5059 ἀλόγως
683 4988 861 5044 ταῦτα
906 4990 1240 5062 πάσχουσιν;
1302 4990 1440 5045 ἀλλά
1486 4990 1554 5044 δι’
1596 4992 1730 5045 αὐτὸ
1785 4992 1886 5064 μὲν
1913 4989 2007 5047 οὖν

414 5074 575 5128 τοῦτο
609 5073 843 5144 μάλιστα
866 5074 1048 5128 αὐτῶν
1082 5075 1345 5145 φείδεται,
1370 5073 1557 5147 ἐπειδὴ
1595 5074 1811 5145 ἀλόγως
1839 5075 2000 5131 τοῦτο

418 5157 744 5228 πάσχουσιν,
774 5157 964 5230 ἐπειδὴ
987 5158 1238 5223 ἀσθενεῖς
1273 5160 1433 5213 εἰσιν.

488 5240 552 5295 δ’.
584 5239 721 5294 Είπὲ
747 5240 857 5313 γάρ
890 5259 1012 5312 μοι,
1045 5242 1206 5296 ποίαν
1234 5241 1349 5313 ἔχει
1384 5243 1661 5313 πρόφασιν
1683 5242 1904 5312 εὐλογον
1933 5246 2011 5297 εί-

417 5327 543 5379 πεῖν
590 5326 621 5378 ό
661 5323 1149 5396 σκανδαλιζόμενος
1192 5326 1285 5379 ἐπὶ
1313 5323 1393 5395 τῷ
1430 5324 1666 5378 ἐσθίοντι
1696 5327 1865 5398 κρέας
1914 5327 2010 5381 καὶ

418 5404 562 5462 οἶνον
591 5407 837 5473 πίνοντι;
871 5406 1060 5461 τοῦτον
1087 5407 1198 5480 γὰρ
1236 5407 1265 5459 6
1304 5406 1438 5470 Θεὸς
1472 5407 1563 5460 τὸν
1590 5407 1757 5478 νόμον
1803 5407 2010 5463 ἄνωθεν

420 5490 658 5555 ἐξέθετο.
705 5490 846 5544 Ἀλλ’
878 5491 1029 5560 ὅμως
1074 5491 1179 5546 κάν
1213 5491 1306 5545 ἐπὶ
1337 5490 1548 5554 τούτοις
1587 5491 2009 5564 σκανδαλίζηταί

420 5591 525 5637 τις,
563 5576 659 5629 καὶ
708 5573 915 5628 τούτων
953 5576 984 5628 ὁ
1033 5574 1245 5638 Παῦλος
1296 5574 1583 5644 ἀπέχεται.
1622 5576 1705 5628 Οὐ
1766 5575 1878 5648 γὰρ
1919 5575 2008 5645 μὴ

425 5658 591 5726 φάγω
627 5657 829 5727 κρέας,
880 5656 1038 5728 φησι,
1096 5657 1241 5713 οὐδὲ
1267 5658 1383 5712 πίω
1427 5653 1615 5723 οἶνον,
1657 5659 1759 5714 ἵνα
1783 5660 1871 5730 μὴ
1905 5659 2012 5714 τὸν

2066 743 2160 796 καὶ
2212 743 2261 794 εἰ
2305 737 2445 807 εἷπε,
2486 741 2663 811 πολλῷ
2708 740 3044 810 δικαιότερον
3078 737 3142 791 ἂν
3186 736 3343 809 ἡμῶν
3388 731 3528 787 εἷπε.
3584 733 3644 786 ’0

2070 824 2169 894 μὲν
2226 823 2335 896 γὰρ
2393 825 2480 878 ἐπ’
2537 824 2770 887 ἐκείνοις
2828 819 3313 890 σκανδαλιζόμενος
3364 818 3645 885 ἀλόγιστος

2070 907 2274 977 σφόδρα
2323 908 2417 960 καὶ
2463 907 2723 978 ἀνόητος·
2759 907 2787 957 ὁ
2829 905 2886 958 δὲ
2925 904 3018 956 ἐπὶ
3064 902 3296 966 τούτοις,
3330 900 3528 964 πολλὰς
3582 900 3647 952 ἂν

2071 990 2226 1059 σχοίη
2260 990 2475 1052 δικαίας
2514 991 2608 1043 καὶ
2633 989 2888 1057 εὐλόγους
2910 987 3088 1050 αἰτίας
3116 987 3292 1039 εἰπεῖν
3312 1002 3325 1018 ο
3364 984 3479 1039 ἀλλ’
3500 985 3649 1054 ὅμως

2069 1076 2163 1129 καὶ
2199 1075 2508 1148 δικαιότερα
2533 1075 2599 1129 ἂν
2632 1075 2788 1146 ἡμῶν
2824 1073 2993 1128 είπὼν
3018 1075 3046 1127 6
3079 1071 3309 1136 Παῦλος,
3346 1072 3446 1124 οὐκ
3474 1066 3648 1133 εἶπεν,

2070 1158 2185 1212 ἀλλ’
2248 1160 2327 1223 εἰς
2373 1159 2430 1212 ἓν
2470 1159 2630 1230 μόνον
2688 1153 2817 1221 εἶδε,
2850 1155 2943 1210 τοῦ
2973 1155 3199 1226 πλησίον
3226 1154 3324 1224 τὴν
3353 1152 3648 1224 σωτηρίαν.

2073 1243 2182 1294 Kal
2208 1242 2306 1295 θέα
2330 1241 2427 1312 τὴν
2453 1240 2761 1313 ὑπερϐολήν
2780 1257 2794 1272 ο
2830 1240 2890 1293 οὐ
2926 1238 3035 1310 γὰρ
3066 1234 3217 1291 εἶπεν
3252 1236 3397 1301 ἆπαξ
3423 1236 3456 1308 ἢ
3489 1235 3592 1299 δὶς,
3615 1232 3652 1304 ἢ

2070 1322 2228 1378 τόσον
2253 1325 2347 1378 καὶ
2371 1324 2525 1378 τόσον
2548 1324 2766 1396 χρόνον
2796 1322 2933 1387 ἀλλ’,
2964 1324 3068 1387 Εἰς
3092 1321 3200 1374 τὸν
3229 1317 3435 1383 ala-ara,
3467 1318 3652 1386 φησίν,

2074 1409 2145 1461 οὐ
2161 1407 2249 1477 μὴ
2288 1407 2477 1478 φάγω,
2511 1410 2559 1460 εί
2610 1405 3019 1475 σκανδαλίζοιτο
3071 1404 3276 1475 ἕτερος.
3313 1403 3424 1456 Καὶ
3458 1402 3547 1454 ἵνα
3578 1398 3656 1471 μὴ

2075 1491 2302 1560 νομίσῃς
2333 1491 2493 1561 μέχρι
2534 1488 2739 1543 τούτων
2792 1488 2953 1542 αὐτὸν
2983 1486 3226 1552 ἑστάναι,
3261 1485 3356 1539 καὶ
3382 1483 3570 1556 ἓτερόν
3601 1499 3656 1534 τι

2080 1576 2392 1647 προσέθηκε
2418 1575 2606 1629 τούτου
2640 1574 2799 1628 πλέον
2819 1590 2833 1603 °
2871 1571 3041 1626 εἰπὼν
3069 1570 3199 1643 γὰρ,
3242 1570 3444 1623 Καλὸν
3468 1566 3536 1621 τὸ
3567 1564 3656 1634 ,μὴ

2076 1658 2290 1728 φαγεῖν
2314 1658 2512 1726 κρέας,
2541 1657 2701 1727 μηδὲ
2740 1655 2899 1710 πιεῖν
2935 1651 3124 1719 οἶνον,
3167 1652 3373 1724 συνῆψε
3414 1651 3656 1712 κάκεῖνο,

2076 1740 2245 1810 Μηδὲ
2267 1741 2337 1794 ἐν
2369 1735 2418 1808 ᾧ
2439 1745 2471 1795 ὀ
2505 1741 2771 1810 ἀδελφός
2803 1756 2920 1793 σου
2963 1738 3352 1807 προσκόπτει,
3402 1736 3440 1804 ἢ
3469 1748 3658 1787 σκαν-

2078 1822 2392 1885 δαλίζεται,
2430 1825 2468 1891 ἢ
2524 1822 2785 1877 ἀσθενεῖ.
2818 1823 2927 1876 Kal
2971 1820 3131 1875 πάλιν
3179 1820 3371 1872 σκόπει
3428 1833 3518 1888 μοι
3562 1815 3661 1887 τὴν

2080 1907 2273 1977 σοφίαν
2300 1906 2395 1961 τοῦ
2443 1906 2765 1960 διδασκάλου
2789 1922 2803 1936 ·
2840 1905 2930 1959 τὸν
2976 1905 3074 1975 μὲν
3105 1901 3435 1956 ἀσθενοῦντα
3476 1901 3659 1969 ἀφεὶς,

2079 1992 2172 2045 τὸν
2203 1991 2419 2065 ίσχυρδν
2450 1990 2654 2061 διορθοῖ
2703 1989 2810 2062 πρὸ
2852 1989 3094 2044 ἐκείνου·
3138 1978 3294 2050 οὗτος
3337 1984 3447 2056 γὰρ
3492 1983 3662 2045 αἴτιος

2080 2074 2174 2128 τοῦ
2206 2075 2452 2129 ἀσθενεῖν
2481 2075 2709 2136 ἐκεῖνον,
2740 2076 2768 2128 ὁ
2792 2072 2982 2145 κύριος
3007 2070 3082 2124 ὢν
3116 2068 3408 2141 διορθῶσαι
3437 2065 3535 2138 τὴν
3566 2066 3667 2136 ἀρ-

2084 2158 2341 2229 ρωστίαν,
2377 2158 2471 2212 καὶ
2524 2157 2599 2230 μὴ
2647 2156 2807 2211 τοῦτο
2842 2155 3033 2209 ποιῶν.
3088 2152 3200 2207 Kal
3244 2151 3297 2205 τί
3348 2150 3491 2219 λέγω
3535 2148 3667 2224 περὶ

2082 2240 2192 2293 τῶν
2228 2240 2470 2296 ἀσθενῶν
2519 2240 2803 2310 ἀδελφῶν;
2845 2239 2957 2293 Kal
2981 2236 3090 2308 γὰρ
3127 2234 3223 2290 καὶ
3263 2233 3534 2295 Ἰουδαίοις
3572 2230 3667 2284 καὶ

2087 2323 2315 2396 Ἕλλησι
2378 2322 2591 2378 κελεύει
2646 2325 2852 2393 ταύτην
2908 2319 3169 2393 παρέχειν
3236 2317 3334 2389 τὴν
3388 2316 3664 2386 πρόνοιαν.

2099 2407 2492 2475 Ἀπρόσκοποι
2548 2406 2679 2481 γὰρ,
2717 2405 2872 2475 φησὶ,
2915 2404 3157 2474 γίνεσθε
3209 2401 3310 2456 καὶ
3365 2397 3671 2464 Ἰουδαίοις

2087 2492 2185 2546 καὶ
2214 2491 2477 2561 Ἕλλησι
2504 2490 2603 2545 καὶ
2632 2490 2710 2560 τῇ
2749 2489 3081 2556 Ἐκκλησία
3109 2486 3216 2559 τοῦ
3241 2484 3390 2539 Θεοῦ
3422 2496 3469 2537 ε.
3504 2482 3671 2535 Ὥστε

2086 2575 2196 2645 ὅσῳ
2235 2574 2302 2628 ἂν
2339 2574 2686 2646 ἰσχυρότερον
2718 2568 2858 2627 εἶναι
2901 2571 3067 2643 λέγῃς
3112 2568 3325 2633 σαυτὸν,
3365 2561 3473 2620 καῖ’
3505 2564 3672 2637 μηδὲν

2089 2657 2197 2712 ἀπὸ
2235 2657 2336 2728 τῆς
2382 2657 2717 2729 ὁμοσκηνίας
2766 2656 3099 2727 βλάπτεσθαι
3154 2652 3387 2723 ταύτης,
3431 2648 3673 2718 τοσούτῳ

2094 2740 2295 2813 μᾶλλον
2340 2740 2643 2795 ὑπεύθυνον
2685 2739 2881 2793 σαυτὸν
2936 2738 3201 2809 καθιστᾷς
3234 2735 3330 2790 τοῦ
3377 2732 3673 2788 διασπάσαι

2089 2826 2181 2880 τὸν
2217 2826 2436 2897 δεσμόν.
2470 2826 2621 2895 Ὅτῳ
2659 2824 2768 2893 γάρ
2804 2823 2871 2877 ἂν
2914 2818 2982 2895 ᾗς
3034 2821 3402 2894 ἰσχυρότερος,
3433 2814 3673 2886 τοσούτῳ

2090 2908 2425 2978 δικαιότερος
2459 2907 2525 2961 ἂν
2556 2908 2674 2976 εἴης
2717 2907 2810 2959 τὸν
2840 2904 3230 2974 ἀσθενέστερον
3277 2898 3670 2955 διαϐαστάσαιθ
3697 2901 3717 2918 ‘

2094 2989 2161 3043 ἂν
2191 2990 2290 3060 μὲν
2320 2985 2415 3042 οὖν
2440 2989 2672 3059 ἀσθενὴς
2700 2984 2785 3059 ᾗς,
2815 2988 2904 3041 διά
2937 2988 3132 3041 σαυτὸν
3164 2983 3433 3055 ἀπόστηθι
3454 2999 3467 3011 ·
3496 2981 3591 3036 ἐὰν
3617 2980 3676 3036 δὲ

2097 3072 2474 3144 ἰσχυρότερος,
2523 3069 2614 3124 διὰ
2663 3070 2755 3123 τὸν
2806 3068 3156 3123 ἀσθενοῦντα.
3211 3068 3286 3120 Οὐ
3337 3066 3446 3138 γὰρ
3497 3062 3678 3133 ἑαυτῷ

2098 3156 2279 3226 μόνον,
2346 3153 2485 3209 ἀλλά
2546 3152 2896 3224 καὶκὲτέροις
2950 3151 3168 3223 ἰσχυρὸν
3220 3145 3359 3202 εἶναι
3417 3149 3522 3219 χρὴ
3583 3147 3677 3200 τὸν

2099 3239 2371 3311 ἰσχύοντα.
2404 3237 2469 3291 El
2500 3236 2559 3291 δὲ
2604 3236 2778 3306 λέγων
2830 3233 3059 3305 ἰσχύειν,
3106 3234 3205 3304 τὴν
3243 3231 3528 3286 ἀσθένειαν
3577 3230 3678 3301 τὴν

2096 3323 2306 3379 ἐκείνου
2361 3322 2641 3393 περιορᾷς,
2693 3318 2890 3390 διπλῆν
2922 3316 3112 3382 δώσεις
3146 3318 3324 3387 δίκην,
3367 3317 3449 3369 ὅτι
3481 3332 3544 3367 τε
3577 3314 3679 3367 οὐκ

2098 3408 2321 3478 ἐφείσω,
2347 3406 2441 3459 καὶ
2474 3406 2557 3458 ὅτι
2588 3403 2787 3475 πολλὴν
2818 3403 2957 3475 ἔχων
2990 3401 3079 3457 τοῦ
3109 3400 3400 3471 φείσασθαι
3425 3398 3675 3469 δύναμιν.

2109 3490 2439 3553 ’Υπεύθυνος
2460 3488 2569 3561 γὰρ
2590 3486 2819 3550 ἕκαστος
2839 3488 2872 3558 ἡ
2881 3486 2996 3558 μῶν
3016 3487 3115 3557 τῆς
3132 3485 3226 3538 τοῦ
3254 3482 3478 3555 πλησίον
3505 3498 3681 3552 σωτη-

2102 3576 2224 3648 ρίας
2265 3574 2403 3629 ὲστί.
2434 3572 2534 3627 Διὰ
2562 3571 2718 3626 τοῦτο
2758 3571 2879 3642 οὐχὶ
2920 3569 2991 3624 τὰ
3024 3570 3232 3624 ἑαυτῶν
3269 3568 3512 3626 σκοπεῖν.
3545 3562 3684 3648 ἀλλά

2099 3647 2169 3714 τὰ
2198 3657 2294 3714 τοῦ
2329 3658 2557 3729 πλησίον
2580 3655 3000 3727 ἐκελεύσθημεν.
3028 3655 3206 3725 Τιμῆς
3226 3652 3336 3724 γὰρ
3370 3647 3682 3722 ἠγοράσθη-

2104 3760 2203 3815 μεν
2223 3759 2236 3772 ·
2269 3744 2298 3795 6
2327 3741 2385 3794 δὲ
2415 3740 2693 3812 ἀγοράσας
2736 3740 2885 3811 ἡμᾶς
2911 3737 3070 3792 τοῦτο
3116 3735 3449 3808 προσέταξεν
3490 3733 3582 3786 ἐπὶ
3612 3734 3681 3803 τῇ

2101 3829 2254 3898 κοινῇ
2303 3824 2523 3879 πάντων
2577 3823 2734 3895 ήμῶν
2795 3821 3123 3892 λυσιτελείᾳ.
3177 3818 3317 3873 Οὐδὲ
3369 3817 3478 3889 γὰρ
3524 3815 3685 3869 τοῦτο

2105 3910 2266 3982 μόνον
2291 3907 2583 3979 συμϐαίνει
2634 3907 2697 3960 τὸ
2746 3905 2957 3978 κέρδος,
2994 3905 3077 3957 ὅτι
3125 3902 3195 3956 τὰ
3223 3902 3398 3955 οἰκεῖα
3439 3898 3686 3982 σώζομεν

2104 3981 2265 4066 μέλη,
2296 3992 2413 4046 ἀλλ’
2444 3992 2528 4045 ὅτι
2559 3991 2655 4045 καὶ
2700 3989 2921 4060 ἑτέρους
2960 3987 2979 4026 ί
3012 3988 3071 4041 ἐν
3116 3984 3385 4056 ἀσφαλείᾳ
3415 3981 3687 4036 καθιστῶ-

2106 4096 2205 4151 μεν
2242 4075 2469 4148 μείζονι.
2522 4074 2643 4129 Κᾶν
2686 4077 2795 4145 γὰρ
2833 4071 3095 4145 μυριάκις
3130 4069 3451 4141 φιλοσοφῇς,
3480 4066 3549 4151 διέ
3586 4067 3686 4151 αὐ-

2102 4149 2211 4214 τῶν
2240 4158 2436 4229 ἐλέγχῃ
2470 4158 2578 4211 τῶν
2614 4156 2979 4228 πραγμάτων,
3008 4154 3070 4207 οὐ
3110 4154 3210 4226 τὴν
3238 4151 3509 4223 τυχοῦσαν
3533 4149 3687 4221 δεχό-

2107 4258 2268 4313 μενος
2319 4240 2525 4313 βλάϐην
2572 4240 2681 4294 ἀπὸ
2710 4240 2811 4310 τῆς
2850 4239 3212 4309 συνοικήσεως
3250 4233 3475 4306 ταύτης.
3521 4233 3689 4287 Ὅταν

2104 4325 2215 4398 γάρ
2262 4324 2358 4379 ίδω
2415 4341 2475 4378 σε
2521 4323 2994 4385 δυσαποσπάστως
3042 4321 3235 4391 ἔχοντα
3254 4359 3269 4382 ,
3321 4319 3416 4373 καὶ
3479 4316 3688 4388 μυρίων

2108 4406 2493 4480 βλαπτομένων
2517 4404 2983 4477 καταφρονοῦντα,
3013 4404 3109 4456 καὶ
3142 4402 3353 4456 πολλῶν
3396 4398 3690 4469 ἐγκαλούν-

2103 4509 2212 4546 των
2252 4490 2375 4545 οὐδὲ
2417 4489 2904 4560 ἐπιστρεφόμενον,
2939 4486 3076 4540 ἀλλά
3104 4488 3199 4540 καὶ
3241 4485 3530 4556 τὴν-δόξαν
3562 4499 3691 4535 σαυ-

2104 4573 2200 4629 τοῦ
2247 4571 2691 4636 καταπατοῦντα,
2734 4570 2830 4624 καὶ
2868 4570 2946 4642 τῷ
2993 4567 3161 4639 κοινῷ
3204 4569 3307 4639 τῆς
3362 4565 3689 4637 Ἐκκλησίας

2108 4657 2569 4730 προστριϐόμενον
2600 4655 2936 4727 κατηγορίαν
2965 4652 3187 4725 πολλὴν,
3216 4653 3309 4705 καὶ¹
3335 4651 3403 4705 τὰ
3433 4650 3537 4705 τῶν
3565 4649 3689 4703 ἀπί-

2108 4759 2251 4796 στων
2284 4741 2573 4809 ἀνοίγοντα
2619 4739 2887 4810 στόματα,
2922 4738 3016 4792 καὶ
3049 4738 3256 4801 πάντας
3286 4736 3499 4807 πονηρᾷ
3531 4752 3690 4806 περι-

2108 4826 2371 4881 ϐάλλοντα
2401 4824 2549 4899 δόξῃ,
2584 4825 2678 4878 καὶ
2723 4822 2960 4876 τοσαῦτα
3012 4823 3111 4893 μὲν
3143 4821 3251 4875 ἀπὸ
3278 4819 3371 4873 τοῦ
3422 4822 3689 4874 συνοικεῖν

2109 4911 2275 4978 κακὰ,
2303 4908 2508 4978 ἀγαθὸν
2534 4908 2592 4961 δὲ
2618 4902 2789 4979 μηδὲν
2818 4908 2948 4977 ὑμῖν
2973 4905 3346 4976 ἐγγινόμενον,
3381 4904 3489 4958 ἀπὸ
3514 4905 3572 4958 δὲ
3595 4905 3689 4958 τοῦ

2107 4992 2412 5067 χωρισμοῦ,
2442 4993 2648 5047 τούτων
2695 4992 2795 5064 μὲν
2828 4991 3086 5046 ἁπάντων
3119 4989 3221 5059 τὴν
3256 4989 3540 5062 ἀναίρεσιν
3582 4989 3692 5043 τῶν

2109 5079 2315 5146 κακῶν,
2348 5078 2562 5134 πολλῶν
2590 5077 2648 5131 δὲ
2694 5077 2900 5150 ἐτέρων
2943 5076 3138 5145 κτῆσιν
3166 5074 3407 5143 ἀγαθῶν,
3438 5070 3557 5128 εἶτα
3593 5074 3694 5127 οὐκ

2110 5163 2438 5235 ἀνεχόμενον
2466 5161 2837 5233 ἀποπηδῆσαι,
2868 5160 2985 5225 πῶς
3017 5159 3318 5231 δυνήσομαι
3354 5162 3536 5213 πεῖσαι
3567 5158 3693 5219 τοὺς

2110 5247 2499 5315 ἐγκαλοῦντας,
2543 5246 2625 5298 ὅτι
2659 5246 2843 5315 πάσης
2891 5242 3201 5315 ἀπήλλαξαι
3238 5241 3614 5312 προσπαθείας
3645 5242 3691 5301 ⁵,

2111 5330 2205 5382 καὶ
2226 5330 2523 5400 ἐπιθυμίας
2558 5323 2609 5381 εἷ
2630 5329 2879 5400 πονηρᾶς·
2908 5327 3179 5398 καθαρός;
3215 5326 3433 5381 Μᾶλλον
3455 5324 3512 5378 δὲ
3541 5322 3693 5376 οὐδὲν

2112 5413 2253 5485 ὑπὲρ
2301 5412 2508 5466 τούτων
2559 5411 2882 5482 φιλονεικῶ·
2926 5409 3079 5484 [254]
3127 5410 3243 5465 ἀλλ’
3275 5410 3416 5464 ἔστω
3462 5424 3518 5461 σε
3554 5402 3693 5459 εἶναι

2113 5498 2207 5550 καὶ
2233 5497 2585 5550 συνοικοῦντα
2614 5496 2882 5566 καθαρόν·
2920 5494 3097 5548 καίτοι
3119 5511 3183 5563 γε
3208 5496 3236 5548 ό
3269 5493 3540 5565 μακάριος
3574 5486 3693 5542 Ἰὼϐ

2111 5581 2214 5635 οὐκ
2240 5581 2508 5652 ἐτόλμησε
2538 5580 2808 5649 τοσαύτην
2853 5577 3031 5646 ἑαυτῷ
3076 5578 3424 5649 μαρτυρῆσαι
3457 5573 3689 5643 δύναμιν

2115 5664 2208 5717 καὶ
2236 5663 2576 5734 φιλοσοφίαν,
2605 5660 2721 5715 ἀλλ’
2750 5662 2779 5714 ὁ
2827 5661 3007 5715 πᾶσαν
3046 5658 3290 5714 ἐπελθὼν
3333 5656 3556 5729 ἀρετὴν,
3596 5655 3689 5709 καὶ

2186 5814 2207 5873 ?
2236 5808 2384 5873 Saviil.
2420 5807 2506 5858 τοῦ
2525 5806 2754 5873 Χριστοῦ.

2154 5916 2157 5917 ,
2185 5870 2204 5910 f
2231 5872 2379 5920 Savil.
2400 5870 2609 5926 ἑαυτούς.
2787 5914 2791 5919 .

2185 5936 2209 5974 ⁸
2233 5932 2378 5983 Savil.
2406 5931 2709 5994 συμπαθείας.
