4060 6136
410 255 507 308 ξέοι

415 371 631 425 πάντων
664 371 1039 444 ὑπερενεχθείς
1064 372 1172 424 τῶν
1213 371 1305 424 τοῦ
1336 368 1580 423 διαϐόλου
1611 370 1863 431 δικτύων,
1892 369 1984 422 καὶ

410 453 628 523 πρῶτος
650 456 742 507 καὶ
769 454 927 524 μόνος
947 453 1213 523 τοσαύτην
1240 451 1644 522 ἐπιδειξάμενος
1668 453 1986 523 καρτερίαν,

411 536 506 588 καὶ
536 538 713 590 πάντα
743 537 957 608 σίδηρον
986 536 1080 588 καὶ
1106 535 1387 605 ἀδάμαντα
1414 537 1479 605 τῇ
1512 535 1612 605 τῆς
1640 534 1821 605 ψυχῆς
1848 550 1988 605 παρ-

411 617 583 672 ελθὼν
619 621 930 690 ἐγκρατείᾳ,
979 620 1072 672 καὶ
1124 617 1438 687 κατακόψας
1468 618 1564 670 τοῦ
1614 619 1861 671 διαϐόλου
1890 618 1988 688 τὴν

414 702 588 772 ἰσχὺν,
618 703 786 766 οὕτως
814 703 1068 756 ἐδεδοίκει
1100 702 1199 770 τὴν
1233 701 1487 772 τοιαύτην
1516 701 1715 771 πάλην,
1748 702 1841 755 καὶ
1868 702 1986 753 ἐνό-

411 785 567 853 ιιζεν
613 785 869 840 ἀδύνατον
906 783 1042 840 εἶναι
1091 784 1440 838 συνοικοῦντα
1494 784 1747 855 παρθένῳ
1805 784 1986 855 μένειν

407 868 565 940 ἀσινῆ
610 871 703 922 καὶ
734 869 991 940 καθαρὸν,
1024 867 1098 931 ὡς
1148 867 1221 939 μὴ
1274 869 1433 938 μόνον
1471 867 1571 936 τῆς
1622 869 1988 939 συνοικήσεως

406 949 610 1021 ταύτης
640 952 848 1023 πόρρω,
873 952 966 1005 καὶ
1003 950 1220 1021 μακράν
1243 949 1434 1003 ἐαυτὸν
1468 950 1831 1021 καταστῆσαι,
1851 949 1986 1004 ἀλλά

407 1033 501 1085 καὶ
537 1034 636 1103 τῆς
668 1034 838 1102 ὅψεως
873 1032 1189 1103 τῆς,άπλιῖ›ς
1221 1032 1314 1085 καὶ
1362 1032 1470 1086 ἀπὸ
1517 1032 1805 1102 συντυχίας
1839 1049 1987 1101 γινο-

409 1116 600 1185 μένης,
637 1117 733 1168 καὶ
763 1117 924 1186 νόμον
955 1115 1115 1185 ἔθηκε
1147 1118 1257 1179 τοῖς
1301 1114 1599 1185 ὀφθαλμοῖς
1622 1118 1737 1179 τοῖς
1766 1115 1983 1186 ἑαυτοῦ,

404 1200 543 1271 μηδέ
570 1200 755 1263 ἀπλῶς
793 1203 873 1260 εὶς
917 1200 1184 1272 παρθένον
1233 1200 1378 1253 ἰδεῖν.
1413 1200 1567 1270 ’ῌδει
1616 1198 1805 1268 σαφῶς
1853 1198 1982 1270 γὰρ,

402 1284 541 1353 ᾔδει,
574 1285 655 1336 ὄτι
684 1283 744 1335 οὐ
795 1283 954 1354 μόνον
1005 1284 1095 1336 τὸν
1147 1282 1517 1348 συνοικοῦντα,
1567 1283 1704 1337 ἀλλά
1750 1283 1844 1337 καὶ
1893 1284 1985 1337 τὸν

404 1367 670 1436 βλέποντα
703 1366 1012 1438 περιέργως
1058 1368 1136 1429 εἰς
1170 1366 1291 1436 ὄψιν
1322 1365 1657 1436 παρθενικὴν
1703 1365 1980 1431 δύσκολον,

401 1450 544 1519 τάχα
575 1450 759 1502 δὲκαὶ
792 1449 1068 1515 ἀδύνατον,
1121 1449 1219 1520 τὴν
1267 1449 1475 1501 ἐκεῖθεν
1522 1448 1805 1518 διαφυγεῖν
1859 1448 1985 1520 βλάο

403 1532 504 1604 ϐην
537 1547 561 1573 υ
593 1551 606 1563 ι
636 1534 717 1587 διὸ
749 1533 930 1602 ἐλεγεο
963 1533 1072 1588 Καὶ
1103 1535 1175 1587 οὐ
1198 1532 1454 1602 συνήσω
1485 1533 1584 1585 ἐπὶ
1616 1533 1907 1601 παρθένῳ.

470 1708 531 1764 ε’.
562 1710 703 1764 Είδέ
734 1710 928 1784 μικρός
957 1727 1037 1763 σοι
1068 1709 1202 1782 πρὸς
1232 1710 1465 1781 ἅμιλλαν
1497 1712 1525 1764 ό
1561 1708 1702 1774 Ἰὼϐ,
1721 1709 1898 1764 καίτοι
1921 1728 1984 1779 γε

400 1791 520 1845 οὐδὲ
553 1793 650 1862 τῆς
688 1793 921 1863 κοπρίας
949 1793 1115 1862 ἐσμὲν
1140 1793 1279 1858 ἄξιοι
1307 1794 1407 1865 τῆς
1436 1793 1670 1856 ἐκείνου,
1700 1793 1839 1862 πλὴν
1868 1793 1984 1847 ἀλλ’

401 1878 449 1927 εἰ
477 1875 695 1928 ἔλαττόν
745 1893 838 1929 σου
886 1876 1129 1946 νομίζεις
1170 1877 1269 1946 τῆς
1320 1876 1725 1948 μεγαλοψυχίας
1758 1873 1984 1931 εἶναιτὸ

401 1959 725 2029 ὑπόδειγμα,
772 1959 1024 2027 ἐννόησον
1066 1960 1158 2012 τὸν
1211 1959 1728 2029 μεγαλοφωνότατον
1763 1961 1983 2031 κήρυκα.

399 2041 499 2110 τῆς
525 2041 783 2111 ἀληθείας
820 2038 1054 2105 Παῦλον,
1084 2041 1144 2105 ὃς
1181 2043 1402 2097 ἃπασαν
1441 2041 1743 2116 περιελθὼν
1775 2044 1876 2115 τὴν
1892 2046 1982 2097 -οί-

400 2125 691 2197 κουμένην,
726 2126 820 2179 καὶ
849 2126 1098 2198 δυνηθεὶς
1132 2128 1303 2179 εἰπεῖν
1334 2128 1518 2181 ἐκεῖνα
1551 2129 1617 2181 τά
1654 2128 1854 2199 πολλῆς
1887 2128 1983 2196 γέο

401 2226 569 2278 μοντα
603 2209 792 2278 σοφίας
822 2211 1062 2281 ῥήματα,
1094 2211 1175 2264 ὅτι
1208 2211 1389 2264 οὐκέτι
1418 2212 1579 2276 αὐτὸς
1606 2212 1690 2283 εἴη
1717 2211 1845 2279 ζῶν,
1867 2212 1981 2266 ἀλλ’

396 2292 430 2364 ἢ
460 2293 692 2364 Χριστὸς
717 2295 774 2348 ἐν
791 2293 958 2364 αὐτῷ,
976 2295 1069 2347 καὶ
1095 2296 1174 2348 ὃτι
1203 2295 1541 2368 ἐσταύρωται
1559 2296 1637 2366 τῷ
1660 2297 1869 2368 κόσμῳ,
1888 2297 1983 2349 καὶ

395 2379 425 2430 ὁ
453 2376 654 2448 κόσμος
676 2377 952 2448 αὐτῷ,καὶ
986 2380 1067 2431 ὅτι
1099 2376 1453 2451 καθ’ήμέραν
1489 2380 1823 2452 ἀποθνήσκει
1844 2381 1983 2452 μετὰ

396 2458 493 2529 τὴν
532 2459 799 2531 τοσαύτην
832 2462 925 2513 τοῦ
970 2462 1278 2533 πνεύματος
1305 2464 1460 2535 χάριν
1484 2464 1579 2516 καὶ⁵
1593 2463 1689 2534 τὴν
1717 2463 1983 2535 τοσαύτην

397 2542 505 2595 τῶν
543 2541 718 2596 ἄθλων
761 2539 1040 2608 ἐπίδειξιν,
1087 2547 1224 2614 μετὰ
1242 2545 1368 2608 τοὺς
1398 2546 1639 2615 ἀφάτους
1680 2545 1978 2609 κινδύνους,

401 2623 538 2693 μετά
567 2624 664 2695 τὴν
702 2626 1086 2697 ἠκριϐωμένην
1114 2628 1453 2696 φιλοσοφίαν,
1475 2628 1689 2693 δεικνὺς
1718 2631 1848 2701 ἡμῖν
1891 2630 1984 2682 καὶ

402 2707 745 2784 παραδηλῶν,
777 2710 859 2761 ὃτι
885 2711 989 2772 ἕως
1033 2710 1099 2763 ἂν
1145 2710 1469 2781 ἐμπνέωμεν
1519 2712 1612 2764 καὶ
1655 2712 1755 2783 τὴν
1806 2713 1984 2784 σάρκα

394 2782 544 2861 ὦμεν
566 2791 937 2860 περικείμενοι
978 2792 1200 2863 ταύτην,
1237 2793 1632 2864 παλαισμάτων
1666 2796 1797 2865 ἡμῖν
1820 2782 1983 2867 χρεία

397 2874 493 2927 καὶ
508 2873 708 2937 πόνων,
722 2873 817 2928 καί
834 2875 931 2927 οὐκ
963 2875 1109 2928 ἐστιν
1126 2877 1494 2948 ἀπραγμόνως
1516 2877 1857 2949 κατορθῶσαι
1881 2896 1985 2933 σω-

398 2956 671 3029 φροσύνην
702 2959 852 3017 ποτὲ.
885 2958 1023 3011 ἀλλά
1069 2958 1278 3013 πολλῶν
1323 2960 1562 3031 ἱδρώτων
1605 2964 1736 3032 ἡμῖν
1778 2962 1857 3015 δεῖ
1889 2964 1983 3017 καὶ

397 3040 655 3111 καμάτων
721 3041 854 3111 πρὸς
904 3042 1053 3095 τουτὶ
1094 3042 1156 3094 τὸ
1201 3042 1482 3114 τρόπαιον,
1528 3042 1704 3108 οὕτως
1761 3045 1980 3114 ἔλεγεν·

409 3123 749 3185 Ὑπωπιάζω
766 3142 887 3194 μου
917 3126 980 3179 τὸ
1011 3124 1203 3195 σῶμα,
1231 3126 1329 3181 καί
1364 3127 1743 3198 δουλαγωγῶ,
1769 3127 1985 3198 μήπως

396 3207 608 3275 ἄλλοις
629 3208 894 3276 κηρύξας
916 3208 1096 3275 αὐτὸς
1113 3210 1688 3281 ἁδόκιμοςγένωμαι.
1711 3213 1899 3267 Ταῦτα
1924 3213 1982 3268 δὲ

395 3292 570 3361 ἔλεγε,
589 3291 765 3363 δηλῶν
787 3292 884 3363 τὴν
922 3293 1288 3348 ἐπανάστασιν
1308 3295 1408 3365 τῆς
1436 3295 1636 3367 σαρκὸς
1657 3296 1748 3349 καί
1761 3296 1861 3367 τὴν
1877 3298 1986 3352 ἀπὸ

392 3376 491 3446 τῆς
514 3374 808 3446 ἐπιθυμίας
823 3375 1040 3440 λύτταν,
1055 3376 1255 3429 καὶτὸν
1273 3375 1496 3448 διηνεκῆ
1515 3377 1773 3449 πόλεμον,
1787 3381 1985 3435 καὶτὸν

392 3457 684 3526 ἐναγώνιον
700 3458 861 3512 αὐτοῦ
888 3457 1019 3529 βίον.
1033 3458 1132 3512 Διά
1142 3459 1297 3513 τοῦτο
1317 3460 1412 3514 καὶ
1434 3462 1461 3513 ό
1478 3460 1706 3532 Χριστὸς
1730 3460 1824 3515 τοῦ
1841 3462 1985 3535 πρά-

394 3556 428 3605 γ
436 3557 599 3608 ματος
610 3540 772 3594 αὐτοῦ
786 3540 957 3613 δηλῶν
969 3540 1034 3611 τὴ
1042 3562 1064 3596 ν
1075 3542 1357 3597 δυσκολίαν
1368 3543 1486 3597 οὐδὲ
1498 3543 1789 3615 ἐμϐλέπειν
1799 3545 1986 3609 ἁπλῶς

392 3624 541 3695 ἠφίει
589 3626 669 3689 είς
696 3626 794 3690 τὰς
830 3626 936 3679 τῶν
966 3628 1238 3695 γυναικῶν
1265 3628 1435 3698 δψεις,
1470 3628 1607 3683 ἀλλά
1639 3630 1732 3683 καὶ⁵
1774 3633 1841 3701 τῇ
1877 3631 1984 3685 τῶν

394 3711 599 3782 μοιχῶν
622 3711 841 3764 κολάσει
874 3712 999 3775 τούς
1024 3712 1196 3777 οὑτως
1217 3712 1460 3784 ὁρῶντας
1490 3712 1738 3777 κολάζειν
1759 3714 1985 3786 ἠπείλη-

394 3813 475 3849 σε.
498 3794 718 3849 Είπόντι
741 3795 798 3849 δὲ
832 3799 924 3850 καὶ
944 3795 1020 3867 τῷ
1044 3799 1252 3869 Πέτρῳ,
1278 3798 1359 3851 ὅτι
1377 3800 1459 3851 Οὐ
1480 3797 1773 3868 συμφέρει
1797 3800 1984 3868 γαμῆ-

392 3895 519 3943 σαι,
565 3879 666 3932 οὐκ
699 3879 1058 3952 ἐνομοθέτησε
1102 3880 1176 3951 μῆ
1222 3884 1441 3951 γαμεῖν,
1482 3882 1618 3935 ἀλλὰ
1657 3883 1982 3954 παραδηλῶν

391 3960 486 4014 τοῦ
537 3963 860 4034 πράγματος
908 3964 999 4017 τὸν
1042 3965 1205 4031 ὄγκον
1254 3965 1471 4033 ἔλεγεν·
1537 3966 1599 4019 '0
1643 3965 1977 4037 δυνάμενος

391 4045 625 4115 χωρεῖν,
652 4048 925 4115 χωρείτω.
964 4043 1271 4117 ’Ἄκούομεν
1303 4048 1360 4100 δὲ
1402 4048 1498 4101 καὶ
1530 4048 1622 4101 ἐπὶ
1655 4051 1753 4121 τῆς
1789 4054 1980 4119 γενεᾶς

393 4130 492 4197 τῆς
518 4130 817 4198 ἡμετέρας,
850 4131 929 4182 ὅτι
964 4129 1146 4182 πολλοὶ
1178 4130 1270 4183 καὶ
1312 4129 1515 4203 σιδήρῳ
1550 4132 1693 4186 ἀπαν
1728 4134 1789 4186 τὸ
1820 4135 1980 4207 σῶμα

393 4211 817 4281 καταδήσαντες,
850 4213 945 4265 καὶ
973 4213 1161 4285 σάκκῳ
1179 4215 1582 4286 περιϐαλόντες,
1606 4218 1700 4270 καὶ
1723 4218 1859 4290 πρὸς
1882 4220 1980 4285 τὰς

395 4292 539 4365 ὀρῶν
582 4294 987 4366 ἀναδραμόντες
1019 4298 1283 4370 κορυφὰς,
1328 4301 1424 4353 καὶ
1454 4302 1679 4373 νηστείᾳ
1710 4301 1979 4368 συζώντες

392 4380 634 4450 διηνεκεῖ
674 4381 768 4434 καὶ
806 4382 1095 4454 παννυχίσι
1135 4385 1228 4438 καὶ
1273 4385 1618 4457 ἀγρυπνίαις,
1663 4389 1756 4440 καὶ
1801 4391 1978 4443 πᾶσαν

395 4464 831 4536 ἐπιδεικνύμενοι
861 4468 1302 4540 σκληραγωγίαν,
1337 4471 1432 4524 καὶ
1460 4472 1707 4540 γυναιξὶν
1736 4474 1979 4539 ἀπάσαις

393 4553 878 4629 ἀπαγορεύσαντες
926 4557 1230 4611 ἐπιϐαίνειν
1277 4558 1369 4611 τοῦ
1413 4558 1685 4630 δωματίου
1736 4563 1828 4614 καὶ
1878 4561 1978 4632 τῆς

296 4707 306 4713 ⁸
397 4637 636 4710 καλύϐης
662 4639 762 4711 τῆς
785 4640 1018 4704 ἑαυτῶν,
1057 4642 1149 4696 καὶ
1177 4641 1255 4713 τῷ
1285 4642 1472 4713 τρόπῳ
1500 4644 1673 4714 τούτῳ
1699 4645 1977 4714 παιδαγω-

395 4724 617 4791 γοῦντες
660 4726 910 4790 ἑαυτοὺς,
952 4726 1107 4797 μόλις
1154 4727 1526 4798 περιγίνονται
1558 4729 1656 4798 τῆς
1690 4729 1835 4783 κατά
1881 4730 1978 4803 τὴν

393 4808 691 4879 ἐπιθυμίαν
727 4812 941 4881 μανίας.
978 4812 1051 4864 Σὺ
1076 4812 1133 4864 δὲ
1162 4811 1362 4881 λέγεις,
1397 4813 1479 4866 ὅτι
1504 4812 1603 4868 κᾶν
1631 4814 1977 4871 συνοικοῦντα

396 4894 513 4965 ἴδῃς
543 4893 817 4965 παρθένῳ,
843 4896 937 4949 καὶ
963 4896 1217 4966 προσδεδε
1227 4896 1407 4966 μένον,
1434 4897 1528 4950 καὶ
1546 4898 1857 4969 τρυφῶντα,
1885 4903 1979 4956 καὶ

392 4979 492 5048 τὴν
522 4977 700 5047 ψυχὴν
739 4980 1062 5049 προϊέμενον
1100 4978 1320 5049 μᾶλλον,
1354 4979 1387 5049 ἢ
1437 4981 1535 5051 τὴν
1579 4980 1848 5049 σύνοικον,
1885 4985 1980 5038 καὶ

396 5061 552 5134 [ἓὸδῖ
589 5060 767 5114 πάντα
803 5063 896 5115 καί⁵
927 5063 1121 5117 παθεῖν
1169 5065 1261 5117 καὶ
1291 5063 1517 5133 ποιῆσαι
1561 5064 1908 5135 αἱρούμενον,
1942 5068 1976 5138 ἢ

397 5144 734 5217 χωρισθῆναι
766 5145 863 5216 τῆς
888 5146 1249 5218 ποθουμένης,
1286 5147 1364 5218 μὴ
1391 5147 1689 5220 πιστεύσῃς
1726 5166 1778 5201 τι
1808 5168 1978 5223 πονη-

400 5229 514 5301 ρὸν,
549 5229 683 5299 μηδὲ
708 5228 1005 5300 ἐπιθυμίας
1046 5224 1188 5284 εἷναι
1218 5230 1444 5303 νομίσῃς
1469 5231 1531 5283 τὸ
1563 5231 1813 5301 πρᾶγμα,
1843 5233 1979 5288 ἀλλά

397 5310 705 5375 εὐλαϐείας.

473 5393 612 5448 Ἀλλ’
665 5394 726 5447 οὐ
769 5395 897 5467 περὶ
962 5395 1071 5449 τῶν
1134 5395 1361 5466 σώματα
1406 5397 1637 5467 ἐχόντων
1662 5437 1676 5461 ,
1736 5391 1782 5451 ὦ
1846 5398 1978 5454 θαλ-

401 5479 586 5551 μάσιε,
644 5477 782 5533 ἀλλά
841 5482 969 5553 περὶ
1024 5481 1132 5534 τῶν
1189 5479 1358 5544 λίθοις
1405 5481 1794 5535 συνοικούντων
1836 5482 1979 5537 οὕτω

395 5562 702 5617 διακεῖσθαι
750 5564 878 5637 χρή.
909 5565 1017 5618 Καὶ
1056 5565 1121 5618 σύ
1159 5565 1258 5636 μὲν
1306 5564 1436 5629 ἴσως
1478 5566 1726 5629 ἀπιστεῖς
1763 5565 1853 5620 διὰ
1880 5566 1979 5638 τὴν

398 5645 597 5716 πολλὴν
644 5648 1033 5720 σωφροσύνη-ιο
1088 5647 1198 5718 ἐγὼ
1245 5649 1299 5704 δὲ
1351 5649 1555 5720 ηκουσα
1605 5650 1981 5723 διηγουμένων

463 5825 488 5857 ³
506 5824 658 5879 SIVil.
679 5829 840 5888 λαϐήν.

1071 255 1127 311 S.
1160 255 1450 309 JUANA‘IS
1486 252 1980 309 CIIRYSOSTOMI
2020 250 2334 308 ARCHIEP.
2382 249 2925 308 CONSTANTINOP.

3557 243 3665 300 602

2098 368 2282 429 τινῶν,
2339 369 2419 421 ὅτι
2460 367 2642 421 πολλοὶ
2692 366 2786 419 καὶ
2832 362 2971 434 πρὸς,
3012 360 3302 431 ἀγάλματα
3346 361 3438 416 καὶ
3483 359 3666 428 λίθους

2088 451 2290 505 ἔπαθόν
2328 468 2400 504 τι.
2436 452 2499 503 EE
2530 451 2588 504 δὲ
2621 442 2750 504 ἔνθα
2794 446 3096 518 σκληρότης
3130 445 3225 498 καὶ
3256 446 3543 499 ἀντιτυπία
3571 448 3669 502 καὶ

2086 535 2122 604 ἡ
2169 534 2457 598 διάπλασις
2509 534 2643 605 μόνη
2672 532 2923 586 τοσοῦτον
2953 532 3194 601 ἴσχυσεν,
3238 530 3367 584 ’όταν
3399 530 3537 600 μετά
3563 531 3667 601 τῆς

2087 616 2428 681 διαπλάσεως
2466 617 2556 670 καὶ
2597 616 2755 687 σῶμα
2796 615 3004 671 ἁπαλὸν
3051 612 3409 683 ὑποκείμενον
3542 614 3669 669 τίνα

2087 701 2186 753 οὐκ
2215 701 2507 771 ἐργάζεται
2552 701 2788 770 μανίανς
2837 698 2951 760 πῶς
2981 697 3040 750 δέ
3069 696 3130 750 οὐ
3170 694 3413 759 δόξουσιν
3440 698 3670 761 εἰκότως

2086 782 2264 852 λέγειν
2318 776 2518 854 μᾶλλον
2558 787 2609 837 οἱ
2650 781 3104 853 κατηγοροῦντες,
3135 779 3169 851 ἢ
3202 779 3359 848 ὑμεῖς
3385 779 3434 830 οἰ
3464 778 3667 833 ἀπολο-

2086 868 2378 937 γούμενοι;
2435 867 2500 920 Τί
2539 866 2647 938 γάρ
2677 866 2842 930 εἰκὸς,
2875 864 2996 917 εἰπέ
3035 879 3144 933 μοι,
3178 860 3465 931 ἐπιθυμεῖν
3494 861 3670 932 ἄνδρα

2085 950 2363 1018 γυναικὸς,
2396 949 2427 1021 ἢ
2465 950 2538 1022 μὴ
2573 948 2891 1020 ἐπιθυμεῖν;
2926 946 3149 1008 Πάντως
3181 944 3246 997 ἂν
3276 944 3520 1015 εἴποιμεν
3553 947 3668 998 ἐπι·

2087 1032 2298 1103 θυμεῖν.
2333 1033 2499 1086 Πάλιν
2538 1032 2645 1086 τῶν
2684 1031 2892 1103 μυρίων
2920 1027 3176 1082 ώθουσῶν
3209 1025 3313 1090 ἐξω
3339 1029 3668 1098 προφάσεων

2085 1115 2323 1184 εὐλόγων
2359 1117 2457 1168 οὐκ
2502 1115 2826 1186 ἀνεχόμενον
2876 1111 3130 1178 ἐξελθεῖν,
3166 1109 3279 1164 ἀλλ’
3333 1108 3669 1163 είσωθοῦντα

2086 1197 2277 1251 ἑαυτὸν
2344 1198 2431 1251 ἐπ’
2474 1197 2649 1252 οὐδενὶ
2713 1199 2810 1269 μὲν
2850 1193 3269 1265 κατορθώματι,
3334 1192 3548 1263 μυρίοις
3604 1191 3667 1246 δὲ

2084 1281 2312 1335 ὀνείδεσι
2385 1280 2478 1335 καὶ
2537 1279 2762 1351 βλάϐαις
2812 1278 3028 1331 οἰκείων
3086 1292 3144 1328 τε
3205 1275 3298 1328 καὶ
3344 1274 3665 1346 ἀλλοτρίων,

2084 1365 2136 1419 τί
2184 1364 2362 1430 είκός;
2431 1363 2490 1429 ἐξ
2533 1362 2741 1433 ἀγαθῆς
2779 1360 2934 1415 τοῦτο
2976 1356 3348 1431 προαιρέσεως
3407 1358 3662 1429 πάσχειν,

2084 1448 2118 1518 ἢ
2178 1449 2242 1502 ἐκ
2304 1448 2577 1518 πονηρᾶς;
2638 1445 2792 1516 Τάχα
2850 1443 2915 1497 ἂν
2969 1444 3033 1494 ἐκ
3085 1442 3328 1512 πονηρᾶς
3384 1442 3526 1495 εῖποι
3579 1459 3667 1505 τις

2087 1531 2309 1600 μᾶλλον.
2342 1530 2486 1600 Πλὴν
2518 1527 2654 1582 ἀλλά
2685 1526 2851 1599 μηδὲν
2893 1525 3033 1597 ὑπὲρ
3054 1523 3258 1577 τούτων
3291 1523 3664 1593 ἀκριϐολογώ-

2086 1613 2247 1685 μεθα,
2273 1613 2409 1667 ἀλλά
2439 1612 2643 1667 κείσθω
2673 1612 2808 1682 μήτε
2855 1607 2997 1662 κατά
3024 1607 3180 1676 λόγον
3214 1606 3666 1673 σκανδαλίζεσθαι

2080 1698 2209 1760 τοὺς
2243 1694 2784 1765 σκανδαλιζομένους,
2818 1693 2958 1763 μήτε
2985 1690 3229 1755 δικαίως,
3259 1688 3371 1742 ἀλλ’
3413 1690 3536 1761 είκῆ
3565 1690 3667 1768 καὶ

2085 1779 2264 1851 μάτην
2281 1796 2294 1809 ο
2320 1779 2463 1842 τίνος
2489 1778 2675 1831 ἐνεκεν
2703 1776 2993 1841 συνοικεῖς,
3010 1773 3132 1827 εἰπέ
3151 1790 3261 1843 μοι,
3279 1775 3344 1845 τῇ
3372 1773 3663 1845 παρθένῳ;

2081 1864 2159 1918 Δι’
2185 1862 2335 1916 οὐδὲν
2363 1861 2473 1934 γὰρ
2500 1861 2871 1944 ὴκσυνοίκησις
2902 1856 3041 1944 αῦτη
3068 1855 3502 1944 νενομοθέτηται,
3529 1856 3564 1928 ἢ
3593 1856 3663 1910 δι’

2083 1946 2261 2019 ἔρωτα
2291 1946 2386 2000 καὶ
2414 1938 2579 2000 πόθον
2599 1961 2612 1975 ·
2647 1942 2767 1998 ἐπεὶ
2791 1940 3007 2012 περίελε
3036 1938 3244 2003 τοῦτον,
3273 1939 3368 1992 καὶ
3390 1938 3683 2011 ἀνῄρηται»

2083 2032 2117 2101 fl;
2148 2029 2241 2083 τοῦ
2276 2028 2600 2100 πράγματος
2627 2027 2807 2098 χρεία.
2840 2024 2935 2087 Τίς
2964 2022 3073 2096 γὰρ
3103 2021 3169 2076 ἂν
3202 2021 3376 2074 ἕλοιτο
3405 2022 3546 2092 ἀνὴρ
3584 2022 3667 2075 ὢν

2080 2113 2285 2185 ταύτης
2342 2112 2511 2184 χωρὶς
2558 2110 2660 2181 τῆς
2712 2109 2958 2178 ἀνάγκης
3007 2105 3322 2175 γυναικείας
3373 2103 3666 2175 ἀνέχεσθαι

2080 2197 2293 2269 τρυφῆς
2323 2196 2417 2249 καὶ
2446 2194 2656 2267 ὑϐρεως
2699 2193 2792 2247 καὶ
2827 2190 2935 2244 τῶν
2981 2188 3157 2243 ἄλλων
3193 2187 3301 2242 τῶν
3342 2185 3436 2241 τοῦ
3465 2187 3664 2257 γένους

2082 2278 2479 2350 ἐλαττωμάτων
2513 2276 2756 2341 ἐκείνου;
2799 2272 2898 2327 Διά
2928 2272 3086 2327 τοῦτο
3122 2272 3220 2326 καὶ
3246 2272 3275 2324 ό
3299 2270 3431 2334 Θεὸς
3463 2269 3524 2335 ἐξ
3556 2272 3663 2342 ἀρ-

2080 2363 2180 2433 χῆς
2212 2361 2311 2433 τὴν
2345 2363 2580 2429 γυναῖκα
2624 2357 2795 2431 ταύτῃ
2837 2354 3153 2411 καθώπλισε
3190 2356 3256 2426 τῇ
3292 2352 3458 2426 ἰσχύϊ,
3502 2352 3665 2417 εἰδὼς

2081 2446 2164 2499 ὅτι
2213 2443 2418 2514 σφόδρα
2477 2441 2949 2511 εὐκαταφρόνητος
2990 2438 3162 2503 ἔσται,
3215 2436 3290 2508 μὴ
3318 2437 3521 2507 ταύτην
3563 2438 3666 2488 ἐπ-

2081 2527 2327 2598 αγομένη
2375 2525 2475 2595 τὴν
2522 2522 2715 2596 ἀρχὴν,
2751 2522 2845 2576 καὶ
2873 2523 2955 2575 ὅτι
3003 2520 3179 2584 οὐδεὶς
3214 2520 3280 2573 ἂν
3308 2519 3484 2574 ’ἐλοιτο
3518 2520 3664 2592 αὐτῇ

2085 2610 2402 2679 συνοικῆσαι
2431 2606 2753 2676 καθαρεύων
2778 2603 3090 2675 ἐπιθυμίας.
3118 2604 3184 2658 Εἰ
3209 2604 3319 2674 γάρ
3355 2603 3450 2657 καὶ
3472 2603 3668 2658 τοσαύ-

2080 2710 2182 2765 της
2232 2690 2590 2761 ἐπικειμένης
2644 2690 2890 2758 ἀνάγκης
2930 2686 3026 2740 νῦν
3074 2687 3169 2739 καὶ
3221 2686 3419 2757 πολλῆς
3467 2685 3668 2757 ἐτέρας

2074 2775 2269 2847 χρείας
2300 2774 2416 2846 (καὶ
2463 2772 2573 2841 γὰρ
2615 2774 2719 2826 καὶ
2763 2768 3157 2835 παιδοποιοῦσι,
3190 2769 3284 2823 καὶ
3328 2768 3664 2839 οίκουροῦσι,

2082 2860 2177 2914 καὶ
2201 2860 2365 2930 ἕτερα
2389 2857 2525 2912 ἄλλα
2547 2854 2916 2909 διακονοῦνται
2948 2853 3118 2907 πολλὰ
3151 2851 3373 2906 πλείονα
3392 2850 3621 2923 τούτων)
3646 2868 3660 2881 ·

2082 2942 2218 2997 εἰδὲ
2261 2940 2486 2995 τοιαῦτα
2519 2940 2611 2994 νῦν
2653 2939 2746 2992 καὶ
2800 2936 3037 2992 τοσαῦτα
3085 2934 3494 3007 λειτουργοῦσαι
3545 2938 3666 3000 τοῖς

2082 3025 2340 3094 ἀνδράσιν
2394 3022 2859 3093 εὐκαταφρόνητοι
2925 3019 3185 3082 πολλάκις
3242 3020 3511 3087 ἐγένοντο,
3565 3019 3665 3072 καὶ

2081 3109 2181 3179 τῆς
2227 3108 2405 3171 οίκίας
2456 3105 2845 3177 ἐξεϐλήθησαν,
2879 3103 2995 3167 πῶς
3040 3102 3105 3156 ἂν
3153 3102 3446 3174 ἐπιθυμίας
3487 3105 3682 3176 χωρὶς-

2080 3187 2221 3262 ῆσαν
2250 3193 2379 3263 ἡμῖν
2411 3189 2675 3254 ποθειναὶ,
2711 3188 2805 3241 καὶ
2833 3186 3007 3241 ταῦτα
3038 3185 3308 3249 τοσούτοις
3338 3187 3485 3257 ἡμᾶς
3521 3188 3665 3240 ὀνεί-

2082 3275 2197 3329 δεσι
2227 3273 2687 3347 περιϐάλλουσαι;
2722 3273 2791 3324 Ἦ
2819 3270 3002 3340 λέγετε
3029 3270 3205 3323 τοίνυν
3232 3269 3331 3340 τὴν
3352 3270 3532 3323 αἰτίαν
3560 3270 3665 3341 τῆς

2085 3360 2470 3430 συνοικήσεως,
2505 3356 2537 3427 ἢ
2573 3353 2828 3425 οὐδεμίαν
2850 3352 3175 3407 ὑποπτεύειν
3199 3353 3392 3425 ἑτέραν
3420 3352 3661 3422 ἀνάγκη,

2083 3442 2200 3496 ἀλλ’
2231 3441 2265 3512 ἢ
2299 3439 2542 3510 πονηρὰν
2590 3437 2884 3508 ἐπιθυμίαν
2919 3437 3013 3489 καὶ
3052 3436 3242 3507 ἡδονὴν
3278 3436 3661 3489 ἐπονείδιστον.

2156 3564 2229 3624 ς’.
2254 3558 2318 3611 Τί
2337 3553 2449 3623 οὖν,
2469 3556 2533 3610 ἂν
2555 3553 2890 3627 δυνηθῶμεν,
2914 3555 3099 3625 φησὶν,
3126 3555 3304 3608 αἰτίαν
3325 3553 3543 3623 εὑλογον
3565 3555 3667 3607 καὶ

2083 3642 2297 3696 δικαίαν
2350 3638 2695 3711 εἰπεῖν,οέσῃ
2735 3638 2912 3709 μάτην
2942 3637 3117 3692 ταῦτα
3157 3638 3286 3709 περὶ
3318 3637 3475 3708 ἡμῶν
3505 3640 3666 3710 εἰρη-

2083 3725 2194 3790 κώς
2212 3713 2233 3792 ;⁹
2259 3725 2509 3779 Μάλιστα
2541 3723 2661 3793 μὲν,
2697 3721 2951 3793 οὐδεμίαν
2980 3722 3153 3793 ἐρεῖτε
3178 3720 3431 3793 τοιαύτην
3452 3738 3467 3752 ’
3518 3722 3664 3793 πλὴν

2081 3808 2219 3863 ἀλλά
2242 3808 2337 3862 καὶ
2358 3806 2530 3870 οὕτως
2552 3805 2852 3875 ἐϐουλόμην
2882 3805 3094 3874 μαθεῖν,
3128 3806 3181 3858 εῐ
3203 3822 3326 3859 τινα
3349 3805 3507 3859 σκιὰν
3526 3805 3666 3874 γοῦν

2082 3894 2234 3963 ἐχετε
2283 3892 2505 3960 εὐλόγου
2558 3889 2886 3962 προφάσεως
2927 3890 3119 3941 εἰπεῖν.
3173 3889 3662 3958 Ἀπροστάτευτος,

2082 3977 2267 4046 φησὶν,
2303 3975 2449 4027 ἐστὶν
2489 3975 2522 4045 ἡ
2552 3972 2843 4044 παρθένος,
2881 3972 2981 4024 οὐκ
3006 3971 3174 4042 ἄνδρα
3206 3970 3427 4041 ἔχουσα,
3457 3971 3518 4024 οὐ
3556 3987 3665 4041 κη-

2039 4125 2055 4131 -
2078 4059 2293 4130 δεστὴν,
2340 4058 2599 4120 πολλάκις
2629 4056 2687 4110 δὲ
2731 4055 2853 4109 οὐδέ
2883 4054 3118 4126 πατέρα,
3148 4055 3250 4108 οὐκ
3278 4054 3526 4123 ἀδελφὸν,
3562 4055 3664 4110 καὶ

2078 4143 2247 4196 δεῖται
2272 4141 2367 4196 τοῦ
2388 4144 2546 4213 χεῖρα
2570 4139 2872 4210 ὀρέξοντος,
2907 4139 2999 4191 καὶ
3020 4138 3119 4206 τὴν
3140 4139 3375 4211 ἐρημίαν
3400 4155 3662 4210 παραμυ-

2081 4224 2517 4297 θησομένου,καὶ
2564 4222 2842 4292 πανταχοῦ
2874 4221 3317 4292 προϐεϐλημένου
3353 4223 3446 4275 καὶ
3482 4239 3662 4278 κατα-

2081 4309 2368 4380 στήσοντος
2395 4306 2565 4378 αὐτὴν
2580 4307 2636 4358 ἐν
2667 4304 2938 4375 ἀσφαλείᾳ
2961 4302 3127 4376 πολλῇ
3167 4304 3262 4357 καὶ
3290 4304 3489 4375 λιμένι.
3520 4306 3663 4377 Ποία

2078 4393 2369 4465 ἀσφαλείᾳ,
2417 4395 2511 4446 καὶ
2541 4392 2679 4462 ποίῳ
2716 4390 2928 4461 λιμένι;
2975 4390 3077 4444 Τὸν
3111 4390 3219 4462 γάρ
3250 4392 3511 4464 πρόϐολον
3556 4395 3665 4448 οὐκ

2079 4479 2334 4552 είργοντα
2365 4480 2476 4551 ὁρῶ
2504 4478 2572 4532 τὰ
2606 4477 2849 4549 κύματα,
2878 4477 2994 4531 ἀλλ’
3022 4477 3398 4549 ἐπεγείροντα,
3430 4479 3526 4532 καὶ
3564 4479 3662 4532 τὸν

2078 4562 2279 4634 λιμένα⁴
2302 4563 2403 4615 οὐκ
2435 4561 2833 4616 ἀναστέλλοντα
2853 4561 2944 4613 τὸν
2978 4560 3244 4631 χειμῶνα,
3275 4560 3410 4614 ἀλλά
3438 4561 3536 4615 καὶ
3556 4562 3662 4628 τάς

2080 4646 2230 4719 [256]
2260 4647 2359 4700 οὐκ
2380 4637 2825 4709 οὓσας’τίκτοντα
2859 4645 3171 4715 τρικυμίας.
3190 4639 3322 4698 Εἶτα
3339 4645 3439 4698 οὐκ
3468 4645 3662 4716 αἰσχύ-

2036 4796 2039 4801 ,
2078 4731 2256 4797 νεσθε,
2289 4732 2388 4785 οὐκ
2410 4728 2822 4800 ἐγκαλύπτεσθε
2850 4729 3075 4782 τοιαῦτα
3108 4728 3568 4801 ἀπολογούμενοις
3595 4730 3665 4787 El

2080 4815 2188 4885 γάρ
2222 4815 2460 4885 μηδεμία
2496 4815 2562 4867 ἐκ
2597 4813 2799 4883 ταύτης
2824 4813 2923 4883 τῆς
2955 4812 3230 4877 διακονίας
3265 4814 3504 4867 ἐτίκτετο
3524 4830 3663 4868 κατ-

2081 4898 2299 4970 ηγορία,
2333 4898 2467 4969 μηδέ
2519 4896 2691 4968 βλάϐη
2711 4938 2725 4963 ,
2758 4896 2893 4967 μηδὲ
2921 4895 3235 4963 σκάνδαλον,
3267 4895 3405 4950 ἀλλὰ
3426 4899 3542 4967 μετ’
3565 4898 3663 4950 εὑ-

2082 4984 2290 5057 φημίας
2323 4984 2450 5055 ἐξῆν
2496 4981 2654 5036 τοῦτο
2708 4981 2839 5034 αὐτὸ
2865 4983 3057 5046 ποιεῖν,
3110 4980 3258 5042 τίνος
3297 4981 3397 5034 οὐκ
3441 4980 3507 5033 ἂν
3561 4976 3666 5052 ῆτε

2080 5070 2432 5141 ἐλεεινότεροι
2470 5068 2564 5121 τὸν
2596 5066 2827 5121 πλοῦτον
2858 5065 3030 5134 αὐτῆς
3073 5063 3350 5130 αὔξοντες,
3389 5065 3482 5118 καὶ
3526 5065 3665 5137 πρὸς

2082 5151 2518 5225 φιλοχρηματίαν
2560 5149 2950 5222 γυμνάζοντες,
2986 5149 3079 5201 καὶ
3119 5151 3199 5212 είς
3232 5149 3534 5219 πράγματα
3558 5151 3666 5218 ἐμ-

2081 5237 2388 5301 ϐάλλοντες,
2414 5237 2511 5292 καὶ
2535 5235 2672 5307 πρὸς
2698 5231 2969 5304 κοσμικὰς
3002 5230 3469 5302 παιδοτριϐοῦντες
3499 5248 3667 5303 φρον-

2079 5323 2252 5387 τίδας,
2277 5322 2577 5391 οἰκονόμων
2607 5317 2764 5385 τάξιν
2793 5318 2886 5370 καὶ
2922 5317 3233 5386 ἐπιτρόπων
3266 5316 3361 5370 καὶ
3386 5314 3666 5387 ἀγοραίων

2081 5406 2242 5461 τινῶν
2289 5403 2798 5475 ἀνταλλαττόμενοι;
2835 5401 3052 5472 Σφόδρα
3094 5415 3193 5470 γε’
3247 5402 3310 5455 οὑ
3360 5400 3470 5474 γὰρ
3497 5400 3665 5471 δυνή-

2083 5489 2242 5541 σεσθε
2265 5490 2394 5559 περὶ
2414 5490 2554 5558 ἀκτη
2564 5485 2801 5557 μοσύνης
2821 5483 3188 5554 διαλεχθῆναι,
3219 5484 3313 5537 καὶ
3337 5485 3522 5538 πεῖσαι
3549 5482 3662 5537 τῶν

2079 5572 2250 5627 ὄντων
2288 5573 2672 5642 καταφρονεῖν,
2706 5571 2755 5622 οί
2788 5569 2964 5623 πάντα
3011 5568 3292 5631 ποιοῦντες
3324 5568 3474 5631 ὅπως
3505 5568 3667 5638 μένοι

2082 5658 2177 5708 καὶ
2208 5655 2423 5720 αὔξοιτο
2447 5656 2514 5709 τά
2552 5654 2703 5715 ὅντα,
2730 5653 2824 5706 καὶ
2862 5652 3022 5723 πόροι
3060 5651 3247 5723 πόροις
3276 5650 3665 5719 ἐπιγίγνοιντο,

2089 5740 2322 5811 κάπηλοι
2373 5756 2518 5803 τινες
2570 5739 2665 5792 καὶ
2712 5734 3120 5809 παλιγκάπηλοι
3165 5736 3236 5790 δι’
3282 5734 3497 5800 ἐκείνας
3519 5735 3671 5804 γενό-

2091 5839 2262 5893 μενοι,
2306 5822 2568 5895 ἅχρηστοί
2611 5839 2695 5891 γε.
2728 5821 2801 5874 Οὐ
2837 5819 2946 5893 γὰρ
2979 5823 3223 5890 γενναῖαι
3269 5818 3424 5891 ὑμῶν
3476 5820 3535 5875 αἱ
3572 5819 3663 5874 ἐλ-
