4060 6136
363 397 452 451 501

364 506 608 564 onmibus
635 503 829 559 diaboli
859 500 1058 557 retibus
1083 507 1351 554 extracws
1375 514 1389 550 :
1419 495 1507 565 qui
1538 494 1740 566 primus
1767 503 1822 547 et
1846 504 1935 545 so-

368 601 446 656 lus
473 605 671 652 tantam
715 591 1076 649 fortitudinem
1103 586 1529 657 demonstravit,
1560 593 1616 640 et
1637 599 1795 638 omne
1824 580 1935 636 fer-

367 705 482 746 rum
532 698 588 743 et
630 686 966 741 adamantem
1012 697 1107 736 sua
1154 678 1479 735 continentia
1531 683 1937 746 prmtcrgressus

366 776 703 835 subnervavit
726 774 920 829 diaboli
951 780 1287 842 potestatem,
1311 769 1388 822 sic
1417 767 1614 820 veritus
1641 775 1754 819 erat
1779 762 1936 817 talem

368 884 588 941 pugnam
614 909 634 932 ,
676 874 732 922 et
772 865 844 921 ita
874 864 1075 935 putavit
1115 859 1442 930 impossibile
1479 872 1599 913 esse
1635 853 1940 909 cohabitare

366 960 551 1033 virgini
576 961 693 1016 sine
739 957 935 1012 damno
959 962 1013 1009 et
1038 967 1250 1023 purum,
1291 959 1351 1004 ut
1389 965 1493 1003 non
1523 949 1694 1001 solum
1721 959 1750 998 a
1775 942 1940 1033 culta:-

368 1031 619 1109 bitatione
669 1048 759 1103 tali
807 1045 997 1117 procul
1040 1053 1095 1099 et
1142 1042 1298 1114 longe
1336 1040 1602 1108 seipsum,
1649 1038 1742 1090 sed
1783 1043 1835 1088 et
1873 1031 1941 1085 ab

366 1152 584 1213 aspectu
625 1153 843 1211 prorsus
884 1145 939 1194 et
967 1135 1236 1192 consortio
1278 1130 1632 1192 subduxerit,
1665 1127 1942 1196 legemque

370 1233 606 1306 posuerit
629 1230 799 1286 oculis
834 1230 945 1284 suis
964 1227 1204 1282 ’omnino
1226 1226 1279 1278 in
1302 1224 1557 1294 virginem
1582 1235 1648 1275 ne
1676 1219 1942 1288 respicere

368 1324 601 1396 quidem.
633 1321 845 1377 Sciebat
872 1319 1013 1374 enim
1043 1326 1098 1372 et
1123 1316 1284 1387 probe
1316 1323 1533 1369 noverat
1559 1310 1700 1381 quod
1731 1325 1836 1363 non
1859 1323 1945 1362 so-

369 1395 475 1471 lum
500 1411 892 1469 cohabitantem
918 1450 934 1472 ,
972 1406 1066 1463 sed
1092 1415 1145 1461 et
1173 1405 1515 1474 aspicientem
1551 1401 1761 1454 curiose
1787 1399 1837 1451 in
1869 1395 1947 1449 fa-

370 1505 504 1560 ciem
533 1503 750 1574 virginis
775 1499 989 1555 difﬁcile
1013 1539 1029 1565 ,
1070 1497 1207 1551 forte
1230 1505 1406 1551 autent
1436 1503 1491 1549 et
1526 1490 1852 1562 impossibile
1879 1490 1948 1542 sit

370 1596 601 1666 ell‘ugere
621 1595 871 1649 damnum
893 1632 908 1657 ,
939 1588 1079 1659 quod
1110 1587 1231 1642 inde
1260 1587 1449 1641 oritur.
1477 1585 1700 1652 Propter
1723 1580 1863 1651 quod
1891 1588 1946 1634 et

371 1688 599 1749 dicebat,
640 1683 717 1738 Ne
735 1683 942 1753 cogitem
970 1681 1170 1750 quidem
1195 1679 1257 1732 de
1282 1678 1472 1748 virgine
1503 1674 1623 1745 (Job
1644 1674 1778 1729 51.1
1805 1673 1847 1743 ).

438 1778 491 1833 5.
508 1779 574 1830 At
593 1771 1059 1845 siparvusvidetur
1077 1771 1165 1825 tibi
1188 1769 1253 1823 ad
1277 1779 1544 1822 certamen
1567 1765 1687 1831 Job,
1709 1765 1948 1835 quamvis

373 1882 562 1922 revera
586 1879 756 1935 neque
780 1873 1019 1918 stercore
1040 1860 1180 1915 illius
1200 1859 1365 1914 simus
1381 1857 1558 1927 digni;
1583 1864 1948 1910 verumtamen

373 1956 495 2010 licet
516 1956 690 2008 minus
709 1961 797 2007 tua
819 1950 1248 2022 magnanimitate
1276 1963 1395 2003 esse
1423 1955 1575 2018 putes
1605 1945 1947 2016 exemplum,

371 2032 551 2100 cogita
572 2029 981 2084 vocalissimum
1006 2042 1312 2104 prarconem
1336 2028 1583 2084 veritatis
1604 2026 1830 2080 Paulum
1854 2028 1948 2097 qui

372 2126 546 2171 totum
567 2117 754 2171 orbem
779 2116 1000 2178 circuit,
1019 2125 1073 2171 et
1095 2116 1277 2171 dicere
1301 2117 1477 2187 potuit
1498 2116 1660 2172 verba
1677 2116 1765 2171 illa
1782 2116 1952 2171 multa

372 2204 639 2271 sapientia
672 2204 894 2270 referta,
925 2198 1069 2273 quod
1096 2203 1483 2273 nonjamipse
1513 2203 1585 2258 sit
1614 2204 1822 2270 vivens,
1856 2204 1950 2259 sed

372 2292 625 2347 Christus
652 2291 704 2344 in
723 2292 843 2361 ipso
865 2289 1077 2362 (Galat.
1100 2290 1155 2344 2.
1177 2290 1295 2364 20),
1313 2300 1366 2346 et
1388 2291 1531 2362 quod
1564 2292 1862 2346 crucifixus
1881 2291 1953 2349 sit

373 2379 580 2434 mundo
611 2386 666 2432 et
689 2376 928 2434 mundus
956 2378 1059 2433 sibi
1093 2375 1197 2449 (Ib.
1225 2379 1279 2435 6.
1322 2378 1434 2449 14),
1463 2385 1515 2432 et
1544 2378 1688 2448 quod
1716 2377 1958 2447 quotidie

374 2467 642 2522 moriatur
666 2468 743 2537 (1.
769 2467 895 2522 Cor.
924 2467 1010 2522 15.
1042 2468 1101 2521 51
1127 2467 1146 2537 )
1172 2483 1186 2519 :
1221 2476 1343 2537 post
1360 2473 1567 2521 tantam
1587 2467 1814 2537 spiritus
1833 2481 1958 2538 gra-

372 2555 507 2607 tiam
529 2562 583 2610 et
611 2562 759 2609 tanta
780 2555 1142 2611 certaminum
1168 2555 1490 2624 specimina,
1523 2561 1647 2624 post
1669 2556 1959 2610 inenarra-

372 2644 503 2699 bilia
523 2645 786 2714 pericula,
807 2656 931 2717 post
947 2654 1057 2700 tam
1075 2646 1287 2701 eximiae
1305 2645 1601 2717 diligentiae
1612 2654 1666 2701 et
1680 2647 1960 2717 sapientiai

373 2731 645 2795 studium,
665 2732 1079 2789 declaratnobis
1096 2741 1149 2788 et
1160 2740 1579 2798 commonstrat,
1601 2733 1768 2803 quod,
1787 2732 1962 2789 donec

372 2820 770 2889 spiraverimus
785 2829 838 2876 et
866 2821 970 2876 hac
990 2836 1160 2877 carne
1180 2821 1446 2878 fuerimus
1468 2812 1817 2886 circumdati,
1840 2838 1962 2879 cer—

370 2906 674 2963 taminibus
690 2908 850 2962 nobis
868 2924 1005 2978 opus
1024 2916 1109 2965 est
1130 2918 1183 2964 et
1200 2909 1482 2965 laboribus
1502 2925 1679 2979 neque
1694 2912 1804 2964 otio
1824 2918 1963 2965 tem-

371 2995 621 3060 perantia
649 3003 893 3063 peratur.
917 2994 1010 3048 sed
1042 2994 1233 3050 multis
1262 2994 1555 3050 sudoribus
1589 3003 1643 3049 et
1683 2996 1961 3051 laboribus

370 3093 514 3151 opus
536 3079 707 3133 estad
732 3080 834 3134 hoc
861 3088 1127 3147 tropaeum
1149 3079 1475 3148 parandum,
1497 3079 1579 3134 sic
1598 3080 1788 3135 dicens
1812 3098 1826 3134 :
1862 3079 1965 3134 Ca-

369 3167 511 3234 stigo
545 3181 734 3233 corpus
759 3182 965 3231 meum,
997 3175 1047 3220 et
1074 3167 1131 3219 in
1154 3168 1458 3220 servitutem
1491 3165 1675 3235 redigo
1697 3206 1712 3231 ,
1739 3181 1803 3221 ne
1831 3168 1959 3221 dum

368 3252 497 3308 aliis
524 3251 878 3321 pra’dt'cauero
899 3254 1007 3320 ipse
1035 3252 1297 3321 reprobus
1322 3253 1448 3322 ﬁam
1477 3253 1552 3324 (Ι.
1585 3250 1712 3309 Cor.
1744 3251 1799 3316 9,
1841 3251 1958 3325 27).

280 3340 285 3343 “
372 3338 501 3395 llaec
527 3350 709 3395 autem
745 3341 964 3396 dicebat
989 3341 1281 3396 declarans
1311 3340 1635 3396 seditionem
1661 3341 1872 3406 carnis,
1904 3348 1961 3397 et

372 3428 839 3499 concupiscentiae
859 3429 1086 3493 rabiem,
1113 3429 1475 3500 praeliumque
1501 3430 1851 3495 continuum,
1895 3443 1962 3485 ac

376 3517 549 3571 vitam
617 3532 837 3588 semper
880 3517 934 3571 in
980 3533 1156 3588 agone
1203 3519 1584 3574 constitutam.
1634 3517 1700 3572 Et
1752 3518 1962 3573 idcirco

374 3602 544 3657 etiam
580 3601 837 3660 Christus
873 3603 1248 3659 difﬁcultatem
1300 3605 1378 3660 rei
1411 3604 1701 3671 declarans
1723 3642 1741 3670 ,
1781 3620 1962 3676 neque

374 3691 462 3747 vel
503 3690 653 3747 licite
689 3692 935 3762 aspicere
979 3693 1246 3762 permittit
1293 3692 1585 3748 mulierum
1618 3691 1827 3758 facies,
1864 3693 1963 3749 sed

373 3786 429 3831 ct
478 3779 856 3835 adulterorum
912 3794 1074 3848 paena
1122 3780 1431 3850 puniendos
1469 3764 1571 3835 sict
1602 3780 1964 3850 respicientes

373 3868 768 3924 interminatus
811 3877 914 3925 est.
976 3867 1039 3921 Et
1087 3884 1211 3923 cum
1254 3867 1485 3923 dixisset
1548 3865 1780 3936 Petrus,
1838 3866 1965 3924 Non

366 3945 571 4015 expedit
595 3963 802 4002 uxorem
825 3947 1008 4002 ducere
1034 3946 1243 4020 (Matth.
1275 3947 1363 4002 19.
1396 3947 1506 4017 10),
1539 3963 1644 4001 non
1668 3947 1852 4002 statuit
1876 3947 1953 4002 le-

362 4051 489 4106 gem
518 4053 585 4091 ne
609 4037 871 4093 ducantur
890 4055 1103 4105 uxores,
1129 4039 1221 4093 sed
1244 4039 1554 4107 gravitatem
1576 4038 1653 4093 rei
1674 4038 1952 4094 declarans

364 4127 581 4182 diccbat
609 4144 621 4179 :
657 4127 758 4192 Qui
784 4137 944 4196 potest
981 4145 1160 4198 capere
1197 4129 1364 4198 capiat
1388 4127 1510 4199 (Ib.
1544 4145 1591 4183 υ.
1622 4129 1688 4183 12
1715 4130 1754 4201 ).
1788 4130 1954 4184 Atidi-

365 4233 489 4272 mus
515 4227 692 4272 autem
720 4226 773 4272 et
799 4217 901 4274 hoc
926 4229 1108 4274 nostro
1132 4220 1348 4287 saeculo,
1374 4221 1514 4291 quod
1544 4221 1784 4276 nonnulli
1811 4220 1954 4276 ferro

366 4318 540 4364 totum
567 4323 762 4380 corpus
788 4309 1030 4381 ligantes,
1061 4320 1115 4366 et
1143 4326 1297 4366 saCCo
1323 4313 1632 4379 vestientes,
1656 4322 1711 4368 et
1735 4312 1800 4367 ad
1829 4328 1952 4368 ver-

366 4403 504 4458 tices
542 4403 800 4459 montium
845 4414 1124 4461 currentes
1144 4447 1158 4473 ,
1191 4414 1247 4460 et
1277 4406 1333 4460 in
1358 4407 1625 4461 continuis
1644 4406 1862 4478 jejuuiis
1892 4421 1956 4463 ac

364 4495 661 4565 pervigiliis
685 4496 924 4551 viventes
948 4537 963 4565 ,
993 4511 1314 4566 omnemque
1359 4497 1654 4565 disciplina:
1693 4498 1953 4553 severita-

365 4597 477 4643 tem
514 4586 895 4654 ostendentes,
926 4587 1174 4641 omnibus
1211 4586 1521 4641 mulieribus
1564 4587 1860 4657 ingressum
1900 4587 1952 4641 in

363 4677 747 4733 domunculam
773 4687 825 4733 et
853 4674 1116 4748 tugurium
1136 4693 1289 4732 suum
1314 4677 1652 4744 interdicere,
1676 4688 1833 4748 atque
1853 4678 1955 4735 hac

363 4770 574 4824 ratione
590 4769 795 4838 seipsos
825 4770 1162 4840 castigantes,
1194 4784 1336 4839 aegre
1366 4778 1540 4825 tamen
1570 4770 1954 4840 concupiscen-

364 4860 453 4915 tiae
475 4860 707 4916 furorem
730 4863 1104 4931 comprimere.
1130 4862 1197 4916 At
1218 4872 1271 4917 tu
1293 4863 1425 4917 dicis
1444 4862 1607 4933 quod,
1632 4863 1751 4918 licet
1775 4862 1955 4918 videas

362 4952 722 5007 cohabitatem
752 4953 975 5023 virgini,
1005 4962 1057 5007 et
1085 4953 1351 5024 alligatum
1374 4994 1388 5017 ,
1420 4962 1474 5009 et
1500 4953 1837 5009 deliciantem
1856 4994 1872 5020 ,
1901 4961 1958 5008 et

367 5044 603 5097 animam
631 5043 803 5113 potius
832 5045 1164 5100 emittentem
1188 5061 1346 5116 quam
1377 5045 1833 5113 cohabitatricem,
1862 5063 1954 5115 pa-

366 5144 651 5203 ratumque
666 5134 843 5189 omnia
865 5145 919 5190 et
943 5135 1115 5192 facere
1135 5145 1188 5191 et
1212 5137 1320 5206 pati
1344 5138 1519 5207 potius
1539 5153 1697 5208 quam
1719 5138 1953 5207 separari

367 5239 396 5276 a
429 5223 646 5288 dilecta,
674 5240 741 5279 ne
771 5226 1061 5296 suspiceris
1091 5225 1288 5296 aliquid
1314 5226 1475 5292 mali,
1518 5242 1585 5282 ne
1626 5237 1781 5297 putes
1822 5242 1953 5282 con-

368 5317 712 5384 cupiscentia:
742 5318 1031 5388 negotium,
1065 5317 1159 5373 sed
1189 5317 1396 5386 pietatis
1422 5319 1619 5387 potius.

397 5401 403 5406 ’
443 5407 525 5463 Ex
550 5410 800 5463 consortio
842 5410 1091 5480 virginum
1127 5410 1353 5463 nascitur
1394 5409 1672 5463 necessario
1712 5410 1952 5481 concupi-

369 5502 581 5555 scentia.
605 5531 677 5542 —
702 5502 1026 5557 Admirande
1049 5502 1146 5568 vir,
1180 5501 1225 5556 is
1248 5500 1470 5556 affectus
1496 5510 1578 5556 est
1609 5501 1673 5555 iis
1701 5502 1791 5570 qui
1818 5503 1953 5571 lapi-

369 5591 525 5646 dibus
553 5593 882 5662 cohabitant,
921 5608 1025 5647 non
1052 5592 1375 5647 hominibus.
1403 5593 1469 5647 Et
1497 5600 1552 5646 tu
1583 5592 1792 5663 quidem
1822 5595 1956 5648 forte

372 5699 480 5737 non
509 5685 684 5740 credis
711 5684 782 5740 ob
804 5700 1047 5755 magnam
1067 5692 1205 5738 tuam
1223 5684 1635 5749 continentiam;
1660 5699 1756 5756 ego
1777 5693 1954 5739 autem

375 5773 551 5831 audivi
579 5774 839 5848 quosdam
867 5775 1104 5833 dicentes
1131 5774 1270 5846 quod
1300 5776 1458 5832 etiam
1485 5775 1634 5832 multi
1664 5790 1787 5846 erga
1819 5775 1955 5846 lapi-

939 452 943 457 ε
1023 382 1295 442 CONTRA
1335 382 1462 438 EOS
1497 380 1610 448 QUI
1649 370 2257 435 SUBlNTRODUCTAS
2293 371 2565 429 llABENT
2606 366 2942 426 VIRGINES.

3513 365 3623 421 502

2045 486 2140 542 des
2184 495 2238 541 et
2278 493 2478 541 statuas
2521 485 2759 541 nonnihil
2784 483 2956 538 affecti
2984 483 3107 537 sint.
3140 478 3291 549 Quod
3333 480 3376 535 si
3420 488 3620 535 tantum

2044 578 2207 631 valuit
2232 577 2509 632 artificium
2550 577 2742 639 solum,
2778 575 2862 630 ubi
2904 566 3091 645 aspera
3133 582 3188 627 et
3225 573 3355 627 dura
3394 571 3617 642 effigies,

2045 678 2293 739 quantam
2324 669 2628 739 operabitur
2658 668 2914 722 insaniam
2947 667 2998 721 in
3019 665 3195 737 effigie
3225 663 3442 734 pulchra
3476 673 3625 718 tene-

2045 777 2163 817 rum
2189 761 2418 831 corpus?
2442 760 2717 827 Quomodo
2739 776 2844 828 non
2867 758 3151 814 credentur
3171 758 3336 827 magis
3365 756 3625 811 verisimi-

2047 855 2115 909 lia
2146 854 2325 909 dicere
2353 853 2443 923 qui
2472 868 2561 907 vos
2588 863 2857 915 accusant,
2885 867 3042 921 quam
3073 865 3167 905 vos
3193 851 3280 920 qui
3306 849 3626 905 defenditis?

2047 944 2183 1014 Quid
2204 945 2342 1000 enim
2367 944 2668 1007 verisimile,
2692 943 2776 997 dic
2804 942 2965 997 mihi?
2989 957 3055 995 an
3081 940 3220 1011 quod
3250 940 3330 995 vir
3350 940 3624 995 mulierem

2049 1037 2407 1105 concUpiscat,
2435 1051 2499 1088 an
2530 1034 2668 1105 quod
2700 1050 2802 1087 non
2830 1032 3202 1102 concupiscat?
3227 1030 3457 1087 Omnino
3474 1032 3626 1085 dixe‘

2049 1129 2215 1181 rimus
2241 1126 2378 1196 quod
2408 1126 2766 1194 concupiscat.
2798 1125 3023 1177 Rursum
3051 1137 3170 1178 cum
3193 1122 3482 1177 innumerm
3503 1138 3629 1176 cau-

2051 1233 2123 1274 sa:
2149 1219 2420 1288 impellant
2450 1227 2504 1272 ut
2529 1218 2846 1288 egrediatur,
2879 1232 2976 1271 nec
3002 1215 3179 1286 egredi
3209 1216 3364 1279 velit,
3407 1215 3498 1269 sed
3542 1231 3628 1269 sc-

2052 1311 2223 1380 ipsum
2253 1311 2472 1380 injiciat,
2492 1311 2638 1365 nullo
2656 1325 2832 1378 operte
2861 1310 3047 1378 pretio,
3070 1309 3248 1363 multis
3275 1324 3398 1363 vero
3424 1309 3632 1378 probris

2052 1417 2114 1455 ac
2157 1400 2487 1454 nocumcntis
2534 1399 2895 1467 sequentibus,
2930 1411 3039 1453 tum
3071 1399 3216 1465 suis,
3265 1408 3373 1453 tum
3420 1399 3629 1464 alienis,

2054 1492 2178 1562 quid
2210 1492 2331 1547 hinc
2354 1491 2640 1560 conjicias?
2664 1490 2744 1545 Ex
2767 1472 2978 1545 bonone
3005 1491 3107 1544 hoc
3125 1499 3310 1559 agatur
3339 1492 3628 1559 proposito.

2055 1601 2119 1638 an
2149 1601 2216 1639 ex
2246 1584 2419 1638 malo?
2447 1584 2647 1653 Opinor
2670 1582 2788 1652 quis
2815 1582 2965 1636 facile
2986 1581 3179 1635 dixerit
3207 1580 3346 1649 quod
3377 1596 3440 1634 ex
3465 1581 3626 1635 malo.

2056 1676 2429 1731 Verumtamen
2456 1690 2561 1729 non
2591 1674 2658 1728 de
2702 1675 2766 1729 iis
2798 1674 2927 1742 ipsis
2952 1673 3232 1743 diligenter
3255 1672 3627 1738 scrutabimur,

2057 1767 2150 1822 sed
2192 1775 2417 1837 ponatur
2442 1765 2582 1836 quod
2606 1765 2640 1818 ii
2671 1765 2758 1834 qui
2787 1763 3211 1819 scandalizantur
3232 1778 3335 1816 non
3366 1762 3635 1817 scandali-

2057 1867 2244 1913 zantur
2266 1857 2428 1928 jnste,
2458 1856 2551 1911 sed
2582 1865 2782 1911 temere
2800 1863 2854 1910 et
2878 1855 2993 1908 sine
3015 1868 3172 1908 causa
3195 1853 3310 1906 :dic
3333 1852 3460 1907 mihi
3482 1852 3634 1923 cujus

2053 1949 2220 2020 gratia
2239 1947 2428 2018 virgini
2448 1946 2757 2002 cobabitas?
2781 1944 2934 1999 Nulla
2960 1943 3102 1998 enim
3122 1942 3226 1997 alia
3253 1942 3317 1998 de
3341 1958 3497 1997 causa
3520 1952 3632 1996 Sta-

2058 2050 2168 2095 tuta
2196 2048 2278 2095 est
2303 2038 2623 2094 cohabitatio
2648 2037 2780 2103 haec,
2805 2052 2961 2106 quam
2986 2043 3201 2105 prepter
3223 2034 3561 2089 dileCtionem
3580 2044 3646 2089 et

2055 2147 2293 2188 amorem
2315 2150 2329 2186 :
2357 2147 2477 2186 nam
2494 2129 2642 2185 aufer
2660 2128 2776 2194 hoc,
2798 2136 2852 2183 et
2872 2126 3141 2181 auferetur
3167 2126 3242 2180 rei
3272 2126 3486 2179 utilitas.
3507 2124 3652 2191 Quis.

2056 2225 2198 2278 enim
2228 2223 2308 2277 vir
2333 2230 2438 2287 est,
2468 2221 2557 2291 qui
2581 2220 2738 2275 vellet
2766 2218 2883 2273 sine
2907 2217 3005 2273 hac
3030 2216 3345 2271 necessitate
3373 2214 3513 2269 ferre
3537 2213 3636 2269 de-

2056 2316 2203 2370 licias
2230 2324 2284 2370 et
2309 2313 2527 2384 injurias
2566 2312 2851 2367 muliebres
2879 2321 2931 2367 et
2959 2311 3060 2366 alia
3093 2310 3247 2379 hujus
3291 2309 3637 2365 sexusvitia?

2058 2408 2346 2478 Propterea
2375 2415 2429 2463 et
2452 2405 2519 2461 ab
2544 2405 2695 2460 initio
2724 2405 2863 2460 Deus
2888 2403 3163 2459 mulierem
3195 2402 3295 2457 hoc
3324 2401 3517 2457 robore
3551 2417 3639 2455 ar.-

2057 2497 2242 2565 mavit,
2267 2496 2432 2568 probe
2451 2496 2626 2551 sciens
2640 2494 2780 2565 quod
2805 2494 2958 2550 valde
2981 2492 3317 2564 despicabilis
3344 2500 3508 2557 esset,
3538 2491 3641 2545 nisi

2059 2591 2162 2646 hoc
2190 2603 2357 2660 genus
2383 2587 2591 2657 imperii
2618 2585 2917 2651 induceret,
2954 2592 3009 2639 et
3034 2582 3179 2653 quod
3205 2581 3379 2637 nullus
3407 2581 3454 2636 ei
3481 2580 3640 2636 calta-

2059 2680 2317 2735 bitaturus
2356 2687 2517 2746 esset,
2561 2678 2648 2748 qui
2687 2692 2718 2731 a
2761 2676 3138 2746 cupiditatibus
3185 2685 3327 2730 esset
3368 2674 3641 2728 immunis.

2054 2772 2188 2828 Nam
2206 2770 2252 2827 si
2270 2785 2431 2833 nunc,
2449 2784 2569 2825 cum
2591 2779 2695 2823 tam
2715 2769 3028 2824 necessariae
3050 2767 3271 2823 ctutiles
3290 2776 3434 2831 sunt,
3448 2767 3643 2836 quippe

2056 2877 2179 2932 qua:
2216 2870 2268 2917 et
2302 2875 2498 2929 pueros
2542 2867 2843 2929 procreant,
2887 2867 2940 2913 et
2971 2857 3186 2912 domum
3218 2858 3543 2917 custodiunt.
3582 2846 3638 2912 et

2055 2953 2159 3008 alia
2185 2951 2349 3007 multa
2381 2950 2465 3004 his
2492 2951 2641 3021 plura
2670 2950 3043 3004 administrant
3084 2967 3098 3004 :
3127 2950 3169 3004 si
3197 2950 3485 3004 etiamnum
3518 2965 3646 3004 cum

2055 3043 2127 3099 ita
2149 3042 2281 3098 viris
2307 3041 2629 3107 ministrant,
2648 3055 2790 3110 sarpe
2818 3049 2993 3093 tamen
3019 3048 3334 3109 contempta:-
3362 3046 3507 3103 sunt,
3525 3051 3582 3094 ut
3612 3056 3643 3093 e

2058 3135 2219 3191 domo
2240 3133 2538 3205 ejiciantur,
2567 3130 2833 3202 quomodo
2859 3131 3059 3200 absque
3087 3131 3512 3199 concupiscentia
3542 3146 3638 3183 no-

2058 3227 2142 3284 bis
2167 3240 2287 3283 esse
2317 3233 2536 3296 possunt
2560 3224 2787 3289 dilectae,
2816 3223 3108 3293 przrscrtim
3147 3239 3265 3292 qua:
3307 3238 3405 3278 nos
3432 3231 3510 3278 tot
3546 3241 3641 3292 op-

2057 3318 2288 3391 probriis
2308 3317 2564 3374 onerant?
2590 3316 2688 3372 Vel
2727 3332 2853 3386 ergo
2877 3331 3090 3372 causam
3117 3316 3523 3372 cohabitationis
3561 3318 3641 3371 di-

2061 3410 2185 3477 cite,
2218 3410 2301 3465 vel
2318 3408 2520 3464 nullam
2548 3408 2704 3462 aliam
2730 3407 2986 3477 suspicari
3008 3423 3255 3477 necesse,
3271 3424 3427 3478 quam
3451 3408 3643 3463 malam

2059 3500 2548 3571 concupiscentiam
2573 3509 2625 3554 et
2657 3498 3060 3570 ignominiosam
3089 3499 3433 3569 voluptatem.

2130 3592 2185 3649 6.
2224 3591 2361 3659 Quid
2383 3591 2561 3662 igitur,
2587 3592 2630 3645 si
2664 3590 2986 3661 poterimus,
3007 3591 3098 3653 ait,
3129 3607 3344 3647 causam
3364 3593 3558 3659 justam
3589 3601 3657 3645 et.

2060 3682 2428 3739 rationabilem
2456 3680 2808 3747 dicere,.nutn
2835 3681 3028 3736 frustra
3061 3680 3173 3736 haec
3216 3681 3447 3747 dixeris?
3473 3682 3641 3737 Maxi-

2060 3788 2149 3830 me
2193 3771 2407 3843 quidem
2453 3771 2651 3826 nullam
2682 3770 2838 3826 talem
2877 3771 3086 3837 dicetis,
3143 3781 3500 3826 verumtamen
3545 3772 3645 3826 hac

2060 3868 2220 3919 etiam
2248 3864 2455 3919 ratione
2480 3863 2671 3919 vellem
2698 3863 2923 3930 discere,
2948 3879 3012 3917 an
3036 3865 3117 3919 vel
3145 3865 3385 3919 umbram
3414 3865 3649 3934 aliquam

2055 3958 2184 4029 justi
2212 3965 2499 4027 praetextas
2527 3956 2706 4011 dicere
2744 3955 2979 4025 possitis.
3024 3956 3312 4010 Defensore
3351 3966 3517 4022 caret,
3549 3956 3642 4022 ait,

2062 4048 2230 4117 virgo,
2256 4062 2430 4117 neque
2453 4048 2624 4102 virum
2655 4046 2832 4113 habet,
2864 4062 3038 4115 neque
3069 4056 3319 4111 tutorem,
3347 4063 3487 4116 smpe
3515 4048 3642 4102 item

2062 4154 2232 4208 neque
2262 4147 2605 4208 patrem,nec
2632 4137 2878 4203 fratrem;
2904 4138 3103 4208 indiget
3123 4138 3318 4207 aliquo,
3342 4139 3429 4206 qui
3458 4138 3506 4192 ei
3528 4152 3643 4192 ma-

2062 4244 2188 4283 num
2219 4228 2473 4298 praebeat,
2519 4236 2575 4282 et
2615 4227 2864 4282 solitaria:
2893 4243 3181 4283 maerorem
3221 4229 3546 4295 consoletur,
3590 4237 3647 4283 ct

2062 4318 2258 4389 ubique
2285 4332 2345 4373 se
2370 4332 2467 4387 pro
2490 4332 2554 4373 ea
2581 4328 2816 4387 opponat
2842 4318 3178 4382 adversariis,
3211 4330 3263 4372 ct
3292 4318 3460 4387 ipsam
3484 4320 3535 4373 in
3561 4336 3655 4373 sc-

2061 4410 2288 4466 curitate
2315 4417 2369 4464 ct
2393 4418 2548 4479 portu
2575 4409 2882 4464 constituat.
2912 4409 3080 4474 Quam
3119 4419 3174 4463 tu
3220 4410 3344 4462 mihi
3388 4412 3644 4463 securita-

2063 4510 2191 4566 tem,
2217 4514 2421 4571 quteso,
2452 4515 2606 4571 quem
2636 4508 2846 4569 portmn
2877 4498 3096 4554 narras?
3130 4499 3319 4552 l‘ortus
3345 4500 3487 4555 enim
3519 4516 3647 4569 pro»

2065 4593 2413 4665 pugnaculum
2442 4592 2597 4647 video
2623 4606 2729 4646 non
2759 4606 2948 4646 arcens
2987 4591 3198 4652 fluetus.
3244 4591 3337 4646 sed
3384 4592 3644 4657 excitans,

2061 4692 2114 4740 et
2137 4690 2347 4754 portum
2369 4697 2475 4737 non
2494 4682 2933 4751 comprimentem
2959 4689 3317 4749 tempestates,
3342 4680 3433 4736 sed
3456 4696 3644 4752 graves

2062 4794 2179 4849 quae
2206 4794 2311 4833 non
2338 4777 2562 4832 aderant
2589 4783 2891 4830 moventem
2916 4773 3194 4844 procellas.
3226 4772 3339 4829 Non
3369 4774 3648 4830 confundi.-

2063 4870 2211 4936 mini,
2244 4884 2350 4924 non
2375 4869 2553 4924 vultus
2581 4875 2787 4923 vestros
2814 4865 3082 4936 obtegitis,
3124 4865 3250 4920 dum
3292 4864 3428 4922 hanc
3456 4866 3645 4923 delen-

2062 4961 2266 5016 sionem
2296 4958 2533 5013 afl‘ertis?
2556 4958 2689 5012 Nam
2719 4957 2765 5012 si
2802 4973 2868 5012 ex
2910 4956 3013 5012 hoc
3041 4956 3339 5012 ministerio
3363 4974 3533 5029 neque
3558 4974 3649 5011 ar-

2062 5051 2285 5114 cusatio,
2309 5065 2479 5120 neque
2495 5049 2769 5115 damnum,
2796 5064 2967 5118 neque
2987 5047 3292 5103 sbandalwn
3318 5058 3646 5119 nasceretur,

2063 5141 2159 5199 sed
2187 5140 2325 5197 fama
2354 5141 2532 5197 adhuc
2560 5142 2708 5197 salva
2760 5141 2941 5195 liceret
2972 5139 3111 5194 istud
3142 5140 3311 5210 ipsum
3356 5142 3551 5207 facere,
3581 5158 3648 5197 an

2064 5248 2172 5288 non
2201 5233 2485 5288 admodum
2530 5232 2712 5286 miseri
2743 5232 2954 5297 essetis,
2988 5232 3099 5300 qui,
3143 5231 3269 5286 dum
3296 5232 3508 5286 divitias
3534 5232 3651 5299 ejus

2062 5324 2267 5394 augetis
2294 5331 2347 5378 et
2375 5323 2439 5377 ad
2468 5322 2807 5391 pecuniarum
2847 5335 3081 5376 amorem
3113 5321 3253 5374 illam
3283 5320 3561 5385 exercetis,
3597 5321 3649 5374 in

2064 5414 2274 5483 negotia
2324 5413 2586 5483 conjicitis
2614 5421 2668 5467 et
2697 5410 2762 5466 ad
2808 5410 3108 5465 mundanas
3158 5425 3315 5464 curas
3363 5409 3643 5464 instituitis

2066 5518 2489 5568 (nconomorum,
2517 5510 2822 5557 curaturum
2852 5511 2906 5556 et
2948 5499 3241 5554 forensium
3269 5499 3439 5553 officia
3466 5496 3645 5552 adire-

2067 5595 2169 5649 tis?
2197 5594 2311 5649 Non
2351 5594 2591 5663 poteritis
2621 5592 2785 5646 multa
2814 5590 2881 5644 de
2925 5599 3237 5661 paupertate
3266 5588 3549 5648 disserere,
3583 5601 3646 5641 ac

2063 5683 2385 5756 persuadere
2415 5695 2473 5737 ut
2500 5683 2775 5737 facultates
2795 5689 3221 5740 contemnantur,
3247 5678 3334 5746 qui
3362 5676 3536 5729 omnia
3560 5676 3642 5731 fa-

2066 5776 2205 5842 citis,
2238 5783 2296 5830 ut
2339 5773 2616 5829 facultates
2656 5779 2904 5827 maneant
2942 5779 2995 5827 et
3019 5776 3332 5839 augeantur,
3366 5776 3424 5821 ut
3460 5766 3651 5839 opibus
