4060 6136
404 421 509 479 503

403 552 533 607 opes
558 540 886 599 accrescant,
914 530 1181 585 institores
1216 525 1428 596 quidam
1455 533 1510 578 et
1534 523 1723 577 iterum
1763 517 1973 572 instito-

407 606 493 681 res
519 632 732 696 propter
756 622 872 676 illas
897 619 1041 685 facti,
1069 618 1277 673 tametsi
1304 614 1537 669 inutiles.
1565 610 1681 665 Non
1724 608 1864 663 enim
1893 606 1975 660 in-

405 726 576 786 genua
601 729 723 785 spes
741 722 939 768 vestra.
956 708 1089 765 Nam
1108 723 1229 764 cum
1249 707 1378 777 jussi
1404 704 1607 759 fueritis
1628 696 1838 772 portare
1857 713 1978 752 cru-

406 822 522 863 cem
548 814 603 862 et
631 804 782 877 sequi
807 803 1098 868 Christum,
1126 799 1331 868 abjeeta
1374 810 1554 861 cruce,
1596 792 1746 864 quasi
1771 789 1978 845 effemi-

408 905 517 969 nati
563 902 759 958 milites
808 908 959 956 scuto
1007 897 1265 968 projecto,
1311 892 1377 947 ad
1422 890 1597 944 colum
1634 896 1688 942 et
1714 883 1978 940 calathum

407 994 713 1060 considetis,
744 1008 842 1063 per
881 991 1036 1045 aliam
1064 988 1351 1057 turpiorem
1382 979 1687 1037 methodum
1719 985 1898 1047 aperta
1927 974 1981 1027 in

407 1092 724 1157 praesentem
768 1084 929 1138 vitam
955 1080 1138 1151 janua.
1168 1076 1284 1131 Non
1306 1075 1445 1129 enim
1478 1081 1583 1126 tam
1613 1078 1762 1137 turpe
1783 1073 1865 1121 est
1888 1078 1982 1119 eos

407 1177 498 1247 qui
527 1176 579 1230 in
606 1173 942 1229 matrimonio
968 1178 1091 1226 sunt
1118 1168 1234 1222 huic
1262 1163 1656 1227 administrare,
1688 1172 1844 1228 quam
1887 1167 1983 1209 vos

409 1268 498 1338 qui
524 1266 782 1321 simulatis
807 1278 904 1319 vos
932 1262 1185 1317 resiliisse
1209 1274 1237 1311 a
1272 1255 1608 1327 prmsentium
1637 1265 1816 1307 rerum
1843 1247 1984 1302 curis

408 1361 509 1414 sub
533 1358 751 1413 alterius
772 1368 1001 1424 persona
1022 1353 1215 1407 iterum
1236 1346 1447 1403 easdem
1469 1343 1662 1398 subire.
1697 1340 1983 1407 Propterea

411 1450 721 1506 helluonum
747 1457 803 1503 et
826 1446 1154 1502 adulatorum
1182 1453 1237 1496 et
1265 1439 1615 1511 parasitorum
1657 1441 1710 1488 et
1751 1429 1987 1486 mulieri-

410 1540 891 1597 bus-servientium
923 1538 1115 1606 ubique
1158 1535 1349 1588 famam
1384 1528 1718 1597 suscipimus,
1744 1521 1985 1594 quando-

411 1632 624 1703 quidem
646 1633 907 1701 abjeetam
927 1643 1137 1683 omnem
1158 1624 1566 1696 generositatem
1587 1619 1738 1673 nobis
1755 1629 1985 1686 superne

411 1725 589 1778 datam
618 1737 737 1776 cum
780 1720 1070 1775 servilitate
1116 1724 1171 1771 et
1216 1714 1416 1768 vilitate
1446 1719 1655 1765 terrena
1684 1714 1984 1762 commuta-

413 1835 551 1875 mus.
586 1818 653 1872 Et
673 1816 947 1870 viduarum
974 1811 1186 1883 quidem
1216 1808 1526 1878 dispensare
1550 1818 1680 1874 opes
1704 1801 1989 1856 noluerunt

412 1909 653 1981 generosi
681 1909 806 1963 olim
836 1907 913 1960 illi
940 1904 1061 1968 viri,
1094 1918 1213 1958 cum
1254 1909 1400 1954 tanta
1448 1897 1573 1954 inde
1612 1895 1842 1951 oriretur
1870 1892 1987 1946 bla-

413 2002 652 2073 sphemia
681 2000 819 2071 quod
847 1998 1023 2053 nullus
1043 2004 1187 2052 esset
1211 1995 1298 2064 qui
1326 1991 1739 2053 administraret,
1762 1984 1857 2041 sed
1876 1983 1992 2039 exi-

414 2094 690 2148 stimautes
728 2091 829 2143 hoc
858 2088 1077 2144 inferius
1106 2099 1224 2140 esse
1246 2098 1339 2138 sua
1370 2078 1724 2151 phi1050phia,
1753 2075 1869 2129 aliis
1897 2073 1991 2128 de-

415 2182 750 2238 mandarunt.
777 2179 886 2235 Nos
912 2185 1086 2231 autem
1114 2191 1217 2229 non
1246 2171 1610 2228 erubescimus
1634 2166 1842 2222 divitias
1863 2164 1993 2218 alie-

416 2288 513 2330 nas
532 2287 726 2342 augere
751 2285 873 2326 cum
890 2269 1084 2337 damno
1111 2263 1517 2335 possidentium,
1545 2259 1712 2314 nihilo
1737 2255 1988 2311 meliores

416 2361 673 2419 eunuchis
701 2361 753 2414 in
795 2358 898 2414 hoc
937 2355 1227 2426 occupatis,
1258 2352 1449 2423 quibus
1488 2347 1793 2404 mandatum
1824 2353 1906 2398 est
1932 2350 1995 2397 ut

416 2454 652 2525 quotidie
672 2451 983 2522 sanguinem
1009 2457 1064 2503 et
1086 2446 1315 2501 animam
1338 2444 1391 2496 in
1419 2441 1665 2495 manibus
1686 2438 1917 2492 feramus
1939 2435 1992 2487 in

417 2549 586 2602 vicem
608 2558 896 2601 armorum.
928 2540 1062 2609 Quid
1089 2537 1279 2609 igitur?
1300 2533 1637 2606 oportebitue
1665 2529 1846 2584 omnia
1874 2540 1995 2596 qua:

418 2637 609 2707 virgini
652 2635 928 2703 rapiuntur
955 2639 1318 2689 contemnere,
1361 2624 1488 2678 dum
1532 2621 1788 2676 tolluntur
1811 2627 1864 2672 et
1891 2616 1996 2670 cir-

419 2728 784 2784 cumferuntur
811 2740 839 2778 a
867 2721 1128 2791 cognatis,
1171 2734 1201 2772 a
1247 2713 1615 2778 familiaribus,
1647 2719 1701 2766 et
1729 2709 1916 2763 alienis
1944 2715 1999 2760 et

421 2816 768 2875 domesticis?
792 2813 1031 2885 profecto
1070 2808 1345 2882 pulchram
1386 2804 1670 2860 reddemus
1695 2799 1887 2870 virgini
1911 2813 1999 2852 re-

422 2908 783 2969 tributionem,
815 2902 955 2974 quod
986 2915 1158 2969 neque
1189 2895 1451 2968 nupserit,
1478 2907 1649 2964 neque
1675 2897 1994 2961 prmseutem

424 3000 675 3055 mundum
706 2995 969 3060 dilexerit,
1000 2991 1093 3048 sed
1125 3006 1222 3061 pro
1244 2986 1492 3043 omnibus
1529 2983 1795 3040 Christum
1819 2982 2000 3049 elege-

422 3094 515 3159 rit,
536 3092 771 3147 sinentes
795 3088 937 3142 illam
963 3084 1258 3154 expositam
1279 3079 1364 3144 iis,
1395 3078 1484 3149 qui
1514 3092 1632 3131 eam
1662 3071 2000 3129 facultatibus

424 3186 536 3242 suis
559 3183 787 3253 privant.
813 3178 881 3232 Et
900 3185 1098 3248 quanto
1124 3173 1291 3229 satius
1329 3169 1431 3240 ipsi
1452 3176 1567 3223 erat
1592 3165 1813 3228 nubere,
1842 3171 1895 3217 et
1919 3160 1999 3215 uti

424 3251 810 3335 cmitubernali,
859 3269 943 3323 cui
989 3264 1319 3320 incumberet
1358 3260 1545 3314 harum
1573 3270 1749 3311 rerum
1780 3251 2005 3308 admini-

424 3368 819 3434 stratio,quam
868 3361 913 3414 si
967 3360 1185 3427 innupta
1233 3366 1455 3408 manens
1498 3347 1704 3405 foedera
1731 3361 1854 3401 cum
1896 3345 2006 3398 Deo

422 3464 552 3515 inita
580 3454 876 3516 conculcet,
906 3459 958 3511 et
988 3448 1234 3518 injuriam
1263 3443 1420 3497 faciat
1446 3440 1524 3496 rei
1551 3448 1654 3493 tam
1682 3436 1923 3490 honestae
1944 3448 2007 3489 ac

424 3549 746 3614 reverendae,
778 3553 833 3602 et
859 3542 995 3600 alios
1022 3551 1229 3609 quoque
1256 3533 1322 3589 ad
1349 3530 1617 3602 naufragia
1643 3542 1859 3583 suorum
1890 3540 2005 3579 ma-

424 3643 596 3697 lorum
628 3636 837 3693 trahat?
864 3634 979 3703 Quo
1007 3639 1162 3704 pacto
1200 3633 1378 3684 autem
1411 3623 1548 3676 hanc
1575 3619 1822 3675 omnibus
1848 3615 2007 3671 Chri-

427 3743 565 3788 stum
592 3729 888 3803 prwtulisse
916 3726 1081 3789 dices,
1107 3737 1231 3777 cum
1256 3719 1501 3774 Christus
1521 3712 1717 3770 clamet
1744 3722 1807 3768 ac
1828 3706 2006 3766 dicat:

429 3824 553 3879 Non
579 3799 782 3894 potestis
808 3818 992 3873 servire
1022 3815 1127 3868 Deo
1147 3822 1193 3866 et
1218 3823 1519 3865 mammona:
1552 3804 1765 3877 (Matth.
1792 3803 1846 3858 6.
1876 3799 2012 3873 ειη

427 3919 545 3987 Quo
571 3926 723 3987 pacto
762 3914 889 3968 item
934 3906 1188 3964 mundum
1229 3911 1283 3959 et
1324 3899 1607 3972 prmsentia
1652 3896 1775 3951 odio
1814 3895 2013 3948 habere

428 4010 653 4082 poteris,
682 4006 769 4078 qui
799 3996 1257 4071 concupiscentias
1284 3992 1445 4063 hujus
1473 3987 1656 4045 mundi
1686 4002 1792 4041 non
1831 4000 2014 4054 asper-

431 4075 636 4156 ualidas
660 4075 886 4152 suades?
913 4087 1192 4159 Quomodo
1216 4094 1390 4138 autem
1420 4095 1537 4137 eam
1566 4094 1686 4150 qua:
1716 4078 1886 4131 virmn
1915 4075 2015 4130 ha-

431 4193 525 4246 bet
545 4186 745 4242 hortari
772 4191 941 4253 potes,
967 4189 1027 4234 ut
1051 4183 1359 4233 contemnat
1385 4187 1538 4243 opes,
1565 4186 1685 4226 cum
1732 4178 1784 4223 tu
1828 4165 2013 4236 virgini

434 4278 647 4335 divitias
672 4271 988 4343 conquiras?
1014 4270 1079 4325 Et
1096 4268 1231 4321 hanc
1255 4266 1422 4335 ipsam
1447 4259 1713 4333 quomodo
1741 4258 2016 4328 permittes

435 4371 649 4427 assidue
692 4377 749 4424 et
786 4372 1092 4422 constanter
1134 4361 1339 4415 hrerere
1370 4357 1610 4420 Domino,
1641 4369 1760 4409 cum
1804 4366 2016 4406 omnem

436 4466 599 4519 vitam
625 4469 680 4517 et
715 4474 875 4516 omne
904 4455 1137 4512 studium
1185 4453 1238 4507 in
1288 4450 1402 4521 ejus
1443 4447 1672 4518 negotiis
1709 4441 2019 4514 expeudas?

438 4553 715 4626 Quomodo
757 4550 952 4623 poterit
991 4550 1139 4618 virgo
1181 4541 1567 4616 philosophari,
1617 4554 1736 4595 cum
1769 4547 1819 4593 te
1849 4536 2018 4592 virum

441 4647 619 4702 videat
645 4644 860 4714 indigne
888 4641 1027 4696 ferre
1054 4640 1098 4693 si
1124 4636 1239 4707 ejus
1262 4635 1498 4706 pccuuirc
1521 4630 1870 4702 diripiantur?
1891 4643 2024 4698 quo-

444 4739 604 4794 modo
634 4737 826 4808 poterit
851 4733 1106 4788 damnum
1123 4728 1451 4796 contemptui
1472 4724 1685 4786 habere,
1710 4736 1831 4777 cum
1863 4730 1912 4774 te
1939 4719 2023 4773 vi-

445 4832 569 4887 deat
596 4828 772 4883 omnia
806 4825 1086 4880 facientem
1129 4830 1183 4875 et
1216 4819 1502 4888 patientem
1528 4824 1586 4869 ut
1610 4814 1752 4869 illius
1778 4826 1908 4881 opes
1933 4825 2024 4865 ac-

447 4917 720 4975 cumulcs?
747 4916 861 4971 Non
890 4916 967 4970 sic
1009 4928 1108 4968 nos
1147 4912 1287 4965 Deus
1316 4925 1345 4962 a
1373 4909 1597 4978 negotiis
1641 4904 1858 4961 liberari
1887 4902 2021 4970 vult,

451 5011 546 5068 sed
576 5016 920 5064 contemnere
961 5003 1259 5064 facultates,
1285 5011 1338 5055 et
1364 4998 1608 5053 omnibus
1634 5013 1751 5066 quac
1780 4995 1846 5049 ad
1890 4994 2029 5048 hanc

452 5105 614 5158 vitam
643 5099 910 5169 pertinent
930 5094 1256 5151 renuntiare.
1285 5093 1355 5144 At
1382 5105 1484 5143 non
1515 5089 1686 5142 sinitis
1706 5102 1822 5151 vos,
1853 5099 2030 5155 neque

453 5192 744 5252 conceditis
786 5191 957 5259 legem
999 5185 1095 5240 Dei
1135 5185 1336 5238 valere.
1374 5180 1510 5248 Quid
1551 5193 1699 5247 ergo,
1731 5179 1774 5231 si
1804 5176 2028 5230 aliorum

455 5304 589 5358 opus
616 5285 808 5340 habeat
827 5278 1135 5352 patrocinio,
1158 5276 1345 5345 inquit,
1370 5282 1425 5328 et
1447 5271 1607 5325 multa
1637 5270 1770 5324 ferat
1794 5268 2031 5338 indigna?

458 5397 524 5435 an
553 5394 658 5433 non
685 5374 898 5444 indigna
920 5380 1042 5425 sunt
1068 5370 1181 5422 hate
1201 5364 1435 5436 virgine?
1463 5363 1573 5417 lmo
1600 5361 1730 5416 nihil
1758 5371 1864 5415 tam
1891 5361 2031 5414 indi-

456 5486 619 5544 gnum
647 5468 868 5539 virgine,
897 5471 956 5519 ut
985 5461 1143 5518 ditari
1184 5469 1238 5515 et
1275 5456 1607 5528 negotiorum
1654 5454 1807 5509 turba
1855 5452 2030 5508 obrui.

460 5541 598 5632 Quid
619 5569 816 5626 autem,
845 5557 889 5611 si
918 5564 972 5610 et
996 5554 1096 5608 alia
1120 5566 1242 5607 cum
1270 5549 1353 5603 his
1374 5547 1575 5618 jubeat,
1599 5544 1770 5616 qualia
1796 5552 1920 5598 sunt
1939 5541 2037 5597 foe-

463 5631 639 5709 nerari
665 5664 876 5712 aurum,
908 5645 1098 5701 deinde
1128 5642 1281 5698 nobis
1307 5637 1508 5693 vocatis
1532 5636 1598 5691 ad
1636 5633 1953 5689 commercia
1982 5631 2035 5686 id

464 5758 570 5799 non
596 5740 941 5814 persuaserit,
963 5746 1018 5791 et
1040 5749 1161 5790 cum
1191 5748 1295 5788 non
1325 5730 1670 5803 persuaserit,
1699 5728 1832 5782 alios
1857 5725 2032 5792 adeat,

466 5850 631 5894 nosne
651 5835 706 5893 in
736 5848 896 5892 causa
920 5828 1156 5890 erimus?
1180 5825 1317 5897 Quid
1351 5835 1549 5893 autem,
1578 5825 1622 5881 si
1652 5822 2040 5894 negotiationes

1140 410 1196 467 S.
1239 406 1516 467 JOANNIS
1552 397 2030 462 CﬂﬂYSOSTOhll
2068 395 2385 452 ARCHIEP.
2420 393 2955 453 CONSTANTINOP.

3555 400 3663 454 505

2084 514 2286 582 aliquas
2311 513 2441 568 alias
2471 514 2751 569 illiberalcs
2776 523 2832 569 et
2858 513 3079 569 serviles
3104 514 3345 580 instruat,
3375 513 3571 571 deinde
3594 519 3663 579 si,

2079 618 2202 657 cum
2232 618 2330 658 nos
2365 604 2640 674 cooperari
2669 604 3012 665 uoluerimus,
3044 602 3161 657 aliis
3185 603 3499 673 quibusdam
3530 620 3664 674 Opus

2084 694 2298 760 habeat,
2329 696 2543 766 dignine
2570 695 2770 750 erimus
2798 696 2888 765 qui
2915 695 3331 765 redarguamur?
3354 695 3510 751 Nullo
3544 708 3665 748 mo-

2087 788 2176 853 do,
2209 788 2337 858 quin
2369 788 2543 855 potius
2570 787 2712 859 digni
2741 788 2833 858 qui
2877 786 3154 842 laudemur
3177 806 3191 841 :
3214 803 3337 842 nam
3362 798 3547 843 contra
3574 787 3661 844 vi-

2088 880 2296 948 tuperio
2315 879 2456 948 digni
2478 894 2739 944 essemus,
2757 879 2802 933 si
2825 889 3035 933 mutuas
3053 879 3158 933 illis
3175 893 3365 948 operas
3384 880 3661 935 daremus.

2088 969 2179 1024 Vis
2202 986 2310 1024 non
2331 968 2531 1025 auferri
2556 985 2726 1041 neque
2751 970 2906 1040 diripi
2934 985 3062 1040 opes
3089 971 3267 1026 illius?
3291 971 3516 1026 admone
3541 987 3663 1026 eam

2085 1069 2144 1114 ut
2166 1060 2414 1129 deponat,
2444 1061 2531 1116 ubi
2558 1077 2729 1132 neque
2750 1063 2861 1117 viro
2885 1076 3017 1132 Opus
3044 1063 3235 1119 habeat
3252 1063 3318 1117 ad
3338 1063 3659 1129 custodiam,

2086 1161 2142 1206 ct
2170 1160 2424 1220 perpetuo
2465 1153 2683 1221 integrae
2714 1162 2989 1218 maneant;
3035 1154 3078 1206 si
3108 1162 3285 1208 autem
3313 1154 3542 1208 voluerit
3570 1160 3668 1209 ne-

2085 1243 2222 1310 gotia
2254 1243 2465 1308 habere,
2489 1259 2653 1312 quare
2673 1244 2804 1299 ludit
2824 1245 2875 1298 in
2898 1260 3001 1299 non
3031 1246 3280 1301 ludicris?
3299 1245 3431 1300 Nam
3453 1248 3498 1301 si
3515 1247 3667 1316 virgo

2088 1332 2204 1388 haec
2230 1343 2373 1403 agat,
2414 1334 2549 1388 ludit
2587 1335 2768 1389 ludum
2797 1351 2902 1389 non
2923 1335 3238 1406 jucundum,
3282 1337 3375 1392 sed
3424 1336 3668 1393 mortife-

2088 1438 2230 1478 rum.
2276 1424 2498 1491 Quando
2542 1425 2684 1479 enim
2726 1425 3009 1479 obnoxiam
3058 1427 3139 1480 his
3186 1427 3562 1481 certaminibus
3606 1440 3668 1482 se

2088 1517 2379 1580 constituit,
2410 1527 2463 1571 et
2491 1517 2668 1571 omnia
2699 1517 2908 1587 indigna
2953 1533 3046 1571 sua
3086 1516 3465 1586 pollicitatione
3508 1517 3657 1581 faett,

2090 1606 2261 1676 major
2288 1621 2457 1676 pinna,
2495 1608 2705 1677 gravior
2731 1617 2812 1662 est
2832 1617 3010 1677 parata
3036 1607 3287 1661 vindicta.
3314 1607 3449 1661 Num
3472 1607 3669 1662 audisti

2090 1701 2299 1770 qualem
2344 1701 2441 1771 ipsi
2483 1700 2653 1771 legem
2697 1701 2872 1772 posuit
2915 1701 3130 1768 Paulus,
3163 1701 3271 1755 imo
3305 1698 3552 1756 Christus
3576 1701 3668 1769 qui

2090 1804 2188 1858 per
2214 1789 2359 1844 illum
2385 1791 2633 1860 loquutus
2663 1800 2765 1856 est,
2791 1790 2933 1861 quod
2960 1789 3128 1845 divisa
3154 1800 3236 1844 est
3261 1789 3454 1844 mulier
3477 1798 3532 1843 et
3557 1789 3670 1842 vir-

2091 1879 2192 1950 go?
2219 1879 2287 1932 Et
2315 1896 2426 1951 qua:
2448 1882 2660 1949 innupta
2683 1889 2756 1934 est
2781 1882 2964 1952 cogitat
2988 1895 3102 1952 qua:
3126 1889 3242 1933 sunt
3272 1879 3499 1944 Domini,
3527 1888 3581 1932 ut
3606 1880 3672 1932 sit

2092 1979 2269 2023 sancta
2297 1980 2340 2023 et
2366 1986 2576 2040 corpore
2594 1980 2638 2025 et
2658 1971 2841 2040 spiritu
2873 1971 2918 2043 (l
2933 2010 2946 2023 .
2969 1970 3085 2025 Cor.
3109 1972 3162 2026 7.
3180 1970 3304 2042 54)?
3322 1970 3431 2026 Sed
3451 1986 3548 2025 vos
3565 1988 3671 2025 non

2094 2058 2289 2125 sinitis,
2321 2068 2374 2114 et
2401 2060 2576 2114 omnia
2601 2076 2785 2115 earum
2812 2059 3073 2116 desideria
3099 2061 3461 2116 auscultantes
3500 2062 3669 2131 magis

2093 2163 2253 2218 quam
2271 2150 2511 2219 emptitia
2527 2151 2783 2219 mancipia
2812 2151 3058 2220 morigeri
3082 2151 3226 2204 esus.
3257 2150 3329 2204 lta
3354 2159 3457 2215 est,
3480 2150 3674 2219 inquit.

2095 2240 2231 2309 Quid
2256 2242 2432 2312 igitur,
2462 2243 2507 2297 si
2531 2252 2774 2297 extrema
2804 2242 2977 2312 inepia
3002 2242 3242 2297 laboret?
3262 2242 3392 2296 Nam
3417 2242 3484 2297 de
3503 2241 3677 2297 abun-

2095 2331 2343 2387 dantibus
2386 2332 2500 2387 haec
2541 2332 2676 2388 bene
2720 2348 2752 2387 a
2800 2341 2853 2388 te
2898 2333 3039 2387 dicta
3068 2342 3189 2387 sunt
3222 2351 3237 2388 :
3269 2348 3387 2403 qua:
3414 2342 3593 2385 autem
3622 2333 3677 2385 in

2099 2416 2438 2478 men’dieitate
2462 2431 2514 2477 et
2539 2423 2713 2492 inopia
2734 2424 2898 2477 multa
2919 2425 3175 2493 neglecta:
3193 2422 3392 2492 jacent,
3420 2421 3548 2492 quid
3573 2421 3679 2476 cri-

2099 2513 2258 2568 minis
2306 2523 2385 2568 est
2427 2514 2472 2569 si
2516 2513 2823 2585 erigantur?
2852 2514 3064 2569 Utinam
3116 2530 3220 2568 non
3251 2513 3580 2582 dejecissetis
3623 2523 3680 2567 ct

2100 2602 2444 2674 depulissetis
2470 2621 2562 2660 eas
2585 2605 2636 2659 in
2663 2605 2974 2674 perditionis
2995 2606 3265 2672 barathra,
3295 2615 3350 2660 et
3376 2604 3425 2658 id
3447 2604 3681 2674 Optabilc

2101 2705 2264 2752 esset.
2283 2697 2565 2752 Enimvero
2589 2698 2632 2751 si
2661 2697 2762 2751 hoc
2785 2697 2913 2752 facis
2929 2699 3230 2767 obsequens
3258 2697 3375 2766 ejus
3401 2695 3679 2759 mandato,

2102 2790 2189 2858 qui
2215 2789 2370 2858 jussit
2399 2790 2718 2859 pauperibus
2742 2790 2981 2844 subsidio
3004 2804 3144 2853 esse,
3169 2789 3333 2844 habes
3350 2788 3546 2843 multos
3565 2786 3683 2842 fra-

2104 2888 2247 2946 tres;
2296 2880 2367 2935 ibi
2395 2881 2593 2935 bonum
2620 2881 2721 2935 hoc
2748 2896 2881 2950 opus
2908 2881 3124 2947 exhibe,
3168 2879 3261 2934 ubi
3312 2879 3445 2934 nihil
3485 2879 3687 2934 subibit

2104 2970 2425 3025 offendicula
2452 2970 2718 3036 futurum;
2761 2979 2818 3025 at
2847 2973 2933 3026 hic
2959 2971 3300 3041 eleemosyna
3340 2969 3487 3025 omni
3529 2969 3688 3027 inhu-

2106 3065 2361 3119 manitate
2384 3071 2439 3118 et
2464 3064 2777 3120 crudelitate
2815 3064 3052 3119 deterior
3077 3073 3181 3119 est.
3208 3064 3341 3130 Qum
3365 3063 3509 3123 enim
3542 3067 3688 3121 utili-

2108 3162 2206 3221 tas,
2233 3153 2363 3210 dum
2395 3163 2450 3209 tu
2478 3155 2693 3224 quidem
2730 3168 2926 3224 corpus
2969 3154 3093 3220 alis,
3133 3154 3365 3214 animam
3390 3167 3569 3211 autem
3594 3156 3697 3210 de-t

2108 3244 2332 3316 primis?
2357 3244 2567 3315 quando
2584 3254 2789 3301 vestem
2813 3245 2930 3311 das,
2956 3245 3313 3314 suspicionem
3338 3257 3515 3303 autem
3534 3246 3707 3302 nudi...

2110 3348 2219 3395 tate
2248 3339 2537 3408 turpiorem
2567 3338 2733 3393 facis?
2759 3338 2970 3408 quando
2999 3342 3195 3413 prodes
3223 3341 3275 3396 in
3305 3341 3371 3395 iis
3399 3355 3521 3411 quae
3560 3346 3688 3393 sunt

2110 3430 2374 3498 corporis,
2404 3427 2582 3482 omnia
2610 3438 2789 3488 autem
2832 3431 3125 3503 spiritualia
3153 3429 3454 3501 disperdis?
3477 3427 3692 3499 quando

2089 3521 2161 3605 si
2192 3533 2504 3590 prosperam
2531 3537 2646 3580 rem
2671 3523 2804 3580 facis
2833 3526 2884 3577 in
2910 3532 3074 3591 terra,
3102 3522 3252 3592 ejicis
3280 3517 3703 3576 autemecrelis?’

2113 3612 2297 3680 Qualis
2325 3626 2504 3672 autem
2534 3617 2648 3671 haec
2673 3617 3032 3687 eleemosyna,
3053 3613 3265 3685 quando
3292 3613 3463 3684 gloria
3487 3611 3699 3666 Domini

2116 3710 2447 3778 contemptui
2473 3717 2577 3774 est,
2609 3707 2820 3779 quando
2844 3709 3018 3778 palam
3038 3715 3162 3762 sunt
3177 3705 3460 3776 opprobria
3484 3714 3539 3760 et
3564 3719 3699 3760 con—

2114 3799 2255 3855 fusio
2283 3808 2338 3855 et
2362 3800 2601 3856 convicia
2627 3807 2681 3854 et
2706 3807 3019 3864 scommata,
3069 3806 3123 3851 et
3152 3796 3271 3867 ejus
3293 3796 3445 3865 cujus
3469 3794 3704 3849 misere-

2117 3891 2214 3958 ris,
2239 3899 2296 3947 ct
2334 3891 2562 3946 aliorum
2593 3891 2881 3945 multorum
2908 3889 2997 3961 qui
3025 3886 3485 3943 scaudalizautur?
3523 3885 3641 3940 Non
3671 3900 3704 3940 a

2118 3984 2507 4051 misericordia,
2532 3983 2627 4040 sed
2655 3983 2722 4039 ab
2752 3983 3035 4037 inhumana
3064 3990 3119 4036 et
3142 3979 3343 4035 crudeli
3384 3979 3557 4033 anima
3588 3978 3707 4032 have

2119 4077 2552 4149 proﬁciscuntur.
2583 4075 2715 4131 Nam
2745 4075 2790 4129 si
2812 4090 2877 4130 ex
2905 4073 3266 4129 misericordia
3288 4082 3344 4127 et
3372 4071 3708 4127 humanitate

2122 4177 2322 4235 essent,
2349 4171 2462 4222 Iuno
2481 4168 2624 4222 circa
2652 4166 2795 4221 viros
2815 4181 3026 4235 quoque
3047 4163 3306 4219 exhibere
3329 4161 3631 4230 Oportebat.

2193 4261 2246 4314 7.
2279 4260 2348 4314 At
2375 4258 2647 4323 mulieres,
2677 4257 2872 4327 inquis,
2902 4256 3104 4326 majore
3130 4270 3262 4324 opus
3293 4252 3490 4307 habent
3520 4260 3702 4321 patro-

2124 4351 2299 4418 cinio,
2342 4350 2442 4403 viri
2471 4357 2649 4404 autem
2677 4363 2707 4403 a
2748 4358 2933 4402 natura
2963 4348 3125 4402 multa
3156 4346 3355 4401 habent
3382 4344 3710 4414 adjumeuta.

2126 4442 2265 4511 Quin
2293 4449 2347 4496 et
2375 4441 2425 4494 in
2456 4440 2584 4494 viris
2612 4439 2766 4494 multi
2808 4448 2933 4494 sunt
2971 4438 3282 4493 mulieribus
3310 4433 3633 4491 inﬁrmiores
3660 4445 3713 4490 et

2128 4536 2196 4590 ob
2222 4534 2476 4606 grandem
2507 4541 2809 4600 senectam,
2838 4542 2891 4588 et
2917 4532 2986 4587 ob
3015 4530 3394 4595 valetudinem,
3422 4536 3475 4583 et
3499 4527 3567 4581 ob
3593 4541 3713 4579 mu-

2130 4628 2420 4682 litationem
2456 4626 2716 4697 corporis,
2746 4634 2801 4680 et
2828 4625 2897 4679 ob
2923 4624 3138 4678 morbos
3163 4636 3372 4694 graves,
3399 4620 3636 4690 aliasque
3662 4619 3714 4672 id

2130 4735 2299 4791 genus
2325 4734 2512 4774 causas
2539 4737 2551 4772 :
2575 4727 2940 4774 verumtamen
2984 4717 3105 4786 quia
3144 4714 3375 4769 maxime
3402 4711 3552 4766 vobis
3571 4724 3719 4765 cura:

2133 4822 2214 4867 est
2240 4813 2518 4877 mulierum
2548 4825 2735 4880 genus,
2759 4816 2941 4878 utpote
2967 4804 3248 4870 inﬁrmius,
3280 4814 3335 4859 et
3361 4801 3427 4857 ad
3447 4816 3541 4857 eas
3562 4798 3723 4854 valde

2135 4901 2509 4959 misericordes
2558 4909 2614 4957 et
2657 4900 3041 4969 compatientes
3089 4897 3248 4963 estis,
3300 4908 3474 4965 neque
3518 4892 3619 4946 hac
3664 4891 3723 4946 in

2135 5005 2287 5066 parte
2314 4993 2595 5048 occasione
2632 4991 3015 5055 destitucmur,
3069 4986 3163 5042 sed
3201 4984 3545 5042 ostendemus
3568 4981 3726 5037 vobis

2139 5096 2453 5158 argumenta
2484 5085 2534 5139 in
2563 5083 2753 5155 quibus
2797 5081 2924 5136 nihil
2965 5078 3207 5149 vituperii
3247 5088 3301 5132 et
3342 5074 3603 5131 mercedis
3641 5081 3729 5129 est

2119 5181 2453 5251 'plurimum.
2507 5178 2641 5232 Sunt
2681 5177 2823 5230 enim
2874 5184 2927 5229 et
2977 5172 3230 5228 mulieres
3281 5168 3523 5239 qurcdam
3571 5165 3730 5221 senio

2140 5270 2417 5336 confectrc,
2462 5269 2550 5323 vel
2597 5266 2815 5322 resectis
2858 5265 3124 5327 manibus,
3178 5261 3262 5315 vel
3312 5270 3479 5330 capta:
3518 5256 3729 5322 oculis,

2140 5362 2404 5431 variisque
2432 5360 2548 5414 aliis
2588 5358 2785 5413 morbis
2828 5354 3092 5421 invalidae,
3120 5361 3175 5409 et
3198 5350 3497 5407 difﬁciliore
3524 5346 3733 5401 morbis

2144 5461 2474 5524 paupertate.
2498 5448 2767 5519 Siquidem
2792 5445 2988 5515 inepia,
3016 5460 3137 5499 cum
3166 5455 3383 5512 prorsus
3406 5438 3535 5493 nihil
3564 5436 3732 5490 babe-
3755 5492 3762 5505 ,

2144 5552 2258 5609 tur,
2304 5541 2545 5608 corporis
2573 5539 2794 5593 morbos
2822 5536 2978 5591 aﬁ'ert
3029 5553 3043 5590 :
3096 5534 3208 5603 ipsa
3238 5541 3415 5586 autem
3446 5535 3733 5598 paupertas

2144 5651 2175 5690 a
2221 5634 2422 5690 morbis
2468 5646 2678 5702 quoque
2721 5629 2931 5702 gravior
2984 5628 3043 5681 fit
3077 5637 3133 5681 et
3178 5620 3581 5680 iutolerabilior.
3625 5618 3737 5673 Has

2146 5727 2394 5798 perquire
2418 5732 2474 5779 et
2498 5723 2687 5793 collige
2708 5764 2722 5789 ,
2752 5723 2860 5776 imo
2887 5721 2940 5774 in
2969 5717 3283 5790 colligendis
3301 5715 3447 5770 nullo
3470 5725 3605 5780 opus
3633 5718 3739 5765 erit

2148 5795 2457 5875 laboretita
2486 5821 2608 5871 ante
2646 5826 2835 5871 Omnes
2867 5811 3085 5884 jacent,
3131 5815 3327 5882 parata:
3366 5801 3615 5860 omnibus
3646 5795 3738 5867 qui
