4060 6136
325 278 438 335 505

322 393 510 457 πίδες,
544 393 599 446 οῖ
644 391 734 445 τὸν
783 393 1016 465 σταυρὸν
1058 391 1443 458 κελευσθέντες
1488 393 1785 464 βαστάζειν
1834 397 1930 452 καὶ

325 474 571 531 ἓπεσθαι
606 473 684 545 τῷ
719 470 963 546 Χριστῷ,
995 475 1251 546 ῥίψαντες
1280 474 1370 529 τὸν
1399 476 1651 549 σταυρὸν,
1678 478 1931 552 καθάπερ

326 558 677 628 στρατιῶται
706 555 1054 630 μαλακοὶτὴν
1083 554 1569 631 άσπίδα,ἡλακάτῃ
1602 561 1925 633 παρακάθη-

327 639 427 692 σθε
457 638 563 694 καὶ
594 640 936 712 καλαθίσκῳ,
962 640 1034 694 ’δι’
1070 636 1267 713 ἐτέρας
1296 642 1667 713 ἀἰσχροτέρας
1702 643 1929 714 μεθόδου

274 788 279 791 ν
324 720 432 792 τὴν
464 722 556 784 είς
589 723 681 776 τὸν
720 722 967 796 παρόντα
1000 723 1114 794 βίον
1144 724 1459 791 ἀνοίξαντες
1493 724 1686 796 θύραν.
1717 727 1790 779 Οὐ
1821 726 1931 799 γὰρ

275 874 280 877 1
324 803 514 867 οὕτως
541 807 788 877 αἰσχρὸν,
825 810 954 873 τοὺς
979 808 1371 878 γεγαμηκότας
1397 807 1573 863 ταῦτα
1599 810 1928 880 οἰκονομεῖν,

327 887 408 952 ὡς
446 889 585 952 τοὺς
616 891 1116 961 προσποιουμένους
1136 891 1282 960 ὑμᾶς
1312 892 1800 963 ἀποπεπηδηκέναι
1833 894 1930 963 μὲν

326 968 446 1023 τῶν
482 971 807 1041 παρόντων,
847 973 914 1025 δι’
945 973 1137 1045 ἐτέρου
1178 972 1234 1025 δὲ
1269 974 1560 1043 προσώπου
1598 974 1760 1028 πάλιν
1790 974 1932 1029 αὐτὰ

328 1052 766 1123 ὑποδυομένους.
798 1056 897 1110 Διά
929 1055 1088 1109 τοῦτο
1121 1056 1444 1127 λαιμάργων
1474 1056 1567 1109 καὶ
1611 1058 1930 1128 παρασίτων

332 1136 434 1189 καὶ
454 1134 713 1191 κολάκων
737 1140 830 1193 καὶ
854 1139 1285 1208 γυναικοδούλων
1310 1138 1587 1209 πανταχοῦ
1611 1138 1769 1204 δόξαν
1793 1139 1931 1209 λαμ-

330 1218 604 1289 σάνομεν,
646 1220 728 1291 ὅτι
760 1223 933 1292 χαμαὶ
973 1224 1072 1293 τὴν
1117 1223 1395 1290 εὐγένειαν
1426 1221 1643 1275 ἀπασαν
1675 1223 1931 1293 ῥίψαντες

330 1301 435 1374 τὴν
463 1302 681 1357 ἄνωθεν
716 1304 963 1359 δοθεῖσαν
1008 1304 1168 1377 ἡμῖν,
1205 1305 1806 1376 ἀντικαταλλαττόμεθα
1830 1306 1930 1376 τὴν

331 1385 447 1438 ἀπὸ
486 1386 597 1456 τῆς
639 1386 742 1456 γῆς
777 1387 1217 1459 δουλοπρέπειάνν
1245 1405 1306 1440 τε
1344 1387 1439 1440 καὶ
1479 1389 1774 1443 εὐτέλειαν.
1821 1388 1931 1442 Καὶ

331 1469 402 1538 χή
411 1484 544 1538 ραις
577 1469 675 1538 μὲν
698 1470 970 1541 διανεῖμαι
992 1472 1255 1542 χρήματα
1268 1471 1365 1539 οὐχ
1392 1469 1595 1524 εἴλοντο
1619 1472 1668 1524 οί
1691 1474 1929 1539 γενναῖοι

329 1550 460 1602 τότε
485 1551 687 1622 ἄνδρες
720 1549 940 1616 ἐκεῖνοι,
962 1554 1055 1606 καὶ
1083 1552 1256 1606 ταῦτα
1282 1554 1552 1625 τοσαύτης
1581 1554 1931 1625 βλασφημίας

330 1633 648 1704 γενομένης
668 1635 756 1688 διά
780 1635 840 1688 τὸ
869 1635 1071 1707 μηδένα
1097 1633 1235 1690 εἶναι
1252 1637 1344 1689 τὸν
1367 1636 1777 1707 οίκονομοῦντα,
1796 1636 1931 1691 ἀλλά

331 1714 572 1769 ἔλαττον
588 1718 688 1788 τῆς
710 1718 889 1772 αὐτῶν
916 1720 1234 1788 φιλοσοφίας
1254 1715 1402 1774 εἶναι
1415 1720 1572 1774 τοῦτο
1588 1721 1930 1791 νομίσαντες,

329 1799 561 1869 ἑτέροις
591 1801 931 1872 ἐπέτρεψαν·
962 1805 1127 1873 ἡμεῖς
1158 1804 1215 1856 δέ
1249 1806 1349 1856 οὐκ
1377 1804 1673 1875 αἰδούμεθα
1702 1803 1933 1857 πλοῦτον

330 1882 631 1954 ἀλλότριον
672 1884 926 1949 αὔξοντες
955 1886 1048 1938 ἐπὶ
1091 1885 1237 1957 λύμῃ
1267 1887 1375 1940 τῶν
1413 1888 1789 1959 κεκτημένων,
1824 1887 1935 1940 τῶν

333 1966 623 2036 εὐνούχων
666 1966 777 2020 τῶν
809 1968 937 2038 περὶ
980 1967 1047 2021 τὰ
1084 1969 1311 2022 τοιαῦτα
1366 1970 1741 2041 ὲσχολακότων
1781 1970 1934 2023 οὐδὲν

332 2045 576 2116 ἄμεινον
602 2049 956 2119 διακείμενοι,
977 2052 1028 2103 οί
1056 2051 1174 2123 καθ’
1207 2053 1441 2124 ἑκάστην
1465 2053 1679 2124 ἡμέραν
1708 2053 1768 2105 τὸ
1794 2047 1936 2123 αἷμα

336 2132 436 2183 καὶ
461 2133 570 2194 τὰς
588 2132 767 2203 ψυχὰς
790 2134 882 2186 ἐπὶ
908 2135 1017 2188 τῶν
1041 2135 1241 2207 χειρῶν
1265 2137 1722 2207 προσταττόμενοι
1747 2137 1935 2209 φέρειν

334 2213 468 2266 ἀντὶ
502 2217 760 2284 μεγάλων
799 2217 999 2271 ὅπλων.
1021 2217 1085 2270 Τί
1120 2216 1245 2284 οὗν;
1275 2219 1840 2289 ἀρπαζόμεναμπάντα
1865 2220 1935 2273 τὰ

335 2295 443 2365 τῆς
485 2298 764 2369 παρθένου
794 2299 898 2369 χρὴ
926 2300 1191 2371 περιιδεῖν
1227 2301 1472 2371 άγόμενά
1495 2318 1556 2354 τε
1581 2303 1677 2354 καὶ
1702 2317 1933 2371 περιφε-

342 2379 560 2449 ρόμενα
596 2382 701 2434 ὑπὸ
734 2382 1033 2451 συγγενῶν,
1073 2384 1177 2437 ὑπὸ
1206 2384 1454 2446 οἰκετῶν,
1488 2384 1582 2438 καὶ
1611 2385 1932 2454 ἀλλοτρίων,

337 2462 375 2532 ἦ
404 2465 500 2516 καὶ
545 2464 793 2532 οίκείωνς
823 2465 1009 2537 Καλήν
1038 2483 1102 2534 γε
1134 2462 1226 2519 οὗν
1245 2478 1271 2507 ι
1302 2466 1661 2538 ἀποδώσομεν
1692 2470 1757 2539 τῇ
1790 2487 1934 2539 παρ-

339 2544 490 2616 θένῳ
514 2544 614 2616 τήν
643 2547 877 2618 ἀμοιϐήν
898 2548 1014 2601 ἀνθ’
1042 2541 1117 2601 ὧν
1143 2550 1243 2602 οὑκ
1265 2549 1362 2620 ἑγη
1372 2567 1489 2617 μεν,
1517 2550 1638 2605 οὑδὲ
1669 2552 1761 2604 τὸν
1790 2570 1935 2623 παρ-

337 2627 480 2678 όντα
531 2628 736 2697 κόσμον
790 2631 1106 2700 ἠγάπησεν,
1149 2631 1262 2684 ἀλλ’
1304 2633 1427 2685 ἀντὶ
1483 2634 1702 2687 πάντων
1761 2633 1937 2688 εἵλετο

340 2715 440 2764 τὸν
473 2712 733 2781 Χριστὸν,
780 2714 1011 2782 ἀφέντες
1043 2715 1212 2786 αὑτήν
1253 2715 1576 2786 προκεῖσθαι
1610 2720 1721 2781 τοῖς
1754 2718 1938 2788 βουλο-

344 2793 542 2863 μένοις
592 2794 700 2848 τῶν
726 2795 895 2849 ὄντων
931 2798 1275 2869 ἀποστερεῖν.
1311 2798 1421 2851 Καὶ
1450 2799 1600 2871 πόσῳ
1629 2800 1835 2870 βέλτιον
1866 2798 1935 2873 ἦν

342 2875 618 2945 ὁμιλῆσαι
665 2878 859 2949 γάμῳ,
883 2880 978 2932 καὶ
1003 2879 1082 2948 τῷ
1138 2879 1476 2933 συνοικοῦντι
1523 2882 1660 2952 πρὸς
1699 2884 1800 2953 τήν
1826 2884 1936 2937 τῶν
1977 2938 1984 2959 ι

346 2959 700 3029 πραγμάτων
715 2961 919 3014 τούτων
943 2961 1255 3031 οἰκονομίαν
1272 2962 1597 3032 κεχρῆσθαι,
1614 2963 1648 3034 ἢ
1672 2963 1939 3034 μένουσαν

344 3042 573 3109 ἄγαμον
616 3045 854 3112 πατῆσαι
893 3044 992 3113 μὲν
1035 3044 1134 3106 τὰς
1179 3044 1314 3115 πρὸς
1343 3044 1434 3098 τὸν
1468 3045 1602 3098 Θεὸν
1637 3046 1937 3116 συνθήκας,

346 3124 579 3194 ὑϐρίσαι
616 3124 674 3176 δέ
714 3127 793 3188 είς
821 3127 1055 3195 πρᾶγμα
1092 3124 1233 3179 οὕτω
1273 3127 1470 3196 σεμνὸν
1514 3127 1609 3180 καὶ
1645 3129 1936 3197 φρικῶδες,

347 3206 692 3260 καθελκύσαι
729 3208 786 3261 δέ
815 3209 910 3262 καὶ
942 3209 1161 3279 ἐτέρους
1189 3209 1324 3278 πρὸς
1349 3208 1419 3263 τὰ
1454 3211 1689 3279 ναυάγια
1714 3211 1824 3265 τῶν
1857 3215 1938 3266 οί-

347 3290 522 3344 κείων
574 3292 791 3356 κακῶν;
828 3292 952 3355 Πῶς
989 3292 1045 3344 δέ
1088 3291 1258 3363 αὐτὴν
1299 3293 1420 3346 ἀντὶ
1461 3294 1681 3347 πάντων
1722 3293 1939 3349 ἑλέσθαι

283 3395 287 3399 υ
348 3371 537 3441 λέγεις
571 3376 661 3429 τὸν
693 3377 948 3448 Χριστὸν,
983 3375 1077 3429 τοῦ
1110 3374 1348 3447 Χριστοῦ
1380 3375 1611 3444 βοῶντος
1630 3377 1727 3430 καὶ
1752 3376 1939 3447 λέγον-

346 3471 444 3519 τος
465 3496 479 3518 ,
518 3459 600 3511 Οὐ
644 3457 909 3512 δύνασθε
952 3456 1073 3523 Θεῷ
1113 3458 1430 3512 δουλεύειν
1462 3459 1562 3513 καὶ
1607 3461 1938 3530 μαμμωνᾷς

349 3538 475 3601 πῶς
503 3538 560 3592 δὲ
579 3540 670 3593 τὸν
692 3541 906 3614 κόσμον-
923 3543 1150 3613 μισῆσαι
1176 3543 1270 3594 καὶ
1294 3543 1361 3596 τὰ
1389 3543 1649 3613 παρόντα,
1678 3544 1814 3614 πρὸς
1838 3544 1938 3608 τάς

348 3620 447 3675 τοῦ
499 3621 706 3693 κόσμου
754 3611 955 3679 πείθων
1005 3611 1303 3696 ἐπτοῆσθαι
1342 3611 1668 3697 ἐπιθυμίας;
1718 3611 1835 3681 Τίνι
1878 3628 1936 3681 δέ

350 3721 488 3758 ποτε
518 3706 626 3758 τῶν
658 3707 827 3780 ἀνδρα
860 3709 1096 3778 ἐχουσῶν
1126 3709 1327 3780 δυνήσῃ
1361 3709 1686 3779 παραινέσαι
1718 3711 1938 3782 χρημά-

348 3803 463 3842 των
512 3790 773 3861 περιιδεῖν
798 3831 811 3851 ,
846 3794 913 3862 τῇ
973 3791 1225 3863 παρθένῳ
1259 3793 1794 3858 συγκατασκευάζων
1846 3793 1937 3848 τδν

351 3869 621 3937 πλοῦτον;
670 3874 849 3943 Αὐτὴν
881 3873 937 3927 δὲ
973 3874 1176 3946 ταύτην
1216 3872 1369 3946 [2571
1403 3875 1535 3928 πότε
1579 3876 1813 3946 ἀφήσεις
1842 3877 1936 3930 εὑ-

352 3953 655 4026 πρὸσεδρον
681 3952 817 4009 εἶναι
846 3956 924 4027 τῷ
952 3957 1141 4027 Κυρίῳ
1166 3957 1261 4008 καὶ⁹
1293 3957 1725 4028 ἀπερίσπαστον,
1756 3960 1935 4014 πάντα

349 4036 447 4090 τὸν
483 4036 598 4106 βίον
628 4039 722 4091 καὶ
752 4040 850 4108 τὴν
885 4040 1118 4110 σπουδήν
1144 4042 1224 4101 είς
1253 4039 1321 4092 τά
1367 4039 1584 4110 ἐκείνης
1627 4040 1934 4097 ἀναλίσκων

353 4120 698 4191 πράγματα;
745 4122 885 4174 Πότε
922 4122 979 4174 δὲ
1016 4122 1303 4193 δυνήσεται
1343 4124 1377 4193 ή
1410 4122 1680 4193 παρθένος
1717 4123 1935 4192 φιλοσο-

353 4206 553 4275 φῆσαι,
586 4204 647 4256 σέ
670 4203 762 4258 τὸν
802 4204 971 4275 ἄνδρα
1011 4204 1193 4275 ὁρῶσα
1221 4204 1393 4258 δεινὸν
1429 4204 1734 4276 ἡγούμενον
1772 4202 1934 4274 εἶναι,

352 4286 502 4341 είτά
537 4287 753 4358 ἐκείνης
778 4288 1138 4360 διασπασθείη
1173 4290 1464 4360 χρήματα;
1497 4288 1614 4353 πῶς
1650 4290 1708 4342 δὲ
1749 4290 1938 4358 ἀνέξε-

352 4386 446 4424 ται
485 4369 691 4442 ζημίας
722 4372 1018 4443 ὑπερορᾷν,
1062 4371 1241 4424 πάντα
1284 4386 1345 4423 σε
1393 4371 1485 4425 καὶ
1535 4372 1794 4427 ποιοῦντα
1840 4374 1936 4428 καὶ

355 4452 635 4524 πάσχοντα
657 4455 944 4525 βλέπουσα,
960 4453 1099 4508 ὥστε
1117 4452 1405 4506 ἐπιτείνειν
1421 4454 1556 4525 αὑτῇ
1578 4455 1668 4509 τὸν
1692 4456 1937 4527 παρόντα

355 4533 612 4604 πλοῦτον;
643 4539 755 4607 Οὐχ
776 4536 948 4600 οὑτως
972 4538 1120 4608 ἡμᾶς
1140 4535 1484 4607 ἀπηλλάχθαι
1514 4536 1760 4606 βούλεται
1788 4555 1934 4608 πρα-

354 4621 583 4688 γμάτων
611 4622 639 4674 ό
672 4621 824 4685 Θεὸς,
858 4620 973 4673 ἀλλ’
1007 4622 1065 4672 ἐν
1090 4618 1168 4690 τῷ
1203 4618 1313 4672 τῶν
1347 4619 1517 4673 ὄντων
1545 4624 1932 4691 καταφρονεῖν,

352 4704 415 4757 τὸ
439 4703 618 4758 πάντα
639 4703 1059 4776 ἀπαρνήσασθαι
1089 4703 1160 4756 τά
1188 4702 1418 4773 βιωτικά
1434 4703 1484 4758 Ι).
1515 4698 1657 4755 Ἀλλ’
1683 4705 1784 4757 οὐκ
1809 4703 1937 4758 ἐᾶτε

354 4787 536 4857 ὑμεῖς,
575 4787 696 4841 ούδέ
722 4790 1054 4859 συγχωρεῖτε
1085 4786 1177 4840 τοῦ
1208 4785 1344 4839 Θεοῦ
1377 4785 1469 4838 τὸν
1504 4787 1667 4857 νόμον
1707 4787 1933 4858 ἰσχύειν.

354 4870 421 4923 Τί
454 4868 569 4933 οὖν,
599 4871 665 4923 ἂν
691 4873 789 4941 τῆς
820 4872 1022 4942 ἐτέρων
1048 4870 1235 4941 δέηται
1264 4869 1621 4941 προστασίας,
1651 4871 1807 4943 φησὶ,
1842 4873 1937 4925 καὶ

353 4954 526 5007 πολλά
554 4953 749 5020 ἀνάξια
775 4954 1072 5027 ὑπομείνῃς
1116 4952 1209 5007 νῦν
1246 4953 1354 5027 γὰρ
1389 4955 1491 5007 οὐκ
1530 4953 1728 5018 ἀνάξια
1760 4954 1935 5009 ταῦτα

351 5039 452 5108 τῆς
480 5036 784 5108 παρθένους
814 5038 979 5090 Οὑδέν
1021 5036 1194 5099 οὕτως
1233 5038 1453 5104 ἀνάξιον
1488 5039 1589 5109 τῆς
1638 5037 1933 5110 παρθένου,

353 5119 430 5184 ὡς
452 5121 516 5174 τὸ
550 5121 800 5175 πλουτεῖν
833 5122 927 5174 καὶ
956 5120 1382 5193 περιϐεϐλῆσθαι
1421 5122 1763 5193 πραγμάτων
1796 5123 1936 5192 πλῆ-

344 5201 468 5269 θος.
501 5205 567 5257 Τί
597 5204 676 5266 δὲ,
708 5208 757 5258 εἰ
799 5207 894 5259 καὶ
927 5204 1091 5277 ’ἐτερα
1126 5207 1261 5276 πρὸς
1291 5205 1505 5267 τούτοις
1548 5205 1785 5271 κελεύοι,
1822 5201 1935 5259 οἷον

354 5284 616 5352 δανείζειν
648 5290 869 5360 χρυσίον
914 5285 1034 5342 εἶτα
1067 5288 1343 5359 καλέσασα
1389 5291 1538 5359 ἡμᾶς
1568 5292 1649 5352 είς
1682 5290 1753 5343 τὰ
1796 5307 1936 5344 συν-

354 5370 679 5444 αλλάγματα
703 5372 777 5444 μὴ
808 5373 1007 5436 πείθοι,
1026 5374 1120 5427 καὶ
1147 5372 1222 5443 μή
1245 5373 1483 5426 πείσασα
1505 5373 1728 5445 ἐτέρους
1754 5375 1932 5441 λάϐοι,

353 5451 515 5524 ἡμεῖς
560 5455 798 5527 ἐσόμεθα
835 5454 1032 5521 αἴτιοι;
1074 5456 1141 5508 Τί
1187 5456 1279 5522 δὲ,
1316 5457 1364 5508 εἰ
1419 5456 1722 5528 καπηλείας
1765 5457 1934 5523 ἄλλας

355 5539 504 5602 τινὰς
530 5538 913 5612 ἀνελευθέρους
939 5541 1033 5594 καὶ
1056 5541 1324 5613 ἀπρεπεῖς
1349 5542 1771 5607 κατασκευάζοι.
1790 5536 1932 5606 εἶτα,

362 5619 435 5694 μὴ
474 5619 816 5695 βουλομένων
848 5621 1004 5695 ήμῶν
1045 5623 1417 5695 συμπράττειν
1436 5664 1451 5691 ,
1499 5625 1674 5681 ἀλλων
1714 5625 1933 5697 δεηθείη

414 5745 443 5815 ξ
465 5743 549 5815 §ic
565 5753 843 5815 pou-gelum
855 5762 955 5815 [ιι-οΔ
963 5761 1026 5799 eo
1044 5750 1177 5815 quod
1197 5750 1470 5815 legebatur,
1481 5752 1630 5815 καλήν
1638 5769 1693 5815 γε
1712 5753 1815 5804 οὐκ.
1839 5754 1930 5806 Ep.

419 5803 450 5848 δ
466 5808 616 5863 εινιι.
637 5813 709 5877 τῷ
730 5803 917 5863 πάντων
936 5803 1346 5878 άηρτῆσθαιτῶν
1369 5803 1628 5880 βιωτικῶν.

989 275 1269 333 CONTRA
1304 276 1438 334 EOS
1476 276 1599 347 QUI
1639 274 1934 336 SUBINTR

2038 280 2266 339 UCTAS
2303 280 2583 339 HABENT
2619 242 2966 340 vaINES.

3501 286 3606 343 5οι

2030 396 2210 463 τινῶν,
2249 397 2595 467 ἐγκαλεῖσθαι
2626 399 2690 452 ἂν
2731 398 2924 470 εἴημεν
2956 395 3132 463 ἀξιοι;
3162 394 3442 467 Οὐδαμῶς,
3467 399 3605 455 ἀλλὰ

2031 481 2125 535 καὶ
2177 481 2548 536 ἐπαινεῖσθαι·
2602 481 2913 535 τούναντίον
2944 479 3053 550 γάρ
3095 478 3268 549 ἐνῆν]2
3299 479 3466 549 ψόγου
3511 483 3604 537 καὶ

2030 564 2367 634 κατηγορίας
2399 563 2460 616 τὸ
2498 564 2636 635 πρὸς
2673 563 2742 617 τά
2774 562 3002 616 τοιαῦτα
3040 559 3475 630 συμϐάλλεσθαι,
3509 563 3601 618 καὶ

2031 646 2400 716 συμπράττειν
2428 646 2640 710 αὑταῖς.
2666 644 2857 699 Βούλει
2890 644 2964 716 μὴ
3008 642 3270 715 φέρεσθαι
3312 644 3447 714 μηδέ
3474 645 3603 715 ἀγε-

2031 727 2154 781 σθαι
2184 727 2252 780 τά
2294 730 2550 799 χρήματα
2594 728 2843 798 ἐκείνης;
2892 726 3219 796 παραίνεσον
3256 726 3391 797 αὐτῇ
3433 745 3599 781 κατα-

2029 810 2202 863 θεῖναι
2233 811 2393 875 αὑτά,
2422 811 2550 864 ἔνθα
2577 811 2712 882 μηδέ
2743 808 2937 880 ἀνδρὸς
2973 808 3224 877 δεήσεται
3255 808 3392 876 πρὸς
3437 809 3605 878 φυλα-

2028 893 2150 965 κὴν,
2190 895 2286 947 καὶ
2318 894 2566 947 ἀνάλωτα
2615 892 2766 963 μένει
2805 891 3125 953 διαπαντός·
3177 892 3226 943 εί
3270 891 3328 944 δὲ
3366 890 3605 962 βούλοιτο

2028 978 2332 1048 πράγματα
2361 977 2526 1047 ἔχειν,
2548 977 2690 1040 τίνος
2716 976 2901 1029 ἐνεκεν
2930 972 3111 1037 παίζει
3143 974 3200 1025 ὲν
3224 975 3285 1026 οὑ
3321 976 3603 1040 παικτοῖς;

2029 1059 2101 1111 Τὸ
2135 1060 2242 1129 γὰρ
2273 1061 2539 1131 παρθένον
2577 1055 2744 1112 οὖσαν
2788 1056 3013 1111 τοιαῦτα
3057 1056 3351 1126 πράττειν,
3389 1056 3607 1120 παίζειν

2030 1143 2147 1194 ἐστὶ
2194 1142 2413 1194 παιδιὰν
2447 1142 2567 1212 οὐχὶ
2619 1141 2846 1212 τέρψιν,
2899 1138 3034 1192 ἀλλά
3074 1136 3303 1190 θάνατον
3352 1137 3603 1208 ἔχουσαν.

2033 1222 2199 1277 Ὅταν
2215 1224 2323 1294 γάρ
2347 1222 2644 1277 ὑπεύθυνον
2666 1223 2863 1293 ἑαυτὴν
2888 1221 3279 1290 καταστήσασα
3301 1218 3409 1272 τῶν
3429 1218 3606 1273 τοιού-

2029 1323 2138 1359 των
2167 1305 2581 1376 παλαισμάτων,
2618 1305 2815 1371 ἀνάξια
2836 1300 3013 1356 πάντα
3050 1298 3264 1373 πράττῃ
3295 1304 3397 1373 τῆς
3421 1301 3605 1356 τοιαύ-

2028 1404 2128 1456 της
2172 1388 2538 1458 ὑποσχέσεως,
2575 1389 2777 1459 μείζων
2808 1389 2841 1456 ή
2876 1385 3127 1448 κόλασις,
3170 1384 3530 1456 χαλεπωτέρα
3569 1386 3603 1455 ή

2028 1469 2416 1539 τιμωρία,ούκ
2435 1471 2674 1541 ἤκουσας
2705 1463 2816 1521 οἷον
2844 1468 2980 1537 αὐτῇ
3007 1467 3169 1537 νόμον
3202 1466 3394 1536 έθηκεν
3413 1467 3441 1519 ὁ
3461 1466 3608 1520 Παῦ-

2031 1548 2141 1613 λος,
2168 1552 2368 1621 μᾶλλον
2395 1552 2450 1603 δέ
2472 1555 2501 1604 ό
2528 1551 2763 1622 Χριστὸς
2785 1548 2955 1602 εἰπὼν
2983 1549 3049 1602 δι’
3074 1549 3305 1613 ἐκείνου,
3332 1549 3413 1601 ὅτι
3444 1548 3619 1619 μεμέ-

2036 1648 2215 1703 ρισται
2250 1635 2342 1687 καὶ
2367 1637 2400 1704 ή
2434 1634 2570 1704 γυνὴ
2600 1635 2693 1686 καὶ
2720 1635 2756 1705 ή
2788 1632 3056 1703 παρθένος
3077 1647 3089 1659 ’
3118 1630 3234 1696 καὶ,
3274 1631 3346 1685 ἸΙ
3385 1630 3612 1700 ἇγτῑμος

2025 1715 2281 1785 μεριμνᾷ
2302 1717 2371 1771 τὰ
2396 1718 2501 1771 τοῦ
2519 1718 2763 1784 Κυρίου,
2782 1717 2882 1769 ἵνα
2904 1711 2947 1787 ᾖ
2969 1716 3107 1786 ἁγία
3139 1716 3235 1769 καί
3263 1714 3488 1784 σώματι
3510 1714 3610 1767 καί

2031 1799 2355 1867 πνεύματι;
2384 1799 2522 1852 Ἀλλ’
2547 1800 2704 1868 ὑμεῖς
2730 1799 2831 1852 οὑκ
2857 1799 3004 1860 ἐᾶτε,
3029 1797 3166 1867 πρὸς
3191 1797 3288 1860 τὰς
3316 1795 3612 1865 ἐπιθυμίας

2032 1881 2211 1934 αὐτῶν
2241 1882 2420 1946 πάσας
2449 1882 2796 1953 ἀνδραπόδων
2825 1881 3227 1952 ἀργυρωνήτων
3250 1879 3611 1948 εὐκολώτερον

2033 1964 2420 2028 ὑπακούοντες.
2461 1965 2588 2028 Ναὶ,
2636 1965 2789 2035 φησί.
2838 1966 2903 2017 Τί
2945 1961 3062 2027 οὖν,
3097 1965 3147 2016 εί
3197 1962 3412 2033 ἐσχάτη,
3451 1961 3613 2031 πενίᾳ

2035 2046 2272 2118 παλαίῃ;
2309 2047 2447 2119 Περὶ
2481 2048 2579 2118 μέν
2629 2046 2739 2118 γὰρ
2770 2045 2879 2099 τῶν
2926 2047 3175 2117 εὐπόρων
3219 2045 3394 2098 ταῦτα
3432 2044 3611 2106 καλῶς

2034 2129 2248 2202 εἴρηταί
2284 2148 2398 2184 σοι·
2428 2131 2525 2193 τὰς
2551 2130 2608 2183 δὲ
2656 2132 2715 2185 ἐν
2747 2130 2992 2201 πτωχείᾳ
3032 2131 3126 2183 καὶ
3170 2128 3399 2199 ἀμελείᾳ
3441 2126 3610 2197 πολλῇ

2034 2214 2291 2285 κειμένας
2325 2215 2476 2266 ποῖον
2505 2212 2756 2284 ἔγκλημα
2785 2213 3085 2284 ἀνορθοῦν;
3114 2211 3241 2266 Εἴθε
3286 2212 3382 2282 μέν
3415 2206 3507 2264 οὖν
3537 2210 3612 2281 μὴ

2033 2297 2393 2350 κατεϐάλλετε
2429 2297 2564 2367 μηδὲ
2596 2292 2788 2349 ὠθεῖτε
2825 2297 2962 2367 πρὸς
2984 2296 3178 2366 τάητῆς
3207 2294 3480 2357 ἀπωλείας
3514 2292 3612 2362 βά-

2038 2379 2233 2451 ραθρα,
2269 2382 2361 2433 καὶ
2390 2380 2674 2448 ἀγαπητὸν
2706 2375 2776 2449 ἦν
2797 2397 2810 2410 ’
2853 2381 2948 2432 καὶ
2970 2380 3083 2451 γὰρ
3102 2380 3149 2430 εί
3179 2379 3256 2449 τῷ
3296 2377 3612 2432 κελεύσαντι

2033 2464 2281 2533 πενήτων
2313 2462 2674 2531 προΐστασθαι
2708 2461 3029 2532 πειθόμενος
3055 2462 3225 2515 ταῦτα
3251 2464 3444 2524 ποιεῖς,
3469 2458 3629 2530 ἔχεις,

2032 2545 2297 2615 ἀδελφοὺς
2326 2547 2584 2618 μυρίους·
2623 2548 2740 2599 ἐκεῖ
2770 2546 2870 2616 τὴν
2915 2542 3085 2616 καλήν
3117 2545 3322 2615 ταύτην
3353 2543 3614 2614 ἐργασίαν

2034 2627 2302 2694 ἐπίδειξον
2340 2630 2391 2696 ἀ,
2433 2625 2563 2687 ἔνθα
2608 2628 2775 2700 μηδὲν
2818 2629 3054 2699 ὑφορμεῖ
3098 2628 3205 2681 τῶν
3262 2624 3614 2681 σκανδαλίσαι

2033 2712 2368 2784 δυναμένων,
2385 2713 2462 2776 ὡς
2491 2712 2725 2766 ἐνταῦθά
2740 2727 2803 2779 γε
2827 2711 3007 2781 πάσης
3031 2710 3312 2781 ὠμότητος
3328 2708 3424 2762 καὶ
3448 2709 3615 2761 ἀπαν-

2037 2795 2282 2867 θρωπίας
2321 2796 2579 2867 χείρωνή
2613 2796 2974 2867 ἐλεημοσύνη.
3009 2793 3074 2845 Τί
3106 2792 3215 2862 γὰρ
3243 2793 3457 2862 ὄφελος,
3489 2792 3616 2844 ὅταν

2036 2879 2097 2931 τὸ
2132 2878 2229 2948 μὲν
2267 2878 2427 2946 σῶμα
2460 2878 2779 2951 διατρέφῃς,
2811 2879 2908 2947 τὴν
2952 2878 3009 2930 δέ
3041 2877 3219 2947 ψυχὴν
3263 2875 3613 2946 καταδύσῃς;

2035 2961 2163 3013 ὅταν
2200 2961 2416 3030 ἱμάτιον
2456 2960 2583 3029 δῷς,
2618 2960 2716 3030 τήν
2746 2962 2803 3014 δέ
2846 2960 3112 3029 ὑπόληψιν
3142 2960 3249 3011 τῶν
3277 2957 3500 3030 γυμνῶν
3528 2960 3616 3011 αίοο

2038 3042 2338 3112 σχροτέραν
2382 3044 2772 3114 καταστήσῃςς
2810 3044 2939 3096 ὅταν
2982 3042 3247 3112 χρήσιμος
3276 3044 3333 3094 ἐν
3366 3042 3479 3103 τοῖς
3513 3058 3624 3093 σω-

2041 3128 2299 3196 ματικοῖς,
2316 3126 2622 3196 γινόμενος,
2658 3125 2838 3180 πάντα
2868 3126 3086 3197 λυμήνῃ
3119 3124 3189 3176 τὰ
3233 3125 3614 3193 πνευματικὰς

2037 3210 2167 3263 ὅταν
2209 3208 2575 3280 ἐξευμαρίσας
2612 3209 2750 3280 αὐτῇ
2803 3209 2872 3261 τὰ
2917 3209 3010 3262 ἐπὶ
3048 3207 3146 3278 τῆς
3170 3207 3270 3277 γῆς
3293 3248 3307 3269 ,
3350 3206 3634 3278 axem“;

2038 3293 2145 3346 τῶν
2176 3290 2451 3363 ούρανῶνς
2483 3290 2622 3344 Ποία
2653 3290 2712 3344 δὲ
2744 3289 3110 3361 ἐλεημοσύνη,
3143 3288 3271 3342 ὅταν
3294 3290 3330 3359 ἡ
3358 3287 3450 3342 τοῦ
3480 3288 3617 3341 Θεοῦ

2039 3374 2329 3446 ὑϐρίζηται
2382 3374 2544 3440 δόξας
2591 3375 2720 3428 ὅταν
2773 3368 3044 3445 ὗνειδοςῇ
3099 3373 3195 3424 καὶ
3241 3371 3471 3443 αἰσχύνη
3524 3373 3619 3425 καί

2039 3458 2350 3529 σκώμματα
2381 3458 2476 3510 καὶ
2521 3455 2675 3529 [258]
2719 3456 2979 3526 λοιδορίαι
3022 3455 3245 3525 καὶτῆς
3291 3453 3620 3525 ἐλεουμένης

2037 3542 2232 3611 αὐτῆς,
2257 3542 2351 3596 καὶ
2376 3540 2580 3611 ἐτέρων
2610 3539 2819 3594 πολλῶν
2848 3539 2956 3591 τῶν
2988 3538 3054 3591 δι’
3080 3538 3294 3605 ἐκείνης
3333 3536 3615 3591 σκανδαλι-

2038 3626 2316 3697 ζομένωνς
2348 3626 2464 3679 Οὐκ
2507 3624 2616 3677 ἀπὸ
2663 3623 2836 3687 ἐλέου,
2890 3621 3005 3675 ἀλλ’
3048 3614 3418 3692 ἀπανθρώπου
3446 3620 3618 3675 ταῦτα

2038 3712 2249 3780 γίνεται
2290 3709 2472 3780 ψυχῆς
2518 3707 2627 3761 καὶ.Δ
2662 3704 2926 3777 ἀπηνοῦς.
2977 3706 3039 3758 Εἰ
3073 3705 3182 3775 γὰρ
3214 3704 3271 3771 ἐξ
3304 3704 3485 3767 ἐλέους
3522 3704 3617 3757 καῖ

2038 3793 2444 3866 φιλανθρωπίας
2482 3791 2711 3860 ἐγίνετο,
2737 3790 2866 3862 περὶ
2904 3789 3030 3852 τοὺς
3059 3788 3258 3856 ἄνδρας
3309 3790 3469 3843 τοῦτα
3497 3791 3617 3844 ἐπι-

2035 3878 2348 3935 δείκνυσθαι
2382 3880 2573 3949 ἐχρῆν.

2106 3962 2172 4028 ζ’.
2216 3962 2357 4016 Ἀλλ’
2379 3964 2435 4015 αἱ
2460 3960 2719 4030 γυναῖκες
2744 3956 2987 4019 πλείονος
3013 3955 3224 4009 δέονται
3258 3954 3612 4026 προστασίας.

2038 4048 2224 4117 φησὶν,
2254 4048 2304 4099 οἱ
2334 4046 2390 4099 δὲ
2425 4044 2617 4115 ἄνδρες
2649 4040 2850 4104 πολλὰς
2879 4040 3096 4110 ἔχουσιν
3133 4039 3249 4091 ἀπδ
3269 4038 3370 4106 τῆς
3399 4036 3617 4107 φύσεως

2036 4127 2309 4200 ἀφορμάς.
2340 4126 2535 4181 Καίτοι
2578 4125 2674 4179 καὶ
2700 4127 2758 4178 ἐν
2783 4123 3040 4195 ἀνδράσιν
3073 4121 3181 4175 εἰσὶ
3216 4120 3399 4174 πολλοὶ
3424 4137 3615 4189 γυναι-

2037 4209 2151 4264 κῶν
2178 4208 2567 4278 ἀσθενέστερον
2587 4207 2922 4277 διακείμενοι
2944 4207 3039 4260 κα)⁴
3061 4205 3148 4258 διὰ
3178 4205 3358 4275 γῆρας
3385 4201 3615 4275 μακρὸν.

2037 4295 2132 4347 καὶ
2181 4292 2249 4346 δι’
2299 4290 2643 4363 ἀρρωστίαν,
2675 4290 2770 4342 καὶ
2807 4288 2895 4342 διά
2929 4290 3178 4363 πήρωσιν
3221 4286 3494 4358 σώματος,
3518 4286 3618 4341 καὶ

2035 4377 2124 4431 διὰ
2160 4376 2350 4437 νόσους
2398 4371 2644 4444 χαλεπὰς
2668 4412 2681 4433 ,
2712 4371 2808 4425 καὶ
2839 4369 2906 4423 δι’
2937 4371 3129 4441 ἐτέρας
3166 4371 3318 4432 τινὰς
3360 4369 3618 4431 τοιαύτας

2037 4461 2342 4532 προφάσεις
2366 4473 2381 4488 ⁸
2424 4454 2564 4526 πλὴν
2605 4453 2719 4507 ἀλλ’
2749 4453 2938 4522 ἐπειδὴ
2974 4452 3207 4523 μάλιστα
3248 4451 3343 4504 τοῦ
3386 4451 3493 4505 τῶν
3522 4468 3618 4519 γυ-

2036 4542 2241 4597 ναικῶν
2273 4539 2502 4612 κήδεσθε
2527 4539 2735 4607 γένους,
2776 4537 2869 4589 διτε
2901 4535 3286 4607 ἀσθενεστέρου
3318 4534 3491 4601 ὄντος,
3523 4535 3617 4587 καὶ

2039 4626 2246 4695 σφόδρα
2271 4623 2564 4693 ἐλεήμονες
2591 4621 2690 4673 καῖ
2720 4619 3027 4690 συμπαθεῖς
3065 4621 3187 4672 ἐστε
3216 4617 3353 4689 πρὸς
3378 4616 3612 4678 ἐκείνας.

2036 4709 2157 4762 οὐδὲ
2207 4704 2444 4760 ἐνταῦθα
2491 4703 2691 4773 ταύτης
2729 4703 3082 4773 ἀπορήσομεν
3123 4702 3221 4770 τῆς
3266 4698 3611 4771 προφάσεως,

2038 4792 2175 4846 ἀλλά
2219 4790 2467 4861 δείξομεν
2518 4787 2806 4850 ὑποθέσεις
2852 4787 3015 4857 ὑμῖν,
3046 4785 3104 4839 αῖ
3155 4787 3248 4838 καὶ
3281 4785 3623 4856 κατηγορίας

2038 4878 2175 4930 εἰσιν
2206 4874 2623 4947 ἀπηλλαγμέναι
2653 4872 2856 4941 πάσης,
2889 4872 2983 4923 καὶ
3026 4869 3249 4924 πλείονα
3288 4869 3617 4942 παρέξουσιν

2038 4960 2170 5029 ὑμῖν
2214 4957 2307 5011 τὸν
2348 4956 2556 5028 μισθόν.
2606 4956 2729 5009 Εἰσὶ
2769 4953 2879 5025 γὰρ
2927 4957 3217 5021 γυναῖκες,
3267 4954 3324 5005 αί
3366 4952 3464 5024 μὲν
3512 4953 3618 5007 ὑπὸ

2035 5044 2224 5113 γήρως
2256 5039 2720 5112 παραλελυμέναι,
2764 5039 2820 5092 αί
2848 5037 2905 5091 δέ
2931 5036 3031 5100 τὰς
3055 5039 3244 5108 χεῖρας
3275 5038 3511 5107 ἐκκεκομ
3524 5036 3627 5106 μέ-

2038 5142 2148 5190 ναι,
2176 5127 2231 5178 αί
2265 5125 2323 5177 δὲ
2355 5126 2481 5188 τοὺς
2509 5122 2823 5194 ὀφθαλμοὺς
2856 5120 3279 5192 πεπηρωμέναι,
3313 5120 3368 5173 αἱ
3395 5119 3453 5173 δέ
3482 5119 3623 5174 ἄλλα

2037 5209 2187 5280 πάθη
2218 5208 2440 5262 ποικίλα
2479 5207 2573 5261 καλ¹
2617 5203 2934 5259 παντοδαπά
2974 5203 3194 5274 ἔχουσαι
3239 5204 3334 5257 καί
3378 5202 3477 5274 τὴν
3507 5201 3623 5270 τῶν.

2038 5294 2229 5347 παθῶν
2258 5292 2646 5364 χαλεπωτέραν
2679 5290 2891 5344 πενίαν.
2922 5289 2995 5341 Ἥ
3024 5306 3079 5341 τε
3110 5287 3219 5358 γάρ
3251 5288 3411 5341 πενία
3434 5287 3528 5341 καὶ
3556 5288 3630 5340 τὸ.

2045 5376 2207 5448 μηδὲν
2233 5377 2370 5440 ὅλως
2397 5374 2542 5445 ἔχειν
2593 5374 2867 5446 ἐπιτρίϐει
2896 5370 2990 5426 τοῦ
3040 5371 3291 5435 σώματος
3331 5372 3521 5433 αὑταῖς
3549 5371 3623 5423 τά

2039 5462 2323 5532 νοσήματα
2341 5477 2353 5488 ·
2388 5459 2525 5529 αὐτή
2555 5475 2613 5511 τε
2647 5457 2809 5510 πάλιν
2838 5458 2873 5525 ή
2898 5460 3057 5508 πενία
3081 5454 3187 5508 ὑπὸ
3214 5453 3420 5507 τούτων
3458 5451 3618 5522 χαλε·-

2040 5545 2262 5615 πωτέρα
2291 5543 2499 5611 γίνεται
2545 5542 2638 5597 καὶ
2668 5540 3066 5613 ἀφορητοτέρα.
3104 5538 3228 5592 Ἐπὶ
3276 5536 3373 5606 τὴν
3410 5534 3617 5588 τούτων

2046 5627 2228 5693 ἔξελθε
2251 5625 2450 5698 θήραν,
2479 5626 2573 5680 και
2603 5623 2807 5687 ταύτας
2841 5623 3117 5692 συνάγαγε
3136 5640 3150 5653 ·
3180 5620 3377 5692 μᾶλλον
3406 5617 3467 5671 δέ
3495 5615 3619 5671 οὐδὲ

2105 5755 2128 5785 ⁸
2163 5753 2315 5810 Ἐνῆν.
2339 5751 2543 5803 Coniicit
2563 5751 2712 5800 Savil.
2738 5751 2794 5798 ἂν
2813 5750 2888 5809 ἧν.
2912 5750 3047 5800 Εῡιτ.

2107 5810 2138 5854 δ
2159 5813 2331 5864 Morel.
2358 5814 2597 5873 ἐπίδειξαι,
2622 5812 2772 5864 Savil.
2796 5813 3033 5870 ἐπίδειξον.
