4060 6136
467 199 573 259 505

462 317 628 372 πόνου
665 334 747 374 σοι
789 318 871 373 δεῖ
907 319 1042 400 πρὸς
1067 320 1169 392 τὴν
1203 322 1467 397 συλλογήν
1487 344 1501 358 ο
1534 326 1677 380 οὕτω
1718 330 2032 400 πρόκεινται

458 403 627 456 πᾶσιν
659 402 866 487 ἕτοιμοι
912 399 1026 468 ⁶τοῖς
1074 404 1418 477 βουλομένοις
1455 409 1640 482 ὀρέξαι
1689 399 1871 487 χεῖρα.
1917 414 2037 470 Κᾶν

460 486 902 572 χρήματαῌέχῃς,
948 490 1029 553 είς
1058 489 1259 555 ταύτας
1296 492 1607 566 δαπάνησον
1629 512 1643 528 ⁸
1672 486 1791 553 κᾶν
1821 499 2037 572 ίσχυρὸς

457 565 545 643 ᾗς,
576 567 813 624 ἐνταῦθα
854 570 952 642 τὴν
1003 573 1113 625 ἀπὸ
1140 573 1234 627 τοῦ
1285 565 1538 647 σώματος
1579 565 2038 652 ὑπηρεσίαν-εἷσέ

460 653 650 720 ἐνεγκε
671 667 685 683 ⁸
723 652 897 707 πολλὰ
920 656 1013 708 καὶ
1043 655 1278 712 ἐνταῦθα
1306 661 1606 732 πράγματα
1631 663 1773 734 ὄψει,
1810 666 1903 719 καὶ
1929 683 2035 720 σω-

460 734 697 805 ματικῆς
727 735 958 807 δεόμενα
992 738 1294 810 ὑπηρεσίας
1327 730 1422 796 καὶ
1455 730 1753 816 χρημάτων
1792 747 2036 819 δαπάνης

457 819 551 903 καὶ
586 820 949 892 περιδρομῆς.
984 823 1093 876 Καὶ
1120 824 1230 897 γὰρ
1256 815 1534 899 οἰκήματα
1566 815 1787 903 πορίσαι
1813 815 2035 897 ταύταις

455 901 639 972 ἔργον,
673 904 765 957 καὶ
807 905 1077 977 φάρμακα
1105 912 1512 966 κατασκευάσαι
1530 926 1556 978 ,·
1587 901 1683 967 καὶ
1727 916 1913 987 κλίνην
1940 918 2035 970 καὶ

457 987 650 1055 ἱμάτια
682 988 945 1061 πρίασθαι
974 1030 989 1055 ,
1038 992 1133 1045 καὶ
1175 995 1382 1066 τροφὰς
1422 998 1789 1068 ἐπιτηδείους,
1832 1001 1923 1053 καὶ
1964 1000 2036 1053 τά

454 1070 591 1125 ἄλλα
621 1073 841 1127 ἅπαντα
880 1073 1262 1147 ἐπιμελεῖσθαι
1284 1121 1297 1143 ,
1337 1078 1440 1135 κᾶν
1482 1080 1612 1134 δέκα
1640 1075 1741 1136 ὦσι
1789 1083 1946 1154 μόνον
1978 1085 2034 1136 αί

455 1154 525 1208 τά
552 1154 779 1209 τοιαῦτα
807 1157 1059 1212 νοσοῦσαι
1084 1176 1097 1189 ·
1132 1161 1251 1214 νυνὶ
1280 1162 1337 1216 δὲ
1362 1165 1395 1233 ἡ
1443 1164 1598 1228 πόλις
1635 1165 1792 1236 ἡμῶν
1829 1167 2032 1220 τούτων

456 1238 863 1322 ἐμπέπλησται,
888 1241 986 1293 καὶ
1023 1242 1200 1312 χιλίας
1241 1247 1335 1299 καὶ
1361 1246 1442 1311 δὶς
1468 1248 1735 1312 τοσαύτας
1759 1251 2029 1322 εὑρήσεις.

453 1315 629 1375 Λῦται
661 1324 715 1375 αί
764 1322 1019 1394 δεόμεναι
1065 1328 1438 1397 προστασίας,
1479 1327 1638 1386 αὗται
1687 1335 1743 1387 αἱ
1801 1315 2030 1406 ἔρημοι,

457 1402 618 1462 αὗται
645 1409 703 1461 αἱ
736 1409 910 1480 χαμαὶ
945 1409 1195 1482 κείμεναι
1218 1428 1232 1442 ⁸
1272 1413 1429 1467 τοῦτο
1457 1416 1795 1488 ἐλεημοσύνη
1816 1402 1842 1482 ,-
1877 1402 2034 1471 τοῦτο

458 1490 840 1561 φιλανθρωπία
859 1532 873 1553 ,
903 1492 1060 1547 τοῦτο
1112 1496 1192 1559 εἰς
1228 1495 1385 1560 δόξαν
1414 1498 1675 1555 διαϐαίνει
1719 1501 1855 1555 Θεοῦ
1876 1545 1890 1566 ,
1941 1502 2035 1555 κοιλ⁵

456 1576 557 1644 τὴν
584 1575 695 1628 τῶν
721 1574 993 1646 ὁρώντων,
1023 1579 1117 1631 καὶ
1149 1579 1246 1651 τὴν
1279 1580 1387 1636 τῶν
1426 1585 1763 1653 πασχόντων,
1804 1587 1899 1639 καὶ
1936 1586 2032 1657 τὴν

457 1657 568 1711 τῶν
593 1657 892 1713 ποιούντων
918 1660 1184 1730 ὠφέλειαν
1218 1666 1638 1732 κατασκευάζει.
1663 1671 1773 1723 Καὶ
1793 1669 1901 1741 γὰρ
1923 1669 2032 1723 τῶν

462 1739 699 1825 ἰσχυρῶν
737 1741 793 1825 αἱ
826 1742 1212 1816 ἀσθενέστεραι
1250 1746 1588 1823 δικαιότερον
1627 1751 1694 1806 ἂν
1735 1739 2031 1825 βοηθοῖντο,

459 1826 554 1877 καὶ
581 1822 689 1877 τῶν
716 1823 852 1877 νέων
882 1825 941 1878 αί
976 1832 1361 1899 γεγηρακυῖαι,
1398 1822 1505 1887 καὶί
1535 1834 1643 1888 τῶν
1674 1822 1830 1899 ὅλως*
1841 1837 2035 1907 μέτρια

457 1907 813 1992 κεκτημένων
840 1910 896 1963 αί
933 1910 1071 1982 μηδέ
1096 1912 1194 1982 τῆς
1223 1914 1525 1984 ἀναγκαίας
1552 1918 1879 1991 εὐποροῦσαι
1906 1937 2032 1992 τρο-

458 1992 587 2063 φῆς,
612 1991 711 2045 κα)⁵
736 1991 849 2046 τῶν
871 1994 1019 2065 παρά
1051 1997 1267 2062 πολλοῖς
1308 2000 1623 2072 ἐπεράστων
1649 2004 1709 2057 αί
1751 1991 2035 2074 βδελυκτα).

461 2074 614 2146 παρά
644 2078 758 2138 τοῖς
791 2076 1005 2144 πολλοῖς
1043 2078 1129 2134 διὰ
1166 2082 1226 2134 τὸ
1261 2083 1368 2138 τῶν
1403 2085 1590 2139 παθῶν
1619 2087 2032 2158 δυσανάσχετον,

459 2160 555 2245 καὶ
584 2159 695 2245 τῶν
722 2158 881 2233 ὓϐριν
910 2165 1388 2245 προστριϐομένων
1410 2171 1466 2223 αῖ
1488 2171 1581 2245 καὶ
1611 2171 1710 2243 τὴν
1736 2172 2039 2245 γενομένην

416 2300 423 2305 ς
457 2241 768 2326 ἀποτρέψαι
795 2244 1089 2316 δυνάμεναι
1119 2250 1213 2302 καὶ
1241 2241 1515 2323 εὐφημίαν
1546 2241 1881 2326 προσθεῖναιξ
1915 2241 2034 2308 Δεῖ⁶

459 2325 551 2391 ξον
581 2327 785 2393 τοίνυν,
818 2329 900 2383 ὅτι
936 2331 1025 2385 διὰ
1056 2331 1148 2385 τὸν
1183 2331 1316 2388 Θεὸν
1346 2336 1520 2391 ταῦτα
1551 2325 1745 2403 ποιεῖς,
1778 2340 1873 2393 καὶ
1909 2338 2034 2393 τούο

455 2426 568 2497 των
602 2411 882 2497 ἐπιμελοῦ.
910 2416 1008 2468 Ἂν
1028 2416 1085 2468 δὲ
1113 2417 1317 2483 ταύτας
1341 2420 1476 2491 μηδὲ
1502 2421 1635 2493 ὄναρ
1669 2424 1792 2477 ἰδεῖν
1824 2422 2033 2497 ἐθέλῃς,

457 2493 855 2564 εὐπροσώπους
882 2497 941 2551 δὲ
973 2500 1068 2553 καὶ
1106 2502 1234 2564 νέας
1267 2504 1484 2575 περιίῃς
1511 2505 1782 2576 ἀγρεύων,
1815 2506 1911 2561 καὶ⁹
1938 2493 2037 2576 τῆς

458 2577 819 2650 ἀνελευθέρου
859 2581 1063 2652 ταύτης
1093 2583 1270 2654 ἄγρας
1311 2587 1486 2640 αἰτίαν
1522 2587 1622 2657 μὲν
1671 2590 1864 2660 ἑτέραν
1896 2589 2036 2660 ἔχων

456 2661 559 2717 οὑκ
580 2663 834 2735 ἀνεκτὴν,
854 2665 1287 2736 προϐαλλόμενος
1307 2667 1363 2721 δέ
1388 2670 1582 2741 ἑτέραν
1607 2671 1870 2727 δοκοῦσαν
1897 2671 2038 2728 εἶναι

459 2744 847 2816 εὐπρόσωπον,
878 2745 979 2817 τὴν
1008 2747 1109 2818 τῆς
1169 2752 1520 2822 προστασίας,
1567 2753 1670 2808 κᾶν
1717 2754 2037 2827 ἀνθρώπους

457 2827 824 2899 παραλογίσῃ,
850 2827 986 2882 ἀλλὰ
1008 2829 1070 2881 τὸ
1105 2830 1398 2887 ἀδέκαστον
1429 2836 1531 2890 οὑκ
1558 2839 1859 2909 ἀπατήσεις
1886 2838 2034 2894 δικα·

459 2911 557 2994 στή
568 2927 700 2994 ριον,
719 2911 787 2994 δι’
811 2911 1003 2983 ἐτέραν
1027 2914 1126 2983 μὲν
1156 2915 1327 2971 ταῦτα
1358 2920 1526 2975 ποιῶν
1556 2921 1848 2991 πρόφασιν,
1871 2922 2037 2994 ἀλλην

456 2992 517 3047 δὲ
537 2992 990 3065 προϐαλλόμενος.
1016 2996 1168 3070 [259]
1199 2999 1401 3067 Λέγετε
1421 3002 1520 3073 μὲν
1542 3003 1651 3075 γὰρ
1675 3000 1765 3058 διᾶ
1792 3001 1881 3058 τὸν
1906 2992 2038 3058 Θεὸν

458 3079 674 3136 ἅπαντα
706 3084 986 3155 πράττειν,
1012 3086 1280 3156 πράττετε
1317 3085 1375 3142 δέ
1422 3087 1455 3141 ἃ
1501 3087 1611 3141 τῶν
1661 3087 1874 3159 ἐχθρῶν
1922 3091 2038 3143 ἐστι

458 3164 553 3219 τοῦ
579 3165 715 3220 Θεοῦ
736 3184 749 3198 ⁸
779 3166 839 3221 τὸ
864 3169 972 3240 γὰρ
1004 3173 1177 3224 ποιεῖν
1206 3171 1267 3225 τὸ
1297 3171 1469 3248 ὄνομα
1499 3170 1665 3225 αὑτοῦ
1704 3172 2041 3245 βλασφημεῖ-

462 3249 587 3304 σθαι
632 3251 727 3305 καὶ
768 3253 1155 3308 διαϐάλλεσθαι
1183 3254 1290 3309 τῶν
1323 3255 1535 3327 ἐχθρῶν
1582 3257 1701 3310 ἐστι
1754 3257 1848 3311 τοῦ
1879 3258 2034 3314 Θεοῦ.

471 3330 615 3402 Ἐγὼ
643 3335 702 3389 δέ
727 3336 819 3389 καὶ
848 3337 1040 3408 ἐτέραν
1060 3338 1329 3410 ὑποϐολήν
1350 3352 1376 3380 α
1404 3339 1687 3410 ποιοῦμαι.
1710 3340 1904 3410 Θῶμεν
1933 3341 2041 3411 γὰρ

460 3416 747 3486 ἀληθεύειν
793 3420 885 3473 τὸν
915 3419 1089 3474 ταῦτα
1132 3421 1380 3498 λέγοντα,
1420 3421 1515 3477 καὶ
1547 3423 1847 3492 ἐπιθυμίας
1872 3425 2043 3479 καθα-

466 3500 644 3569 ρεύειν
678 3502 916 3573 ἀπάσης,
950 3506 1044 3558 καὶ
1073 3505 1131 3571 ἐξ
1188 3505 1377 3578 ἐτέρου
1427 3507 1525 3578 μὲν
1569 3508 1803 3574 οὐδενὸς,
1850 3510 1958 3564 ἀπὸ
1985 3511 2042 3565 δὲ

461 3583 745 3649 εὐλαϐείας
790 3585 958 3657 μόνης
1006 3588 1211 3659 ταύτην
1256 3589 1610 3660 ἀναδέχεσθαι
1654 3591 1752 3663 τὴν
1801 3610 2042 3664 προστα-

464 3665 615 3719 σίαν·
646 3668 771 3722 οὑδὲ
799 3668 913 3740 γάρ
936 3669 1087 3725 οὕτω
1111 3672 1385 3737 κολάσεως
1429 3673 1593 3728 αὑτὸν
1620 3675 2041 3746 ἀπηλλαγμένον

461 3751 789 3832 εὑρήσομεν.
825 3754 888 3807 Ei
931 3757 1030 3827 μὲν
1071 3756 1179 3828 γὰρ
1216 3757 1412 3829 ἠπόρει
1458 3758 1783 3830 προφάσεων
1816 3761 2038 3832 ἐτέρων,

463 3837 521 3889 ἐν
546 3830 635 3899 αἷς
654 3837 747 3890 καὶ
766 3837 863 3910 τὴν
894 3839 1177 3894 εὐλάϐειαν
1200 3840 1567 3903 ἐπιδείξασθαι
1595 3841 1722 3908 ἔδει,
1753 3844 1847 3896 καὶ
1873 3830 2041 3915 χωρὶς

459 3916 570 3972 τῶν
599 3920 1101 3993 σκανδαλιζομένων
1126 3923 1314 3994 ψυχῶν
1335 3924 1493 3977 τοῦτο
1524 3925 1770 3996 ποιῆσαν
1804 3926 2041 3996 μάλιστα

465 4002 568 4073 μὲν
606 4003 731 4057 οὑδέ
780 4003 929 4058 οὕτω
970 4006 1144 4060 ταῦτα
1206 4007 1690 4078 πραγματεύεσθαι
1729 4010 1865 4073 ἔδει,
1914 4009 2042 4064 ἔνθα

467 4085 727 4157 μείζωνή
762 4087 934 4157 ζημία
987 4088 1082 4141 τοῦ
1132 4089 1376 4159 κέρδους.
1411 4091 1520 4146 Ποῦ
1559 4090 1672 4161 γὰρ
1720 4094 1869 4156 ἴσον,
1920 4095 2040 4147 εἰπέ

467 4183 580 4236 μοι,
607 4167 875 4236 παρθένου
900 4172 1030 4238 μιᾶς
1058 4171 1089 4240 ἦ
1116 4170 1259 4226 δυεῖν
1286 4175 1683 4246 προϊστάμενον
1712 4177 2042 4247 σωματικῶν

463 4250 651 4303 ἕνεκεν
685 4251 1026 4322 πραγμάτων
1059 4254 1261 4326 ἄπειρα
1293 4258 1474 4330 πλήθη
1518 4259 1871 4314 σκανδαλίσαι
1900 4260 2041 4315 κατά

461 4331 671 4403 ψυχήν;
701 4334 853 4406 Πλὴν
876 4335 992 4391 ἀλλ’
1033 4340 1132 4410 οὐχ
1176 4340 1406 4414 οὑτωςή
1455 4344 1759 4415 κατηγορία
1795 4344 2003 4416 χαλεπή
2025 4361 2037 4373 ·
2079 4401 2094 4414 ,

465 4417 596 4471 ὅταν
622 4417 681 4471 δὲ
723 4416 928 4492 μυρίας
951 4419 1120 4497 εὕρῃς
1151 4423 1304 4488 ὀδοὺς
1338 4426 1433 4496 καὶ
1475 4427 1814 4499 κατηγορίας
1866 4427 2043 4498 ἀπηλ-

464 4499 777 4573 λαγμένας.
825 4506 920 4560 καὶ
953 4507 1265 4562 σκανδάλων
1314 4509 1634 4582 ἐλευθέρας,
1681 4511 1777 4565 καὶ
1818 4511 2075 4582 μείζονα

464 4585 694 4657 ἐχούσας
722 4587 821 4661 τὴν
856 4590 1127 4663 ἐμπορίαν
1154 4592 1204 4657 ιι,
1253 4593 1397 4657 τίνος
1439 4594 1623 4647 ἕνεκεν
1672 4592 1857 4664 σαυτῷ
1899 4595 2043 4665 πρά·-

464 4687 657 4744 γματα
697 4672 921 4738 πλέκεις
954 4676 1077 4746 είκῆ
1121 4677 1217 4729 καὶ
1253 4676 1453 4747 μάτην,
1484 4678 1580 4730 καὶ
1611 4677 1673 4733 τὸ
1707 4676 1900 4748 κέρδος
1937 4679 2043 4734 ὑπ-

463 4755 732 4828 ορύττεις,
746 4759 843 4812 καὶ
868 4759 1181 4828 ἐπισφαλῶς
1200 4761 1503 4832 οἰκοδομεῖς
1532 4761 1627 4815 καὶ
1646 4762 2043 4829 ἐπονειδίστως,

463 4838 640 4909 παρὸν
667 4839 807 4909 μετὰ
828 4841 1128 4910 ἀσφαλείας
1157 4845 1251 4896 καὶ
1279 4843 1437 4912 δόξης
1467 4844 1705 4915 πολλῆς;
1732 4846 1846 4898 Οὐκ
1867 4841 2043 4911 οἶσθα,

463 4922 546 4975 ὅτι
561 4921 814 4994 λαμπρὸν
830 4924 1175 4979 ἀποστίλϐειν
1195 4926 1299 4997 χρὴ
1314 4928 1590 4998 πανταχοῦ
1602 4928 1697 4981 τοῦ
1716 4930 1760 4981 Χ
1769 4928 2043 4999 ριστιανοῦ

461 5005 557 5059 τὸν
583 5003 715 5074 βίον,
739 5006 833 5059 καὶ
854 5008 936 5061 ὅτι
950 5010 1049 5081 τὴν
1070 5009 1226 5074 δόξαν
1246 5027 1332 5072 τις
1346 5010 1442 5080 τὴν
1464 5012 1656 5065 ἐαυτοῦ
1681 5012 2046 5083 καταισχύνας

466 5086 742 5158 πανταχοῦ
781 5088 967 5143 λοιπὸν
1010 5093 1283 5163 ἄχρηστος
1328 5091 1520 5160 ἔσται,
1561 5094 1653 5147 καὶ
1698 5095 1852 5148 οὐδὲν
1904 5096 2046 5166 μέγα

466 5171 725 5243 κερδᾶναι
757 5172 1069 5246 δυνήσεται,
1106 5176 1209 5229 κᾶν
1261 5177 1476 5246 μεγάλα
1515 5177 1670 5248 τύχοι
1725 5180 2044 5250 κατορθῶν;

467 5258 579 5312 Ἂν
610 5255 721 5328 γὰρ
754 5257 852 5311 καὶ
903 5259 970 5312 τὸ
1010 5258 1165 5324 ἅλας
1206 5259 1528 5328 μωρανθῇ,
1578 5260 1777 5332 φησὶν,
1818 5261 1890 5315 ἐν
1929 5264 2048 5320 τίνι

465 5338 861 5407 ἁλισθήσεται
899 5343 1155 5407 λοιπόν;
1185 5342 1500 5416 Ἀλαςγάρ
1542 5345 1692 5416 ἡμᾶς
1727 5340 1866 5399 εἶναι
1922 5347 2047 5417 βού-

465 5424 617 5478 λεται
649 5425 743 5478 καὶ
776 5424 892 5494 φῶς
942 5426 1037 5479 καὶ
1073 5424 1254 5496 ζύμην
1296 5427 1325 5479 ὁ
1364 5426 1530 5492 Θεὸς,
1562 5428 1639 5493 ὡς
1688 5428 1783 5482 καὶ
1828 5431 2048 5504 ἐτέρους

464 5505 726 5562 δύνασθαι
760 5508 861 5578 τῆς
904 5508 962 5576 ἐξ
1009 5508 1169 5581 ἡμῶν
1204 5508 1642 5582 μεταλαμϐάνειν
1665 5511 1949 5582 ὠφελείας.
1983 5516 2048 5568 Et

469 5591 576 5662 γάρ
611 5591 869 5666 ἀλήπτως
912 5591 1112 5657 ζῶντες
1151 5592 1428 5665 ἄνθρωποι
1475 5596 1625 5669 μόλις
1668 5598 1794 5661 τοὺς
1845 5598 2047 5669 ημελη-

470 5674 666 5744 μένους
695 5676 1022 5750 ἐπιστρέψαι
1046 5676 1283 5732 δύναιντ’
1309 5677 1396 5743 ἂν,
1430 5680 1478 5734 εξ
1510 5681 1603 5736 καὶ
1626 5678 1797 5754 λαϐὴν
1824 5681 2046 5753 δοίημεν

529 5791 560 5860 ξ
578 5790 734 5860 δίνῃ.
753 5794 956 5860 ὑπερϐολ
963 5794 1232 5860 ῆν,-Μοιζθι.
1254 5797 1508 5860 ὑποϐολήν.

582 5832 734 5845 ην...
757 5832 1012 5860 -..Ἴων-,μ
1060 5832 1232 5844 ...ωνη
1259 5832 1451 5846 πηνα...

524 5850 555 5897 δ
576 5851 731 5907 Savil.
754 5856 992 5923 εὐπορίαν,
1016 5832 1187 5909 Morel.
1213 5858 1456 5923 ἐμπορίαν.

1127 206 1184 263 S.
1225 208 1517 266 JOANNIS
1550 212 2038 270 CHRYSOSTOMI
2076 171 2393 273 ΑΠΕΙΠΕΡ.
2430 218 2981 275 CONSTANTINOP.

3614 224 3728 282 506

2143 334 2349 399 αὑτοῖς,
2383 334 2503 398 πῶς
2549 334 2611 388 οὑ
2659 335 2923 389 πάντοθεν
2959 333 3260 388 ὑπεύθυνοι
3309 336 3408 408 τῆς
3446 336 3730 405 ἀπωλείας

2141 417 2379 488 ἐσόμεθα
2397 420 2497 489 τῆς
2523 418 2745 472 ἐκείνων
2765 435 2778 481 ;
2802 418 3014 489 Ὠσπερ
3035 418 3144 489 γὰρ
3163 417 3264 471 οὑκ
3286 417 3365 471 ενι
3394 418 3507 488 βίον
3533 420 3733 491 ἔχοντα

2137 498 2531 572 διεφθαρμένον
2560 500 2801 572 σωθῆναί
2827 518 2978 568 ποτε,
2997 500 3171 565 οὑτως
3208 500 3333 556 οὔτε
3356 501 3514 567 δόξαν
3548 504 3731 576 ἐαυτῷ

2140 581 2433 654 περιθέντα
2460 582 2707 654 πονηράν
2730 583 2953 637 δυνατὸν
2982 584 3267 653 διαφυγεῖν
3296 585 3393 657 τὴν
3420 586 3669 642 κόλασιν.

2222 665 2360 719 Ἀλλ’
2389 668 2438 719 εἱ
2468 667 2549 720 δεῖ
2579 668 2677 720 καὶ
2718 665 3039 738 θαυμαστὸν
3066 668 3241 719 εἰπεῖν
3270 685 3345 733 τι,
3377 668 3479 722 κᾶν
3511 671 3733 740 μεγάλα

2136 766 2222 812 τις
2252 749 2497 823 ἁμάρτῃ,
2533 749 2714 803 λαθὼν
2742 751 2799 804 δέ
2847 749 3151 822 ἐργάσηται
3194 749 3353 804 τοῦτο
3391 752 3484 806 καὶ
3520 754 3735 822 μηδένα

2137 831 2487 905 σκανδαλίσῃ,
2513 832 2778 887 ἐλάττονα
2808 833 2993 887 δίδωσι
3020 833 3176 903 δίκην
3200 834 3293 887 τοῦ
3323 835 3733 907 καταδεέστερα

2139 914 2238 981 μὲν
2259 915 2662 987 ἡμαρτηκότος,
2698 915 2836 987 μετὰ
2863 916 3178 988 παρρησίας
3210 916 3268 970 δέ
3307 918 3404 971 καὶ
3437 918 3566 981 τοὺς
3599 918 3734 972 1:0).—

2136 995 2260 1060 λοὺς
2293 997 2766 1062 σκανδαλίσαντος.

2203 1085 2274 1150 η’.
2307 1081 2419 1134 Καὶ
2437 1082 2523 1134 ἵνα
2549 1080 2626 1152 μὴ
2649 1081 2936 1154 θαυμάσῃς
2955 1080 3016 1133 τὸ
3031 1081 3244 1153 λεχθὲν,
3266 1083 3399 1155 μηδὲ
3418 1084 3736 1157 ὑπερϐολὴν

2134 1161 2423 1233 καταγνῷς
2469 1164 2563 1216 τοῦ
2588 1164 2772 1232 λόγου,
2800 1164 2898 1236 τὴν
2927 1164 3107 1235 ψῆφόν
3148 1183 3231 1221 σοι
3273 1168 3476 1238 ταύτην
3508 1170 3737 1240 οἴσομεν

2132 1248 2203 1299 ἐκ
2235 1245 2329 1298 τοῦ
2361 1246 2589 1318 ούρανοῦ
2611 1290 2626 1314 ,
2660 1249 2755 1302 καὶ
2785 1248 2877 1301 τὸν
2906 1249 3070 1318 νόμον
3111 1251 3301 1304 τοῦτον
3352 1252 3564 1305 ἐκεῖθεν
3595 1254 3733 1306 ἀνα-

2133 1329 2474 1399 γνωσόμεθα.
2500 1331 2604 1385 Τὸν
2631 1331 2741 1404 γὰρ
2768 1331 3037 1403 μακάριον
3075 1335 3335 1399 Μωΰσέα,
3384 1336 3481 1389 καὶ
3508 1336 3735 1390 πάντων

2132 1413 2435 1486 ἀνθρώπων
2474 1415 2779 1486 πραότατον
2823 1414 2930 1468 τῶν
2976 1416 3069 1468 ἐπὶ
3096 1418 3195 1487 τῆς
3223 1418 3348 1488 γῆς,
3383 1419 3479 1471 καὶ
3504 1419 3585 1487 τῷ
3610 1418 3736 1488 Θεῷ

2134 1497 2306 1563 φίλον,
2361 1498 2453 1551 καὶ
2506 1497 2805 1570 προφητῶν
2838 1496 3063 1568 μείζονα
3095 1499 3244 1567 (τοῖς
3279 1501 3375 1571 μὲν
3405 1501 3516 1572 γάρ
3545 1501 3735 1565 ἄλλοις

2134 1580 2199 1633 δι’
2227 1582 2565 1653 αἰνιγμάτων
2588 1581 2860 1653 διελέχθη,
2885 1582 3061 1651 τούτῳ
3080 1582 3136 1635 δέ
3168 1583 3243 1646 ὡς
3264 1582 3331 1637 ἂν
3352 1586 3403 1637 εί
3418 1584 3573 1654 φίλος
3594 1586 3736 1656 πρὸς

2137 1664 2359 1736 φίλον)·
2406 1664 2596 1720 τοῦτον
2646 1667 2827 1720 τοίνυν
2876 1666 2972 1720 καὶ
2996 1667 3097 1719 τὸν
3121 1666 3385 1732 τοιοῦτον,
3432 1668 3527 1721 τὸν
3560 1668 3737 1741 μυρία

2134 1747 2278 1800 κατὰ
2298 1748 2396 1819 τὴν
2418 1747 2624 1820 ἔρημον
2654 1748 3150 1825 ταλαιοπωρηθέντα
3172 1751 3228 1802 ἐν
3262 1750 3409 1802 ἔτεσι
3431 1750 3733 1814 τοσούτοις,

2134 1831 2225 1885 τὸν
2258 1833 2388 1904 περὶ
2419 1832 2531 1886 τῶν
2548 1832 2790 1903 ἐσχάτων
2827 1831 3254 1887 κινδυνεύσαντα
3276 1834 3561 1898 πολλάκις,
3581 1835 3737 1905 παρά

2132 1933 2194 1969 τε
2245 1918 2566 1986 Αἰγυπτίοις
2618 1918 2760 1988 ὑπὲρ
2785 1916 3079 1983 Ἰουδαίων,
3141 1918 3293 1989 παρά
3337 1935 3398 1971 τε
3454 1918 3735 1982 Ἰουδαίοις

2135 2000 2275 2071 ὑπὲρ
2303 2000 2484 2054 αὐτῶν
2540 2000 2702 2055 πάλιν
2751 2000 2859 2053 τῶν
2906 1999 3242 2070 ἀγνωμόνων
3288 2001 3540 2066 ἐκείνων,
3576 2002 3734 2054 οὐδὲν

2134 2083 2320 2156 ἓτερον
2348 2083 2591 2139 ἐκώλυσε
2626 2086 2766 2156 μετά
2798 2084 2898 2148 τὰς
2933 2083 3138 2148 πολλὰς
3170 2085 3553 2156 ταλαιπωρίας
3586 2085 3735 2138 ἐκεί-

2134 2184 2231 2231 νας
2259 2168 2442 2221 καὶτὰ
2484 2168 2654 2239 μυρία
2687 2167 3086 2240 κατορθώματα
3124 2168 3227 2238 τῆς
3266 2169 3605 2237 ἐπαγγελίας
3632 2185 3730 2220 τυ-

2135 2253 2270 2322 χεῖν,
2299 2251 2331 2322 ἢ
2362 2251 2422 2304 τὸ
2455 2252 2805 2305 σκανδαλίσαι
2859 2252 2985 2314 τοὺς
3033 2252 3292 2313 συνόντας
3334 2250 3484 2322 αὑτῷ
3511 2251 3606 2304 ἐπὶ
3633 2252 3732 2305 τοῦ

2136 2335 2347 2397 ὓδατος.
2385 2334 2496 2388 Καὶ
2527 2334 2686 2388 τοῦτο
2709 2335 3081 2404 αἰνιττόμενος
3107 2337 3136 2389 ὁ
3172 2334 3305 2399 Θεὸς
3339 2335 3528 2404 ἔλεγεν
3548 2375 3563 2399 ,
3594 2336 3731 2390 Ὅτι

2135 2421 2248 2472 οὐκ
2296 2417 2699 2472 ἐπιστεύσατέ
2740 2435 2845 2488 μοι
2881 2417 3127 2487 ἁγιάσαι
3170 2435 3248 2487 με
3295 2419 3577 2473 ἐναντίον
3607 2416 3733 2471 τῶν

2134 2500 2284 2556 υἱῶν
2318 2501 2576 2571 Ἰσραὴλ,
2605 2501 2704 2556 διὰ
2748 2501 2923 2555 τοῦτο
2961 2504 3075 2556 οὐκ
3102 2501 3373 2566 είσάξετε
3418 2501 3534 2569 τὴν
3572 2516 3730 2554 συν-

2134 2584 2378 2656 αγωγὴν
2425 2586 2655 2653 ταύτην
2707 2587 2795 2651 είς
2829 2584 2946 2654 τὴν
2973 2585 3113 2654 γῆν,
3148 2585 3228 2654 ἢν
3259 2585 3453 2639 ἔδωκα
3495 2583 3727 2649 αὐτοῖς.

2134 2669 2334 2722 Καίτοι
2359 2668 2452 2721 καὶ
2471 2668 2584 2740 ,πρὸ
2602 2668 2793 2721 τούτου
2815 2669 2934 2722 τινὰ
2965 2670 3284 2740 παρήκουσε
3301 2670 3416 2735 (καὶ
3445 2669 3555 2740 γὰρ
3602 2669 3728 2722 ἀντ-

2137 2754 2258 2804 εῖπε
2292 2749 2368 2821 τῷ
2396 2750 2516 2820 Θεῷ
2565 2751 2659 2804 καὶ
2681 2750 2827 2817 ἅπαξ
2850 2752 2944 2805 καὶ
2971 2751 3053 2815 δἰς
3078 2751 3430 2822 πεμπόμενος
3451 2754 3533 2814 είς
3561 2750 3728 2819 Λίγυ-

2138 2851 2294 2897 πτον,
2324 2832 2420 2888 καὶ
2456 2833 2593 2904 μετά
2636 2834 2812 2888 ταῦτα
2862 2836 2955 2888 ἐπὶ
2988 2835 3090 2905 τῆς
3140 2836 3349 2907 ἐρήμου
3398 2835 3729 2904 διηπίστησε

2138 2919 2311 2987 λέγων
2335 2933 2346 2945 ·
2381 2914 2534 2990 [240]
2570 2917 2916 2983 Ἑξακόσιαι
2939 2918 3212 2988 χιλιάδες
3244 2918 3365 2973 εἱσι
3391 2913 3603 2979 πεζῶν,
3627 2918 3727 2972 καὶ

2138 3001 2221 3056 σὺ
2248 2998 2443 3067 εἶπας,
2473 3000 2630 3069 Κρέα
2658 2999 2831 3054 δώσω
2854 3001 3080 3067 αὐτοῖς,
3118 3002 3217 3055 καὶ
3244 3001 3539 3072 φάγονται
3559 3000 3730 3070 μῆνα

2139 3083 2394 3155 ἡμερῶν.
2430 3083 2529 3152 Μὴ
2570 3085 2837 3152 πρόϐατα
2881 3084 2978 3138 καὶ
3009 3086 3163 3151 ,ϐόες
3189 3084 3635 3154 σφαγήσονται,
3688 3083 3728 3151 ἦ

2140 3168 2263 3223 πᾶν
2302 3168 2369 3222 τὸ
2401 3167 2559 3236 ὄψον
2582 3166 2693 3235 τῆς
2725 3167 3043 3235 θαλάσσης
3085 3170 3576 3238 συναχθήσεται,
3628 3169 3732 3223 καὶ

2140 3251 2383 3322 ἀρκέσει
2430 3249 2667 3316 ama/7;;
2711 3249 2806 3303 καὶ
2843 3250 2981 3321 μετὰ
3003 3251 3175 3311 ταῦτα
3204 3252 3262 3305 δὲ
3302 3251 3464 3306 πάλιν
3489 3252 3730 3306 άπεδυσ-

2140 3336 2365 3406 πέτησε,
2396 3334 2492 3388 καὶ
2552 3333 2648 3386 τοῦ
2679 3332 2854 3404 δήμου
2886 3334 2985 3405 τὴν
3020 3336 3359 3406 προστασίαν
3406 3335 3731 3407 παρῃτήσα-

2139 3418 2236 3487 το)
2261 3436 2274 3449 ·
2308 3416 2422 3472 ἀλλ’
2441 3417 2591 3488 ὅμως
2624 3416 2777 3469 οὐδὲν
2807 3416 3015 3470 τούτων
3054 3417 3275 3489 ἴσχυσεν
3301 3417 3462 3470 αὑτὸν
3489 3419 3731 3471 ἀποστε-

2146 3502 2308 3573 ρῆσαι
2357 3500 2466 3554 τῶν
2502 3500 2681 3553 ἄθλων
2714 3499 2823 3554 τῶν
2856 3500 3254 3571 προκειμένων,
3317 3500 3431 3554 ἀλλ’
3462 3501 3496 3572 ἦ
3545 3501 3608 3553 τὸ
3638 3503 3733 3553 ἐπὶ

2140 3584 2236 3638 τοῦ
2271 3585 2461 3648 ὓδατος
2497 3583 2712 3655 συμϐάν
2740 3584 2902 3654 μόνον
2923 3587 3020 3655 ’τῇ
3056 3587 3154 3654 μὲν
3175 3583 3286 3655 γὰρ
3316 3584 3474 3653 φύσει
3505 3585 3733 3637 ἐκείνων

2142 3668 2361 3723 ἔλαττον
2380 3665 2468 3740 ἦν,
2492 3668 2570 3738 τῷ
2598 3668 2656 3722 δὲ
2685 3667 2824 3739 μετὰ
2851 3668 2949 3738 τῆς
2980 3668 3181 3739 ἐτέρων
3216 3667 3471 3736 γενέσθαι
3503 3666 3731 3739 βλάϐης,

2143 3751 2325 3822 πολλῷ
2356 3752 2540 3823 μεῖζον
2560 3751 2795 3819 ἐγένετο.
2839 3751 3053 3804 Ἐκεῖνα
3082 3752 3181 3821 μὲν
3208 3750 3315 3824 γὰρ
3346 3750 3451 3822 ἰδίᾳ
3482 3751 3578 3804 καὶ
3606 3751 3736 3804 λαν-

2144 3837 2413 3899 θανόντως
2460 3834 2681 3905 συνέϐη,
2713 3832 2874 3886 τοῦτο
2905 3834 2962 3886 δὲ
3003 3834 3252 3904 φανερῶς
3284 3834 3381 3887 καὶ
3404 3833 3499 3887 ἐπὶ
3523 3833 3616 3887 τοῦ
3642 3834 3737 3905 δή·

2146 3937 2247 3990 μου
2281 3918 2485 3981 παντὸς
2533 3916 2856 3989 [φανερῶς]
2903 3918 3271 3989 ήμαρτάνετο.
3314 3917 3412 3970 Διά
3442 3917 3606 3970 τοῦτο
3640 3921 3737 3971 καὶ

2144 4001 2394 4071 ἐγκαλῶν
2426 4004 2454 4054 ὀ
2478 4000 2610 4065 Θεὸς
2632 4000 2789 4054 τοῦτο
2816 4000 3038 4071 ᾐνίξατο
3058 3999 3249 4063 εἰπὼν,
3274 4000 3403 4053 ’Ὅτι
3428 4002 3542 4069 οὐχ
3574 4000 3740 4070 ﬁrmi.

2144 4086 2294 4141 σατὲ
2315 4103 2393 4154 με
2412 4084 2693 4138 ἐναντίον
2722 4082 2841 4137 τῶν
2860 4083 3007 4137 υΙῶν
3022 4082 3273 4152 Ἰσραήλ
3297 4101 3312 4115 ο
3332 4085 3433 4155 τῆς
3456 4085 3738 4158 ἁμαρτίας

2143 4169 2240 4241 τὴν
2269 4169 2431 4238 φύσιν
2456 4164 2817 4221 ἐκκαλύπτων
2837 4166 3008 4237 αύτῷ,
3037 4166 3133 4221 καὶ
3161 4167 3283 4221 ὅθεν
3305 4167 3529 4235 γέγονεν
3559 4168 3735 4235 ἀσύγ-

2145 4268 2408 4322 γνωστος,
2451 4249 2804 4321 παραδηλῶν.
2841 4251 2903 4303 Et
2938 4251 2993 4303 δὲ
3026 4249 3343 4322 τηλικοῦτον
3369 4250 3540 4323 ἄνδρα
3574 4253 3740 4306 τοῦτο

2146 4334 2519 4408 προσκροῦσαι
2541 4334 2819 4405 ἐποίησεν,
2848 4335 2995 4404 ἡμᾶς
3023 4337 3147 4398 τοὺς
3187 4334 3474 4404 σκώληκας
3509 4337 3606 4390 καὶ
3635 4353 3736 4407 μη⁴

2144 4420 2399 4490 δαμινοὺς
2427 4417 2545 4481 πῶς
2579 4417 2640 4469 οὐ
2681 4417 2971 4470 καταδύσει
2995 4417 3156 4471 τοῦτο
3181 4419 3274 4471 καὶ
3310 4418 3537 4485 ἀπολεῖ;
3565 4420 3737 4475 Οῦδέν

2145 4504 2253 4573 γὰρ
2284 4500 2429 4555 οὑτω
2465 4500 2758 4570 παροξύνει
2778 4501 2869 4553 τὸν
2898 4500 3053 4563 Θεὸν,
3090 4502 3166 4564 ὡς
3194 4502 3322 4555 ὅταν
3347 4502 3408 4555 τὸ
3433 4501 3608 4572 ὄνομα
3636 4503 3736 4556 αὑ-

2145 4589 2238 4642 τοῦ
2271 4585 2682 4658 βλασφημῆται.
2707 4584 2818 4638 Καὶ
2851 4587 2963 4647 τοῖς
3014 4584 3291 4649 Ἰουδαίοις
3317 4584 3375 4638 δὲ
3423 4586 3583 4640 τοῦτο
3620 4586 3737 4641 ἄνω

2146 4671 2242 4726 καὶ
2269 4671 2421 4725 κάτω
2461 4668 2760 4722 διετέλεσεν
2802 4667 3071 4736 ἐγκαλῶν,
3103 4669 3231 4722 Ὅτι
3276 4667 3342 4721 τὸ
3386 4668 3578 4738 ὄνομα
3612 4688 3736 4738 μου

2141 4753 2542 4823 βεϐηλοῦται·
2586 4753 2681 4806 καὶ
2712 4752 2897 4816 πάλιν,
2939 4751 3126 4821 Ἰζμεῖς
3161 4752 3502 4816 βεϐηλοῦτε
3544 4754 3697 4806 αὑτό
3718 4770 3735 4784 ο

2148 4840 2261 4901 καὶ,
2286 4838 2367 4891 Δι’
2400 4833 2556 4905 ὑμᾶς
2584 4834 2649 4889 τὸ
2676 4834 2866 4904 ὄνομά
2885 4853 3006 4904 μου
3034 4836 3488 4907 ,ϐλασφημεῖται
3515 4836 3587 4889 ἐν
3608 4836 3741 4901 τοῖς

2147 4921 2379 4976 ἔθνεσισ
2405 4921 2500 4973 καὶ
2531 4917 2767 4989 τοσαύτη
2797 4919 2944 4989 αὐτῷ
2970 4917 3064 4972 τοῦ
3103 4919 3178 4990 μὴ
3212 4920 3535 4991 συμϐαίνειν
3576 4920 3742 4974 τοῦτο

2147 5005 2338 5074 γέγονε
2367 5003 2612 5076 πρόνοια,
2638 5001 2713 5066 ὼς
2737 5003 2833 5055 καὶ
2861 5001 3112 5069 ἀναξίους
3138 5002 3309 5058 σῶσαι
3334 5003 3620 5067 πολλάκις,
3650 5005 3739 5057 ἵνα

2152 5090 2226 5159 μὴ
2254 5086 2414 5140 τοῦτο
2445 5086 2694 5156 γένηται.
2739 5085 3024 5152 Ἐποίησα
3045 5088 3176 5158 γὰρ,
3202 5088 3388 5158 φησὶν,
3416 5089 3517 5141 ἵνα
3550 5087 3640 5158 μὴ
3671 5088 3736 5142 τὸ

2148 5170 2336 5241 ὄνομά
2350 5188 2468 5239 μου
2482 5166 2803 5237 βεϐηλωθῇ
2817 5186 2829 5199 ·
2854 5169 2967 5232 καὶ,
3003 5171 3085 5223 Οὐ
3114 5168 3190 5222 δι’
3225 5168 3385 5239 ὑμᾶς
3413 5171 3529 5241 ἐγὼ
3565 5170 3761 5245 ποιῶ,ξ

2149 5252 2316 5321 οἶκος
2344 5254 2451 5309 τοῦ
2475 5251 2748 5323 Ἰσραὴλ,
2767 5253 2904 5307 ἀλλ’
2938 5252 3039 5307 ἵνα
3070 5255 3156 5322 μὴ
3182 5252 3247 5306 τὸ
3274 5252 3466 5325 ὄνομά
3490 5273 3613 5325 μου
3634 5256 3740 5321 βε-

2150 5337 2389 5407 ϐηλωθῇ
2420 5349 2468 5391 ε.
2506 5339 2616 5390 Καὶ
2657 5338 2686 5389 ὁ
2720 5335 2933 5400 Παῦλος
2963 5335 3027 5388 δὲ
3053 5336 3301 5403 ἀνάθεμα
3344 5333 3484 5392 εἷναι
3535 5337 3740 5409 ηὔξατο

2150 5422 2294 5494 ὑπὲρ
2316 5420 2416 5491 τῆς
2443 5420 2537 5474 τοῦ
2571 5419 2707 5473 Θεοῦ
2732 5419 2891 5488 δόξης
2911 5435 2924 5448 ⁸
2972 5419 3066 5473 καὶ
3120 5418 3285 5482 αὑτὸς
3309 5422 3338 5474 ὁ
3378 5422 3625 5492 Μωῦσῆς
3655 5424 3743 5489 ἐξ-

2151 5496 2476 5574 αλειφθῆναι
2511 5503 2610 5572 τῆς
2658 5502 2842 5572 βίϐλου
2872 5501 3249 5574 παρεκάλεσεν
3280 5504 3421 5576 ὑπὲρ
3448 5505 3551 5574 τῆς
3580 5505 3743 5576 δόξης

2150 5588 2246 5643 τοῦ
2280 5589 2540 5658 ὀνόματος
2583 5586 2678 5639 τοῦ
2704 5585 2869 5640 Θεοῦ·
2898 5586 3056 5657 ὑμεῖς
3088 5586 3144 5642 δέ
3177 5589 3237 5641 οὑ
3290 5588 3451 5659 μόνον
3481 5588 3637 5643 οὐδὲν
3665 5591 3743 5642 αί-

2159 5671 2336 5745 ρεῖσθε
2365 5670 2573 5735 παθεῖν,
2593 5668 2735 5722 ὥστε
2757 5668 2959 5742 ταύτην
2972 5669 3419 5742 ἀποκρούσασθαι
3445 5671 3544 5740 τὴν
3574 5671 3744 5741 βλασ-

2158 5757 2386 5829 φημίαν,
2418 5753 2555 5810 ἀλλά
2613 5753 2791 5807 πάντα
2825 5755 3115 5827 πράττετε,
3153 5754 3221 5809 δι’
3251 5748 3325 5810 ὧν
3350 5752 3540 5820 αὔξετε
3568 5755 3744 5829 αὐτὴν

2218 5864 2239 5894 ε
2269 5862 2417 5913 Savil.
2454 5859 2787 5925 βλασφημηθῇ·
