4060 6136
314 362 414 420 505

290 460 577 550 ’νοπῇθιιι
615 486 851 529 manum.
896 470 953 528 Si
997 485 1128 540 opes
1157 469 1341 534 habes,
1389 468 1442 523 in
1482 464 1581 522 bas
1608 464 1880 536 expende;

313 587 357 627 st
378 567 587 625 validus
614 581 674 621 es
692 607 708 632 ,
742 564 837 619 bas
878 563 1121 633 corporis
1144 560 1439 617 ministerio
1467 560 1658 630 adiuva
1681 575 1695 612 :
1719 557 1881 611 multa

308 678 360 725 et
404 664 491 721 hic
527 661 739 735 negotia
778 658 988 716 videbis
1026 672 1146 727 quae
1188 655 1425 725 indigent
1475 650 1739 722 corporali
1782 651 1882 704 mi-

315 756 531 815 nisterio
558 763 613 810 et
627 760 839 821 sumptu
863 762 1022 820 epum
1070 756 1125 803 et
1150 744 1723 801 circnmcursitatione.
1748 740 1881 796 Nam

308 865 439 921 opus
462 847 660 903 habent
681 855 738 901 ut
766 845 871 900 illis
897 842 1235 911 assignentur
1261 837 1548 900 domicilia,
1572 848 1880 905 praeparen-

302 957 393 1003 tur
431 941 839 1002 medicamenta,
888 945 943 992 et
986 935 1156 990 lectus
1195 941 1249 988 et
1292 938 1469 985 vestes
1514 935 1779 993 emantur,
1828 933 1884 980 et

304 1043 555 1092 curentur
600 1032 706 1089 cibi
758 1030 882 1086 boni
928 1028 1137 1097 aliaque
1189 1024 1392 1088 multa,
1447 1019 1655 1076 etiamsi
1707 1018 1877 1072 solum

303 1129 484 1183 decem
513 1132 711 1189 essent,
743 1137 861 1193 qum
890 1121 962 1175 ita
990 1124 1280 1189 aegrotant;
1314 1128 1455 1169 nunc
1483 1121 1661 1167 autem
1690 1110 1877 1165 civitas

305 1226 479 1272 nostra
500 1215 585 1271 his
607 1223 716 1269 tota
742 1212 958 1283 impleta
985 1218 1103 1275 est,
1150 1205 1502 1275 inveniesque
1525 1202 1747 1262 mille.et
1772 1200 1879 1256 duo

303 1309 484 1365 millia.
514 1306 633 1362 Ista:
661 1312 806 1369 sunt,
836 1319 957 1374 qua:
981 1301 1179 1355 auxilio
1207 1299 1462 1369 indigent,
1490 1295 1605 1351 ista:
1624 1294 1878 1350 desolata:

299 1410 440 1467 sunt,
472 1401 589 1455 istae
614 1399 760 1454 humi
783 1397 992 1467 iacent:
1016 1394 1130 1449 haec
1160 1402 1242 1460 est
1268 1391 1628 1461 cleemosyna,
1654 1387 1768 1442 haec
1794 1395 1879 1442 est

300 1490 618 1556 humanitas,
647 1488 751 1547 hoc
774 1487 826 1542 in
851 1485 1070 1556 gloriam
1097 1482 1288 1538 transit
1308 1481 1422 1547 Dei,
1444 1490 1498 1536 et
1519 1481 1570 1534 in
1597 1478 1875 1532 utilitatem

296 1598 478 1638 eorum
518 1581 608 1652 qui
643 1578 862 1641 vident,
889 1585 946 1632 et
988 1576 1077 1646 qui
1121 1573 1428 1644 accipiunt,
1458 1581 1517 1627 et
1540 1570 1628 1640 qui
1657 1568 1875 1624 faciunt.

297 1673 508 1730 Etenim
557 1671 755 1743 iustius
805 1668 1122 1736 adjuvantur
1173 1664 1495 1719 infirmiores
1548 1676 1706 1731 quam
1762 1660 1874 1713 for-

297 1768 485 1828 tim-es;
513 1771 568 1819 et
591 1761 781 1818 vetulae
809 1775 967 1830 quam
990 1757 1261 1829 iuniores;
1291 1763 1345 1810 et
1371 1754 1453 1808 hze
1481 1753 1674 1822 quibus
1703 1765 1876 1819 neque

295 1857 593 1913 necessaria
618 1861 763 1919 sunt,
796 1867 953 1923 quam
982 1851 1084 1905 illae
1107 1862 1226 1919 qua:
1252 1846 1540 1902 mediocria
1563 1842 1872 1915 possident;

292 1958 344 2002 ct
374 1947 479 2001 illa;
523 1960 643 2017 qua:
684 1942 825 2015 apud
867 1940 1063 1996 multos
1106 1935 1490 1994 abominabiles
1511 1976 1526 2002 ,
1558 1949 1715 2005 quam
1743 1946 1876 2002 quas

294 2043 442 2098 multi
470 2039 749 2104 adamant;
790 2044 847 2092 et
884 2036 987 2091 illa:
1024 2048 1145 2105 qua:
1185 2030 1524 2088 contumeliis
1551 2036 1872 2094 onerantur,

291 2149 447 2203 quam
475 2148 556 2189 em
579 2145 698 2203 quze
726 2129 901 2184 illatas
935 2133 1197 2189 avertere,
1231 2131 1286 2178 et
1327 2122 1523 2177 bonam
1549 2119 1649 2189 sibi
1677 2117 1871 2173 famam

290 2225 578 2281 ronieiliare
600 2228 841 2293 possunt.
862 2217 1096 2274 Ostende
1122 2216 1281 2287 igitur
1298 2212 1441 2285 quod
1463 2220 1682 2283 propter
1707 2210 1869 2283 Deum

292 2318 391 2372 hoc
414 2315 610 2382 facias,
656 2320 712 2368 et
754 2311 860 2366 illis
888 2308 1169 2380 opitulare.
1201 2304 1356 2375 Quod
1383 2304 1425 2360 si
1458 2304 1553 2358 has
1582 2317 1754 2372 neque
1780 2314 1872 2370 per

289 2425 537 2467 somnum
584 2404 766 2462 videre
804 2405 910 2469 vis,
958 2401 1055 2459 sed
1093 2401 1354 2455 formosas
1399 2405 1457 2453 et
1503 2395 1872 2450 adolescentes

288 2497 683 2556 obambulando
707 2495 936 2559 venaris,
967 2502 1020 2548 et
1063 2489 1338 2547 illiberalis
1382 2487 1541 2558 huius
1570 2485 1872 2542 venationis

292 2607 509 2647 causam
532 2589 744 2661 quidem
772 2587 928 2642 aliam
960 2585 1125 2642 habes
1150 2599 1254 2639 non
1287 2580 1558 2637 ferendam
1576 2622 1591 2648 ,
1622 2577 1871 2650 praeteris

288 2694 467 2740 autem
497 2682 652 2737 aliam
682 2696 799 2751 quae
822 2681 875 2734 in
902 2678 1131 2748 speciem
1163 2677 1385 2732 honesta
1416 2684 1470 2730 et
1497 2682 1713 2744 accepta
1745 2679 1826 2728 est
1849 2714 1866 2741 ,

287 2790 485 2846 nempe
513 2774 753 2840 tutelam,
780 2772 905 2827 licet
933 2770 1178 2825 homines
1202 2768 1456 2840 decipias.
1485 2765 1580 2822 sed
1609 2781 1713 2821 non
1743 2765 1868 2820 item

291 2865 523 2922 tribunal
554 2865 668 2931 Dei,
701 2863 841 2936 quod
868 2862 1175 2921 muneribus
1202 2859 1470 2929 corrumpi
1501 2858 1723 2928 nequit:
1746 2871 1869 2911 nam

287 2957 356 3012 ob
379 2958 539 3013 aliam
564 2956 775 3026 quidem
797 2968 1013 3011 causam
1036 2952 1148 3006 haec
1174 2951 1322 3017 facis,
1346 2958 1400 3004 et
1419 2949 1576 3003 aliam
1596 2947 1867 3017 praeteris.

290 3048 472 3106 Dicitis
498 3049 710 3119 quidem
735 3089 750 3112 ,
782 3044 923 3116 quod
954 3051 1170 3116 propter
1199 3043 1366 3097 Deum
1413 3040 1616 3095 faciatis
1653 3039 1828 3094 omnia
1850 3080 1866 3105 ,

287 3140 461 3197 facitis
484 3140 658 3195 autem
685 3154 847 3210 opera
875 3153 993 3208 qua:
1025 3144 1149 3191 sunt
1177 3134 1511 3189 inimicorum
1538 3131 1633 3186 Dei
1657 3149 1670 3186 :
1697 3131 1869 3201 siqui-

270 3228 408 3287 ‘dem
438 3231 654 3288 efficere
690 3239 749 3286 ut
784 3229 876 3285 Dei
904 3243 1099 3283 nomen
1127 3227 1529 3296 blasphemetur
1563 3233 1617 3279 et
1645 3237 1868 3278 accuse-

288 3332 392 3387 tur,
424 3324 478 3380 id
507 3323 722 3379 demum
747 3328 829 3377 est
850 3321 1185 3377 inimicorum
1210 3319 1325 3374 Dei.
1357 3317 1471 3390 Ego
1498 3332 1623 3372 vero
1648 3324 1704 3372 et
1725 3315 1867 3371 aliud

285 3433 532 3487 suppono
573 3416 841 3488 quippiam
868 3431 882 3466 :
909 3428 1167 3484 ponamus
1209 3410 1350 3467 enim
1399 3409 1502 3465 hoc
1547 3424 1673 3464 vere
1720 3408 1821 3462 dici
1848 3449 1863 3473 ,

286 3521 515 3580 eumque
558 3507 701 3562 omni
739 3504 1165 3575 concupiscentia
1203 3517 1393 3574 purum
1419 3515 1568 3568 esse,
1600 3516 1774 3570 neque
1802 3515 1869 3554 ex

286 3597 391 3653 ulla
419 3598 523 3653 alia
551 3614 610 3654 re
635 3613 792 3669 quam
828 3612 894 3650 ex
934 3595 1046 3650 sola
1088 3597 1281 3665 pietate
1309 3593 1445 3647 hanc
1473 3608 1653 3648 curam
1694 3591 1868 3646 susci-

287 3703 449 3756 pere;
481 3697 716 3744 attamen
746 3703 917 3759 neque
943 3687 1021 3741 sic
1048 3687 1217 3756 ipsum
1248 3701 1279 3741 a
1305 3685 1477 3754 poenis
1499 3682 1611 3739 fore
1639 3683 1867 3738 liberum

285 3781 637 3838 inveniemus.
657 3780 789 3837 Nam
816 3781 859 3836 si
889 3780 1137 3836 deessent
1160 3778 1468 3833 occasiones
1492 3776 1633 3839 alim,
1667 3775 1717 3828 in
1744 3774 1865 3845 qui-

287 3870 383 3926 bus
432 3873 592 3929 etiam
642 3873 893 3942 pietatem
943 3869 1229 3932 exhibere,
1285 3866 1443 3937 idque
1490 3864 1665 3921 facere
1709 3856 1868 3918 nullis

285 3963 563 4020 animabus
589 3963 642 4018 in
686 3977 752 4018 eo
796 3961 1206 4032 impingcntibus
1237 3965 1444 4026 posset,
1493 3971 1560 4011 ne
1586 3955 1663 4009 sic
1691 3962 1865 4009 tamen

286 4051 387 4108 hoc
415 4069 577 4125 agere
602 4060 893 4122 oporteret,
925 4051 1014 4106 ubi
1051 4049 1220 4119 maius
1248 4049 1397 4102 lucro
1425 4046 1700 4101 damnum.
1731 4045 1866 4098 Num

283 4142 427 4197 enim
456 4159 551 4213 par
567 4150 649 4197 est
664 4150 720 4196 ut
735 4141 803 4196 ob
818 4137 1112 4210 corporalia
1130 4140 1336 4208 negotia
1362 4137 1514 4191 unius
1535 4146 1626 4190 aut
1642 4135 1866 4190 duarum

282 4235 547 4307 virginum
570 4234 771 4288 inﬁnita
788 4231 1066 4287 multitudo
1087 4231 1378 4285 animarum
1397 4228 1655 4298 iacturam
1680 4226 1869 4281 faciat?

283 4323 665 4382 Verumtamen
714 4340 890 4395 neque
932 4324 1010 4380 sic
1051 4323 1226 4395 gravis
1270 4330 1352 4377 est
1400 4321 1667 4377 accusatio
1700 4337 1714 4375 :
1746 4335 1867 4373 cum

283 4424 462 4472 autem
507 4416 814 4471 innumeras
843 4415 1080 4470 invenias
1109 4414 1221 4467 vias
1251 4420 1306 4467 et
1329 4412 1529 4467 alienas
1554 4413 1622 4467 ab
1646 4426 1868 4465 accusa-

286 4507 450 4576 tione,
482 4517 538 4564 et
562 4507 756 4563 liberas
783 4523 811 4560 a
843 4505 1128 4569 scandalis,
1160 4513 1213 4558 et
1240 4520 1358 4574 quae
1388 4503 1643 4573 maiorem
1672 4502 1870 4557 habent

285 4608 575 4667 quastum,
622 4597 774 4668 cuius
817 4597 895 4652 rei
941 4595 1109 4666 gratia
1162 4594 1254 4649 tibi
1303 4593 1403 4663 ipsi
1450 4595 1619 4648 ne‘ctis
1658 4593 1869 4663 negotia

288 4685 485 4746 frustra
512 4697 568 4746 et
592 4690 856 4745 incassum
878 4729 893 4754 ,
923 4696 975 4743 et
997 4687 1202 4741 lucrum
1231 4683 1471 4751 sullodis,
1496 4692 1550 4739 et
1569 4684 1869 4755 periculose

288 4785 524 4840 exstruis
544 4790 703 4853 atque
733 4779 1251 4851 ignominiose,.cum
1274 4778 1431 4832 liceat
1457 4777 1572 4833 sine
1592 4776 1790 4832 damno
1816 4784 1871 4831 et

284 4886 405 4929 cum
429 4890 623 4947 magna
651 4872 857 4945 gloria?
885 4873 963 4926 An
989 4872 1163 4928 nescis
1182 4870 1466 4927 Christiani
1488 4869 1650 4924 vitam
1671 4884 1869 4939 usque-

284 4977 493 5037 quaque
514 4966 694 5021 lucere
710 4964 925 5030 debere,
948 4972 1001 5018 et
1021 4978 1141 5018 eum
1163 4962 1251 5032 qui
1274 4977 1421 5017 suam
1439 4961 1657 5033 gloriam
1682 4960 1866 5029 ftedet,

288 5055 485 5127 ubique
511 5068 697 5130 postea
727 5057 965 5111 inutilem
997 5055 1131 5121 fore,
1165 5063 1218 5110 et
1244 5055 1372 5109 nihil
1402 5070 1649 5125 magnum
1677 5055 1870 5110 lucrari

289 5158 482 5216 posse,
523 5149 683 5204 etiam
718 5148 761 5201 si
802 5147 1054 5217 pra‘clara
1100 5146 1333 5201 facinora
1365 5144 1628 5201 ediderit?
1657 5162 1778 5201 nam
1809 5145 1870 5201 Si

290 5236 365 5289 sal
408 5239 717 5312 infatuatum
763 5238 937 5310 fuerit,
992 5236 1180 5307 inquit,
1230 5237 1283 5289 in
1327 5252 1424 5306 quo
1476 5236 1684 5290 satietur
1736 5236 1871 5290 ultra

293 5322 504 5389 (Matth.
541 5328 597 5385 5.
636 5327 762 5398 15)?
805 5328 896 5383 Sal
931 5326 1073 5383 enim
1114 5340 1209 5380 nos
1244 5340 1363 5381 esse
1386 5325 1502 5380 vult
1529 5334 1583 5380 et
1611 5326 1786 5381 lumen
1818 5334 1872 5399 et

292 5413 607 5477 fermentum
642 5422 802 5485 Deus,
842 5430 901 5474 ut
934 5428 989 5474 et
1025 5418 1116 5473 alii
1157 5434 1187 5472 a
1227 5417 1382 5472 nobis
1420 5418 1697 5471 utilitatem
1726 5420 1869 5472 acci-
1914 5469 1916 5472 ,

293 5505 456 5571 piant.
482 5511 634 5579 Quod
675 5511 718 5566 si
766 5509 1013 5565 homines
1063 5507 1603 5579 irrcprehensibiliter
1632 5508 1871 5562 viventes

292 5596 713 5661 Vixconvertere
735 5604 917 5659 valent
957 5602 1305 5673 negligentes,
1347 5599 1633 5670 quomodo,
1679 5598 1723 5653 si
1766 5600 1873 5654 illis

291 5696 474 5748 mm
494 5693 819 5760 dederimus,
839 5708 944 5749 non
961 5692 1311 5762 undequaque
1327 5690 1639 5762 perditionis
1656 5689 1871 5746 illorum

293 5774 371 5833 rei
415 5785 657 5845 erimus?
697 5785 828 5844 Nam
873 5786 1009 5843 sicut
1056 5785 1144 5857 qui
1185 5800 1489 5857 perversam
1536 5784 1643 5857 agit
1669 5792 1866 5854 Vitam,

1012 352 1284 413 comas
1316 351 1444 411 eos
1483 352 1597 420 om
1634 304 2246 408 SUBINTBODUGTAS
2285 349 2560 410 llABENT
2589 354 2924 415 vmcmes.

3451 363 3568 420 506

1990 486 2279 548 numquam
2304 475 2572 540 salvator,
2605 475 2677 531 ita
2706 493 2875 549 neque
2899 479 2988 549 qui
3016 481 3250 551 seipsum
3282 483 3567 554 ignominia

1987 567 2239 637 aspergit,
2272 582 2481 637 poenam
2508 569 2742 640 effugere
2769 570 2981 640 poterit.

2061 656 2164 721 Qui
2200 658 2311 712 sine
2345 659 2563 713 aliorum
2600 660 2906 727 oﬁ'endiculo
2951 672 3156 734 peccat,
3196 665 3381 721 minori
3410 683 3570 738 poema

1987 748 2234 804 obnoxius
2276 758 2368 804 est.
2382 780 2455 792 --
2471 751 2619 818 Quod
2638 753 2680 806 si
2703 752 2861 807 etiam
2878 753 3188 810 admirabile
3205 756 3456 825 quiddam
3482 759 3566 812 di-

1988 840 2248 907 cendum,
2293 842 2451 897 etiam
2479 843 2523 897 si
2549 845 2784 913 graviter
2810 846 2928 914 quis
2967 856 3182 915 peccet,
3229 846 3273 901 si
3301 848 3435 903 clam
3468 846 3568 903 hor

1987 932 2149 988 faciat
2173 942 2228 988 et
2247 933 2516 989 neminem
2540 935 2882 1002 scandalizet,
2905 936 3166 993 minorem
3188 938 3334 994 dabit
3356 955 3566 1009 poenam

1987 1043 2144 1096 quam
2189 1028 2278 1098 qui
2324 1029 2497 1084 levius
2532 1030 2804 1099 peccavit,
2850 1031 2945 1087 sed
2988 1031 3325 1103 impudenter
3349 1042 3403 1091 et
3444 1050 3566 1090 cum

1987 1121 2272 1175 multorum
2297 1120 2568 1176 seandalo.

2055 1209 2110 1265 8.
2140 1210 2209 1264 Et
2233 1227 2300 1266 ne
2319 1211 2516 1266 dictum
2543 1212 3036 1285 admireris,neque
3065 1215 3183 1284 plus
3196 1214 3340 1286 iusto
3364 1216 3566 1272 dictum

1982 1309 2157 1370 putes,
2187 1301 2281 1356 tibi
2307 1303 2442 1358 hanc
2470 1319 2502 1360 e
2529 1305 2659 1359 caalo
2680 1306 2995 1361 sententiam
3021 1306 3323 1375 afferemus,
3348 1317 3400 1365 et
3430 1309 3566 1366 hanc

1983 1392 2154 1462 legem
2193 1394 2316 1450 inde
2343 1397 2598 1465 prolatam
2642 1397 3002 1466 probabimus.
3043 1399 3173 1453 Nam
3209 1400 3421 1456 beatum
3454 1403 3567 1459 Mo-

1982 1497 2094 1538 sem
2115 1484 2352 1539 omnium
2379 1485 2467 1554 qui
2491 1500 2654 1555 super
2677 1494 2868 1541 terram
2899 1486 3170 1544 hominum
3199 1491 3559 1558 mitissimum,

1984 1576 2078 1630 Dei
2107 1577 2357 1643 amicum,
2392 1577 2769 1646 pr0phetarum
2799 1578 3110 1645 maximum,
3135 1580 3559 1654 quandoquidem

1985 1666 2124 1722 Deus
2165 1668 2285 1723 aliis
2326 1684 2422 1739 per
2447 1671 2727 1740 aenigmata
2769 1671 3020 1740 loquutus
3058 1684 3177 1736 est,
3222 1672 3347 1728 huic
3385 1683 3561 1729 autem

1981 1757 2119 1812 sicut
2147 1759 2346 1813 amicus
2372 1760 2543 1815 amico
2574 1778 2589 1816 :
2614 1760 2755 1816 hunc
2798 1761 2956 1832 igitur
2981 1772 3034 1818 et
3063 1764 3218 1818 talem
3249 1766 3336 1834 qui
3370 1766 3563 1821 multas

1981 1849 2225 1904 miserias
2252 1851 2303 1903 in
2339 1849 2557 1907 deserto
2603 1852 2720 1906 tulit
2758 1859 2834 1906 tot
2871 1855 3058 1920 annis,
3109 1854 3199 1923 qui
3229 1857 3280 1909 in
3308 1858 3562 1912 extremis

1981 1956 2123 2013 saepe
2147 1943 2393 2013 periculis
2412 1942 2531 2008 fuit,
2554 1952 2608 2000 et
2630 1945 2767 2015 apud
2784 1945 3066 2017 Egyptios
3089 1960 3308 2019 propter
3321 1949 3558 2012 Judaeos.

1980 2045 2033 2089 et
2057 2034 2194 2104 apud
2214 2034 2424 2091 Iudaeos
2449 2052 2546 2107 pro
2576 2037 2704 2106 ipsis
2733 2038 2951 2107 ingratis
2982 2056 2995 2094 :
3029 2048 3204 2095 tamen
3231 2040 3373 2096 hunc
3401 2041 3558 2097 talem

1980 2137 2034 2182 et
2071 2137 2274 2182 tantum
2320 2128 2452 2183 nihil
2496 2128 2640 2184 aliud
2690 2129 2962 2199 prohibuit
3004 2140 3125 2201 post
3175 2141 3252 2185 tot
3292 2149 3561 2188 :ermnnas

1979 2217 2248 2289 multaque
2275 2220 2529 2289 prmclare
2565 2230 2711 2292 gesta
2752 2222 3109 2292 promissione
3155 2225 3310 2292 potiri
3334 2267 3348 2287 ,
3398 2242 3555 2295 quam

1978 2310 2119 2381 quod
2149 2312 2401 2369 seandalo
2443 2313 2629 2369 fuisset
2671 2315 2734 2370 iis
2762 2314 2853 2385 qui
2901 2331 3020 2370 cum
3068 2316 3183 2385 ipso
3225 2327 3376 2373 erant
3420 2320 3559 2387 apud

1978 2419 2190 2474 aquam.
2242 2405 2306 2461 Et
2353 2405 2455 2461 hoc
2492 2414 2574 2462 est
2615 2406 2757 2477 quod
2788 2408 3088 2463 insinuahat
3126 2409 3266 2465 Deus
3289 2410 3555 2479 dicendo:

1982 2494 2115 2561 Quia
2141 2513 2242 2550 non
2268 2497 2549 2552 credidistis
2573 2498 2699 2552 mihi
2718 2540 2739 2565 ι
2779 2508 2832 2552 ut
2869 2501 3253 2569 sanctiﬁcaretis
3286 2521 3364 2557 me
3387 2521 3558 2559 coram

1977 2586 2099 2655 filiis
2128 2584 2325 2653 Israel,
2371 2597 2577 2659 prapter
2611 2590 2706 2644 hoc
2729 2607 2828 2645 non
2854 2590 3099 2646 inducetis
3123 2596 3562 2665 congregationem

1977 2677 2111 2732 hanc
2126 2678 2178 2733 in
2200 2688 2385 2735 terram
2408 2723 2423 2745 ,
2450 2698 2602 2753 quam
2627 2681 2744 2735 dedi
2779 2685 2848 2737 eis
2877 2682 3062 2750 (Nam.
3093 2685 3184 2746 ΞΟ.
3217 2686 3327 2757 12).
3356 2687 3557 2754 Quam-

1958 2770 2058 2827 vis
2079 2781 2255 2827 autem
2283 2781 2438 2828 antea
2466 2774 2517 2828 in
2550 2774 2818 2829 nonnullis
2844 2776 3021 2831 minus
3040 2777 3309 2834 obedisset
3330 2780 3562 2851 (contra-

1975 2861 2110 2916 dixit
2150 2862 2290 2916 enim
2324 2863 2433 2918 Deo
2459 2865 2626 2919 semel
2664 2880 2727 2920 ac
2767 2866 2957 2920 iterum
3001 2882 3121 2922 cum
3164 2871 3462 2925 mitteretur
3504 2873 3557 2927 in

1977 2951 2299 3023 Egyptum,
2344 2963 2398 3008 et
2427 2963 2610 3022 postea
2641 2955 2691 3008 in
2727 2954 2943 3011 deserto
2969 2957 3272 3013 incredulus
3298 2959 3509 3015 dicebat
3540 2982 3556 3017 :

1978 3043 2228 3098 Sexcenta
2265 3044 2427 3098 millia
2466 3053 2583 3099 sunt
2628 3045 2887 3115 peditum;
2929 3057 2978 3102 et
3020 3057 3073 3101 tu
3112 3048 3285 3103 dixiin
3325 3067 3343 3103 :
3371 3050 3559 3107 Carncs

1977 3136 2107 3190 dabo
2131 3137 2275 3208 ipsis,
2331 3144 2376 3190 et
2413 3136 2671 3190 comedent
2707 3153 2921 3192 mensem
2952 3139 3163 3192 dierum.
3201 3138 3341 3193 Num
3370 3159 3481 3196 oves
3510 3154 3558 3197 ct

1978 3228 2123 3283 boves
2159 3228 2548 3289 mactabuntur.
2590 3228 2668 3282 vel
2693 3229 2863 3282 omnia
2895 3228 3065 3283 edulia
3103 3232 3256 3284 maris
3284 3249 3559 3304 congrch—

1977 3321 2162 3375 buntur
2186 3328 2234 3374 et
2273 3319 2516 3390 sufﬁcient
2538 3319 2661 3389 ipsis
2682 3317 2867 3392 [Νωη.
2898 3320 2989 3379 il,
3015 3320 3106 3375 2|.
3136 3321 3265 3394 29.]?
3293 3332 3343 3377 et
3377 3333 3561 3392 postea

1976 3413 2168 3467 iterum
2196 3411 2464 3467 difficilem
2496 3427 2553 3466 se
2589 3410 2856 3476 reddidit,
2888 3421 2942 3466 et
2971 3414 3147 3482 populi
3189 3413 3556 3484 prrefecturam

1974 3500 2324 3573 detrectabat)
2358 3520 2371 3557 :
2403 3511 2633 3557 attamen
2678 3501 2808 3557 nihil
2830 3502 2969 3557 aliud
3014 3504 3180 3572 potuit
3221 3505 3391 3574 ipsum
3438 3522 3560 3574 pro-

1976 3593 2163 3663 positis
2188 3594 2422 3662 praamiis
2449 3593 2678 3663 privare,
2711 3609 2867 3662 quam
2900 3594 3024 3649 illud
3055 3597 3226 3650 solum
3250 3597 3394 3667 quod
3415 3599 3555 3668 apud

1954 3700 2164 3767 Iaquam
2188 3685 2426 3755 contigit.
2451 3685 2593 3755 quod
2619 3694 2809 3740 natura
2835 3685 3053 3755 quidem
3078 3687 3255 3742 minus
3278 3689 3395 3743 aliis
3421 3699 3556 3754 erat.

1975 3776 2070 3831 sed
2090 3776 2210 3846 quia
2235 3791 2354 3831 cum
2376 3775 2572 3830 damno
2599 3776 2820 3830 aliorum
2846 3776 3003 3832 fiebat
3024 3818 3037 3843 ,
3068 3779 3235 3833 multo
3267 3780 3436 3849 maius
3465 3780 3556 3849 iu-

1973 3868 2205 3923 dicatum
2232 3877 2332 3922 est.
2360 3867 2450 3921 Illa
2473 3868 2613 3921 enim
2643 3867 2883 3936 privatim
2915 3876 2969 3921 et
2995 3869 3200 3923 occulte
3226 3870 3555 3935 accidebant,

1976 3958 2077 4012 hoc
2122 3968 2296 4013 autem
2342 3956 2624 4012 manifeste
2660 3966 2714 4011 et
2755 3972 2934 4011 coram
2969 3957 3112 4011 omni
3164 3959 3358 4027 populo
3385 3961 3555 4030 palam

1974 4057 2250 4116 peccatum
2279 4055 2376 4102 est.
2427 4047 2711 4117 Propterea
2740 4055 2789 4101 et
2827 4047 3222 4117 reprehendens
3253 4050 3389 4104 Dens
3409 4092 3424 4118 ,
3456 4054 3558 4106 hoc

1977 4139 2277 4194 insinuabat
2321 4139 2503 4193 dicens
2535 4158 2548 4193 :
2585 4140 2716 4204 Quia
2747 4156 2845 4194 non
2885 4141 3238 4208 sancti/icastis
3276 4160 3355 4197 me
3386 4142 3557 4197 corm'n

1979 4233 2099 4301 ﬁliis
2128 4230 2314 4292 Israel,
2337 4233 2535 4298 peccati
2563 4246 2748 4286 eorum
2778 4241 3018 4287 naturam
3042 4234 3315 4305 detegens,
3346 4246 3397 4291 et
3421 4238 3559 4291 unde

1983 4325 2171 4379 factum
2195 4365 2210 4388 ,
2258 4322 2400 4391 quod
2430 4322 2639 4377 veniam
2683 4339 2787 4376 non
2825 4334 3126 4391 mercatur,
3169 4325 3465 4388 declarans.
3502 4328 3557 4382 Si

1975 4429 2153 4472 autem
2179 4416 2337 4471 talem
2368 4414 2539 4468 virum
2570 4414 2671 4468 hoc
2698 4413 2818 4467 fecit
2847 4413 3140 4483 impingere
3163 4456 3178 4480 ,
3223 4431 3319 4469 nos
3360 4418 3559 4470 vermi—

1976 4510 2124 4565 culos
2154 4516 2208 4561 et
2236 4506 2430 4560 nullius
2458 4504 2605 4574 pensi
2639 4502 2906 4572 quomodo
2948 4499 3050 4556 non
3079 4503 3317 4560 destruet
3354 4514 3409 4561 et
3434 4522 3558 4575 per-

1962 4598 2109 4656 det?
2137 4598 2278 4654 Nihil
2313 4597 2451 4651 cnim
2484 4596 2553 4649 ita
2580 4594 2864 4649 exacerhat
2894 4594 3059 4647 Deum
3080 4635 3095 4656 ,
3129 4603 3187 4648 nt
3223 4596 3435 4664 quando
3467 4614 3561 4653 no-

1978 4707 2099 4746 men
2126 4689 2241 4759 eius
2285 4686 2702 4757 blasphematur.
2754 4684 2903 4741 Unde
2929 4699 3157 4740 sursum
3198 4701 3261 4741 ac
3307 4686 3557 4744 deorsum

1977 4782 2114 4853 apud
2165 4780 2379 4836 Judaaos
2422 4779 2525 4833 hoc
2568 4779 2771 4848 iactat,
2816 4792 2914 4832 eos
2952 4777 3377 4847 reprehendens,
3428 4782 3562 4849 Quia

1978 4891 2156 4931 nomen
2182 4890 2346 4928 meum
2369 4876 2672 4944 profanatur
2698 4870 2847 4940 (Isai.
2865 4871 2954 4926 48.
2978 4872 3064 4939 ll)
3094 4889 3111 4926 :
3140 4881 3194 4927 et
3217 4874 3428 4941 iterum,
3460 4876 3559 4932 Vos

1970 4967 2263 5039 profanatis
2290 4967 2459 5035 ipsum
2485 4963 2640 5035 (Mal.
2669 4965 2720 5017 1.
2746 4963 2835 5034 12)
2866 4980 2881 5018 :
2912 4973 2963 5018 et
2980 5006 2995 5028 ,
3025 4963 3243 5032 Propter
3266 4983 3351 5021 vos
3377 4985 3560 5022 nomen

1979 5078 2141 5115 meum
2181 5058 2559 5129 blasphematur
2583 5058 2634 5110 in
2660 5056 2889 5127 gentibus
2915 5054 3065 5127 (Isai.
3091 5056 3180 5111 52.
3214 5059 3291 5129 5).
3328 5060 3393 5114 Et
3420 5069 3560 5117 tanta

1980 5152 2078 5222 ipsi
2122 5150 2220 5205 fuit
2260 5165 2384 5205 cura
2416 5164 2484 5203 ne
2516 5149 2615 5202 hoc
2640 5149 2912 5211 eveniret,
2960 5156 3017 5201 ut
3055 5156 3110 5203 et
3147 5149 3389 5220 indignos
3419 5168 3561 5220 sarpc

1979 5242 2230 5306 salvarit,
2274 5255 2341 5295 ne
2385 5239 2487 5294 hoc
2528 5239 2698 5294 fieret.
2741 5238 2864 5292 Feci
2904 5239 3081 5302 enim,
3127 5239 3236 5307 ait,
3279 5258 3344 5296 ne
3382 5223 3563 5296 nomen

1983 5349 2146 5386 meum
2179 5331 2474 5401 profanetur
2501 5345 2521 5384 :
2546 5336 2598 5383 et
2619 5371 2635 5395 ,
2668 5327 2783 5382 Non
2811 5337 3016 5399 propter
3045 5345 3132 5383 nos
3163 5346 3254 5401 .‘go
3279 5330 3412 5400 facio
3432 5373 3447 5397 ,
3473 5333 3564 5385 do-

1979 5441 2089 5477 mus
2116 5421 2297 5483 Israel.
2327 5422 2413 5476 sed
2443 5431 2495 5475 ut
2520 5438 2701 5477 nomen
2718 5438 2883 5476 nteant
2908 5436 3010 5474 non
3028 5425 3323 5492 profanetur
3349 5424 3561 5493 (Ezech.

1978 5513 2066 5568 20.
2098 5512 2151 5566 9.
2178 5522 2223 5566 et
2246 5511 2335 5567 56.
2357 5510 2474 5582 22).
2507 5511 2701 5566 Paulus
2727 5526 2856 5579 vero
2892 5511 3172 5567 anathema
3202 5528 3319 5566 esse
3346 5512 3563 5579 optabat

1968 5610 2077 5671 pro
2114 5602 2280 5673 gloria
2327 5602 2419 5656 Dei
2452 5619 2465 5654 :
2497 5610 2552 5656 et
2592 5602 2706 5671 ipse
2739 5600 2911 5656 Moses
2956 5618 3165 5674 quoque
3191 5619 3221 5657 e
3257 5602 3392 5656 libro
3435 5598 3556 5657 vine

1979 5694 2145 5749 deleri
2178 5692 2365 5747 orabat
2407 5708 2501 5762 pro
2525 5691 2690 5762 gloria
2720 5691 2950 5747 nominis
2972 5693 3063 5748 Dei
3090 5711 3105 5747 :
3135 5708 3226 5746 vos
3252 5700 3427 5747 autem
3453 5710 3560 5750 non

1982 5784 2153 5841 solum
2183 5783 2310 5839 nihil
2342 5783 2447 5855 pati
2465 5781 2640 5851 vultis,
2667 5788 2724 5838 ut
2745 5779 2882 5840 hanc
2902 5782 3127 5839 areeatis
3154 5781 3561 5851 blaSphemiam,
