4060 6136
516 354 618 408 507

516 467 613 523 sed
641 465 803 524 etiam
831 462 1011 519 omnia
1054 461 1253 528 facitis,
1299 478 1393 532 per
1427 476 1546 531 quae
1576 460 1716 515 illam
1741 459 2010 529 augeatis,
2037 464 2094 511 et

517 557 754 629 quotidie
791 546 1095 610 inténdatis.
1135 553 1266 622 Quis
1295 553 1452 625 igitur
1495 567 1591 608 vos
1624 549 1939 608 excusabit?
1976 550 2094 621 quis

514 648 667 703 vobis
707 646 983 717 ignoscet?
1020 644 1208 701 Nullus
1237 653 1336 700 est.
1382 644 1603 699 Tantam
1632 653 1810 698 autem
1836 657 2015 697 curam
2042 652 2097 697 et

517 740 656 792 Deus
689 747 745 792 et
768 736 938 792 sancti
964 745 1196 805 gerunt,
1233 743 1293 790 ut
1333 749 1437 789 non
1475 733 1872 803 blasphemetur
1900 747 2093 788 nomen

513 829 650 898 ejus,
673 842 779 883 non
803 826 944 898 quod
972 828 1113 882 Deus
1136 842 1270 895 opus
1293 826 1487 882 habeat
1513 835 1623 880 uta
1653 825 1806 880 nobis
1834 825 2098 897 glorifice-

513 932 600 977 tur
631 921 848 993 (nullius
870 922 1013 976 enim
1050 921 1249 991 indiget
1278 929 1328 976 et
1357 920 1626 991 perfectus
1652 921 1755 991 est)
1773 962 1788 986 ,
1822 920 1916 975 sed
1949 918 2093 989 quod

511 1028 576 1066 rx
608 1026 670 1067 ea
699 1028 759 1067 re
783 1012 1009 1066 multum
1037 1010 1217 1066 damni
1255 1011 1556 1065 [nominibus
1592 1010 1818 1065 accidat.
1870 1009 2093 1078 Quand:

514 1102 655 1155 enim
683 1101 820 1171 apud
849 1102 991 1169 ipsos
1021 1100 1160 1154 male
1186 1101 1328 1155 audit
1360 1117 1552 1154 nomen
1580 1102 1671 1155 Dei
1700 1112 1753 1155 et
1772 1101 1939 1169 gloria
1959 1101 2095 1170 ejus,

516 1192 647 1245 nihil
676 1193 802 1260 ipsis
827 1192 964 1246 ultra
986 1191 1202 1260 prodest
1224 1209 1235 1243 :
1254 1192 1396 1261 quod
1426 1193 1470 1247 si
1493 1192 1631 1248 Deus
1646 1208 1767 1247 cum
1793 1203 2096 1259 accusatur,

519 1286 646 1339 nihil
682 1285 917 1354 prodest,
951 1285 1117 1338 multo
1147 1286 1316 1353 magis
1337 1300 1457 1339 nos.

584 1375 638 1432 9.
668 1376 856 1431 Omnia
887 1376 1045 1446 igitur
1082 1373 1336 1430 faciamus
1362 1385 1418 1430 ut
1449 1375 1590 1430 nulla
1614 1375 1684 1430 sit
1710 1375 1920 1430 occasio
1947 1389 2103 1430 scan-

514 1468 656 1533 dali;
688 1469 849 1523 etiam
876 1467 924 1521 si
954 1467 1149 1537 injuste
1194 1466 1591 1536 reprehendant
1618 1509 1633 1532 ,
1662 1468 2101 1537 persuasionibus

515 1558 781 1613 diluamus
809 1558 1028 1612 crimina
1053 1598 1068 1621 ,
1098 1568 1154 1612 et
1188 1558 1457 1611 imitemur
1486 1568 1700 1611 sanctos
1724 1598 1740 1622 ,
1765 1557 1956 1627 quibus
1986 1566 2102 1611 tan-

520 1657 629 1701 tum
661 1647 757 1702 fuit
798 1647 1028 1702 studium
1064 1648 1245 1718 gloria:
1274 1647 1376 1702 Dei
1397 1688 1411 1710 ,
1442 1655 1499 1700 ut
1524 1662 1676 1700 suum
1702 1656 2103 1702 contemnerent

521 1749 736 1808 prepter
776 1739 965 1792 Deum.
1013 1736 1093 1792 Ne
1136 1737 1357 1806 abjectis
1399 1737 1648 1791 omnibus
1691 1746 1745 1791 et
1780 1738 2104 1793 conculcatis

518 1830 765 1882 sufficere
802 1827 1124 1882 arbitremur
1152 1828 1217 1880 ad
1263 1826 1629 1883 defensionem
1650 1869 1664 1892 ,
1699 1829 1741 1881 si
1771 1827 2098 1882 dixerimus:

517 1920 731 1976 Vestem
759 1922 987 1976 emimus
1003 1922 1191 1991 virgini
1218 1930 1269 1976 et
1289 1922 1518 1988 calceos,
1548 1932 1602 1977 et
1630 1922 1732 1976 alia
1755 1939 1873 1992 quae
1895 1923 1961 1976 ad
1982 1938 2100 1978 cor-

519 2014 699 2081 porale
714 2014 930 2083 virginis
951 2012 1287 2067 commodum
1309 2015 1538 2067 attinent
1565 2014 1702 2068 bene
1720 2013 2098 2082 disposuimus.

519 2105 679 2170 Quis,
704 2104 813 2166 ait,
844 2103 1244 2158 administraret
1267 2119 1330 2158 ea
1358 2120 1475 2173 qua:
1514 2103 1658 2158 domi
1698 2105 1938 2159 nostrie?
1984 2105 2104 2174 quis

520 2194 949 2263 possessionibus
973 2194 1337 2264 prospiceret?
1380 2194 1497 2264 quis
1523 2204 1779 2263 praiesset
1800 2195 1979 2249 domui
2008 2212 2104 2249 no-

520 2283 600 2338 bis
619 2285 926 2338 absentibus
953 2327 967 2349 ,
995 2294 1042 2339 et
1075 2301 1195 2338 cum
1224 2286 1364 2339 intus
1391 2303 1494 2339 non
1522 2285 1593 2339 sit
1620 2287 1854 2341 qulier?
1884 2288 2014 2341 Nam
2047 2298 2101 2342 et

520 2375 633 2429 ha-c
673 2374 857 2429 dicunt
902 2375 1166 2444 prioribus
1191 2377 1455 2430 contraria
1486 2384 1540 2430 et
1580 2377 1833 2445 turpiora.
1879 2377 1943 2431 Et
1973 2378 2103 2432 nihil

518 2476 702 2519 curant
726 2465 844 2528 ista,
874 2481 1045 2535 neque
1074 2467 1413 2533 erubescunt,
1437 2467 1592 2522 sicuti
1619 2468 1752 2522 ebrii
1785 2485 1942 2522 omne
1962 2469 2103 2539 quod

520 2556 570 2608 in
618 2555 835 2609 buccam
880 2557 1023 2610 venit
1069 2557 1346 2625 loquentes
1383 2573 1395 2607 :
1427 2568 1753 2628 quapropter
1791 2576 1963 2629 neque
2006 2576 2104 2615 nos

517 2646 944 2716 defatigabimur,
977 2647 1182 2701 etiamsi
1213 2648 1337 2701 talia
1368 2648 1473 2700 sint
1500 2664 1617 2718 qua:
1645 2649 1709 2703 ab
1743 2649 1806 2704 iis
1831 2650 2098 2717 dicuntur,

519 2747 578 2793 ut
624 2740 826 2793 nullum
872 2753 1186 2809 responsum
1233 2750 1552 2794 mereantur.
1584 2740 1699 2795 Non
1742 2742 2100 2811 gravabimur,

520 2830 732 2898 inquam
758 2870 773 2894 ,
809 2836 864 2883 et
896 2829 1248 2899 respondere,
1288 2840 1341 2884 et
1367 2841 1643 2885 mansuete
1671 2846 1790 2885 cum
1817 2832 1899 2887 eis
1921 2848 2101 2903 agere,

523 2921 693 2975 alonec
720 2921 786 2975 ab
810 2919 907 2975 hac
936 2921 1197 2976 ebrietate
1223 2922 1342 2975 illos
1374 2922 1679 2987 liberemus,
1713 2933 1964 2992 quantum
1994 2926 2101 2979 sei-

521 3016 587 3068 lic
608 3021 643 3068 -t
681 3014 733 3066 in
769 3013 922 3068 nobis
949 3014 1070 3067 erit.
1123 3012 1206 3067 Me
1238 3013 1395 3082 pudet
1420 3015 1562 3069 enim
1595 3022 1648 3068 et
1672 3015 1950 3081 erubesco,
1981 3032 2100 3070 cum

523 3106 635 3159 lucc
662 3115 908 3159 evertere
937 3112 1105 3170 tento,
1128 3121 1246 3175 qua:
1272 3104 1701 3161 contradicentes
1729 3106 1805 3160 illi
1831 3122 2103 3177 opponere

517 3211 623 3248 non
649 3196 972 3249 erubescunt
997 3212 1010 3249 :
1044 3195 1258 3249 ferenda
1284 3206 1454 3250 tamen
1488 3197 1704 3250 omnino
1733 3198 2101 3253 erubescentia

516 3284 581 3339 ad
614 3285 890 3340 utilitatem
917 3300 1100 3340 eorum
1129 3286 1218 3356 qui
1249 3287 1564 3342 erubescere
1594 3288 1856 3341 nesciunt.
1890 3287 2100 3344 Etenim

518 3377 802 3429 absurdqu
830 3375 1005 3441 fuerit,
1039 3375 1162 3430 dum
1187 3377 1551 3446 redarguimus
1580 3394 1671 3432 eos
1697 3380 1783 3448 qui
1807 3395 1903 3449 pro
1935 3380 2101 3436 nihilo

521 3466 736 3535 habent,
768 3467 908 3536 quod
939 3465 1187 3521 fratribus
1213 3467 1531 3522 offendicula
1553 3469 1678 3536 sint,
1704 3470 1917 3538 pudoris
1938 3486 2098 3527 causa

520 3558 728 3611 illorum
760 3574 940 3612 curam
973 3559 1222 3628 abjicere.
1266 3560 1358 3614 Dic
1385 3560 1524 3614 enim
1564 3561 1692 3615 mihi
1737 3578 1978 3631 quaenam
2010 3564 2098 3618 illa

521 3638 703 3702 dicunt
741 3650 883 3702 domi
928 3649 1201 3717 adcuram
1234 3651 1450 3721 virginis
1482 3661 1585 3705 tam
1617 3654 1912 3706 necessaria
1942 3654 2101 3708 esse?

523 3740 935 3795 barbararmnne
964 3742 1255 3810 puellarum
1296 3743 1387 3795 tibi
1416 3744 1658 3797 examina
1697 3754 1820 3798 sunt
1851 3754 1904 3798 ct
1933 3761 2101 3814 nuper

519 3843 717 3903 empta,
742 3849 862 3903 quae
886 3842 1095 3904 oportet
1123 3835 1330 3888 erudire
1356 3845 1408 3890 et
1433 3834 1497 3888 ad
1521 3836 1803 3891 lanificium
1833 3846 1886 3892 et
1905 3837 1970 3891 ad
1995 3837 2098 3891 alia

522 3924 860 3978 ministeria?
883 3927 952 3979 At
980 3925 1228 3994 penuaria
1258 3925 1449 3979 adsunt
1479 3941 1639 3994 opum
1667 3936 1720 3980 et
1744 3928 1970 3981 vestium
1997 3970 2013 3995 ,
2044 3938 2100 3984 et

515 4025 721 4084 oportet
751 4016 1024 4071 custodem
1068 4018 1208 4070 intus
1234 4032 1447 4084 semper
1473 4017 1662 4071 sedere
1681 4058 1694 4081 ,
1725 4030 1778 4072 et
1804 4034 1833 4072 a
1873 4019 2099 4075 famulo-

515 4121 635 4159 rum
663 4106 858 4159 malitia
886 4106 1100 4175 \il‘ginis
1126 4106 1309 4160 oculos
1336 4122 1397 4161 ca
1422 4117 1620 4172 tutare;
1651 4124 1856 4163 coenam
1887 4126 2097 4183 quoque

518 4203 574 4248 et
617 4194 857 4247 convivia
896 4196 1146 4250 continue
1191 4210 1447 4265 apparare
1471 4237 1485 4262 ,
1530 4206 1584 4251 et
1624 4209 1839 4267 oportet
1877 4201 2095 4258 domum

518 4285 694 4338 ornari
722 4325 736 4351 ,
781 4293 836 4339 et
864 4300 1064 4355 coquos
1090 4297 1144 4341 et
1171 4302 1369 4341 mensa:
1396 4288 1666 4344 ministros
1690 4307 1816 4345 cura
1846 4293 1957 4363 regi
1988 4295 2095 4348 vir-

515 4374 688 4446 ginis?
715 4385 907 4430 suntnc
933 4378 1056 4431 item
1083 4377 1232 4431 mulli
1263 4379 1391 4433 varii
1419 4391 1660 4449 sumptus
1689 4392 1741 4435 et
1764 4378 2090 4453 frequentes,

516 4475 571 4522 et
597 4476 805 4538 oportet
841 4468 1073 4539 aliquem
1113 4484 1324 4539 semper
1351 4486 1470 4525 esse
1516 4471 1823 4540 pra-fectum
1846 4514 1861 4539 ,
1911 4485 1968 4528 ut
1996 4492 2094 4529 cn—

513 4560 811 4614 stodiantur
835 4575 954 4613 cum
977 4560 1244 4630 diligentia
1272 4602 1287 4627 ,
1322 4574 1377 4615 ut
1404 4579 1469 4616 ne
1497 4563 1580 4615 illa
1607 4578 1634 4616 a
1661 4563 1822 4618 domo
1852 4564 1967 4619 sine
1994 4565 2097 4619 uti-

514 4652 660 4706 litate
688 4652 1002 4706 elabuntur?
1044 4652 1186 4707 Nihil
1217 4653 1404 4707 borum
1430 4656 1538 4720 ait;
1573 4654 1666 4709 sed
1704 4666 1759 4710 ut
1789 4657 1884 4727 ipsi
1914 4673 2093 4724 arcam

511 4755 562 4797 et
610 4755 812 4799 vestem
857 4754 910 4799 et
950 4746 1105 4798 aliam
1155 4754 1304 4799 curet
1346 4732 1737 4812 facultatulam,
1782 4749 1918 4804 bene
1946 4758 2095 4818 paret

514 4848 748 4886 mensam
773 4873 788 4899 ,
838 4832 973 4888 bene
1012 4843 1214 4888 sternat
1257 4836 1447 4889 lectum
1469 4878 1482 4900 ,
1515 4847 1568 4890 et
1608 4838 1864 4892 accendat
1894 4838 2088 4909 ignem,

511 4932 563 4975 et
591 4921 767 4975 abluat
812 4922 1011 4992 pedes,
1056 4932 1110 4978 et
1155 4923 1298 4977 aliud
1345 4926 1593 4980 solatium
1634 4943 1791 4982 omne
1833 4930 2086 4998 praebeat.

517 5010 718 5066 Deinde
759 5028 853 5080 pro
882 5028 1038 5082 parva
1063 5022 1117 5067 et
1144 5013 1333 5082 frigida
1360 5016 1738 5072 commoditate
1767 5018 1866 5073 hac
1893 5029 2089 5074 tantam

510 5104 740 5154 feremus
758 5104 1169 5169 accusationem,
1197 5113 1338 5158 tanta
1366 5107 1744 5161 sustinebimus
1764 5110 2091 5179 Opprobria?

511 5191 572 5243 lit
618 5200 816 5259 quanto
861 5192 1051 5246 melius
1096 5192 1257 5246 frater
1304 5203 1359 5248 et
1403 5195 1607 5248 facilius
1654 5196 2089 5254 administraret?

508 5295 697 5335 natura
724 5282 864 5334 enim
894 5280 1080 5336 fortior
1102 5293 1183 5335 est
1206 5282 1431 5337 muliere
1452 5283 1531 5335 vir
1554 5325 1569 5349 ,
1603 5300 1698 5337 usu
1727 5296 1902 5339 autem
1937 5289 2087 5342 nobis

508 5371 977 5435 accommodatior,
995 5381 1049 5427 et
1064 5388 1169 5426 non
1192 5380 1295 5426 tam
1311 5383 1671 5443 sumptuosus.
1691 5375 1876 5432 Mulier
1895 5380 2089 5449 quippe

508 5475 691 5536 utpote
716 5466 964 5532 tenerior,
982 5474 1036 5520 ct
1055 5465 1298 5520 molliore
1324 5466 1520 5536 indiget
1538 5467 1750 5532 lectulo,
1775 5478 1828 5522 et
1850 5472 2089 5527 tenuiore

510 5559 734 5625 vestitu,
779 5564 837 5613 et
876 5558 1114 5612 fortassis
1142 5558 1315 5628 puella
1356 5559 1521 5613 altera
1551 5575 1668 5629 quae
1695 5561 1742 5615 ei
1787 5561 2083 5627 ministret;

507 5659 563 5703 et
601 5665 708 5704 non
752 5656 957 5704 tantum
1000 5650 1153 5705 nobis
1180 5649 1529 5706 ministerium
1562 5651 1819 5721 prtebcbit
1842 5692 1858 5719 ,
1886 5661 2085 5722 quanto

506 5741 605 5811 ipsi
629 5757 760 5814 opus
786 5744 887 5800 crit
911 5758 941 5798 a
968 5742 1119 5800 nobis
1153 5760 1164 5798 :
1188 5742 1353 5801 frater
1385 5752 1560 5801 autem
1593 5742 1675 5799 liis
1700 5743 1948 5800 omnibus
1973 5760 2080 5802 non

1225 348 1284 404 S.
1320 346 1599 405 JOANNlS
1635 340 2109 402 CHRYSOSTOMI
2146 339 2465 414 ARCIIIEP,
2505 339 3042 401 CONSTANTINOP.

3678 351 3780 406 503

2199 467 2340 526 eget.
2367 454 2522 524 Quod
2545 457 2590 511 si
2620 455 2798 527 aliquo
2825 467 2985 528 eget,
3013 459 3203 515 eodem
3232 470 3289 516 et
3317 476 3415 517 nos
3450 462 3771 533 indigemus,

2197 548 2345 619 quod
2382 565 2486 603 non
2509 563 2689 621 parva:
2712 551 3107 607 commoditatis
3128 561 3242 619 est,
3287 554 3331 608 si
3370 555 3791 613 contubernales

2201 654 2307 693 non
2328 640 2489 695 variis
2511 680 2527 704 ,
2558 640 2651 695 sed
2673 640 2861 696 iisdem
2895 649 3111 695 utantur
3140 642 3229 697 :id
3258 643 3400 713 quod
3427 655 3578 700 certe
3602 645 3657 700 in
3684 648 3789 701 vir-

2201 730 2324 800 gine
2362 746 2467 784 non
2509 740 2610 786 est.
2668 731 2904 786 Primum
2946 747 3077 788 sane
3112 733 3227 789 sive
3269 734 3429 791 levari
3466 736 3633 803 velit,
3676 738 3791 794 sive

2202 836 2432 890 corpore
2461 836 2600 891 aegra
2626 821 2728 887 sit,
2756 838 2927 892 neque
2950 822 3114 878 frater
3140 824 3237 894 ipsi
3264 826 3331 879 ad
3366 826 3482 882 haec
3510 829 3788 883 ministra-

2202 911 2282 967 bit
2300 952 2313 975 ,
2365 914 2572 967 tametsi
2603 914 2756 970 valde
2787 915 3064 984 impudens
3093 918 3162 971 sit
3180 958 3195 980 ,
3224 933 3393 989 neque
3420 919 3533 989 ipsa
3557 921 3660 975 sibi
3683 920 3794 976 suf-

2203 1003 2389 1059 ficiens
2425 1007 2523 1059 erit
2553 1022 2568 1056 :
2597 1005 2639 1059 si
2686 1014 2862 1060 autem
2909 1005 3102 1061 fratres
3150 1019 3274 1062 sunt
3321 1010 3411 1079 qui
3453 1011 3790 1080 eobabitant,

2202 1094 2437 1148 vicissim
2479 1095 2783 1152 ministrare
2827 1106 3096 1166 poterunt.
3139 1098 3268 1153 item
3310 1101 3520 1170 quando
3549 1101 3793 1160 dormire

2204 1200 2340 1255 opus
2377 1184 2567 1253 fuerit,
2600 1187 2806 1257 virgine
2833 1189 3048 1259 quidem
3079 1190 3221 1246 intus
3254 1192 3509 1259 sedente,
3542 1203 3598 1249 et
3624 1195 3795 1252 lectos

2204 1276 2340 1331 duos
2363 1293 2482 1332 esse
2503 1288 2747 1348 Oportet,
2776 1290 2831 1335 et
2868 1290 3032 1336 strata
3056 1282 3163 1337 duo
3181 1324 3196 1349 ,
3237 1295 3289 1338 et
3318 1285 3515 1341 lodices
3539 1287 3677 1342 duos
3703 1306 3716 1341 :
3746 1290 3791 1345 si

2207 1378 2385 1422 autem
2425 1369 2666 1439 sapiant,
2709 1380 2765 1425 et
2792 1371 3061 1428 domicilia
3088 1374 3216 1428 duo.
3248 1376 3319 1430 At
3355 1377 3403 1431 si
3440 1376 3634 1434 fratres
3662 1380 3788 1447 sint,

2204 1457 2395 1512 iterum
2422 1475 2479 1513 re
2507 1459 2750 1515 familiari
2774 1470 2914 1516 tanta
2943 1479 3047 1518 non
3074 1474 3156 1519 est
3179 1481 3332 1535 opus.
3362 1468 3571 1524 Etenim
3599 1470 3791 1526 domus

2206 1564 2332 1613 una,
2365 1550 2591 1604 cervical
2622 1561 2879 1619 unum,et
2904 1553 3071 1609 lectus
3097 1570 3253 1621 unus,
3272 1567 3327 1611 et
3346 1559 3535 1614 eadem
3561 1564 3791 1631 tegmina

2206 1641 2447 1709 utrisque
2476 1640 2774 1706 sufficiunt;
2819 1655 2874 1699 et
2900 1645 2949 1698 in
2979 1660 3187 1703 summa
3210 1690 3223 1712 ,
3270 1649 3316 1702 si
3341 1651 3461 1719 quis
3482 1666 3650 1707 omne
3676 1669 3793 1723 per-

2206 1740 2388 1784 currat
2413 1732 2784 1798 ministerium,
2820 1735 2905 1789 hic
2933 1737 3155 1790 multam
3184 1738 3417 1795 inveniet
3461 1740 3790 1811 facilitatem,

2206 1823 2277 1877 ibi
2317 1833 2494 1878 autem
2536 1824 2926 1881 difficultatem.
2954 1828 3127 1884 Taceo
3156 1830 3346 1887 domus
3382 1834 3789 1906 turpitudinem.

2206 1910 2374 1978 Quale
2399 1913 2538 1966 enim
2566 1924 2666 1980 est,
2698 1915 2742 1971 si
2772 1916 2822 1969 in
2850 1916 3065 1971 domum
3085 1919 3179 1973 viri
3196 1921 3415 1977 solitarii
3444 1924 3571 1990 itur,
3606 1926 3793 1984 videre

2207 2005 2414 2058 calceos
2465 2005 2752 2063 muliebres
2798 2024 3120 2079 suspensos,
3152 2023 3204 2067 et
3248 2015 3460 2085 cingula
3488 2027 3543 2073 et
3583 2020 3790 2087 mitras,

2206 2094 2524 2151 calathiscos
2549 2108 2601 2152 et
2625 2098 2799 2153 colum
2838 2109 2892 2155 et
2932 2102 3137 2157 radium
3169 2108 3449 2161 textorium
3473 2117 3529 2163 et
3556 2113 3789 2179 pectines

2208 2195 2261 2239 ct
2289 2186 2422 2252 fusa,
2451 2197 2506 2242 et
2526 2189 2627 2243 alia
2653 2206 2770 2260 quae
2793 2193 3142 2261 particulatim
3165 2198 3342 2252 omnia
3367 2215 3653 2258 numerare
3678 2220 3785 2258 non

2209 2278 2368 2331 licet?
2405 2279 2460 2334 Si
2487 2290 2662 2335 autem
2690 2297 2809 2352 quae
2836 2283 3013 2338 divitis
3042 2295 3165 2340 sunt
3194 2290 3448 2344 scruteris
3468 2333 3483 2356 ,
3514 2292 3690 2362 major
3712 2305 3791 2350 est

2209 2368 2344 2421 risus
2387 2370 2630 2425 materia.
2674 2371 2911 2428 Primum
2947 2375 3163 2445 quidem
3206 2378 3259 2432 in
3301 2379 3596 2447 puellarum
3644 2392 3790 2439 tanta

2209 2459 2361 2512 turba
2388 2460 2532 2515 solus
2572 2472 2855 2529 versatur,
2905 2466 3054 2534 quasi
3098 2466 3380 2523 choraules
3418 2469 3472 2524 in
3512 2471 3789 2527 orchestra

2206 2548 2298 2618 qui
2343 2550 2393 2603 in
2435 2549 2602 2605 choro
2651 2553 2931 2608 mulierum
2989 2557 3297 2612 saltantium
3352 2561 3589 2615 concinit
3628 2579 3645 2618 :
3683 2579 3790 2634 quo

2206 2641 2331 2709 quid
2361 2643 2565 2711 turpius
2590 2654 2644 2697 et
2672 2644 3045 2700 inhonestius?
3082 2636 3283 2704 Deinde
3306 2650 3659 2721 disrumpitur
3684 2663 3789 2707 tota

2207 2729 2293 2785 die
2319 2730 2523 2785 famulis
2549 2748 2869 2789 succensens
2898 2737 2967 2792 ob
2994 2752 3079 2791 res
3111 2754 3231 2807 quze
3256 2740 3321 2793 ad
3364 2742 3648 2797 mulierem
3671 2760 3790 2814 spe-

2206 2829 2370 2874 ctant.
2402 2822 2533 2877 Nam
2559 2824 2607 2878 ei
2630 2828 2989 2882 necessarium
3021 2838 3103 2881 est
3140 2840 3228 2883 aut
3254 2833 3472 2886 omnino
3501 2834 3665 2889 silere
3688 2876 3703 2900 ,
3735 2846 3788 2891 ct

2206 2911 2383 2965 omnia
2409 2912 2763 2983 negligentem
2789 2916 2856 2970 ab
2883 2916 2968 2970 illa
2995 2917 3285 2988 increpari,
3324 2914 3406 2975 vel
3437 2922 3708 2980 dicentem
3736 2936 3789 2981 et

2207 3003 2568 3074 increpantem
2611 3008 2834 3077 turpiter
2876 3024 3034 3079 agere
3070 3029 3083 3064 :
3115 3020 3166 3065 et
3197 3012 3315 3066 vide
3343 3013 3468 3083 quid
3490 3017 3799 3087 contingat:

2207 3093 2337 3149 Nam
2366 3096 2453 3164 qui
2477 3097 2656 3165 jussus
2687 3108 2770 3153 est
2814 3114 2884 3154 ne
2934 3115 3098 3170 prope
3122 3103 3335 3172 quidem
3379 3105 3444 3159 ad
3477 3110 3785 3177 temporalia

2208 3189 2413 3258 negotia
2439 3189 2695 3244 accedere
2716 3232 2729 3255 ,
2766 3206 2871 3245 non
2902 3193 3074 3247 solum
3100 3197 3407 3265 temporalia
3429 3240 3444 3263 ,
3475 3200 3570 3253 sed
3601 3201 3789 3256 mulie-

2206 3278 2321 3333 bria
2362 3279 2624 3349 ipsissima
2658 3290 2864 3337 tractat.
2909 3281 3119 3339 Etenim
3144 3302 3266 3341 vasa
3294 3290 3568 3344 muliebria
3594 3292 3786 3348 afferre

2206 3385 2314 3426 non
2341 3369 2657 3425 detrectabit
2679 3374 3013 3442 argentariis,
3041 3375 3264 3432 subinde
3288 3395 3480 3449 rogans
3510 3397 3635 3435 num
3664 3398 3787 3452 spe.

2206 3463 2382 3514 culum
2414 3459 2643 3515 domina:
2675 3475 3025 3531 praeparatum
3067 3466 3161 3531 sit,
3212 3485 3338 3523 num
3382 3469 3572 3525 cadum
3602 3474 3783 3527 absol-

2203 3551 2421 3617 verint,
2474 3564 2599 3605 num
2660 3551 2928 3623 lecytbum
2976 3555 3339 3625 reddiderint;
3390 3576 3512 3615 nam
3566 3562 3618 3615 in
3665 3579 3785 3619 eam

2205 3644 2601 3713 corruptionem
2632 3655 2888 3700 venerunt
2914 3647 3111 3715 omnia,
3132 3658 3189 3702 ut
3210 3650 3443 3719 pluribus
3460 3654 3600 3708 vasis
3625 3671 3784 3726 quam

2207 3734 2491 3789 saeculares
2527 3735 2709 3790 multa:
2743 3746 2956 3792 tutantur
2982 3740 3237 3810 virgines.
3290 3740 3425 3799 ilinc
3474 3745 3672 3801 iterum
3715 3749 3784 3803 ad

2204 3827 2614 3896 unguentarium
2670 3830 2837 3883 currit
2881 3830 3280 3901 colloquuturus
3332 3834 3398 3888 de
3448 3837 3782 3892 aromatibus

2203 3915 2432 3973 dominae
2465 3933 2645 3988 :smpe
2675 3921 2834 3975 etiam
2857 3938 2963 3990 pra:
2996 3923 3160 3977 nimio
3191 3923 3365 3978 studio
3388 3941 3487 3980 nec
3512 3926 3782 3983 detrecta-

2203 4007 2282 4063 bit
2306 4009 2351 4063 si
2381 4018 2436 4066 et
2464 4024 2663 4080 pauper
2688 4011 2876 4081 injuria
2901 4012 2971 4066 sit
2997 4013 3323 4070 afficiendus.
3353 4012 3579 4071 Utuntur
3601 4029 3783 4075 autem

2202 4101 2434 4171 virgines
2464 4103 2745 4173 unguentis
2785 4113 2838 4158 et
2867 4104 3029 4159 variis
3066 4114 3120 4159 et
3166 4108 3431 4175 pretiosis.
3486 4108 3689 4164 Deinde
3717 4111 3785 4165 ab

2204 4191 2551 4261 unguentario
2590 4192 2655 4245 ad
2680 4192 2993 4248 vendentem
3038 4195 3200 4250 lintea
3222 4238 3239 4263 ,
3270 4206 3324 4251 et
3360 4198 3428 4252 ab
3459 4198 3559 4253 illo
3588 4200 3782 4255 iterum

2202 4281 2270 4335 ad
2295 4281 2583 4335 aulzeorum
2613 4291 2899 4338 textorem.
2930 4284 3044 4339 Non
3072 4288 3214 4341 enim
3241 4299 3492 4344 verentur
3519 4292 3785 4361 imperare

2206 4372 2319 4425 huic
2356 4387 2539 4440 parva,
2568 4374 2688 4442 quia
2715 4375 2896 4429 vident
2921 4391 3015 4432 eos
3039 4378 3194 4432 valde
3222 4379 3551 4446 obedientes,
3580 4395 3635 4437 et
3660 4400 3785 4454 gra-

2205 4462 2326 4521 tiam
2357 4463 2612 4518 habentes
2641 4465 3021 4535 imperantibus
3042 4469 3318 4539 majorem,
3346 4489 3503 4541 quam
3531 4474 3651 4529 aliis
3677 4477 3784 4530 mi-

2201 4553 2570 4609 nistrantibus.
2621 4554 2755 4611 Hinc
2802 4558 2991 4612 iterum
3012 4600 3026 4625 ,
3073 4559 3119 4613 si
3148 4560 3357 4630 quando
3384 4562 3582 4632 aliquid
3611 4580 3781 4635 appa-

2203 4644 2425 4698 randum
2483 4647 2625 4716 quod
2691 4646 2756 4701 ad
2808 4650 3159 4718 gestatorium
3223 4652 3624 4709 tabernaculum
3679 4657 3785 4713 hoc

2202 4740 2497 4808 pertineat,
2539 4758 2707 4813 usque
2735 4744 2801 4798 ad
2830 4761 3105 4816 vesperam
3138 4749 3387 4816 impransi
3439 4761 3785 4818 perseverant

2199 4832 2427 4888 officinis
2454 4832 2618 4887 affixi.
2664 4834 2731 4889 Et
2762 4837 2892 4891 illud
2925 4854 3028 4893 non
3055 4849 3138 4893 est
3162 4841 3457 4894 mirandum
3477 4883 3490 4905 ,
3516 4841 3612 4896 sed
3638 4843 3785 4911 quod

2200 4934 2254 4978 et
2280 4925 2488 4980 miseris
2524 4926 2735 4982 famulis
2776 4928 2882 4982 sint
2907 4932 3144 4997 molesti,
3190 4943 3243 4987 et
3275 4933 3537 5000 frequenti
3583 4932 3779 5004 injuria

2198 5024 2253 5071 et
2276 5017 2650 5072 inclamatione
2677 5019 2773 5074 hos
2794 5031 3031 5092 urgeant.
3058 5022 3238 5094 Cogita
3268 5035 3479 5096 quanta:
3506 5025 3634 5079 hinc
3651 5042 3783 5096 que-

2197 5106 2437 5161 rimonia:
2468 5125 2480 5160 :
2515 5110 2752 5165 minister
2781 5113 2920 5165 enim
2949 5114 3136 5183 injuria
3161 5115 3401 5182 affectus,
3426 5094 3665 5173 ‘maxime
3687 5135 3784 5189 pro

2199 5200 2391 5253 talibus
2414 5201 2592 5265 rebus,
2618 5203 2739 5270 quia
2765 5219 2883 5258 eum
2915 5206 3003 5274 qui
3029 5221 3087 5261 se
3111 5208 3300 5274 injuria
3332 5209 3509 5263 affecit
3536 5226 3646 5265 non
3672 5213 3781 5266 alio

2196 5289 2356 5344 modo
2384 5291 2564 5346 ulcisci
2589 5302 2794 5361 potest,
2824 5294 3000 5365 lingua
3034 5296 3134 5351 hoc
3161 5297 3323 5363 facit,
3352 5308 3407 5354 et
3439 5302 3652 5355 occulta
3678 5303 3777 5356 ob—

2196 5383 2543 5449 trectatione;
2585 5400 2684 5439 nec
2727 5387 2897 5456 parcit
2941 5389 3095 5444 alicui
3129 5406 3350 5458 eorum,
3390 5394 3581 5462 quibus
3615 5396 3776 5448 furori

2194 5489 2293 5528 suo
2312 5474 2619 5543 satisfaciat,
2648 5477 2740 5531 sed
2770 5486 2876 5532 tam
2899 5479 3180 5537 immodice
3199 5483 3493 5549 ulciscitur,
3516 5496 3775 5554 quantum

2194 5564 2486 5619 verisimile
2513 5574 2597 5619 est
2623 5581 2834 5622 servum
2865 5568 2934 5622 ita
2974 5571 3348 5638 exprobratum
3370 5613 3385 5638 ,
3431 5583 3486 5628 et
3530 5577 3618 5629 cui
3663 5576 3775 5630 sola

2193 5654 2309 5709 lucc
2338 5665 2419 5709 est
2446 5656 2742 5713 consolatio
2771 5672 2802 5711 e
2831 5658 2982 5714 malis
3010 5660 3123 5716 suis
3156 5661 3411 5717 adversus
3448 5679 3576 5718 eum
3600 5667 3690 5736 qui
3720 5680 3777 5721 se

2196 5743 2550 5800 contristavit.
2597 5746 2667 5802 At
2694 5745 2783 5816 qui
2810 5750 3051 5820 pauperi,
3091 5752 3276 5821 inquit,
3309 5750 3586 5808 cobabitat
3604 5795 3624 5824 ,
3656 5771 3778 5810 cum
