4060 6136
230 360 342 418 507

227 482 330 537 καὶ
367 483 677 578 ἐπιτείνετε
727 490 848 578 καθ’
891 494 1132 570 ἑκάστην
1178 502 1415 575 ἡμέραν.
1452 506 1548 570 Τίς
1575 499 1669 562 οὖν
1692 508 1839 578 ὑμᾶς

230 571 674 655 παραιτήσεται,
702 574 789 640 τίς
818 578 876 631 δὲ
896 571 1305 655 συγγνώσεταιςξ
1334 587 1448 642 οὑκ
1468 588 1616 644 ἐστιν
1640 571 1835 655 οὐδείς.

229 652 532 745 Τουσαύιτην
557 656 615 710 δέ
636 659 898 729 πρόνοιαν
919 664 1013 718 καὶ
1034 667 1063 718 6
1079 668 1212 733 θεὸς
1238 652 1473 726 ποιεῖται
1496 673 1598 727 ’καὶ
1619 675 1669 727 οἰ
1692 652 1841 745 ἀγιδι

226 736 329 828 τοῦ
343 736 447 828 ’μή
479 737 919 828 βλασφημεῖσθαι
950 748 1015 802 τὸ
1045 749 1219 823 ὅνομα
1264 754 1432 809 αὐτοῦ
1453 798 1466 821 ,
1504 757 1611 828 οὐχ
1637 758 1713 822 ὡς
1742 736 1838 811 τοῦ

228 819 674 914 Θεοῦ-δεομένου
717 827 824 914 Δτῆς
867 830 1025 914 δόξης
1050 819 1155 904 τῆς
1176 839 1315 909 παρ’
1355 819 1514 910 ήμῶν
1563 819 1840 914 (ἀνενδεὴς

229 904 348 979 γάρ
383 907 513 960 ἐστι
544 909 920 996 καὶγτέλειος),
959 916 1074 970 ἀλλ’
1096 919 1177 983 ῶς
1211 904 1414 993 πολλῆς
1438 924 1549 976 ἀπὸ
1699 904 1840 996 πρά-λ-

230 995 600 1077 γματοςᾉτοῖς
630 995 940 1067 ἀνθρώποις
959 1002 1262 1073 γενομένης
1276 1004 1375 1075 τῆς
1408 1005 1634 1077 βλάϐης.
1667 995 1839 1063 ’Ὅταν

227 1073 345 1162 γάρ
382 1075 533 1162 πρδς
547 1078 749 1162 αὐτοὺς
771 1079 1036 1153 διαϐληθῇ
1065 1084 1128 1137 τὸ
1161 1087 1257 1139 τοῦ
1293 1073 1430 1142 Θεοῦ
1461 1073 1632 1160 ὄνομα
1664 1092 1760 1144 καὶ
1794 1093 1831 1162 ή

228 1156 386 1221 δόξα,
443 1158 601 1214 οὐδὲν
635 1162 834 1227 αὐτοὺς
859 1165 1063 1235 ὠφελεῖ
1087 1167 1272 1225 λοιπόν
1293 1188 1308 1203 ·
1348 1174 1397 1225 εἰ
1426 1173 1483 1226 δὲ
1508 1174 1537 1226 ό
1556 1156 1692 1239 Θεὸς
1720 1156 1837 1229 δια-ἰ

229 1240 577 1327 ϐαλλόμενος
605 1246 756 1327 οὐδὲν
788 1248 1010 1318 ὠφελεῖ,
1042 1252 1222 1323 πολλῷ
1250 1254 1451 1325 μᾶλλον
1482 1258 1661 1327 ήμεῖς.

304 1325 380 1411 θ’.
413 1327 606 1382 Πάντα
623 1325 717 1383 οὖν
742 1332 1092 1406 πράττωμεν,
1116 1334 1258 1391 ὥστε
1282 1325 1554 1411 μηδεμίαν
1583 1341 1836 1411 γενέσθαι

230 1409 522 1494 πρόφασιν
550 1414 848 1469 σκανδάλου
875 1434 889 1449 ·
918 1418 1058 1472 ἀλλά
1086 1422 1137 1473 εἰ
1164 1421 1258 1474 καὶ
1291 1409 1493 1488 ἀδίκως
1534 1409 1832 1494 ἐγκαλῶσι,

228 1493 544 1580 πείθωμεν,
580 1497 675 1550 καὶ
696 1498 1003 1571 διαλύωμεν
1032 1503 1105 1557 τά
1137 1499 1482 1577 ἐγκλήματα,
1520 1493 1615 1562 καὶ
1652 1508 1834 1580 μιμώ-

232 1577 391 1666 μεθα.
408 1580 776 1666 τούςνάγίους,
792 1584 842 1636 οἳ
864 1586 1136 1659 τοσαύτην
1165 1590 1445 1645 ἐποιοῦντο
1483 1577 1835 1666 σπουδήν-τῆς

226 1661 327 1745 τοῦ
357 1663 504 1716 Θεοῦ
550 1664 729 1736 δόξης,
756 1666 899 1722 ὥστε
949 1675 1317 1743 καταφρονεῖν
1368 1674 1464 1728 καὶ
1495 1675 1597 1745 τῆς
1626 1661 1835 1730 ἑαυτῶν

226 1744 319 1799 διὰ
344 1747 451 1816 τὴν
485 1747 583 1801 τοῦ
619 1749 776 1805 Θεοῦ.
809 1752 902 1823 Μὴ
934 1753 1000 1824 δὴ
1029 1755 1208 1809 πάντα
1240 1756 1499 1827 ῥίψαντες
1527 1744 1715 1824 άπλῶς
1739 1762 1834 1813 καὶ

226 1833 738 1903 καταπατήσαντες
765 1835 958 1906 ἀρκεῖν
985 1838 1324 1909 ἡγησώμεθα
1357 1842 1495 1912 πρὸς
1537 1843 1835 1911 ἀπολογίαν

226 1915 388 2000 ημῖν,
415 1914 520 2000 ἐάν
551 1917 841 2000 εἴπωμεν,
885 1920 967 1973 ὃτι
1003 1922 1217 1993 ἱμάτιον
1247 1925 1559 1996 ἐπριάμεθα
1593 1929 1659 1997 τῇ
1693 1944 1837 2000 παρ-

227 1997 371 2066 θένῳ
404 1999 506 2051 καὶ
539 1999 886 2071 ὑποδήματα,
921 2006 1014 2057 καὶ
1043 2005 1112 2059 τά
1149 2006 1285 2060 ἄλλα
1325 2007 1399 2060 τά
1434 2009 1577 2062 κατά
1606 2009 1702 2080 τὴν
1729 1997 1835 2065 σω-

229 2082 476 2153 ματικὴν
500 2082 812 2137 ἀνάπαυσιν
832 2081 892 2139 εὖ
918 2085 1272 2161 διεθήκαμεν.
1298 2092 1406 2144 Καὶ
1431 2093 1515 2156 τίς
1546 2095 1835 2166 οἰκονομή-

228 2180 339 2227 σει,
370 2167 536 2236 φησί,
563 2166 802 2221 τάκατά
822 2169 919 2240 τὴν
944 2171 1121 2225 οἰκίαν
1161 2175 1332 2244 ήμῖν;
1361 2175 1447 2238 τίς
1484 2175 1542 2229 δέ
1570 2176 1832 2246 ἐπόψεται

224 2247 296 2302 τὰ
327 2248 489 2315 ὄντα,
516 2249 600 2313 τίς
617 2249 673 2304 δὲ
704 2255 1075 2323 προστήσεται
1101 2256 1257 2327 ήμῶν
1289 2257 1394 2322 ἔξω
1424 2259 1829 2330 διατριϐόντων,

222 2330 325 2384 καὶ
374 2333 642 2399 γυναικὸς
688 2333 840 2388 ἔνδον
866 2337 965 2390 οὐκ
998 2337 1202 2410 οὑσης;
1234 2341 1348 2393 Καὶ
1390 2342 1500 2413 γὰρ
1524 2344 1618 2395 καὶ
1661 2343 1832 2397 ταῦτα

218 2414 488 2484 λέγουσιν
510 2419 733 2472 ἐναντία
764 2437 824 2473 τε
855 2419 986 2474 ὅντα
1014 2424 1130 2487 τοῖς
1167 2425 1458 2497 προτέροις
1490 2427 1586 2479 καὶ
1612 2428 1832 2498 αίσχρό-

223 2516 388 2572 τερα,
424 2502 526 2555 καὶ
547 2502 761 2565 οὐδενὸς
789 2503 978 2568 αὐτοῖς
1011 2504 1165 2575 μέλει
1190 2506 1429 2571 τούτων,
1478 2508 1597 2562 οὐδὲ
1640 2509 1832 2581 αἰσχύ-

223 2601 416 2638 νονται
447 2583 607 2658 [241]
636 2588 884 2656 καθάπερ
915 2589 965 2641 οἱ
1011 2587 1306 2660 μεθύοντες
1346 2593 1407 2645 τὸ
1431 2592 1657 2647 ἐπελθὸν
1685 2596 1830 2649 ἆπαν

224 2668 627 2738 φθεγγόμενοι.
661 2669 752 2723 Διό
782 2671 918 2742 μηδὲ
936 2673 1102 2742 ⁴ἡμεῖς
1132 2674 1511 2746 ἀποκάμωμεν
1535 2718 1549 2741 ,
1571 2676 1679 2731 κᾶν
1714 2694 1829 2730 τοι·

220 2747 430 2823 αῦταῇ
473 2753 544 2806 τά
567 2752 836 2823 λεγόμενα
855 2793 869 2818 ,
895 2755 970 2817 ὡς
1000 2755 1134 2826 μηδὲ
1166 2759 1515 2830 ἀποκρίσεως
1547 2761 1829 2825 ἀξιοῦσθαι

223 2853 377 2899 τινος
397 2852 414 2867 ο
444 2835 523 2907 μὴ
563 2837 944 2908 ἀποκάμωμεν
967 2834 1061 2893 οὗν
1090 2843 1185 2894 καί
1233 2843 1678 2915 ἀποκρινόμενοι,
1734 2848 1829 2900 καὶ

228 2919 430 2989 πράως
462 2919 645 2983 αὐτοῖς
673 2921 1070 2992 διαλεγόμενοι,
1097 2925 1202 2986 ἕως
1224 2923 1289 2975 ἂν
1322 2926 1423 2995 τῆς
1455 2927 1627 2996 μέθης
1655 2928 1831 2980 ἀπαλ-

227 3000 493 3072 λάξωμεν
524 3003 752 3074 ταύτης,
793 3006 856 3057 τό
887 3022 953 3073 γε
981 3008 1061 3069 εἰς
1098 3008 1247 3076 ἡμᾶς
1287 3004 1443 3079 ἧκον.
1486 3010 1829 3080 Αἰσχύνομαι

225 3086 343 3157 γὰρ
377 3088 481 3140 καὶ
524 3088 765 3158 ἐρυθριῶ
813 3088 988 3141 ταῦτα
1026 3090 1331 3162 ἐπιχειρῶν
1382 3093 1746 3164 ἀνατρέπειν,
1792 3095 1830 3150 ἀ

224 3169 548 3237 ἀντιλέγειν
577 3171 677 3223 οὐκ
711 3170 1038 3241 ἐρυθριῶσιν
1067 3174 1301 3227 ἐκεῖνον
1346 3177 1553 3230 οἰστέον
1585 3178 1642 3231 δέ
1679 3179 1829 3249 ὅμως

226 3255 329 3324 τὴν
360 3253 634 3325 αἰσχύνην
664 3254 752 3308 διά
788 3255 851 3308 τὺ
883 3255 1196 3311 λυσιτελοῦν
1222 3261 1334 3323 τοῖς
1360 3263 1462 3315 οὑκ
1500 3262 1830 3334 αἰσχυνομέ-

227 3354 363 3401 νοις.
415 3339 531 3391 Καὶ
580 3337 689 3409 γάρ
722 3340 923 3393 ἄτοπον
972 3340 1342 3410 ἐγκαλοῦντας
1381 3345 1561 3409 αὐτοῖς
1596 3346 1695 3419 τὴν
1721 3347 1828 3400 τῶν

228 3421 749 3493 σκανδαλιξομένων
779 3422 1026 3492 ἀδελφῶν
1059 3426 1362 3498 ὑπεροψίαν
1398 3430 1596 3494 αὐτοὺς
1627 3429 1694 3484 δι’
1745 3434 1829 3484 αἰ-

230 3505 443 3587 σχύνην
484 3507 585 3577 τὴν
639 3506 843 3560 τούτων
882 3508 1161 3587 ὑπερορᾷν
1196 3510 1516 3582 θεραπείαν.
1556 3514 1689 3568 Τίνα
1719 3516 1829 3587 γὰρ

227 3586 457 3659 λέγουσι
488 3589 558 3644 τά
595 3589 743 3644 ἔνδον
763 3630 777 3656 ,
808 3591 933 3645 εἰπέ
963 3609 1075 3664 μοι,
1115 3586 1189 3648 ὧν
1228 3596 1310 3659 εἰς
1343 3595 1441 3666 τὴν
1493 3600 1828 3669 προστασίαν

226 3674 334 3746 τῆς
363 3675 639 3746 παρθένου
670 3676 768 3747 τὴν
788 3677 981 3747 χρείαν
1006 3679 1316 3747 ἀναγκαίαν
1345 3676 1486 3734 εἶναι
1514 3683 1825 3754 νομίζουσι;

230 3759 545 3814 παιδισκῶν
576 3776 659 3813 σ)ι
706 3762 886 3833 πλήθη
925 3761 1216 3834 βαρϐάρων
1258 3776 1284 3804 ι
1327 3765 1445 3819 ἐστὶ
1484 3766 1578 3819 καί¹
1628 3770 1829 3839 νεωνή·

230 3861 361 3911 των,
394 3844 495 3898 καὶ
519 3844 602 3897 δεῖ
646 3842 853 3909 ταύτας
890 3845 1251 3916 ῥυθμίζεσθαι
1305 3848 1400 3902 καὶ
1440 3849 1577 3918 πρὸς
1610 3850 1827 3922 ἐριουρ-
1859 3846 1870 3855 ’

232 3929 359 3996 γίαν
397 3929 495 3982 καὶ
533 3928 671 4001 πρὸς
710 3929 809 4001 τὴν
863 3929 1030 4000 ἄλλην
1068 3930 1380 3998 διακονίαν;
1434 3932 1596 3986 Ἀλλά
1628 3938 1829 4006 ταμεῖα

234 4014 541 4085 χρημάτων
585 4013 795 4067 πολλῶν
839 4015 934 4067 καὶ
979 4015 1212 4085 ἱματίων
1243 4015 1572 4081 πολυτελῶν,
1599 4021 1695 4072 καὶ
1747 4021 1829 4074 δεῖ

233 4096 459 4165 φύλακα
482 4095 629 4149 ἔνδον
659 4097 927 4167 καθῆσθαι
956 4098 1270 4161 διαπαντὸς,
1314 4101 1409 4153 καί
1447 4103 1511 4171 τῇ
1543 4102 1652 4155 τῶν
1681 4106 1826 4158 οἰκε-

234 4179 344 4234 τῶν
385 4179 700 4251 κακουργίᾳ
743 4182 870 4244 τοὺς
920 4181 1233 4252 ὀφθαλμοὺς
1266 4183 1692 4254 ἐπιτειχίζεσθαι
1730 4190 1828 4259 τῆς

236 4264 546 4335 παρθένους
584 4263 720 4316 ἀλλά
753 4263 947 4318 δεῖπνα
975 4265 1069 4317 καὶ
1114 4266 1393 4335 συμπόσια
1439 4269 1678 4339 συνεχῶς
1704 4272 1827 4323 ἐπι-

237 4347 537 4412 τελεῖσθαι,
597 4346 691 4401 καί
741 4347 848 4419 χρὴ
893 4348 994 4420 τὴν
1022 4348 1201 4402 οἰκίαν
1245 4349 1704 4416 καλλωπίζεσθαι,
1735 4353 1828 4407 καὶ

240 4433 545 4503 μαγείρους
565 4432 658 4484 καὶ
679 4433 1112 4502 τραπεζοποιοὺς
1138 4432 1238 4502 τῆς
1257 4434 1512 4503 προνοίας
1535 4435 1828 4491 ἀπολαύειν

236 4514 336 4583 τῆς
359 4514 668 4588 παρθένου;
698 4514 836 4567 ἀλλά
853 4514 1185 4586 πολύτροποι
1216 4515 1455 4570 δαπάναι
1479 4518 1571 4570 καί
1586 4523 1827 4591 συνεχεῖς

239 4600 331 4651 καὶ
356 4598 441 4651 δεῖ
482 4615 610 4652 τινα
648 4599 941 4667 ἐφεστάναι
975 4598 1290 4662 διαπαντὸς,
1313 4600 1461 4662 ὅπως
1493 4601 1561 4653 τά
1603 4602 1702 4671 μὲν
1734 4620 1827 4672 φυ-

237 4678 488 4737 λάττοιτο
525 4681 664 4752 μετὰ
691 4682 1000 4754 ἀκριϐείας,
1029 4682 1098 4735 τά
1121 4683 1178 4736 δέ
1215 4683 1290 4754 μὴ
1324 4683 1502 4754 μάτην
1531 4685 1696 4757 ἐκρέῃ
1727 4687 1825 4757 τῆς

238 4766 443 4831 οἰκίας;
476 4767 644 4820 Οὐδὲν
672 4766 876 4820 τούτων
905 4768 1069 4838 φησίν
1090 4784 1103 4797 ·
1140 4766 1277 4821 ἀλλά
1309 4768 1456 4831 ὅπως
1492 4770 1628 4841 αὐτῇ
1657 4770 1718 4823 τὸ
1744 4789 1829 4825 κι-

238 4848 433 4904 ϐώτιον
471 4853 568 4905 καὶ
612 4850 675 4903 τὸ
708 4850 922 4922 ἱμάτιον
947 4852 1041 4905 καὶ
1082 4852 1181 4923 τὴν
1216 4850 1384 4922 ἀλλην
1416 4853 1685 4927 ἐπιϐλέπῃ
1732 4874 1829 4909 πε-

238 4933 378 4996 νίαν,
410 4936 561 5000 ὅπως
592 4935 903 5007 εὐτρεπίζοι
932 4934 1031 5006 τὴν
1077 4936 1381 5007 τράπεζαν,
1406 4938 1502 4990 καὶ
1544 4938 1642 5009 τὴν
1667 4940 1828 5012 εὐνὴν

242 5018 559 5086 στρωννύοι,
595 5021 689 5072 καὶ
717 5019 829 5091 πῦρ
875 5020 1134 5092 άνακαίῃ,
1167 5020 1261 5074 καὶ
1290 5020 1597 5094 περιπλύνῃ
1638 5023 1825 5091 πόδας,

241 5102 333 5153 καὶ
364 5105 463 5173 τὴν
499 5101 666 5174 ἀλλην
710 5104 1017 5158 ἀνάπαυσιν
1050 5105 1267 5177 παρέχῃ
1306 5107 1509 5161 πᾶσαν.
1540 5105 1672 5161 Εἶτα
1706 5110 1828 5164 ἀντὶ

238 5186 338 5255 τῆς
369 5189 571 5257 μικρᾶς
597 5188 688 5241 καὶ
703 5188 918 5260 ψυχρᾶς
942 5190 1303 5255 ἀναπαύσεως
1329 5190 1535 5263 ταύτης
1557 5194 1826 5265 τοσαύτην

240 5269 457 5339 οἴσομεν
486 5272 842 5344 κατηγορίαν,
884 5273 1122 5327 τοσαῦτα
1156 5275 1577 5347 ὑποστησόμεθα
1609 5278 1782 5348 ὀνείδη
1808 5294 1823 5344 ;

241 5350 350 5404 Καὶ
381 5355 531 5424 πόσῳ
584 5355 793 5425 βέλτιον
841 5356 1068 5426 ἀδελφὸς
1116 5357 1290 5411 ταῦτα
1323 5358 1700 5432 διακονήσεται
1731 5364 1826 5416 καὶ

241 5435 633 5509 εὐκολώτερονί
662 5442 727 5509 τῇ
763 5457 821 5493 τε
852 5440 963 5512 γὰρ
998 5440 1160 5510 φύσει
1193 5443 1542 5516 ἰσχυρότερος
1568 5446 1824 5514 γυναικὸς

242 5516 271 5567 ὁ
296 5519 454 5591 ἀνὴρ,
489 5524 556 5594 τῇ
583 5538 642 5575 τε
668 5522 829 5594 χρείᾳ
855 5525 1184 5596 οἰκειότερος
1227 5529 1381 5596 ήμῖν,
1423 5529 1518 5581 καὶ
1551 5531 1650 5600 οὐχ
1682 5530 1824 5583 οὕτω

243 5600 569 5678 δαπανηρός.
616 5609 683 5661 Ἢ
715 5608 815 5680 μὲν
839 5608 949 5680 γάρ
975 5609 1134 5681 γυνὴ,
1178 5610 1273 5663 ἀτε
1307 5611 1639 5684 ἁπαλωτέρα
1666 5609 1819 5681 οὖσα,

244 5685 338 5739 καὶ
379 5690 672 5762 στρωμνῆς
714 5692 1111 5763 μαλακωτέρας
1144 5692 1336 5758 δεῖται,
1368 5696 1463 5748 καὶ
1495 5695 1824 5769 λεπτοτέρας

244 5769 486 5854 ἐσθῆτος,
518 5776 613 5828 καὶ⁸
631 5775 801 5847 κόρης
820 5776 953 5838 ἴσως
979 5774 1142 5828 πάλιν
1167 5775 1633 5853 διακονησομένης
1661 5783 1795 5854 αὐτῇ

1771 5824 1819 5853 H’

244 5853 336 5905 καὶ
353 5855 415 5908 οὐ
445 5858 713 5931 τοσαύτην
740 5860 872 5931 ἡμῖν
907 5859 1137 5931 παρέχει
1168 5860 1463 5927 διακονίαν,
1495 5864 1627 5936 ὅσης
1679 5853 1816 5940 αὑτὴ

309 5989 336 6020 ⁸
361 5992 510 6045 Savil.
526 6013 604 6045 σοι
624 5996 760 6104 χαρτία
780 5997 1043 6062 βαρϐάρων.
1069 5996 1198 6051 Infra
1219 5999 1352 6053 idem
1375 6000 1495 6052 ἀλλά
1518 6002 1723 6067 ταμείων
1746 6005 1828 6054 καὶ

309 6053 494 6104 ηυιάτων
510 6059 631 6104 πολ).
676 6075 716 6104 ν.

247 6053 494 6104 χρημάτων
510 6053 716 6104 πολλῶν.

881 373 1161 437 CONTRA
1201 381 1333 440 EOS
1368 384 1490 452 QUI
1528 384 2161 453 SUBINTRODUCTAS
2199 396 2476 458 HABENT
2517 398 2866 460 VIBGINES.

1943 510 2118 567 δεῖται
2142 516 2283 591 παρ’
2328 516 2516 589 ήμῶν·
2550 519 2580 571 ό
2602 518 2659 572 δὲ
2690 518 2918 589 ἀδελφὸς
2946 519 3042 573 καὶ
3080 520 3300 574 πάντων
3326 522 3533 578 τούτων

1940 594 2289 667 ἀπήλλακται
2306 614 2319 628 ο
2357 601 2404 652 εἰ
2432 599 2490 654 δέ
2503 612 2654 665 ’τινος
2671 603 2765 656 καί
2786 601 3028 674 δεηθείη,
3055 602 3165 655 τῶν
3192 600 3370 657 αὐτῶν
3399 608 3532 679 ἡμῖν

1929 679 2216 752 δεήσεται.
2253 680 2426 735 Τοῦτο
2456 683 2513 736 δὲ
2541 684 2602 737 οὑ
2650 684 2847 756 μικρὸν
2876 686 2958 746 εἰς
3011 686 3263 741 εὐκολίαν
3308 689 3444 755 ἐστὶ,
3470 690 3532 743 τδ

1944 762 2019 835 μὴ
2047 762 2338 836 διαφόρων,
2379 765 2515 819 ἀλλά
2544 767 2650 820 τῶν
2683 764 2861 821 αὑτῶν
2902 770 2960 824 ἐν
3003 769 3163 841 χρείᾳ
3196 770 3531 825 καθεστάναι

1940 849 2067 912 τοὺς
2111 848 2527 914 συνοικοῦντας’
2559 852 2700 922 ὅπερ
2733 853 2825 905 ἐπὶ
2854 852 2954 924 τῆς
2995 853 3268 925 παρθένου
3293 856 3395 909 οὐκ
3428 856 3527 911 ἔνι.

1939 928 2166 1002 Πρῶτον
2198 934 2297 1004 μὲν
2326 933 2434 1006 γὰρ
2461 935 2526 988 ἄν
2558 952 2619 987 τε
2658 934 2952 991 λούσασθαι
2989 936 3082 1010 δέῃ
3113 978 3128 1002 ,
3164 938 3229 994 ἀν
3254 957 3311 993 τε
3345 941 3530 1015 κάμνῃ

1936 1015 1999 1068 τὸ
2022 1016 2181 1086 σῶμα
2203 1060 2218 1083 ,
2248 1015 2372 1071 οὔτε
2417 1019 2446 1070 ό
2472 1018 2702 1089 ἀδελφὸς
2742 1022 2880 1093 αὑτῇ
2915 1021 3250 1093 πρὸςταῦτα
3280 1023 3530 1096 διακονή-

1940 1116 2113 1163 σεται,
2144 1100 2247 1155 κᾶν
2270 1101 2476 1173 σφόδρα
2502 1101 2692 1174 ἐληται
2718 1104 3068 1176 ἀσχημονεῖν,
3088 1105 3211 1160 οὔτε
3237 1107 3374 1178 αὐτὴ
3401 1109 3530 1162 ἑαυ-

1937 1184 2002 1260 τῇ
2034 1181 2267 1252 ἀρκέσαι
2292 1184 2585 1254 δυνήσεται
2607 1202 2619 1215 ·
2647 1185 2715 1239 ἂν
2743 1187 2799 1240 δέ
2825 1188 3045 1260 ἀδελφοὶ
3077 1191 3126 1242 οἰ
3157 1190 3528 1254 συνοικοῦντες

1937 1259 2092 1331 ῶσιν,
2123 1266 2507 1322 ἀντιδώσουσιν
2537 1270 2791 1341 ἀλλήλοις
2823 1271 2921 1343 τὴν
2964 1273 3269 1345 ὑπηρεσίαν
3299 1273 3522 1345 ταύτην.

1937 1349 2106 1404 Πάλιν
2139 1351 2267 1404 ὅταν
2298 1351 2582 1407 καθεύδειν
2610 1353 2725 1428 δέῃ,
2753 1355 3023 1427 παρθένου
3058 1358 3157 1426 μὲν
3200 1356 3349 1411 ἐνδον
3392 1358 3528 1413 καθ-

1938 1433 2167 1505 ημένης,
2183 1435 2277 1488 καὶ
2303 1435 2489 1501 κλίνας
2513 1432 2653 1490 εἰναι
2680 1437 2772 1490 δύο
2786 1440 2914 1511 χρὴ,
2933 1442 3025 1493 καὶ
3043 1440 3342 1512 στρώματα
3362 1441 3527 1495 διπλᾶ

1937 1519 2032 1572 καί
2062 1518 2430 1593 ἐπιϐλήματα,
2466 1522 2515 1573 εἰ
2570 1521 2627 1575 δέ
2669 1517 2726 1575 εὖ
2761 1522 3036 1594 φρονῶσι,
3083 1525 3176 1578 καὶ
3213 1527 3521 1595 οἰκήματα⁶

1936 1601 2183 1673 ἀδελφῶν
2213 1603 2271 1656 δὲ
2303 1602 2493 1670 ὄντων,
2522 1605 2683 1660 πάλιν
2710 1606 2779 1660 τά
2807 1607 2910 1678 τῆς
2941 1608 3131 1678 χρείας
3156 1610 3523 1674 συστέλλεται,

1937 1687 2033 1739 ἀτε
2057 1687 2392 1758 οἰκειοτέρας
2412 1686 2600 1759 οὔσης.
2630 1690 2741 1742 Καὶ
2767 1691 2877 1761 γὰρ
2911 1687 3064 1754 οἶκος
3099 1685 3201 1756 εἷς,
3232 1693 3327 1747 καὶ
3354 1708 3525 1763 προσ-

1932 1770 2231 1839 κεφάλαιον
2260 1770 2337 1834 ἐν,
2368 1772 2461 1827 καὶ
2496 1773 2651 1843 κλίνη
2688 1774 2806 1844 μία,
2838 1775 2932 1827 καὶ
2959 1774 3311 1845 ἐπιϐλήματα
3345 1777 3524 1846 ἀμφο-

1932 1857 2114 1930 τέροις
2144 1859 2370 1930 ἀρκέσει
2412 1860 2482 1914 τά
2509 1861 2652 1915 αὑτά
2671 1880 2684 1893 ·
2713 1861 2825 1915 καῖ’
2847 1859 3059 1925 ἁπλῶς,
3090 1861 3145 1914 εῐ
3173 1878 3257 1923 τις
3306 1859 3525 1913 ἅπασαν

1934 1943 2140 2012 ἐπεξίοι
2164 1944 2262 2016 τὴν
2286 1944 2579 2009 διακονίαν,
2609 1944 2846 1998 ἐνταῦθα
2884 1945 2983 2015 μὲν
3006 1944 3205 2015 πολλὴν
3236 1944 3336 2014 τὴν
3368 1944 3526 1996 εὐκο-

1933 2026 2057 2082 λίαν
2085 2027 2330 2099 εὑρήσει,
2367 2027 2564 2080 ἐκεῖδέ
2590 2028 2689 2099 τὴν
2706 2026 2872 2099 .[24‘2]
2898 2026 3208 2081 δυσκολίαν.
3238 2027 3351 2080 Καὶ
3384 2041 3526 2096 παρ-

1937 2112 2058 2182 ίημι
2088 2113 2187 2182 τὴν
2236 2112 2622 2184 ἀσχημοσύνην
2668 2111 2768 2181 τῆς
2809 2112 3013 2176 οἰκίας·
3082 2108 3194 2165 οἷον
3233 2111 3340 2182 γάρ
3375 2112 3524 2162 ἐστιν

1933 2194 2225 2250 ἀνελθόντα
2270 2199 2349 2261 εἰς
2375 2195 2569 2268 ἀνδρὸς
2594 2196 2920 2268 μονάζοντος
2963 2196 3140 2250 οἰκίαν
3164 2198 3296 2268 όρᾷν
3323 2194 3524 2264 ὑποδή-

1937 2299 2081 2351 ματα
2107 2281 2393 2346 γυναικεῖα
2425 2279 2771 2351 κρεμάμενα,
2810 2280 2904 2332 καὶ
2925 2278 3269 2350 διαζώματα,
3302 2279 3399 2333 καὶ
3432 2295 3523 2331 κε-

1935 2364 2264 2435 φαλόδεσμα,
2290 2364 2384 2416 καὶ
2416 2364 2799 2429 καλαθίσκους,
2826 2364 2918 2418 καὶ
2944 2364 3249 2436 ἠλακάτην,
3280 2363 3376 2417 καὶ
3395 2379 3523 2433 κερ-

1933 2449 2075 2514 κίδα,
2107 2450 2201 2503 καὶ
2223 2448 2437 2513 κτένας,
2472 2450 2565 2502 καὶ
2596 2449 2906 2521 ἰστοπόδην,
2938 2450 3032 2504 καί
3062 2449 3133 2503 τά
3167 2449 3326 2511 ἄλλα,
3377 2448 3522 2517 άπερ

1931 2531 2033 2585 οὐκ
2082 2532 2158 2584 ἔνι
2213 2531 2353 2584 κατὰ
2408 2530 2573 2603 μέρος
2605 2531 2786 2601 λέγειν
2821 2532 3057 2588 ἅπαντα.
3094 2533 3159 2588 Εἰ
3193 2532 3250 2586 δέ
3288 2531 3383 2585 καὶ
3430 2529 3523 2583 ἐπὶ

1931 2618 2031 2689 τῆς
2055 2615 2283 2687 εὐπόρου
2313 2616 2489 2669 ταῦτα
2524 2615 2820 2683 ἐξετάζεις,
2848 2618 3051 2674 πλείων
3081 2620 3111 2672 6
3133 2617 3328 2687 γέλως.
3366 2613 3524 2686 Πρῶ-

1930 2718 2021 2754 τον
2052 2700 2150 2771 μὲν
2178 2700 2285 2773 γὰρ
2314 2701 2372 2753 ἐν
2405 2700 2574 2772 ἀγέλῃ
2607 2701 3004 2773 θεραπαινίδων
3045 2702 3318 2756 τοσούτων
3364 2699 3524 2770 μόνος

1932 2784 2222 2854 στρέφεται
2260 2783 2445 2854 μέσος,
2480 2780 2734 2859 καθάπερ
2762 2787 2855 2840 ἐπὶ
2887 2789 2986 2860 τῆς
3019 2786 3330 2859 ὀρχήστρας
3352 2785 3410 2836 ἐν
3443 2781 3525 2851 τῷ

1930 2868 2078 2940 χορῷ
2106 2868 2214 2921 τῶν
2238 2867 2514 2936 γυναικῶν
2542 2871 2571 2922 ό
2597 2873 2708 2934 τοῖς
2733 2872 3167 2943 ὑπορχουμένοις
3189 2870 3412 2941 ὑπᾴδων
3433 2883 3525 2938 χο-

1935 2952 2129 3022 ρευτής
2149 2971 2161 2979 ·
2184 2944 2245 3003 οῦ
2274 2952 2327 3003 τί
2344 2952 2540 3019 γένοιτ’
2572 2952 2639 3005 ἂν
2664 2954 3019 3023 αἰσχρότερον
3042 2956 3133 3006 καί
3161 2953 3484 3022 ἀτιμότερον
3505 2967 3522 3016 ;

1932 3037 2168 3089 Ἔπειτα
2200 3037 2593 3108 διαρῤήγνυται
2626 3038 2754 3107 ὃλην
2776 3037 2876 3109 τὴν
2900 3037 3112 3108 ἡμέραν
3143 3036 3279 3108 πρὸς
3304 3034 3523 3097 οἰκέτας

1929 3120 2256 3190 ἀγανακτῶν
2280 3121 2420 3194 ὑπὲρ
2453 3120 2564 3174 τῶν
2597 3121 2818 3190 γυναικὶ
2855 3120 3240 3191 προσηκόντων
3263 3117 3524 3190 πραγμά-

1928 3220 2057 3258 των.
2096 3206 2166 3257 "ﬂ
2205 3204 2314 3275 γὰρ
2367 3205 2581 3275 ἀνάγκη
2615 3206 2794 3276 σιγᾷν,
2846 3204 2941 3258 καὶ
2991 3204 3211 3257 πάντων
3265 3217 3520 3273 παραμε-

1929 3288 2125 3343 λοῦντα
2154 3291 2280 3361 παρ’
2308 3288 2525 3358 ἐκείνης
2556 3287 2938 3359 ἐπιτιμᾶσθαι.
2969 3288 3002 3359 ἢ
3031 3287 3259 3357 λέγοντα
3280 3286 3375 3340 καὶ
3398 3287 3521 3338 ἐπι-

1930 3375 2235 3446 πλήττοντα
2292 3375 2652 3444 ἀσχημονεῖν·
2706 3373 2801 3427 καὶ
2855 3373 2958 3444 ὅρα
2987 3372 3049 3425 τὸ
3080 3371 3399 3442 συμϐαῖνον.
3460 3369 3522 3422 '0

1929 3460 2039 3531 γὰρ
2063 3460 2171 3512 τῶν
2212 3458 2481 3530 βιωτικῶν
2516 3459 2859 3530 πραγμάτων
2896 3456 3032 3529 μηδὲ
3068 3458 3234 3525 ἐγγὺς
3262 3450 3520 3524 γενέσθαι

1932 3543 2262 3606 κελευσθεὶς,
2295 3543 2394 3612 οὐχ
2416 3541 2602 3604 ἁπλῶς
2638 3539 2907 3611 βιωτικῶν
2935 3580 2949 3604 ,
2981 3537 3121 3592 ἀλλά
3144 3539 3240 3592 καὶ
3278 3537 3387 3590 τῶν
3417 3553 3519 3607 γυ-

1929 3625 2183 3680 ναικείων
2215 3625 2483 3695 ἐνδοτέρω
2528 3624 2769 3692 γίνεται·
2817 3624 2910 3679 καὶ
2952 3622 3064 3695 γάρ
3096 3624 3188 3675 καὶ
3216 3621 3387 3692 σκεύη
3415 3637 3522 3689 γυ-

1928 3713 2144 3765 ναικεῖα
2176 3708 2428 3763 ἐκδοῦναι
2461 3708 2521 3761 οὑ
2558 3708 3011 3780 παραιτήσονται,
3046 3705 3162 3760 ἀλλ’
3200 3707 3522 3776 ἐπιστήσον-

1926 3811 2015 3846 ται
2039 3797 2150 3857 τοῖς
2174 3792 2580 3865 ἀργυροκόποις
2618 3790 2860 3861 συνεχῶς
2888 3789 3222 3862 ἐρωτῶντες,
3242 3791 3291 3843 εἰ
3314 3788 3373 3840 τὸ
3391 3790 3522 3843 κάτ-

1927 3895 2126 3950 οπτρον
2175 3876 2611 3931 κατεσκεύασται
2636 3875 2736 3945 τῆς
2756 3873 2974 3945 κυρίας,
2989 3876 3038 3927 εἰ
3058 3873 3148 3927 τὸν
3166 3873 3329 3926 κάδον
3343 3873 3454 3942 ἀπή
3463 3889 3522 3942 ρ-

1927 3978 2105 4024 τισαν,
2142 3963 2190 4015 εἰ
2217 3960 2277 4013 τὸ
2305 3959 2564 4028 ληκύθιον
2594 3958 2910 4012 ἀπέδωκαν·
2950 3956 3046 4010 καί
3082 3956 3194 4027 γὰρ
3231 3956 3312 4020 εἰς
3361 3953 3522 4010 τοῦτο

1929 4045 2108 4099 πάντα
2140 4040 2243 4118 ἧκε
2272 4043 2590 4115 διαφθορᾶς,
2621 4042 2697 4105 ὡς
2725 4041 2832 4095 τῶν
2871 4041 3286 4111 βιωτικωτέρων
3320 4040 3521 4111 μᾶλλον

1928 4129 2028 4192 τάς
2061 4128 2263 4190 πολλάς
2302 4127 2408 4181 τῶν
2462 4126 2748 4198 παρθένων
2787 4126 2995 4189 τούτοις
3055 4124 3360 4196 κεχρῆσθαι
3410 4126 3521 4186 τοῖς

1932 4210 2202 4265 σκεύεσιν.
2250 4210 2488 4262 Ἐκεῖθεν
2524 4210 2687 4263 πάλιν
2721 4209 2857 4280 πρὸς
2884 4208 2975 4263 τὸν
3015 4210 3256 4281 μυρεψὸν
3286 4208 3521 4281 ἔδραμεν

1932 4294 2074 4367 ὑπὲρ
2105 4292 2213 4347 τῶν
2243 4292 2343 4362 τῆς
2371 4290 2567 4363 κυρίας
2604 4291 2983 4360 διαλεξόμενος
3013 4292 3324 4363 ἀρωμάτων
3347 4310 3359 4323 ·
3393 4290 3523 4344 πολ-

1931 4377 2086 4441 λάκις
2112 4376 2169 4430 δὲ
2200 4376 2340 4447 ὑπὲρ
2379 4375 2625 4438 πλείονος
2651 4375 2886 4445 σπουδῆς
2913 4376 3006 4428 καὶ
3036 4375 3256 4446 ὑϐρίσαι
3286 4376 3379 4429 τὸν
3420 4375 3524 4428 πέ-

1922 4478 2068 4533 νητα
2097 4460 2157 4513 οὐ
2195 4460 2614 4530 παραιτήσεται.
2649 4457 2759 4510 Καὶ
2777 4457 2885 4528 γὰρ
2924 4459 3020 4510 καὶ
3050 4457 3245 4528 μύροις
3278 4456 3525 4528 χρῶνται

1930 4546 1985 4598 αἱ
2010 4542 2266 4614 παρθένοι
2305 4542 2571 4606 ποικίλοις
2597 4559 2658 4595 τε
2689 4542 2782 4595 καὶ
2805 4540 3173 4595 πολυτελέσιν.
3224 4537 3358 4593 Εἶτα
3408 4539 3527 4594 ἀπὸ

1927 4627 2021 4682 τοῦ
2066 4627 2309 4700 μυρεψοῦ
2340 4627 2477 4699 πρὸς
2504 4626 2597 4680 τὸν
2630 4625 2729 4689 τὰς
2748 4623 2938 4688 ὀθόνας
2972 4624 3278 4690 πωλοῦντα,
3305 4625 3400 4679 καὶ
3423 4625 3524 4677 ἀπ’

1931 4714 2141 4768 ἐκείνου
2170 4714 2333 4769 πάλιν
2370 4712 2508 4784 πρὸς
2537 4712 2629 4765 τὸν
2655 4711 2999 4781 σκηνοποιόν.
3029 4709 3163 4763 Οὐδὲ
3186 4708 3296 4780 γὰρ
3327 4708 3396 4762 τά
3429 4726 3520 4779 μι-

1932 4798 2039 4871 κρά
2071 4797 2243 4852 ταῦτα
2283 4797 2629 4869 αἰσχύνονται
2675 4796 2984 4850 ἐπιτάττειν
3011 4836 3026 4861 ,
3065 4795 3252 4866 ἐπειδὴ
3314 4795 3523 4867 σφόδρα

1930 4882 2131 4953 ὁρῶσιν
2163 4883 2362 4945 αὐτοὺς
2404 4880 2781 4943 ὑπακούοντας
2823 4879 2919 4933 καὶ
2958 4880 3119 4951 χάριν
3148 4879 3371 4948 ἔχοντας
3401 4880 3524 4933 ἐπι-

1929 4965 2252 5029 ταττούσαις
2289 4964 2538 5028 ταύταις,
2571 4964 2603 5036 ἢ
2638 4963 2845 5034 ἑτέροις
2886 4962 3344 5033 διακονουμένοις.
3406 4964 3527 5016 Ἐν-

1929 5051 2121 5104 τεῦθεν
2144 5051 2328 5116 πάλιν,
2358 5051 2488 5104 ὅταν
2512 5048 2867 5102 ἐπισκευάσαι
2893 5063 2946 5098 τι
2978 5046 3071 5119 δέῃ
3091 5049 3190 5118 τῆς
3215 5065 3520 5120 περιφορη-

1928 5135 2026 5205 τῆς
2055 5134 2273 5206 ἐκείνης
2304 5133 2532 5204 σκηνῆς,
2574 5134 2670 5186 καὶ
2707 5133 2899 5203 μέχρις
2926 5130 3165 5202 ἑσπέρας
3198 5130 3371 5201 αὐτῆς
3402 5131 3524 5184 ἀσι-

1927 5233 2009 5269 τοι
2043 5216 2372 5282 διατελοῦσι,
2394 5220 2507 5279 τοῖς
2532 5217 2919 5289 ἐργαστηρίοις
2945 5214 3379 5287 προσηλωμένοι.
3411 5215 3522 5270 Καὶ

1927 5300 1987 5352 οὐ
2019 5300 2177 5354 τοῦτό
2210 5318 2327 5364 πως
2358 5300 2693 5372 θαυμαστὸν,
2732 5301 2848 5355 ἀλλ’
2884 5302 2967 5354 ὃτι
2989 5300 3081 5355 καὶ
3112 5302 3224 5364 τοῖς
3245 5298 3522 5354 ταλαιπιὶι-

1932 5403 2044 5457 ροις
2075 5386 2315 5448 οἰκέταις
2344 5384 2482 5440 εἰσὶν
2514 5386 2795 5456 ἐπαχθεῖς,
2827 5387 2922 5439 καὶ
2975 5385 3147 5457 πολλὴ
3190 5387 3310 5439 κατ’
3337 5385 3519 5439 αὐτῶν

1929 5469 2088 5541 ὕϐρις
2112 5470 2206 5524 καὶ
2223 5471 2602 5541 ἀγανάκτησις
2628 5469 2725 5524 καὶ
2748 5470 2986 5541 κραυγή.
3018 5468 3303 5542 Ἐννόησον
3323 5471 3380 5525 δὲ
3395 5472 3518 5524 ὅσαι

1926 5554 1990 5605 ἐκ
2016 5553 2224 5608 τούτων
2268 5555 2324 5607 αἰ
2374 5554 2742 5625 κατηγορίαν
2781 5553 3000 5621 οἰκέτης
3051 5553 3163 5625 γάρ
3216 5554 3517 5624 ὑϐρισθεὶς,

1925 5640 2019 5693 καὶ
2044 5639 2280 5711 μάλιστα
2315 5639 2455 5743 ὑὶπέρ
2474 5638 2771 5743 Βτοιούτωνι
2786 5636 3151 5743 πραγμάτων,
3192 5637 3381 5743 ﬁ???
3409 5655 3516 5734 μη-

1923 5722 2036 5776 δενὶ
2067 5724 2255 5795 τρόπῳ
2307 5723 2399 5776 τὸν
2436 5722 2703 5795 ὑϐρικότα
2738 5722 3051 5793 ἀμύνασθαι
3105 5725 3218 5796 ἔχει
3240 5722 3389 5790 rm
3416 5724 3516 5794 τῆς

1924 5805 2170 5876 γλώττης
2202 5807 2363 5861 τοῦτο
2414 5809 2558 5860 ποιεῖ
2586 5807 2680 5859 καὶ
2722 5807 2822 5878 τῆς
2853 5807 3119 5880 λαθραίας
3155 5807 3514 5881 κακηγορίας,

1929 5890 2141 5954 οὐδενὸς
2184 5891 2497 5961 φειδόμενος
2548 5890 2658 5945 τῶν
2696 5891 2974 5963 ἐμπλῆσαι
3009 5891 3326 5964 δυναμένων
3367 5892 3517 5961 αὐτῷ

1933 5976 2023 6030 τὸν
2057 5968 2247 6048 θυμὸν,
2272 5975 2409 6030 ἀλλά
2446 5974 2584 6047 μετὰ
2616 5975 2887 6046 τοσαύτης
2918 5976 3221 6049 ὑπερϐολῆς
3236 5980 3303 6049 τῇ
3330 5978 3516 6048 ἀμύνῃ

1938 6060 2200 6108 utsi-mnta;
2242 6059 2433 6104 ταύτῃ-
2485 6059 2602 6104 ιιι-θ’
2631 6060 2762 6104 ὅσης
2794 6056 2940 6104 εἰκὸς
2966 6060 3185 6104 οἰκέτην
3221 6061 3345 6104 ὅντα
3416 6065 3505 6104 νῆ’*
