4060 6136
544 313 650 371 ὅθί)

538 425 767 482 τοιαῦτα
797 425 1146 499 ὑϐρισμένον,
1182 429 1283 482 καὶ
1310 429 1516 502 ταύτην
1541 430 1735 502 ἔχοντα
1761 434 1921 504 μόνον
1944 450 2122 505 παραυ

543 510 743 584 μυθίαν
777 508 888 562 τῶν
937 510 1151 564 οἰκείων
1199 512 1390 566 κακῶν
1430 514 1569 568 κατά
1601 514 1696 568 τοῦ
1736 516 2123 586 λελυπηκότος.

553 595 614 650 Ὀ
636 595 695 648 δὲ
720 596 787 666 τῇ
817 596 1049 666 πενιχρᾷ
1089 596 1265 661 συζῶν
1298 598 1701 671 ἀργυροκόποις
1730 600 1831 671 μὲν
1857 603 1918 654 οὐ
1952 601 2127 655 διαλέ-

542 677 693 742 ξεται
725 676 821 743 (οὐ
848 676 957 747 γάρ
1009 677 1233 749 ἀφίησιν
1276 683 1309 750 ἡ
1348 681 1570 751 πενία),
1593 683 1714 736 οὐδέ
1739 683 2126 755 προσεδρεύσει

545 759 906 830 μυροπώλοις,
941 761 1493 835 ὐποδηματορῤἀφοις
1521 765 1575 818 δέ
1613 766 1707 819 καί.
1741 767 2003 835 ὐφάνταις
2033 769 2128 821 καὶ

545 843 851 906 ποικιλταϊς
876 844 970 897 καὶ
1004 843 1266 913 βαφεῦσιν
1293 847 1569 918 ἐνοχλήσει
1605 848 1886 912 πολλάκις.
1935 849 2046 903 Καὶ
2074 849 2126 902 τί

541 926 620 978 δεῖ
641 927 822 980 πᾶσαν
845 926 1166 997 καταλέγειν
1191 928 1290 999 τὴν
1315 930 1723 1000 ἀσχημοσύνην,
1745 925 1876 995 οἷον,
1898 932 2024 985 ὅταν
2047 934 2127 996 είς

539 1011 817 1081 οἰκήματα
868 1011 1079 1064 εἰσίωσι
1130 1013 1375 1083 στήμονα
1425 1015 1519 1067 καὶ¹
1557 1015 1762 1086 κρόκην
1799 1014 2125 1079 πωλοῦντες,

541 1095 670 1147 ὅταν
702 1096 784 1159 είς
828 1096 928 1166 τὴν
973 1094 1179 1166 ἀγορὰν
1236 1097 1523 1169 περιίωσιν
1555 1097 1696 1151 αὐτὰ
1747 1098 1917 1152 ταῦτα
1965 1098 2128 1153 πάλιν

543 1176 867 1248 ζητοῦντεςς
924 1178 1035 1231 Καὶ
1085 1177 1260 1233 ταῦτα
1307 1181 1405 1250 μὲν
1457 1184 1514 1236 ἐν
1547 1185 1668 1246 ταῖς
1721 1184 1946 1247 οἰκίαις’
1984 1184 2041 1235 ἐν
2068 1182 2126 1235 δὲ

542 1263 663 1324 ταῖς
690 1263 918 1333 ἀγοραῖς
947 1262 1043 1316 καὶ
1065 1261 1269 1317 τούτων
1296 1264 1430 1318 πολύ
1461 1266 1972 1336 καταγελαστότερα
1996 1266 2127 1319 ὐπο-

545 1344 818 1416 μένουσιν.

616 1427 667 1483 ι’.
712 1429 835 1481 Ἐπί
856 1427 912 1481 δέ
935 1431 1034 1500 τῆς
1055 1429 1350 1500 ἐκκλησίας
1366 1431 1486 1485 οὐδὲ
1503 1433 1677 1485 εἰπεῖν
1694 1430 1810 1484 ἔστι
1825 1430 1923 1502 τὴν
1940 1430 2128 1503 αἰσχύ-

542 1527 640 1582 νην
657 1509 826 1584 [Ξιίόἶ.
862 1512 1072 1584 ’Ὠσπερ
1092 1512 1201 1584 γὰρ
1218 1515 1335 1568 δέον
1366 1515 1572 1585 μηδένα
1595 1516 1760 1567 τόπον
1786 1514 2002 1583 ἀγνοεῖν
2026 1518 2125 1569 αὐ-

541 1593 651 1648 τῶν
680 1593 780 1665 τὴν
809 1593 967 1665 ὓϐριν
1001 1595 1095 1648 καὶ
1119 1597 1217 1666 τὴν
1239 1595 1590 1667 ἀνελεύθερον
1622 1595 1828 1666 ταύτην
1858 1597 2122 1663 δουλείαν,

542 1676 686 1731 οὕτω
734 1677 825 1731 καὶ
882 1680 940 1731 ἐν
998 1677 1076 1748 τῷ
1131 1679 1275 1749 ἁγίῳ
1347 1680 1484 1750 τῷδε
1544 1679 1639 1735 καί
1704 1681 2127 1754 φρικωδεστάτῳ

544 1762 728 1834 χωρίῳ
770 1763 950 1816 πᾶσαν
986 1762 1165 1817 αὐτῶν
1204 1763 1303 1832 τὴν
1344 1765 1614 1836 ἀκρασίαν
1649 1765 2082 1836 ἀνακηρύττουσι
2108 1783 2121 1796 ·

543 1847 639 1900 καὶ
688 1846 751 1900 τὸ
805 1846 870 1917 δὴ
935 1845 1333 1918 χαλεπώτερον,
1397 1850 1478 1902 ὅτι
1541 1850 1637 1902 καὶ
1692 1848 2125 1912 καλλωπίζονται

542 1933 633 2001 ἐφ’
655 1925 736 1995 οἷς
766 1928 1187 2001 ἐπαισχύνεσθαι
1219 1932 1347 1987 ἔδει.
1398 1933 1529 1986 Ἀπό
1559 1951 1615 1987 τε
1649 1933 1757 2003 γὰρ
1787 1934 1897 1987 τῶν
1946 1932 2125 2006 θυρῶν

542 2014 713 2078 αύτάς
741 2012 942 2079 ἔξωθεν
968 2013 1278 2086 δεχόμενοι,
1319 2016 1413 2069 καὶ
1450 2016 1574 2070 ἀντὶ
1612 2016 1720 2070 τῶν
1750 2016 2020 2087 εὐνούχων
2041 2033 2127 2086 γι-

543 2098 760 2169 νόμενοι
795 2096 1034 2163 σοϐοῦσι,
1060 2099 1155 2153 καὶ
1181 2097 1583 2170 προηγούμενοι
1627 2100 1769 2171 μέγα
1813 2099 2120 2172 φρονοῦσιν,

542 2180 794 2246 ὁρώντων
846 2179 1122 2244 ἁπάντων,
1175 2182 1269 2235 καὶ
1320 2183 1379 2235 οὐ
1418 2182 1799 2248 καταδύονται,
1855 2183 1991 2237 ἀλλά
2029 2186 2125 2239 καὶ

543 2264 940 2332 ἐπαγάλλονται
964 2281 978 2294 ’
1015 2265 1109 2317 καὶ
1138 2264 1196 2317 ὲν
1227 2265 1376 2335 αὐτῷ
1424 2265 1481 2319 δὲ
1510 2266 1585 2337 τῷ
1614 2266 1722 2320 τῶν
1756 2267 2126 2337 φρικωδεστά·

542 2364 650 2400 των
684 2348 998 2420 μυστηρίων
1023 2345 1202 2419 καιρῷ
1231 2347 1400 2401 πολλὰ
1431 2348 1568 2420 πρὸς
1594 2348 1692 2421 τὴν
1738 2349 1965 2403 ἐκείνων
1990 2350 2125 2422 ἀρέ-

544 2448 731 2486 σκειαν
751 2431 1143 2496 διακονοῦνται,
1167 2431 1380 2497 πολλοῖς
1391 2433 1499 2486 τῶν
1524 2433 1774 2506 ὁρώντων
1789 2434 1960 2496 λαϐὰς
1982 2452 2125 2507 παρα

545 2518 779 2588 ἔχοντες.
825 2516 896 2568 Δί
919 2516 975 2570 δὲ
1025 2515 1208 2570 ἄθλιαι
1241 2517 1336 2569 καὶ
1376 2516 1748 2590 ταλαίπωροι,
1786 2517 1903 2572 δέον
1932 2519 2128 2592 ἀπείρ-

545 2618 662 2669 γειν
687 2602 883 2667 αὐτοὺς
911 2604 1011 2673 τῆς
1033 2599 1291 2675 τοιαύτης
1320 2601 1542 2672 χάριτος
1562 2643 1577 2667 ,
1621 2603 1713 2654 καὶ
1739 2600 2124 2672 ἐναϐρύνονται

547 2686 642 2738 καὶ
701 2684 842 2755 μέγα
892 2679 1170 2754 φρονοῦσι,
1226 2682 1417 2737 Καίτοι
1460 2683 1546 2747 τίς
1595 2684 1662 2738 ἀν
1711 2685 1744 2755 ἢ
1794 2685 2042 2749 ταύταις,
2087 2687 2120 2759 ἢ

544 2766 775 2831 ἐκείνοις
803 2768 856 2820 εῖ
876 2784 938 2835 γε
965 2765 1166 2837 ἦμελλέ
1194 2783 1316 2820 τινα
1359 2767 1498 2838 ἀρὰν
1541 2768 1869 2839 ἐπαρᾶσθαι,
1918 2768 2125 2841 ταύτης

544 2851 613 2904 ἂν
672 2845 797 2922 εὗρε
831 2849 1239 2921 χαλεπωτέραν,
1292 2849 1324 2919 ἢ
1372 2848 1513 2903 ὥστε
1567 2851 1794 2922 μυρίους
1842 2851 2125 2924 μάρτυρας

543 2935 687 3004 ἔχειν
716 2935 813 3004 τῆς
859 2931 1156 2996 ἀκολασίας
1203 2932 1413 2997 αὐτῶν,
1464 2934 1560 2987 καὶ
1612 2936 1669 2987 ἐν
1723 2939 1834 2999 τοῖς
1871 2936 2124 2989 ἁπάντων

546 3016 844 3087 ‹·φθα).μοῖς
877 3017 1240 3087 ἀσχημονεῖν;
1279 3017 1342 3069 Τί
1373 3017 1453 3070 δεῖ
1486 3016 1668 3086 λέγειν
1708 3018 1808 3071 ὃσα
1849 3021 1907 3072 ἐν
1936 3021 2125 3084 αὐταῖς

514 3100 525 3111 ’
546 3104 665 3164 ταῖς
699 3100 1014 3170 ἐκκλησίαις
1044 3100 1409 3173 ἀνατρέπεται
1457 3100 1542 3155 διὰ
1567 3101 1665 3173 τὴν
1699 3104 1903 3156 τούτων
1941 3105 2121 3176 χάριν,

548 3187 652 3240 ὅσα
679 3185 786 3240 τῶν
816 3184 910 3239 τοῦ
940 3184 1075 3238 Θεοῦ
1107 3185 1448 3256 πραγμάτων
1478 3186 1761 3256 ἀμελεῖται
1799 3186 1953 3259 παρά
1992 3188 2123 3242 πολ-

548 3270 676 3336 λῶν,
707 3269 847 3327 ῶστε
874 3270 947 3343 μὴ
979 3268 1385 3341 παροξυνθῆναι
1432 3271 1671 3336 ταύτας;
1722 3272 1834 3327 Καὶ
1870 3273 1924 3327 τί
1960 3271 2122 3343 λέγω,

549 3355 625 3427 μὴ
670 3354 1113 3427 παροξυνθῆναιζ
1164 3353 1322 3423 μόνον
1374 3352 1428 3405 εἴ
1468 3370 1554 3415 τις
1592 3354 1771 3409 αὐτῶν
1803 3354 2125 3427 σκυθρωπὸν

542 3443 621 3503 εἰς
660 3439 830 3502 αὐτὰς
873 3438 959 3510 ίδῃ
1005 3438 1097 3491 καὶ
1144 3437 1326 3507 ἀηδὲς,
1357 3438 1534 3491 πάντα
1585 3439 1865 3511 αἱροῦνται
1916 3441 2123 3511 ὑπομέ-

543 3543 670 3588 νειν,
713 3524 748 3594 ἦ
797 3522 956 3576 τοῦτο
1008 3521 1289 3575 παθοῦσαν
1347 3522 1560 3593 ἐκείνην
1606 3522 1890 3592 περιιδεῖν.
1968 3524 2125 3578 Ἀλλά

547 3610 706 3679 μέχρι
762 3606 904 3671 τίνος
957 3607 1053 3660 καὶ
1107 3607 1266 3676 ἡμεῖς
1321 3604 1740 3676 ἀσχημονοῦμεν
1790 3607 1857 3661 τὰ
1899 3607 2125 3662 ἐκείνων

542 3689 892 3762 διηγούμενοι
940 3690 1160 3754 πάντα;
1199 3690 1273 3742 Οὐ
1310 3689 1416 3759 γὰρ
1444 3689 1507 3758 δὴ
1552 3688 1710 3743 τοῦτο
1740 3691 2123 3762 προειλόμεθα,

544 3777 666 3829 ἐπεὶ
724 3773 935 3828 πολλῶν
986 3774 1052 3828 ἂν
1108 3772 1202 3825 καὶ
1250 3770 1476 3843 μακρῶν
1527 3773 1657 3842 ἡμῖν
1710 3773 1898 3842 ἐδέησε
1949 3774 2126 3843 λόγων

544 3860 720 3913 πάντα
755 3858 1039 3923 διεξιοῦσυ
1078 3855 1277 3927 μᾶλλον
1303 3855 1359 3907 δὲ
1387 3855 1565 3909 πάντα
1599 3855 1696 3926 μὲν
1717 3856 1838 3908 οὐδέ
1869 3856 2127 3927 βουλομέ-

543 3961 654 4007 νοις
686 3942 908 3996 δυνατὸν
943 3942 1139 4004 εἰπεῖν,
1183 3938 1339 4006 ὀλίγα
1378 3936 1434 3990 δὲ
1477 3939 1541 3991 ἐκ
1568 3937 1776 3991 πολλῶν
1810 3940 2123 4006 συνθέντας,

544 4027 639 4079 καὶ
689 4025 862 4089 οὕτως
910 4023 1090 4078 ἰκανὸν
1140 4019 1209 4092 ἦν
1264 4019 1604 4091 ἐργάσασθαι
1652 4021 1711 4074 τὸ
1760 4023 1970 4093 μῆκος⁸
2008 4025 2125 4079 ἀλλ’

543 4111 643 4163 οὐκ
697 4110 778 4172 εἰς
822 4108 978 4160 τοῦτο
1023 4107 1231 4177 ἥκομεν
1255 4144 1271 4169 ,
1328 4103 1464 4158 ἀλλά
1510 4106 1607 4159 καὶ
1648 4103 1854 4159 τούτων
1903 4107 2127 4175 ἄκοντες

545 4191 1032 4263 ἐμνημονεύσαμεν
1052 4228 1068 4250 ,
1111 4186 1251 4241 ὥστε
1288 4187 1482 4259 μικρὸν
1516 4188 1812 4259 ἐπιστύψαι
1844 4192 1970 4254 τοὺς
2003 4193 2127 4248 νοῦν

544 4276 767 4345 ἔχοντας
811 4272 919 4326 τῶν
964 4272 1330 4343 ἀκροωμένων
1361 4288 1375 4302 ο
1434 4271 1620 4325 λοιπὸν
1670 4272 1726 4326 δὲ
1791 4275 2127 4344 παρακαλεῖν

545 4360 650 4433 χρὴ
699 4358 793 4413 καὶ
833 4357 1115 4412 ίκετεύειν.
1166 4356 1365 4428 Δέομαι
1409 4357 1473 4428 δὴ
1523 4359 1617 4410 καὶ
1680 4358 1977 4425 ἀντιϐολῶ,
2032 4362 2126 4414 καί⁵

542 4442 653 4497 τῶν
689 4442 942 4512 γονάτων⁵
990 4440 1446 4513 προκυλινδοῦμαι
1499 4441 1607 4494 τῶν
1660 4441 1969 4514 ὑμετέρων,
2031 4445 2127 4497 καὶ

545 4527 725 4582 πᾶσαν
756 4525 1034 4597 ἱκετηρίαν
1060 4522 1271 4596 τίθημι,
1313 4522 1591 4595 πείσθητε.
1625 4525 1719 4577 καὶ
1746 4525 2126 4597 ἀνενέγκωμεν

544 4609 654 4666 ἀπὸ
684 4610 888 4682 ταύτης
933 4610 1032 4680 τῆς
1085 4608 1275 4679 μέθης,
1311 4611 1405 4662 καὶ
1432 4607 1640 4660 ἑαυτῶν
1673 4606 1980 4678 γενώμεθα,
2033 4612 2127 4663 καὶ

546 4695 644 4765 τὴν
669 4694 833 4766 τιμὴν
859 4691 1191 4764 ἐπιγνῶμεν,
1239 4692 1304 4763 ἥν
1346 4691 1578 4744 δέδωκεν
1604 4694 1631 4743 ὁ
1664 4691 1797 4754 Θεὸς
1824 4694 1987 4763 ἡμῖν,
2033 4695 2126 4747 καὶ

544 4779 638 4833 τοῦ
666 4777 875 4831 Παύλου
901 4775 1130 4847 βοῶντος
1161 4774 1483 4845 ἀκούσωμεν
1500 4790 1511 4802 ·
1540 4778 1597 4828 Μ
1605 4775 1636 4842 ὴ
1662 4776 1902 4843 γίνεσθε
1917 4776 2127 4831 δοῦλοι

544 4863 904 4930 ἀνθρώπων·
963 4860 1056 4913 καὶ
1115 4858 1455 4929 παυσώμεθα
1505 4858 1724 4927 γυναιξὶ
1781 4858 2127 4924 δουλεύοντες

545 4947 638 4999 ἐπὶ
687 4945 767 5017 τῷ
821 4946 985 5015 κοινῷ
1033 4943 1250 4997 πάντων
1311 4942 1468 5012 ἡμῶν
1500 4942 1726 5014 ὀλέθρῳ.
1784 4943 2128 5017 Στρατιώτας

544 5033 576 5100 η
588 5029 693 5098 μᾶς
737 5028 766 5081 ὁ
793 5028 1027 5098 Χριστὸς
1067 5027 1205 5079 εἶναι
1247 5022 1498 5095 βούλεται
1528 5028 1808 5094 γενναίους
1838 5029 1931 5083 καὶ
1962 5028 2127 5099 ἀθλη-

544 5113 662 5176 τάς,
705 5110 779 5177 Οὐ
815 5110 901 5163 διὰ
933 5109 1091 5163 τοῦτο
1124 5111 1271 5181 ἡμᾶς
1298 5108 1536 5162 ὥπλισεν
1574 5109 1630 5162 ἐν
1657 5112 1769 5171 τοῖς
1799 5110 1983 5173 ὅπλοις
2015 5115 2127 5175 τοῖς

518 5253 525 5263 ,
546 5195 957 5265 πνευματικοῖς,
995 5193 1081 5248 ἴνα
1102 5192 1279 5264 κορῶν
1295 5190 1712 5263 τριοϐολιμαίων
1741 5191 2128 5263 ἀναδεξώμεθα

548 5277 872 5349 ὑπηρεσίαν,
909 5277 994 5331 ἴνα
1042 5277 1170 5349 περὶ
1199 5277 1319 5348 ἔρια
1347 5275 1441 5329 καὶ
1474 5275 1653 5338 ἱστοὺς
1682 5275 1775 5327 καὶ
1804 5275 1904 5339 τάς
1948 5279 2127 5331 τοιαύ-

547 5381 646 5427 τας
677 5359 1037 5435 στρεφώμεθα
1069 5359 1367 5424 διακονίας,
1397 5358 1484 5412 ἵνα
1521 5356 1812 5430 νηθούσαις
1843 5360 1936 5414 καί
1967 5362 2128 5431 ὑφαι-

546 5448 764 5510 νούσαις
796 5443 1244 5518 παρακαθώμεθα
1267 5442 1534 5512 γυναιξὶν,
1562 5443 1646 5496 ἵνα
1669 5443 2000 5515 διατελῶμεν
2024 5449 2127 5500 πᾶ-

546 5550 645 5585 σαν
683 5532 896 5605 ἡμέραν
930 5531 1026 5585 καὶ
1059 5530 1166 5602 ἢθη
1201 5530 1298 5584 καὶ
1338 5530 1560 5602 ῥήματα
1598 5531 1883 5598 γυναικεῖα
1916 5533 1995 5593 εἰς
2026 5532 2125 5602 τὴν

543 5617 755 5670 ἑαυτῶν
798 5615 1300 5688 ἐναποματτόμενοι
1353 5614 1565 5685 ψυχήν·
1621 5614 1736 5667 ἀλλ’
1790 5615 1875 5667 ἵνα
1914 5613 2123 5683 βάλλω-

546 5719 644 5771 μεν
673 5702 773 5764 τὰς
806 5701 1073 5774 ἀοράτους
1096 5699 1354 5769 δυνάμεις
1397 5699 1496 5762 τὰς
1547 5698 1926 5768 ἀντικειμένας
1969 5701 2120 5770 ἡμῖν,

543 5785 629 5837 ἵνα
671 5785 996 5857 πλήττωμεν
1035 5784 1127 5837 τὸν
1170 5782 1579 5855 στρατηγοῦντα
1622 5783 1812 5846 αὐταῖς
1854 5783 2117 5847 διάϐολον,

547 5865 632 5918 ἵνα
658 5868 969 5939 ἐλαύνωμεν
1007 5868 1107 5931 τὰς
1136 5866 1334 5937 ἀγρίας
1358 5866 1466 5920 τῶν
1501 5866 1770 5937 δαιμόνων
1809 5866 2115 5937 φάλαγγας,

549 5947 632 5999 ἵνα
674 5953 1145 6022 κατασκάπτωμεν
1174 5950 1353 6004 αὐτῶν
1409 5950 1472 6005 τά
1514 5949 1863 6020 ὀχυρώματα,
1902 5950 1986 6005 ἵνα
2021 5952 2118 6018 τὰς

1217 310 1277 372 S.
1311 313 1602 371 JOANNIS
1632 316 2129 376 CHRYSOSTOMI
2164 319 2485 377 ARCHIEP.
2527 319 3073 377 CONS’FANTINOP.

3679 322 3797 377 510⁷

2230 433 2481 500 ἐξουσίας
2526 433 2622 490 τοῦ
2677 433 3115 506 κοσμοκράτορος
3160 428 3264 484 τοῦ.
3299 429 3523 492 σκότους
3554 428 3805 500 δήσαντες

2227 518 2608 589 αἰχμαλώτους
2657 520 2989 588 ἀγάγωμεν,
3048 516 3136 569 ἵνα
3191 514 3260 568 τὰ
3311 516 3659 583 πνευματικά
3714 514 3807 584 τῆς

2229 602 2495 674 πονηρίας
2519 602 2966 673 φυγαδεύσωμεν,
3000 600 3093 654 ἵνα
3120 599 3233 671 πῦρ
3254 597 3525 667 πνέωμεν,
3559 595 3653 650 ῖνα-
3680 597 3808 668 πρδς

2228 684 2639 753 καθημερινοίκ.
2656 685 2918 747 θανάτους
2949 683 3156 754 ἐτοιμοι
3178 676 3329 756 ὦμεν
3357 680 3451 733 καὶ
3473 696 3811 752 παρεσκευα-

2231 767 2437 837 σμένοι.
2490 766 2590 820 Διά
2639 766 2799 819 τοῦτο
2845 765 3095 818 ἐνέδυσεν
3147 764 3295 835 ἡμᾶς
3326 764 3419 815 τὸν
3445 761 3679 833 θώρακα
3722 764 3810 833 τῆς

2226 848 2593 920 δικαιοσύνης,
2643 848 2732 903 διὰ
2777 847 2934 902 τοῦτο
2985 848 3154 912 ἐζωσε
3200 849 3266 919 τῇ
3319 845 3462 917 ζώνῃ
3520 846 3627 916 τῆς
3673 846 3805 916 ἀλη-

2228 931 2399 999 θείας,
2429 933 2516 987 διά
2554 933 2710 987 τοῦτο
2761 932 3057 1002 περιέθηκε
3086 932 3186 1001 τὴν
3238 930 3679 1001 περικεφαλαίαν
3728 930 3813 983 τοῦ

2230 1016 2620 1087 σωτηρίου,διά
2643 1014 2803 1070 τοῦτο
2823 1015 3059 1084 ὐπέδησε
3079 1015 3206 1077 τοὺς
3224 1012 3389 1077 πόδας
3404 1012 3561 1084 ήμῶν
3573 1016 3642 1083 τῇ
3668 1011 3814 1087 [ΞΗ]

2227 1099 2511 1170 ἑτοιμασίᾳ
2538 1099 2632 1153 τοῦ
2662 1097 2996 1168 Εὐαγγελίου
3034 1099 3135 1167 τῆς
3166 1097 3412 1168 εἰρήνης,
3452 1096 3547 1155 καὶ
3576 1097 3682 1167 τὴν
3706 1097 3816 1168 μά-

2226 1198 2426 1251 χαιραν
2481 1181 2779 1252 ἐνεχείρισε
2839 1180 2935 1234 τοῦ
2994 1178 3302 1250 πνεύματος
3328 1220 3343 1243 ,
3406 1179 3678 1233 διὰ,τοῦτο
3710 1179 3815 1253 πῦρ

2227 1264 2439 1335 ἀφῆκεν
2468 1265 2548 1329 εἰς
2592 1263 2693 1328 τὰς
2743 1264 3020 1334 ἡμετέρας
3050 1262 3246 1334 ψυχάς.
3283 1261 3354 1315 Εἰ
3374 1279 3496 1317 τινα
3540 1258 3660 1328 οὖν,
3698 1265 3814 1317 εἰπέ

2231 1362 2342 1415 μοι,
2374 1345 2481 1401 τῶν
2516 1345 2868 1419 στρατιωτῶν
2889 1344 3030 1417 μετά
3056 1346 3116 1399 τὸ
3145 1344 3468 1417 περιθέσθαι
3501 1345 3563 1399 τὺ
3594 1346 3813 1416 κράνος,

2227 1428 2327 1492 τὰς
2358 1429 2647 1502 κνημῖδας,
2673 1430 2764 1485 τὸν
2794 1429 3040 1501 θώρακα,
3078 1430 3217 1501 μετά
3246 1429 3308 1482 τὸ
3331 1429 3519 1483 λαϐεῖν
3547 1431 3611 1482 τὸ
3641 1427 3813 1498 ξίφος,

2225 1512 2286 1565 τὸ
2317 1512 2467 1583 δόρυ,
2518 1512 2614 1585 τὴν
2665 1513 2977 1581 ἀσπίδα,τά
3009 1513 3163 1580 τόξα,
3195 1512 3265 1565 τὰ
3305 1512 3457 1582 βέλη,
3493 1513 3601 1583 τὴν
3649 1515 3818 1583 φαρέ-

2226 1610 2384 1666 τραν,
2419 1596 2518 1666 τῆς
2554 1597 2855 1666 σάλπιγγος
2898 1596 3155 1669 λαμπρὸν
3200 1597 3440 1668 ὴχούσης
3471 1599 3573 1652 καὶ
3613 1599 3817 1662 πάντας

2227 1677 2332 1742 ἔξω
2364 1677 2656 1750 καλούσης,
2695 1679 2804 1733 τῶν
2831 1697 2904 1734 τε.
2919 1679 3194 1751 πολεμίων
3234 1680 3479 1752 σφοδρῶς
3517 1681 3815 1745 πνεόντων,

2227 1762 2322 1814 καὶ
2364 1763 2460 1832 τὴν
2490 1762 2645 1816 πόλιν
2672 1764 2737 1815 ἐκ
2772 1762 2988 1835 βάθρων
3017 1763 3334 1817 ἀνασπάσαι
3369 1764 3819 1834 παρεσκευασμέ-

2227 1862 2353 1907 νων,
2383 1840 2524 1909 εἶδες
2546 1848 2646 1900 οὐκ
2672 1848 2764 1901 ἐπὶ
2791 1848 2890 1918 τὴν
2920 1846 3228 1917 παράταξιν
3251 1846 3357 1911 ἔξω
3380 1848 3683 1918 τρέχοντα,
3706 1848 3816 1901 ἀλλ’

2228 1929 2307 1990 εἰς
2326 1929 2502 1982 οἰκίαν
2528 1931 2788 1996 εἰσιόντα,
2832 1932 2929 1986 καὶ
2958 1932 3182 2000 γυναικὶ
3215 1930 3689 2002 παρακαθήμενον
3724 1948 3817 2000 με·

2224 2012 2294 2064 τά
2319 2011 2428 2066 τῶν
2448 2012 2630 2067 ὅπλων
2661 2015 2905 2071 ἐκείνων·
2941 2010 3031 2086 ἆρ’
3066 2016 3167 2069 οὐκ
3194 2014 3281 2079 ἂν,
3304 2017 3358 2070 εἴ
3381 2032 3445 2084 γε
3472 2015 3626 2087 ἐξῆν,
3653 2017 3818 2086 μέσον

2228 2093 2295 2146 τὸ
2325 2095 2478 2165 ξίφος
2523 2095 2806 2168 διήλασας,
2843 2099 2979 2170 μηδέ
3025 2098 3181 2167 λόγου
3214 2097 3513 2169 μεταδούς-ς
3567 2099 3631 2150 Εἰ
3664 2098 3726 2150 δὲ
3758 2100 3818 2151 σύ

2224 2179 2493 2253 τοσαύσης
2534 2180 2602 2234 ἂν
2648 2182 2925 2254 ἐπλήσθης
2980 2182 3172 2254 ὀργῆς,
3218 2182 3335 2246 πῶς
3381 2183 3485 2236 οἴει
3544 2183 3638 2236 τὸν
3689 2182 3821 2236 Θεὸν

2226 2261 2319 2315 ἐπὶ
2348 2266 2462 2327 τοῖς
2499 2264 2633 2318 πολὺ
2670 2265 2876 2319 τούτων
2907 2266 3275 2338 ἀτοπωτέροις
3323 2265 3669 2330 διακεῖσθαι;
3719 2267 3822 2319 Το-

2226 2346 2401 2417 σούτῳ
2447 2346 2555 2419 γάρ
2600 2350 2929 2422 αἰσχρότερα
2976 2350 3149 2403 ταῦτα
3192 2350 3420 2404 ἐκείνων
3454 2351 3545 2404 καὶ
3597 2350 3820 2403 ἀτοπώ-

2223 2446 2379 2502 τερα,
2419 2432 2529 2503 ὅσῳ
2572 2434 2668 2487 καὶ
2695 2435 2723 2486 ὁ
2757 2434 2993 2505 πόλεμος
3025 2433 3426 2505 χαλεπώτερος,
3478 2433 3576 2487 καὶ
3621 2434 3673 2487 οί
3721 2450 3822 2487 πο-

2224 2511 2402 2584 λέμιοι
2430 2516 2799 2589 σφοδρότεροι,
2828 2519 3011 2572 καὶτὰ
3038 2517 3250 2572 ἔπαθλα
3277 2518 3407 2588 περὶ
3425 2511 3501 2570 ὧν
3529 2518 3559 2569 ὁ
3586 2517 3824 2588 πόλεμος

2228 2597 2420 2667 μείζω,
2463 2600 2558 2652 καὶ
2589 2601 2766 2654 πάντα
2801 2600 2988 2664 ἁπλῶς
3016 2602 3271 2655 τοσοῦτον
3310 2600 3660 2673 ἐξήλλακται,
3697 2602 3821 2653 ὅσον

2224 2680 2482 2753 ἀληθείας
2502 2684 2597 2737 καὶ
2613 2686 2772 2748 σκιᾶς
2791 2685 2852 2737 τὸ
2884 2684 3069 2752 μέσον.
3095 2685 3186 2757 Μὴ
3210 2686 3273 2757 δὴ
3308 2685 3822 2756 καταμαλάττωμεν

2224 2763 2381 2834 ἡμῶν
2429 2764 2528 2836 τὴν
2584 2768 2758 2836 ἰσχὺν,
2820 2768 2955 2839 μηδὲ
2989 2768 3348 2839 ἐκκόπτωμεν
3391 2768 3459 2821 τὰ
3497 2767 3669 2838 νεῦρα
3701 2771 3820 2831 ταῖς

2223 2848 2462 2919 ὁμιλίαις
2513 2849 2772 2912 ταύταις·
2826 2852 2920 2905 καὶ
2967 2852 3075 2925 γὰρ
3109 2852 3317 2921 ἀφατος
3350 2852 3447 2906 καὶ
3495 2853 3668 2923 πολλὴ
3698 2855 3822 2915 ταῖς

2224 2931 2425 3002 ψυχαῖς
2450 2931 2608 3003 ήμῶν
2639 2933 2894 2988 ἐντεῦθεν
2949 2937 3122 3006 εξσρεῑ
3148 2935 3334 2989 κακία.
3365 2936 3431 2987 Τί
3469 2935 3603 3006 γὰρ,
3647 2936 3699 2988 εἰ
3726 2936 3822 2988 καὶ

2228 3017 2303 3085 μὴ
2327 3013 2710 3087 αἰσθανώμεθα
2744 3020 2810 3090 τῇ
2836 3018 2989 3090 φιλία
3023 3019 3309 3090 μεθύοντες
3336 3036 3349 3083 ;
3375 3019 3537 3073 τοῦτο
3561 3020 3669 3091 γάρ
3689 3019 3826 3073 αὐτὸ

2228 3098 2448 3154 πάντων
2476 3101 2593 3153 ἐστὶ
2618 3100 2944 3165 δεινότατον,
2975 3103 3058 3156 ὅτι
3083 3103 3205 3156 οὐδὲ
3247 3103 3416 3175 ἴσμεν
3449 3105 3601 3168 ὅπως
3627 3107 3824 3157 ἐκνευ-

2227 3181 2526 3254 ριζώμεθα,
2563 3185 2655 3238 καὶ
2678 3184 3074 3256 κηροῦηπαντὸς
3099 3184 3381 3256 γινώμεθα
3410 3188 3819 3259 μαλακώτεροι.

2225 3266 2492 3339 Καθάπερ
2521 3268 2629 3339 γάρ
2658 3285 2742 3332 cs;
2763 3269 2951 3323 λέοντα
2976 3269 3182 3341 γαῦρον
3203 3271 3299 3323 καὶ
3317 3270 3574 3343 βλοσυρδν
3594 3271 3825 3341 βλέπον.

2224 3368 2293 3403 τα
2316 3350 2517 3418 λαϐὼν,
2550 3348 2667 3405 εἶτα
2705 3353 3006 3424 ἀποκείρας
3046 3353 3145 3423 μὲν
3176 3352 3273 3423 τὴν
3299 3354 3498 3424 κόμην,
3532 3354 3739 3409 ἀνελὼν
3763 3355 3829 3409 δὲ

2224 3434 2350 3497 τοὺς
2369 3434 2588 3498 ὀδόντας
2605 3435 2698 3488 καί⁵
2726 3453 2793 3488 πε
2808 3436 3002 3507 ριελὼν
3033 3438 3160 3500 τοὺς
3174 3437 3392 3508 ὄνυχας,
3420 3438 3649 3510 αἰσχρὸν
3678 3442 3831 3494 ποιεῖ

2226 3515 2322 3569 καὶ
2358 3518 2764 3586 καταγέλαστον
2798 3519 2900 3573 καὶ
2951 3519 3184 3584 παιδίοις
3232 3520 3705 3590 εὐκαταγώνιστον
3730 3522 3831 3576 τὸν

2226 3600 2456 3670 φοϐερὸν
2488 3602 2582 3654 καὶ
2624 3602 2918 3674 ἀφόρητον,
2952 3603 3064 3655 ’καὶ
3111 3603 3219 3657 ἀπὸ
3272 3605 3437 3675 μόνου
3468 3605 3564 3658 τοῦ
3613 3606 3825 3677 βρυχή-

2229 3700 2400 3752 ματος
2453 3686 2630 3740 πάντα
2683 3687 2924 3740 σείονταο
2961 3686 3104 3740 οὓτω
3156 3686 3220 3758 δὴ
3270 3689 3365 3742 καὶ
3420 3684 3581 3743 αὗται
3609 3692 3831 3755 πάντας

2181 3786 2201 3804 ο
2224 3769 2381 3832 ὅσους
2409 3768 2503 3822 ἐὰν
2541 3770 2778 3825 λάϐωσιν
2803 3770 3165 3841 εὐχειρώτους
3200 3770 3276 3842 τῷ
3305 3772 3538 3843 διαϐόλῳ
3576 3773 3823 3837 ποιοῦσι,

2229 3849 2673 3924 μαλακωτέρους,
2732 3852 3119 3925 θερμοτέρους,
3181 3854 3597 3925 ἀναισχύντους,
3656 3859 3826 3927 ἀνοή-

2225 3951 2384 4001 τους,
2437 3936 2790 4007 ἀκροχόλους,
2849 3935 3091 4006 θρασεῖς,
3155 3937 3450 4009 ἀκαίρους,
3501 3942 3822 4005 ταπεινοὺς,

2227 4018 2492 4087 ἀγεννεῖς,
2521 4019 2772 4091 ἀπηνεῖς,
2805 4020 3216 4092 δουλοπρεπεῖς,
3255 4022 3670 4093 ἀνελευθέρους,
3708 4027 3827 4077 ἰτα-

2228 4103 2384 4170 μοὺς,
2414 4101 2705 4173 φλυάρους,
2747 4104 2838 4157 καὶ
2865 4103 3051 4167 ἁπλῶς
3087 4104 3265 4157 πάντα
3295 4104 3362 4158 τὰ
3390 4110 3685 4174 γυναικεῖα
3710 4107 3824 4178 ῆθη

2225 4183 2296 4238 τά
2324 4185 2693 4257 διεφθαρμένα
2716 4186 2979 4258 φέρουσαι
3008 4189 3088 4253 εἰς
3117 4188 3215 4252 τάς
3252 4188 3457 4242 τούτων
3502 4191 3826 4262 ἐναπομάτ-

2227 4286 2407 4322 τονται
2438 4268 2638 4340 ψυχάς.

2302 4357 2387 4407 ια’.
2419 4353 2532 4406 Καὶ
2550 4353 2660 4425 γὰρ
2677 4354 2956 4426 ἀμήχανον
2974 4355 3064 4409 τὸν
3076 4356 3288 4425 γυναιξὶ
3309 4357 3657 4412 συνοικοῦντα
3680 4360 3826 4430 μετά

2230 4434 2577 4505 συμπαθείας
2601 4436 2892 4508 τοσαύτης,
2924 4441 3018 4492 καὶ
3055 4441 3176 4503 ταῖς
3197 4441 3421 4492 ἐκείνων
3453 4443 3826 4513 ἐνστρεφόμε-

2228 4537 2316 4573 νον
2345 4519 2602 4590 ὁμιλίαις,
2630 4520 2704 4592 μὴ
2732 4521 2980 4594 ἀγύρτην
3010 4523 3132 4576 τινὰ
3161 4521 3302 4576 εἶναι
3328 4525 3423 4577 καὶ
3451 4525 3710 4598 ἀγοραῖον
3726 4528 3827 4580 καὶ

2229 4602 2565 4674 συρφετώδη.
2598 4603 2716 4657 Κᾶν
2744 4607 2851 4673 γάρ
2896 4605 3201 4676 φθέγγηταί
3245 4624 3319 4670 τι,
3360 4607 3541 4662 πάντα
3566 4609 3675 4675 ἅπρ
3707 4611 3823 4663 τῶν

2232 4687 2392 4740 ἱστῶν
2431 4688 2524 4741 καὶ
2558 4687 2667 4739 τῶν
2700 4689 2863 4759 ἐρίων
2903 4687 3221 4757 φθέγγεται,
3255 4690 3355 4760 τῆς
3376 4692 3624 4763 γλώττης
3648 4692 3824 4747 αὐτοῦ

2226 4773 2293 4841 τῇ
2311 4771 2554 4841 ποιότητι
2576 4769 2682 4823 τῶν
2712 4771 3036 4839 γυναικείων
3067 4773 3512 4844 ἀναχρωσθείσης
3535 4776 3821 4845 ῥημάτωνο

2228 4855 2332 4907 κᾶν
2367 4855 2495 4924 ποιῇ
2520 4870 2591 4914 τι,
2624 4853 2762 4924 μετά
2791 4854 2990 4926 πολλῆς
3013 4855 3174 4909 τοῦτο
3200 4857 3497 4928 ἐργάσεται
3523 4858 3827 4931 δουλοπρε-

2231 4937 2410 5003 πείας,
2440 4938 2630 5009 πόρρω
2649 4937 2748 5007 τῆς
2780 4939 3127 5010 Χριστιανοῖς
3156 4940 3476 5012 πρεπούσης
3505 4942 3826 5015 ἐλευθερίας

2230 5022 2421 5076 ἑαυτὸν
2448 5021 2761 5086 ἀποικίσας,
2793 5023 2887 5075 καὶ
2913 5023 3050 5092 πρὸς
3070 5023 3222 5077 οὐδὲν
3251 5025 3359 5079 τῶν
3392 5027 3647 5096 μεγάλων
3683 5046 3823 5081 κατ-

2237 5103 2576 5175 ορτὶωμάτων
2609 5104 2895 5175 γενόμενος
2945 5109 3239 5178 χρήσιμος.
3268 5109 3379 5161 Καὶ
3414 5110 3545 5181 γὰρ,
3585 5113 3635 5163 εί
3682 5113 3850 5183 πρδςλ

2229 5187 2297 5242 τὰ
2324 5187 2553 5257 βιωτικά
2577 5186 2671 5241 καὶ
2701 5187 2951 5242 πολιτικά
2968 5192 3266 5262 πράγματα
3283 5192 3557 5264 ἄχρηστος
3585 5194 3614 5245 ὁ
3640 5194 3823 5247 τοιοῦ-

2229 5290 2342 5336 τος,
2397 5271 2577 5342 πολλῴ
2629 5272 2830 5342 μᾶλλον
2853 5273 2988 5343 πρὸς
3020 5277 3080 5328 το
3106 5275 3215 5328 τῶν
3240 5277 3634 5347 πνευματικῶν
3657 5279 3825 5349 μέγεο

2230 5357 2340 5421 θος,
2395 5355 2432 5410 ἃ
2479 5356 2718 5427 τοσούτῳ
2758 5356 2927 5410 δεῖται
2957 5369 2984 5397 α
3017 5358 3407 5430 γενναιοτέρων
3455 5361 3686 5431 ἀνδρῶν,
3746 5363 3824 5427 ὡς

2234 5440 2369 5510 μηδέ
2398 5440 2667 5494 ἅπτεσθαι
2695 5441 2876 5495 αὐτῶν
2903 5441 3163 5496 δύνασθαι
3195 5443 3322 5506 τοὺς
3353 5443 3653 5513 μέλλοντας
3679 5446 3822 5500 αὐτά

2234 5523 2496 5595 μετιέναι,
2531 5526 2579 5576 εί
2613 5523 2694 5595 μὴ
2718 5524 2938 5594 ἄγγελοι
2968 5525 3210 5593 γένοιντο
3240 5525 3301 5590 ἐξ
3326 5525 3654 5597 ἀνθρώπιον.
3691 5531 3811 5581 Οὐκ

2226 5608 2380 5662 αὐτοὶ
2396 5607 2453 5660 δὲ
2482 5607 2641 5679 μόνον
2668 5610 2867 5662 κακίαν
2893 5608 3239 5681 ὑποδέχονται
3254 5608 3693 5681 τοσαύτην,ἀλλά
3722 5613 3823 5665 καὶ

2230 5693 2465 5755 ἐκείναις
2510 5692 2658 5762 ἠθῶν
2682 5692 3089 5765 διεφθαρμένων
3134 5694 3294 5746 αίτιοι
3328 5693 3591 5762 γίνονται.
3630 5695 3825 5750 Καθά-

2234 5770 2339 5845 περ
2384 5775 2491 5847 γὰρ
2537 5770 2681 5829 οὗτοι
2718 5777 2919 5847 σφόδρα
2966 5777 3156 5840 αὐταῖς
3202 5776 3459 5847 ἀρέσκειν
3496 5777 3821 5850 βουλόμενοι

2231 5860 2327 5930 τῆς
2352 5859 2726 5931 ἁρμοττούσης
2760 5861 3033 5925 πολιτείας
3084 5859 3463 5916 ἐκϐαίνουσιν·
3521 5860 3670 5919 οὕτω
3722 5865 3821 5924 καὶ

2293 5963 2317 5992 ⁸
2344 5962 2672 6027 Βω·ἰι.δεῖται,
2695 5963 2865 6016 Morel.
2893 5964 2980 6015 δεῖ.
