4060 6136
197 236 290 292 509

198 347 498 422 argentariis
535 346 745 416 negotia
787 361 892 400 non
926 346 1131 401 habet:
1161 361 1265 400 non
1307 346 1448 400 enim
1478 352 1762 415 paupertas

199 447 341 509 sinit;
387 455 556 510 neque
587 439 786 493 assidet
812 437 1042 494 ofﬁcinis
1069 440 1450 508 unguentariis.
1495 437 1601 493 Sed
1645 451 1766 491 cum

197 533 454 592 Sutoribus
495 539 550 586 et
591 530 884 585 textoribus
908 539 964 585 et
1003 530 1423 600 \‘ariegatoribus
1448 537 1503 584 et
1531 527 1770 582 tinctori-

195 633 284 684 bus
330 625 552 678 multum
594 631 959 676 conversatur.
1025 621 1095 675 Et
1143 620 1271 690 quid
1311 635 1445 688 opus
1489 633 1769 674 recensere

193 717 374 771 sordes
399 729 605 778 omnes,
631 722 688 765 ut
712 711 924 781 quando
955 711 1007 765 in
1034 711 1250 765 domum
1285 711 1502 773 intrant,
1523 723 1628 778 quo
1644 708 1772 762 sub-

196 821 400 877 tegmen
426 821 489 861 ac
518 787 740 860 tramam
769 804 1036 868 vendant,
1085 812 1139 857 et
1175 802 1369 856 deinde
1407 802 1460 854 in
1509 800 1659 865 foro,
1714 809 1772 852 ut

195 898 313 952 talia
348 897 533 951 iterum
565 895 872 964 requirant?
904 894 970 948 Et
993 893 1106 948 hzec
1128 891 1340 964 quidem
1362 890 1540 957 domi,
1573 890 1625 944 in
1657 890 1772 944 foro

197 997 369 1043 autem
395 988 502 1041 risu
533 986 770 1056 digniora
801 985 999 1040 ferunt.

269 1099 352 1154 10.
381 1098 436 1152 1η
462 1097 688 1151 ecclesia
714 1111 842 1152 vero
869 1096 974 1152 dici
1006 1111 1108 1151 non
1142 1105 1316 1166 potest
1342 1103 1538 1166 quanta
1567 1095 1636 1150 sit
1657 1103 1773 1149 tur-
1801 1139 1805 1143 .

202 1188 396 1259 pitudo.
445 1187 578 1242 Nam
609 1188 758 1256 quasi
787 1195 1033 1256 oporteat
1067 1195 1124 1240 ιιι
1161 1187 1311 1242 locus
1341 1185 1517 1242 nullus
1556 1186 1802 1240 illorum‘

203 1277 764 1351 opprobriumignoret
783 1285 836 1332 et
857 1278 1169 1332 illiberalem
1206 1277 1551 1343 servitutem,
1597 1277 1674 1332 sic
1720 1278 1772 1331 in

204 1374 318 1428 loco
363 1372 460 1427 hoc
491 1381 677 1426 sancto
711 1379 767 1426 et
804 1371 1028 1426 terribili
1056 1371 1305 1425 omnibus
1330 1385 1481 1426 suam
1515 1372 1776 1440 intempe-

203 1464 417 1518 rantiam
459 1463 787 1532 praedicant;
828 1471 917 1528 et,
945 1462 1085 1532 quod
1114 1462 1296 1530 utique
1335 1464 1547 1532 gravius
1571 1503 1586 1528 ,
1615 1478 1676 1518 ea
1719 1478 1778 1517 re

201 1557 508 1625 gloriantur,
534 1556 604 1609 ob
623 1571 780 1624 quam
803 1555 1120 1609 erubescere
1141 1555 1441 1624 oportebat.
1468 1555 1606 1610 Ante
1636 1554 1778 1609 fores

203 1648 339 1714 ipsas
365 1646 655 1714 excipiunt,
682 1646 1048 1699 cunuchorum
1079 1646 1196 1699 loco
1222 1645 1518 1700 inserviunt
1543 1687 1558 1710 ,
1588 1645 1778 1699 obvios

202 1737 511 1790 submovent
537 1775 550 1800 ,
595 1750 657 1789 ac
689 1744 999 1804 -pr:eeuntes
1025 1735 1191 1790 altum
1221 1735 1432 1805 sapiunt
1475 1734 1780 1789 videntibus

201 1825 459 1885 omnibus.
491 1833 546 1879 et
574 1840 676 1879 non
698 1825 1137 1889 verecundantur,
1160 1825 1250 1880 sed
1271 1842 1331 1880 ea
1354 1841 1412 1880 re
1437 1826 1731 1896 gloriantur
1764 1847 1776 1881 :

203 1926 354 1987 atque
393 1917 442 1970 in
491 1917 607 1986 ipso
653 1926 836 1970 sancto
861 1925 913 1971 et
945 1916 1212 1972 horrendo
1242 1917 1613 1988 mysteriorum
1648 1927 1783 1971 tem-

204 2022 327 2076 pore
358 2008 723 2062 ministrantes
762 2007 828 2062 ad
879 2023 1062 2062 earum
1108 2010 1360 2078 placitum
1391 2052 1405 2074 ,
1461 2011 1782 2065 criminandi

203 2099 506 2153 occasiones
554 2100 734 2154 multis
785 2100 1108 2156 intuentibus
1156 2102 1416 2170 praebent.
1467 2102 1574 2156 Illa:
1603 2113 1780 2157 autem

202 2191 404 2245 miserae
435 2201 489 2245 et
520 2192 842 2246 calamitosa:
866 2235 882 2260 ,
928 2207 1048 2246 cum
1095 2203 1368 2262 oporteret
1405 2194 1474 2248 ab
1519 2193 1620 2248 hac
1663 2194 1782 2250 illos

203 2283 365 2351 gratia
392 2282 678 2351 prohibere
698 2325 713 2349 ,
748 2283 834 2337 illa
865 2285 1082 2354 insuper
1107 2285 1405 2354 gloriantur
1427 2286 1781 2341 et‘conﬁden-

203 2372 363 2427 tiores
390 2372 542 2427 ﬁunt.
574 2373 903 2444 Quamquam
933 2375 976 2428 si
1004 2375 1122 2444 quis
1153 2376 1232 2430 vel
1261 2376 1346 2439 iis,
1376 2377 1463 2432 vel
1483 2376 1588 2432 illis
1614 2377 1784 2432 male-

203 2463 375 2517 dicere
396 2464 590 2530 vellet,
620 2465 744 2533 quid
771 2465 1054 2520 maledicto
1094 2465 1194 2520 hoc
1238 2466 1498 2522 inveniret
1526 2469 1776 2533 atrocius,

201 2565 355 2620 quam
389 2563 445 2606 ut
467 2562 572 2606 tam
601 2554 892 2608 innumeris
916 2555 1136 2610 testibus
1167 2557 1571 2626 intemperantia
1597 2573 1782 2614 eorum

200 2653 472 2712 arguatur,
500 2651 555 2696 et
583 2643 630 2696 in
653 2644 819 2697 oculis
841 2646 1080 2699 omnium
1110 2645 1249 2702 fmde
1265 2634 1468 2718 agant?
1496 2649 1630 2717 Quid
1650 2665 1784 2719 opus

203 2741 283 2786 est
323 2733 509 2788 dicere
535 2743 664 2803 quot
700 2734 749 2788 in
791 2735 1028 2790 ecclesiis
1063 2737 1132 2790 ob
1163 2737 1369 2791 illarum
1397 2739 1623 2810 gratiam
1653 2739 1782 2794 sub-

201 2836 510 2890 vertantur,
566 2836 694 2897 quot
738 2827 914 2882 divina
951 2843 1110 2898 opera
1139 2845 1166 2882 a
1199 2831 1380 2885 multis
1427 2831 1781 2901 negligantur,

203 2925 255 2970 ut
277 2932 344 2970 ne
372 2916 469 2969 has
494 2918 737 2972 irritent?
784 2919 852 2972 Et
879 2920 1005 2987 quid
1045 2920 1164 2974 dico
1196 2935 1262 2974 ne
1298 2921 1547 2974 irritent?
1589 2921 1634 2974 si
1665 2921 1785 2990 quis

204 3014 408 3060 tantum
459 3007 732 3060 insuavius
777 3016 831 3061 et
877 3009 1079 3062 tristius
1125 3024 1216 3062 eas
1254 3009 1554 3078 aspexerit,
1605 3009 1783 3063 omnia

202 3097 408 3149 malunt
454 3097 625 3161 ferre,
677 3112 835 3165 quam
878 3097 1214 3152 dissimulare
1254 3099 1394 3152 illam
1443 3098 1546 3153 hoc
1575 3113 1783 3168 passam

201 3199 336 3238 esse.
391 3184 500 3238 Sed
529 3199 803 3253 quousque
833 3185 1044 3239 tandem
1073 3195 1127 3240 et
1151 3202 1249 3242 nos
1276 3186 1418 3242 finde
1447 3189 1652 3258 agimus
1670 3228 1684 3254 ,
1715 3188 1784 3243 il-

204 3273 375 3328 lorum
408 3274 586 3327 omnia
618 3275 974 3328 enarrantes?
1012 3275 1126 3329 Non
1159 3276 1340 3345 utique
1375 3276 1477 3331 hoc
1501 3277 1784 3346 proposui-

201 3377 320 3415 mus
346 3381 360 3416 :
396 3378 518 3416 nam
540 3363 583 3416 si
609 3364 785 3417 omnia
807 3373 1034 3420 tractare
1059 3365 1317 3431 velimus,
1352 3367 1516 3421 multa
1547 3376 1601 3421 et
1630 3368 1784 3438 longa

205 3455 356 3510 nobis
396 3456 641 3510 oratione
679 3471 812 3525 opus
854 3466 1040 3511 esset:
1073 3458 1178 3512 imo
1210 3459 1252 3512 si
1301 3461 1530 3513 maxime
1570 3460 1782 3527 vellem,

203 3561 306 3600 non
331 3554 554 3616 possent
576 3547 752 3601 omnia
776 3547 901 3611 dici,
920 3547 1367 3618 quandoquidem,
1402 3550 1524 3604 dum
1552 3566 1619 3605 ex
1646 3551 1786 3604 mul-

205 3636 271 3691 tis
299 3652 471 3705 pauca
507 3637 804 3706 colligimus
828 3679 844 3704 ,
889 3638 1048 3692 etiam
1086 3640 1163 3693 sic
1205 3640 1392 3708 prolixi
1428 3654 1634 3695 sumus.
1681 3639 1786 3695 Sed
1810 3640 1822 3651 ’

204 3742 307 3781 non
333 3728 402 3782 ad
432 3727 536 3780 hoc
565 3728 827 3796 venimus,
860 3744 1042 3783 verum
1072 3729 1224 3783 inviti
1253 3730 1318 3784 ad
1345 3731 1554 3784 illorum
1583 3746 1786 3784 memo-

203 3817 338 3870 riam
383 3819 522 3886 rapti
567 3834 787 3885 sumus,
838 3829 896 3873 ut
942 3820 1145 3874 cordati
1189 3821 1461 3876 auditores
1501 3838 1785 3893 parumper

204 3907 625 3973 admonerentur
656 3927 667 3962 :
696 3909 1138 3980 quod’reliquum
1177 3919 1288 3978 est,
1339 3927 1515 3980 opera:
1557 3914 1784 3981 pretium

203 3998 414 4053 videtur
439 4009 496 4052 ιιι
519 4001 938 4056 obsecrationem
957 4011 1009 4056 et
1037 4006 1392 4072 precationem
1415 4004 1782 4058 adhibeamus.

205 4087 311 4143 Oro
343 4090 508 4160 igitur
537 4099 589 4143 et
613 4092 853 4158 supplico
877 4132 891 4155 ,
924 4101 978 4145 et
1005 4101 1128 4146 ante
1157 4109 1325 4162 genua
1350 4104 1526 4148 vestra
1549 4111 1634 4149 me
1663 4110 1786 4163 pro-

205 4179 380 4246 volvo,
429 4188 591 4247 atque
620 4179 810 4233 obnixe
841 4197 966 4250 rogo
991 4221 1006 4246 ,
1036 4183 1457 4250 persuadeamini
1476 4225 1490 4249 ,
1521 4186 1663 4238 etab
1691 4184 1789 4240 hac

204 4282 547 4338 emergamus
575 4269 829 4324 ebrietate
853 4288 867 4336 ;
915 4273 1082 4325 simus
1108 4274 1278 4327 nostri
1305 4274 1539 4343 ipsorum
1565 4291 1786 4344 compo-

207 4369 306 4426 tes,
329 4372 383 4416 et
407 4376 758 4432 agnoscamus
783 4363 1058 4430 honorem,
1087 4381 1245 4435 quem
1275 4366 1424 4421 dedit
1447 4368 1600 4421 nobis
1623 4369 1780 4431 Deus,

204 4461 258 4502 et
283 4451 513 4506 Paulum
541 4453 860 4507 clamantem
888 4454 1162 4509 audiamus
1191 4472 1203 4508 :
1239 4455 1322 4510 Ne
1340 4458 1449 4510 sitis
1474 4459 1600 4511 servi
1622 4459 1787 4510 Immi-

205 4558 325 4596 num
354 4543 432 4617 (1.
463 4543 582 4597 Cor.
615 4546 668 4598 7.
689 4544 781 4616 25)
807 4563 820 4610 ;
852 4554 906 4600 et
930 4547 1235 4600 desinamus
1263 4557 1318 4602 ut
1347 4548 1638 4602 serviamus
1668 4565 1785 4602 mu-

205 4633 424 4688 lieribus
439 4634 512 4716 ad
529 4649 862 4689 communem
888 4637 1122 4690 omnium
1141 4646 1442 4691 nostrorum
1470 4638 1782 4706 perniciem.
1814 4673 1832 4688 .

204 4725 396 4780 Milites
438 4741 540 4780 nos
581 4741 699 4782 esse
739 4727 985 4784 Christus
1023 4730 1134 4783 vult
1175 4739 1418 4784 strenuos
1447 4740 1501 4784 et
1536 4729 1783 4784 athletas.

203 4815 317 4870 Non
347 4827 571 4887 propter
591 4819 691 4874 hoc
716 4835 813 4874 nos
843 4822 1073 4875 armavit
1097 4823 1258 4876 armis
1286 4823 1650 4891 spiritualibus
1673 4864 1687 4888 ,
1724 4832 1786 4899 ut.

203 4907 507 4973 puellarum
554 4909 919 4965 triobolarium
964 4913 1253 4967 ministeria
1296 4914 1682 4983 suscipiamus,
1731 4923 1786 4968 ut

199 4999 341 5053 circa
389 4999 544 5053 lanas
571 5009 625 5054 et
667 5005 893 5058 stamina
919 5013 973 5059 et
1012 5005 1111 5058 alia
1157 5006 1450 5060 ministeria
1489 5021 1779 5072 versemur,

199 5095 256 5140 ut
285 5089 621 5142 assideamus
647 5093 970 5149 mulierculis
1000 5097 1244 5150 nentibus
1269 5105 1323 5150 et
1351 5098 1652 5152 texentibus
1678 5137 1692 5162 ,
1729 5106 1787 5151 ut

141 5206 150 5218 ι
201 5183 370 5230 totum
401 5179 546 5234 diem
569 5196 942 5239 consumamus
963 5226 978 5251 ,
1010 5187 1292 5256 verbisque
1317 5196 1370 5241 et
1400 5188 1638 5241 moribus
1669 5204 1787 5241 mu-

200 5266 461 5323 liebribus
488 5271 692 5326 animas
721 5274 1053 5342 imbuamus;
1081 5279 1173 5332 sed
1202 5289 1258 5332 ut
1293 5279 1618 5348 conﬁgamus
1647 5280 1785 5334 invi-

197 5359 384 5412 sibiles
411 5360 638 5418 virtutes
666 5379 783 5443 quae
815 5367 965 5422 nobis
1006 5369 1355 5423 adversantur
1379 5409 1394 5434 ,
1435 5378 1492 5423 ut
1515 5369 1783 5424 diabolum

197 5450 585 5518 percutiamus.
614 5455 702 5523 qui
731 5466 919 5512 contra
942 5475 1037 5514 nos
1065 5461 1252 5517 ducem
1280 5466 1404 5532 agit,
1431 5472 1488 5516 ut
1509 5463 1786 5532 abigamus

195 5539 408 5597 feroces
437 5542 737 5599 diemonum
769 5547 1054 5621 phalanges
1076 5594 1089 5618 ,
1128 5563 1186 5608 ut
1213 5554 1582 5608 subvertamus
1599 5569 1784 5608 eorum

197 5634 602 5707 propugnacula
624 5676 643 5707 ,
688 5645 744 5692 ut
777 5636 1072 5700 Potestatcs
1095 5654 1148 5700 et
1180 5645 1358 5702 mundi
1385 5644 1631 5712 dominos
1655 5685 1670 5715 ,
1698 5659 1782 5702 re-

853 229 1119 288 CONTRA
1144 227 1281 286 Ἐοὸ
1318 229 1434 297 QUI
1473 227 2083 288 SUBINT‘RODUCTAS
2111 232 2384 288 HABENT
2428 232 2754 294 VIRGINES.

3349 237 3453 295 5H)

1874 353 2050 401 ctores
2093 345 2282 402 harum
2330 349 2670 406 tenebrarum
2720 353 2773 406 in
2817 353 3127 408 servitutem
3171 350 3452 417 ducamus,

1875 443 1932 488 ut
1960 435 2251 503 spiritualia
2280 439 2494 492 malitia:
2536 439 2779 510 fugemus
2800 481 2814 506 ,
2859 450 2918 496 ut
2959 441 3133 513 ignem
3163 444 3450 512 spiremus,

1876 533 1933 578 nt
1957 526 2023 579 ad
2053 528 2388 596 quotidianas
2415 538 2614 584 mortes
2645 531 2811 599 parati
2841 533 3030 585 simus.
3079 532 3304 601 Propter
3349 520 3449 585 hoc

1878 616 2048 671 induit
2091 633 2188 673 nos
2239 618 2464 674 thorace
2505 621 2759 689 justitite,
2804 632 3020 691 propter
3045 622 3147 677 hoc
3170 623 3334 677 cinxit
3359 638 3456 678 nos

1877 723 2009 762 zona
2038 708 2310 777 veritatis,
2343 720 2556 781 propter
2585 713 2685 766 hoc
2717 712 2968 782 imposuit
3004 712 3208 782 galeam
3245 713 3453 775 salutis,

1878 809 2094 870 propter
2137 800 2238 854 hoc
2285 802 2447 870 pedes
2498 811 2716 857 nostros
2768 803 3021 857 caleeavit
3065 804 3453 872 przeparatione

1878 893 2136 962 evangelii
2165 893 2331 962 pacis,
2364 903 2418 948 ct
2449 893 2664 948 tradidit
2687 894 2920 963 gladium
2951 894 3170 964 spiritus
3192 935 3206 958 ,
3238 903 3456 963 propter

1879 981 1980 1036 hoc
2011 983 2185 1053 ignem
2235 984 2478 1038 accendit
2523 985 2576 1038 in
2616 986 2815 1040 nostris
2855 985 3153 1039 animabus.
3206 985 3261 1040 Si
3302 985 3462 1056 igitur

1879 1073 2101 1126 militem
2124 1073 2355 1141 aliquem
2388 1082 2665 1144 postquam
2699 1074 2931 1129 induerit
2957 1075 3160 1145 galeam
3185 1115 3198 1140 ,
3234 1089 3422 1129 ocreas
3442 1114 3458 1137 ,

1882 1162 2191 1229 thoracem,
2246 1175 2522 1234 postquam
2569 1166 2837 1234 acceperit
2876 1166 3150 1236 gladium,
3197 1167 3460 1231 lanceam,

1881 1263 2110 1319 scutum,
2148 1255 2249 1309 tela
2268 1297 2284 1320 ,
2316 1257 2531 1325 sagittas
2553 1298 2568 1322 ,
2600 1256 2905 1326 pharetram
2926 1299 2941 1323 ,
2971 1258 3094 1312 tuba
3123 1257 3233 1326 jam
3253 1257 3461 1311 clarum

1882 1357 2106 1402 sonante
2133 1356 2186 1401 et
2209 1363 2400 1402 omnes
2429 1357 2685 1403 evocante
2706 1391 2722 1414 ,
2761 1349 3003 1403 hostibus
3033 1363 3222 1418 magno
3263 1349 3464 1417 impetu

1882 1437 2224 1492 saevientibus
2247 1445 2304 1492 et
2337 1438 2604 1493 civitatem
2632 1453 2661 1490 a
2691 1437 3044 1492 fundamentis
3071 1448 3311 1493 evertere
3342 1451 3460 1492 mo-

1883 1527 2137 1582 lientibus
2159 1569 2177 1593 ,
2221 1526 2432 1581 videres
2477 1542 2584 1580 non
2616 1528 2666 1580 in
2695 1543 2885 1598 agmen
2915 1527 3058 1582 foras
3086 1542 3304 1582 currere
3325 1567 3340 1591 ,
3369 1525 3465 1580 sed

1885 1620 1938 1673 in
1975 1620 2193 1674 domum
2237 1618 2478 1689 ingredi,
2509 1629 2563 1673 et
2591 1619 2796 1673 mulieri
2833 1619 3071 1673 assidere
3103 1633 3222 1672 eum
3251 1617 3414 1672 armis
3449 1635 3463 1671 :

1884 1726 1950 1766 an
1975 1728 2104 1774 non,
2135 1711 2178 1766 si
2201 1712 2360 1766 modo
2388 1711 2593 1774 liceret,
2622 1712 2798 1782 gladio
2822 1711 3057 1766 medium
3084 1712 3465 1777 transfoderes,

1887 1818 1953 1855 ne
1981 1818 2226 1857 sermone
2252 1802 2467 1872 quidem
2492 1819 2612 1856 eum
2638 1802 2920 1873 dignatus?
2957 1804 3028 1857 At
3051 1802 3096 1856 si
3131 1810 3184 1856 tu
3215 1811 3356 1857 tanta
3389 1803 3466 1858 ira

1886 1891 2135 1960 impletus
2153 1906 2239 1957 es,
2271 1892 2539 1960 quomodo
2568 1902 2721 1961 putas
2755 1893 2917 1947 Deum
2944 1893 2995 1946 in
3026 1893 3194 1947 multo
3219 1893 3466 1962 turpiori-

1887 1983 1984 2037 bus
2010 1999 2133 2053 erga
2181 1999 2278 2039 nos
2314 1983 2493 2038 afﬁci?
2544 1984 2714 2038 Tanto
2751 1985 2892 2039 enim
2933 1986 3165 2054 turpiora
3193 1995 3248 2040 et
3276 1986 3466 2040 absur-

1887 2074 2034 2128 diora
2061 2083 2182 2128 sunt
2209 2074 2327 2130 hinc
2355 2090 2512 2144 quam
2550 2074 2657 2140 illa,
2699 2084 2899 2144 quanto
2925 2086 2974 2128 et
3004 2077 3216 2146 gravius
3246 2075 3463 2140 bellum,

1888 2174 1943 2218 et
1967 2164 2148 2218 hostes
2188 2165 2595 2220 truculentiores
2619 2206 2635 2233 ,
2680 2173 2734 2219 et
2760 2167 2976 2235 praemia
3009 2182 3104 2236 pro
3128 2166 3319 2236 quibus
3348 2165 3467 2221 hel-

1888 2257 2028 2323 latur
2053 2258 2252 2327 majora
2274 2300 2289 2325 ,
2333 2269 2388 2314 et
2427 2257 2484 2314 in
2511 2273 2720 2313 sum-ma
2744 2259 2926 2313 omnia
2964 2268 3167 2313 tantum
3197 2267 3469 2313 transcen-

1886 2349 2040 2415 dunt,
2067 2358 2321 2418 quantum
2355 2350 2600 2405 umbram
2630 2348 2847 2403 veritas.
2895 2347 3077 2418 Itaque
3103 2362 3170 2402 ne
3196 2349 3469 2403 effemine-

1887 2455 2010 2494 mus
2039 2440 2205 2495 robur
2239 2449 2478 2496 nostrum
2505 2484 2520 2510 ,
2575 2455 2644 2495 ne
2667 2439 3006 2496 succidamus
3036 2454 3228 2495 nervos
3257 2448 3470 2494 nostros

1887 2531 2002 2586 istis
2028 2533 2541 2589 conversationihus.
2575 2531 2794 2588 Etenim
2827 2531 3047 2585 multam
3077 2539 3132 2584 et
3157 2530 3470 2584 immensam

1887 2622 2163 2676 animabus
2185 2625 2385 2680 nostris
2411 2625 2672 2680 instillant
2688 2622 2962 2675 malitiam.
2985 2620 3123 2686 Quid
3149 2621 3290 2676 enim
3310 2621 3470 2675 etiam

1888 2714 1932 2768 si
1977 2731 2082 2768 non
2120 2716 2417 2772 sentiamus
2464 2732 2648 2772 amore
2691 2713 2868 2768 rhrii?
2925 2713 3067 2768 lstuc
3101 2715 3244 2768 enim
3296 2713 3470 2783 ipsum

1887 2805 2126 2858 omnium
2159 2816 2238 2858 est
2265 2806 2420 2876 longe
2437 2809 2833 2876 gravissimum,
2853 2804 2991 2872 quod
3024 2805 3326 2858 nesciamus
3340 2819 3471 2873 quo-

1889 2893 2050 2947 modo
2075 2910 2407 2959 enervemur,
2439 2912 2667 2966 ceraque
2695 2895 2843 2953 omni
2876 2895 3148 2949 molliores
3163 2895 3468 2950 reddamnr.

1887 2983 2020 3038 Nam
2052 2984 2187 3038 sicut
2212 2987 2256 3039 si
2287 2986 2406 3054 quis
2433 2988 2641 3042 leonem
2669 2988 2963 3060 superbum
2995 2995 3048 3040 et
3085 2993 3233 3039 torve
3260 2987 3472 3040 intuen-

1889 3084 1994 3130 tem
2017 3076 2268 3145 arripiat,
2297 3085 2350 3131 et
2372 3077 2528 3146 jubas
2556 3077 2779 3134 abradat
2801 3119 2816 3144 ,
2856 3080 3054 3134 dentes
3073 3077 3340 3141 excutiat,
3374 3091 3472 3131 un-

1889 3183 2017 3238 gues
2058 3176 2338 3237 amputet,
2392 3178 2710 3240 turpemque
2749 3170 2906 3226 faciat
2951 3183 3004 3226 et
3052 3166 3370 3231 ridiculum,
3418 3177 3472 3220 ct

1891 3257 2181 3312 terribilem
2212 3258 2360 3312 illum
2383 3268 2438 3313 et
2464 3258 2851 3316 intolerabilem
2875 3267 2932 3314 et
2956 3264 3126 3332 rugitu
3153 3262 3264 3317 solo
3286 3259 3463 3318 omnia

1889 3349 2282 3404 conentientem
2309 3390 2324 3415 ,
2372 3348 2525 3404 facile
2556 3365 2585 3403 a
2617 3365 2783 3419 puero
2823 3351 3182 3420 superabilem
3228 3352 3415 3408 reddat
3447 3371 3461 3407 :

1891 3440 1962 3494 ita
1987 3449 2039 3494 et
2068 3441 2170 3494 illae
2208 3456 2342 3511 quos
2369 3441 2586 3511 capiunt
2613 3457 2798 3496 omnes
2834 3451 3085 3511 superata
3129 3443 3309 3497 faciles
3345 3443 3466 3498 red-

1891 3528 2022 3582 dunt
2059 3529 2302 3597 diabolo,
2335 3531 2606 3585 molliores
2629 3573 2644 3597 ,
2673 3533 3048 3587 concitatiores
3067 3575 3081 3598 ,
3111 3534 3462 3602 impudentes,

1893 3622 2384 3690 inconsiderantes,
2434 3625 2717 3678 iracundos
2740 3666 2756 3691 ,
2794 3625 3025 3680 audaces
3049 3667 3064 3692 ,
3112 3626 3464 3695 importunos,

1893 3714 2118 3768 humiles
2137 3755 2151 3779 ,
2179 3715 2444 3784 ahjectos,
2477 3715 2724 3771 crudeles
2743 3757 2756 3780 ,
2792 3716 3102 3783 illiberales,
3131 3717 3464 3781 temerarios,

1893 3819 2121 3874 nugaees
2147 3845 2162 3871 ,
2214 3815 2268 3859 et
2297 3805 2348 3858 in
2377 3821 2585 3860 summa
2614 3807 2833 3860 omnino
2874 3816 3152 3876 corruptos
3185 3807 3463 3862 mulierum

1891 3909 2068 3949 mores
2110 3895 2162 3948 in
2209 3896 2440 3948 animam
2487 3896 2699 3950 illorum
2737 3895 3030 3950 immittunt
3075 3905 3131 3950 et
3177 3895 3433 3951 inferunt.

1966 3986 2051 4037 ll.
2092 3984 2301 4040 Etenim
2347 3986 2458 4040 ﬁeri
2499 4003 2604 4040 non
2634 3995 2809 4056 potest
2839 3988 3043 4041 mulieri
3073 3987 3465 4041 cohabitantem

1892 4089 2010 4127 cum
2045 4083 2190 4127 tanto
2215 4075 2427 4140 affectu,
2458 4085 2513 4130 et
2545 4078 2750 4132 illarum
2781 4078 3274 4133 conversationibns
3299 4077 3466 4132 emol-

1891 4163 2062 4225 litum,
2092 4179 2195 4216 non
2218 4179 2335 4218 esse
2351 4165 2720 4220 circulatorem
2740 4177 2790 4221 et
2812 4166 3076 4222 forensem
3100 4177 3152 4222 et
3172 4167 3464 4222 sordidum.

1891 4253 2021 4306 Nam
2051 4255 2094 4306 si
2125 4254 2248 4323 quid
2273 4254 2526 4323 loquitur,
2559 4256 2626 4311 de
2647 4259 2960 4312 staminibus
2977 4268 3030 4312 et
3055 4260 3187 4313 lanis
3213 4260 3465 4329 loquitur,

1893 4343 2067 4410 lingua
2095 4343 2210 4412 ejus
2237 4345 2483 4399 muliebri
2530 4346 2847 4415 loquacitate
2893 4349 3084 4402 infecta
3115 4367 3127 4402 :
3158 4357 3212 4402 et
3255 4350 3300 4402 si
3342 4350 3464 4419 quid

1893 4435 2050 4499 facit,
2100 4437 2200 4488 hoc
2238 4450 2425 4503 magna
2466 4437 2761 4490 servilitate
2791 4447 3074 4506 operatur,
3128 4447 3182 4493 et
3227 4439 3461 4508 seipsum

1891 4525 2128 4595 procula
2161 4525 2461 4580 Christiana
2487 4527 2730 4581 libertate
2756 4529 2980 4597 sejungit
3006 4569 3021 4593 ,
3074 4528 3139 4582 ad
3187 4529 3318 4583 nihil
3357 4530 3472 4582 exi-
3547 4579 3550 4582 .

1893 4616 2054 4669 mium
2102 4627 2193 4672 aut
2242 4618 2554 4686 prmclarum
2602 4619 2765 4672 utilis.
2794 4618 2924 4672 Nam
2954 4633 3072 4672 cum
3099 4619 3164 4672 ad
3187 4619 3468 4673 swculares

1892 4717 1946 4761 et
1971 4709 2151 4762 civiles
2179 4723 2263 4763 res
2294 4707 2565 4761 hominum
2599 4708 2796 4762 inutilis
2824 4710 2893 4764 sit
2922 4718 2976 4764 et
3020 4710 3215 4763 nullius
3260 4708 3455 4777 frugis,

1894 4801 2247 4869 multomagis
2291 4800 2357 4853 ad
2404 4800 2821 4869 magnitudinem
2868 4815 3042 4854 rerum
3087 4787 3468 4868 Spiritualium,

1892 4907 2008 4961 qua:
2042 4901 2186 4946 tanto
2213 4892 2583 4962 generosiores
2611 4891 2752 4946 viros
2783 4891 3079 4960 requirunt,
3106 4899 3165 4944 ut
3191 4905 3258 4945 ne
3281 4890 3467 4960 attingi

1892 4985 2102 5053 quidem
2137 4985 2360 5052 possint,
2395 4984 2493 5037 nisi
2525 4983 2592 5037 ab
2620 4983 2683 5037 iis
2713 4983 2800 5053 qui
2827 4983 2894 5037 ad
2934 4997 3026 5036 eas
3073 4980 3343 5035 transituri
3371 4996 3470 5035 an-

1893 5077 1996 5146 geli
2029 5094 2092 5132 ex
2127 5077 2427 5132 hominibus
2456 5077 2604 5130 ﬁant.
2639 5077 2754 5131 Non
2787 5078 2883 5147 ipsi
2909 5085 3086 5130 autem
3127 5076 3298 5132 solum
3322 5084 3471 5143 tanto

1892 5170 2033 5223 malo
2056 5169 2375 5236 afﬁciuntur,
2408 5170 2501 5226 sed
2530 5178 2582 5224 et
2610 5171 2710 5224 illis
2741 5185 2952 5224 morum
2981 5169 3337 5238 pessimorum
3371 5184 3467 5222 au-

1891 5269 2066 5315 ctores
2096 5261 2246 5315 ﬁunt.
2297 5261 2427 5315 Nam
2455 5261 2899 5331 quemadmodum
2937 5261 3011 5315 illi
3039 5259 3129 5330 qui
3161 5259 3276 5316 istis
3315 5260 3468 5314 valde

1892 5353 2100 5421 placere
2129 5354 2332 5420 volunt,
2352 5353 2508 5408 ofﬁcii
2535 5353 2615 5406 sui
2643 5354 2900 5407 rationem
2928 5350 3218 5421 negligant,
3248 5351 3319 5405 ita
3341 5351 3470 5420 ipsa:

1891 5452 2107 5514 propter
2131 5444 2254 5497 illos
2281 5459 2310 5497 a
2345 5444 2427 5498 via
2460 5444 2476 5475 ¹
2509 5443 2610 5498 sibi
2659 5444 2989 5498 convenienti
3033 5442 3304 5506 aberrant,
3350 5455 3461 5494 ma-

1892 5543 1995 5596 lam
2017 5552 2071 5597 et
2089 5542 2438 5612 perniciosam
2457 5542 2682 5599 invicem
2705 5544 3016 5601 exhibentes
3037 5543 3466 5604 retributionem.

1959 5667 1975 5699 ί
2010 5666 2080 5716 sic
2101 5667 2149 5715 in
2168 5658 2354 5722 δῖοι-οι..
2384 5656 2474 5708 sed
2493 5654 2652 5718 savll.,
2678 5668 2710 5706 a
2730 5655 2931 5719 pudore.
