4060 6136
603 275 700 328 5H

606 383 816 439 Etenim
843 399 900 438 se
927 393 1120 438 ornant
1147 383 1429 446 curiosius,
1457 381 1821 436 delicatiorum
1857 379 2084 434 vestium
2128 388 2185 433 et-

604 475 846 529 inressus
870 474 1085 528 multam
1109 489 1293 527 curam
1325 473 1538 539 habent,
1583 481 1638 527 et
1662 488 1781 542 quae
1809 487 1914 525 non
1949 471 2072 526 licet
2102 479 2183 536 to-

602 574 653 616 ta
701 565 787 618 die
813 574 1112 632 nugantur:
1147 580 1268 616 nam
1309 564 1430 632 quia
1467 563 1648 616 vident
1692 562 1775 616 his
1823 561 2184 630 incompositis

604 654 842 707 moribus
863 664 922 707 et
937 655 1111 707 verbis
1135 654 1406 717 obiectari,
1439 654 1616 707 omnia
1637 655 1870 707 studiose
1891 661 2176 716 sectantur,

605 760 699 812 per
727 759 844 813 qua:
873 745 1016 812 ipsos
1044 744 1094 798 in
1127 746 1380 798 servitute
1409 745 1734 798 contineant.
1765 743 1878 797 Jam
1925 744 1968 797 si
1999 743 2181 795 volue-

604 836 769 887 rimus
792 836 1065 904 paulisper
1089 835 1421 903 resipiscere,
1455 844 1509 888 et
1550 835 1716 887 nostri
1763 834 1995 902 ipsorum
2038 848 2178 899 esse,

599 934 654 978 et
685 925 802 978 illas
829 925 1152 979 lucrabimur
1171 967 1186 990 ,
1231 936 1285 979 et
1329 941 1424 980 nos
1464 927 1606 993 ipsos
1627 934 1681 978 et
1704 925 1840 979 alios
1867 939 2054 981 omnes
2081 942 2093 978 :
2125 935 2179 978 ct

603 1016 742 1069 sicut
773 1031 912 1069 nunc
937 1015 1246 1084 perditionis
1277 1017 1561 1068 multorum
1592 1017 1668 1069 rei
1699 1015 1819 1070 facti
1856 1027 2074 1081 smnusâ€˜,
2102 1014 2180 1068 sio

599 1113 656 1158 et
681 1120 711 1156 a
741 1106 1024 1159 multorum
1055 1107 1224 1159 salute
1261 1117 1382 1159 tunc
1411 1106 1710 1160 mercedem
1741 1106 2096 1174 accipiemus;
2126 1113 2180 1158 et

601 1196 790 1264 quibus
822 1212 961 1251 nunc
984 1197 1213 1265 potimur
1244 1198 1468 1266 turpiter
1488 1239 1502 1262 ,
1558 1198 1659 1250 ill-is
1703 1197 1944 1250 fruemur
1987 1211 2178 1264 magno

605 1303 724 1342 cum
754 1289 975 1344 honore.
999 1291 1106 1343 Cur
1130 1291 1272 1344 enim
1297 1291 1376 1342 vis
1404 1289 1650 1344 honorari
1681 1305 1708 1342 a
1739 1289 2068 1352 mulieribus,
2093 1289 2180 1342 dic

603 1377 730 1431 mihi
753 1380 775 1432 ?
801 1380 1026 1434 Maxime
1051 1380 1322 1448 indignum
1351 1380 1452 1434 hoc
1471 1391 1553 1434 est
1571 1381 1686 1433 viro
1699 1380 1979 1448 spirituali,
1998 1395 2178 1434 amare

601 1470 760 1524 talem
791 1470 1089 1538 honorem;
1123 1483 1484 1526 verumtamen
1517 1482 1571 1526 et
1603 1483 1729 1527 tunc
1753 1472 1942 1538 aderit,
1965 1473 2176 1541 quando

600 1576 705 1614 non
733 1577 1034 1630 qua-remus
1087 1564 1277 1632 ipsum.
1323 1563 1468 1618 Solet
1513 1564 1654 1616 enim
1701 1563 1860 1616 homo
1903 1563 2178 1632 despicere

599 1654 795 1721 eosqui
819 1669 876 1705 se
898 1655 1095 1717 colunt,
1120 1663 1171 1707 et
1190 1656 1239 1706 in
1259 1654 1607 1707 admiratione
1632 1653 1827 1708 habere
1851 1668 1946 1708 eos
1961 1655 2048 1723 qtti
2073 1670 2175 1707 non

600 1744 920 1798 adulantur:
954 1747 1038 1798 cui
1065 1747 1142 1798 rei
1172 1746 1444 1799 muliebris
1491 1755 1675 1798 natura
1731 1747 1900 1814 magis
1947 1747 2185 1799 obnoxia-

600 1846 704 1888 est.
733 1835 864 1890 Nam
889 1838 931 1888 si
965 1838 1069 1890 illis
1093 1837 1210 1905 quis
1240 1837 1505 1900 aduletur,
1540 1837 1889 1891 intolerabilis
1914 1846 2027 1901 est;
2082 1838 2177 1890 ad-

599 1927 823 1980 miratur
860 1937 1036 1980 autem
1067 1928 1304 1980 omnium
1339 1929 1567 1982 maxime
1610 1943 1723 1994 eos,
1747 1929 1836 1996 qui
1863 1928 2052 1982 cedere
2083 1944 2179 1982 ne-

600 2021 900 2073 sciuntnec
930 2019 1283 2073 succumbunt
1335 2021 1720 2089 intempestivis
1766 2021 1875 2074 suis
1919 2022 2174 2088 concupi-

595 2111 851 2164 scentiis:
884 2121 934 2165 et
958 2111 1113 2180 hujus
1139 2125 1234 2165 vos
1262 2111 1390 2164 mihi
1421 2121 1585 2166 testes
1629 2113 1798 2166 eritis.
1841 2112 1990 2165 Nunc
2030 2115 2171 2166 enim

595 2216 702 2254 non
734 2202 905 2256 solum
936 2203 1162 2266 externi,
1183 2202 1276 2256 sed
1304 2212 1357 2256 et
1378 2203 1505 2272 ipsa:
1527 2219 1737 2273 quoque
1763 2203 2174 2259 contubernales

596 2308 692 2348 vos
720 2295 958 2359 irrident,
992 2295 1089 2349 etsi
1115 2311 1219 2349 non
1258 2297 1559 2359 manifeste,
1587 2307 1740 2351 certe
1773 2305 1946 2351 tamen
1972 2298 2022 2350 in
2046 2311 2174 2350 con-

592 2385 814 2438 scientia
841 2426 857 2450 ,
909 2386 1302 2455 glorianturqne
1349 2387 1446 2440 hac
1488 2387 1617 2441 dura
1669 2388 1992 2458 tyrannide;
2050 2397 2174 2442 tunc

590 2482 769 2529 autem
785 2479 1001 2530 omnino
1018 2493 1112 2531 vos
1135 2477 1554 2544 admirabuntur,
1587 2489 1640 2532 et
1656 2490 1886 2534 vestram
1917 2480 2172 2548 obstupe-

590 2574 750 2620 scent
768 2567 1082 2624 libertatem.
1103 2567 1253 2635 Quod
1276 2569 1321 2622 si
1348 2569 1547 2622 nostris
1564 2572 1902 2624 sermonibus
1931 2585 2035 2623 non
2057 2571 2174 2624 cre-

590 2655 740 2718 ditis,
766 2657 883 2710 illas
909 2657 1048 2725 ipsas
1075 2657 1418 2727 interrogate,
1443 2668 1593 2714 utros
1640 2662 1807 2729 magis
1856 2661 2070 2714 laudent
2118 2671 2186 2716 etv

595 2745 912 2813 approbent,
936 2763 1005 2800 an
1035 2763 1128 2802 eos
1158 2750 1246 2817 qui
1277 2748 1538 2810 serviunt,
1568 2765 1635 2803 au
1665 2752 1754 2820 qui
1777 2750 2120 2805 dominantur
2153 2769 2170 2806 :

589 2836 882 2905 subjectos,
914 2847 970 2893 et
995 2840 1084 2908 qui
1119 2841 1295 2895 omnia
1322 2840 1523 2896 faciunt
1553 2851 1605 2897 et
1630 2844 1902 2912 patiuntur
1926 2844 1982 2897 in
2031 2844 2172 2913 ipsa-

597 2944 714 2983 rum
759 2933 1002 3000 gratiam,
1032 2933 1114 2986 vel
1145 2935 1233 3002 qni
1266 2934 1395 2987 nihil
1426 2933 1614 2988 horum
1647 2934 1837 3000 ferunt,
1891 2945 1946 2990 et
1996 2937 2171 3006 pravis

591 3035 774 3074 earum
803 3038 990 3092 parere
1017 3023 1281 3079 mandatis
1307 3024 1646 3080 erubescunt.
1697 3025 1765 3080 Et
1805 3027 1850 3081 si
1877 3027 2056 3081 volent
2089 3027 2172 3082 di-

588 3125 714 3168 cere
742 3129 945 3180 verum,
973 3116 1192 3169 omnino
1218 3115 1359 3182 illos,
1390 3115 1792 3187 respondebunt
1818 3134 1830 3169 :
1864 3117 1970 3170 imo
1997 3132 2169 3187 neque

591 3218 850 3273 responso
877 3219 1031 3273 Opus,
1081 3207 1243 3261 rebus
1291 3208 1428 3262 istuc
1472 3208 1644 3276 ipsum
1673 3208 2046 3263 clamantibus.
2101 3209 2172 3262 At

590 3296 876 3365 voluptatis
901 3299 1070 3368 gratia
1100 3299 1190 3368 qui
1220 3300 1489 3356 cohabitat
1507 3301 1696 3369 opibus
1728 3301 1928 3366 inhiat,
1980 3302 2164 3356 oculos

593 3403 816 3454 pascens
841 3389 1104 3458 virginum
1145 3392 1465 3460 aspectibus.
1507 3392 1654 3446 Licet
1697 3393 2169 3463 maxime-quidem

591 3479 692 3534 hoc
718 3482 786 3534 ita
828 3497 886 3534 se
909 3482 1148 3549 haberet,
1198 3493 1375 3539 tamen
1405 3495 1620 3554 propter
1647 3485 1749 3540 hoe
1788 3486 1957 3556 ipsum
1990 3487 2171 3556 fugere

589 3574 912 3640 oportebat:
953 3589 1093 3628 nunc
1144 3587 1320 3631 autem
1370 3577 1524 3631 vobis
1568 3579 1698 3632 satis
1740 3579 2168 3633 demonstratum

591 3673 676 3718 est
701 3665 841 3734 quod
872 3680 1036 3720 suave
1064 3667 1166 3721 hoc
1196 3683 1300 3722 non
1329 3670 1435 3735 sit,
1493 3669 1588 3723 sed
1620 3669 1775 3738 plane
1817 3671 2166 3739 contrarium,

589 3754 634 3808 si
661 3756 782 3824 quis
807 3755 906 3811 hac
930 3759 1380 3828 contemplatione
1424 3775 1528 3813 non
1579 3761 1818 3817 fruatur:
1865 3771 1920 3817 et
1963 3773 2020 3817 tu
2064 3763 2170 3818 illis

589 3846 807 3916 adjicito
836 3847 989 3903 boum
1019 3851 1360 3905 conscientia:
1384 3851 1643 3904 laetitiam.

664 3938 714 3991 Î
721 3940 814 3992 iltil
829 3941 901 3992 sic
926 3942 1177 3994 exhilarat
1197 3952 1252 3994 ut
1275 3943 1576 3995 conscientia
1601 3941 1746 3995 bona.
1772 3971 1845 3983 -
1863 3943 2004 3999 Nihil
2026 3944 2167 3999 enim

590 4045 689 4085 nos
713 4031 791 4084 sic
821 4032 1120 4088 exhilarare
1149 4034 1304 4100 solet,
1340 4045 1396 4088 ut
1422 4036 1744 4091 conscientia
1784 4053 1916 4107 pura
1947 4048 2000 4094 et
2029 4040 2168 4095 bona

594 4135 738 4187 spes.
767 4121 872 4175 Sed
896 4122 1088 4190 quietis
1135 4124 1298 4191 gratia
1329 4124 1431 4180 hoc
1476 4125 1740 4196 inquiris?
1781 4128 1897 4183 Jam
1941 4129 2164 4185 demon-

591 4217 817 4262 stratum
835 4219 917 4263 est
939 4210 1080 4280 quod
1108 4211 1209 4265 hoc
1235 4213 1440 4269 facilius
1464 4225 1628 4282 esset,
1647 4217 1688 4271 si
1711 4216 1875 4272 frater
1892 4220 2168 4275 cohabita-

593 4309 716 4356 ret:
751 4317 813 4358 ac
861 4319 1002 4359 nunc
1054 4304 1184 4360 nihil
1237 4323 1267 4361 a
1313 4323 1467 4363 servo
1494 4309 1696 4376 diï¬‚'ers,
1728 4319 1782 4365 et
1809 4314 2054 4382 querens
2080 4329 2168 4368 re-

589 4396 791 4465 quiem,
821 4397 1131 4453 servitutem
1163 4399 1407 4456 invenisti
1445 4404 1815 4471 gravissimam
1847 4423 1858 4456 :
1892 4419 2013 4458 cum
2041 4420 2169 4459 vero

590 4486 844 4543 immtmis
871 4489 938 4544 ab
968 4489 1068 4546 hoc
1090 4492 1390 4548 ministerio
1417 4493 1600 4560 fueris,
1635 4504 1744 4549 tum
1776 4475 2050 4551 cris'inter
2074 4512 2167 4551 eos

530 4611 548 4629 .
589 4581 680 4648 qui
707 4581 989 4650 imperant,
1024 4598 1128 4636 non
1158 4583 1351 4653 quibus
1382 4587 1690 4654 imperatur.
1717 4585 1878 4657 lgitur
1897 4588 1942 4642 si
1972 4588 2042 4642 ibi
2071 4604 2168 4658 pro

589 4670 864 4740 voluptate
901 4687 1120 4738 maeror,
1152 4683 1206 4728 et
1242 4691 1336 4744 pro
1384 4676 1546 4746 gloria
1583 4677 1853 4741 confusio.
1881 4689 1935 4734 et
1978 4696 2072 4750 pro
2101 4684 2168 4737 li-

588 4762 794 4820 bertate
828 4767 1084 4833 servitus,
1130 4776 1184 4821 et
1207 4783 1304 4836 pro
1329 4771 1509 4839 requie
1536 4771 1702 4834 labor,
1731 4781 1785 4826 et
1813 4774 2071 4828 accedunt
2099 4777 2165 4830 ad

589 4851 706 4908 haec
729 4854 869 4923 quod
892 4865 945 4909 et
976 4856 1113 4911 Deus
1135 4857 1552 4927 blasphematur,
1605 4871 1658 4915 et
1686 4871 1826 4916 tanta
1852 4865 2079 4933 perditio
2104 4881 2167 4920 ac

591 4944 857 5011 scandala,
890 4954 941 4998 et
964 4945 1277 5001 immortalis
1307 4964 1484 5017 paena,
1516 4960 1571 5004 et
1615 4953 1958 5020 plurimorum
2001 4955 2168 5009 hono-

585 5045 704 5086 rum
745 5035 999 5100 amissio;
1058 5035 1144 5092 hic
1185 5049 1361 5092 autem
1413 5043 1679 5097 contraria
1724 5046 1924 5109 omnia,
1975 5047 2164 5114 gloria,

587 5123 793 5189 honor,
836 5126 1101 5195 voluptas,
1139 5128 1352 5194 ï¬ducia,
1402 5131 1642 5195 libertas,
1675 5135 1816 5188 salus
1847 5137 2163 5202 animarmn,

585 5216 733 5285 regni
756 5215 1042 5278 hereditas,
1063 5233 1234 5287 ptente
1256 5220 1504 5286 eilâ€˜ugium
1532 5240 1545 5276 :
1581 5224 1731 5292 cujus
1759 5227 1834 5279 rei
1867 5228 2030 5295 gratia
2062 5245 2168 5283 non

587 5305 709 5361 btee
735 5307 840 5361 illis
870 5309 1363 5365 eommutabimus?
1394 5313 1505 5381 Ego
1527 5324 1670 5367 certe
1691 5316 1891 5381 nescio,
1922 5318 2018 5371 nisi
2044 5321 2162 5389 quis

584 5398 818 5468 seipsum
843 5400 1069 5469 perdere
1090 5400 1388 5469 desideret;
1417 5405 1520 5460 ulla
1548 5405 1805 5475 siquidem
1833 5409 1986 5463 nobis
2014 5421 2164 5480 post-

584 5489 685 5544 hac
710 5489 954 5546 dcfensio
980 5493 1086 5548 erit
1115 5508 1212 5548 nec
1240 5495 1414 5549 venia.
1442 5495 1497 5552 Si
1523 5498 1687 5563 enim,
1741 5501 1984 5569 quamvis
2029 5501 2161 5557 nihil

583 5584 773 5640 horum
826 5594 1008 5654 esset,
1062 5588 1240 5643 omnia
1283 5597 1458 5645 tamen
1512 5605 1606 5661 pro
1658 5592 1824 5662 gloria
1879 5592 1972 5648 Dei
2025 5593 2163 5649 ferre

581 5679 880 5749 oportebat,
899 5695 1021 5737 cum
1050 5691 1104 5740 et
1131 5685 1410 5751 praesentia
1431 5685 1724 5755 percipere,
1745 5694 1795 5742 et
1826 5684 1998 5741 futura
2015 5703 2160 5743 asse-

1340 271 1396 324 S.
1439 268 1718 325 JOANNIS
1755 263 2230 323 CHRYSOSTOMI
2268 263 2588 320 ARCHIEP.
2630 256 3162 320 CONSTANTINOP.

3743 263 3844 323 5i!

2288 377 2377 446 qui
2424 378 2562 432 bona
2607 376 2797 442 liceat;
2840 393 2940 432 nos
2967 386 3140 430 autem
3189 384 3542 446 praeterquam
3592 376 3735 446 quod
3769 378 3862 434 Dei

2288 468 2454 535 gloria
2482 467 2899 536 blasphematur,
2929 468 3187 534 nosipsos
3211 468 3370 521 etiam
3395 466 3710 536 perdimus:
3741 470 3860 538 quis

2289 572 2386 611 nos
2410 557 2600 626 eripiet
2627 569 2676 611 et
2707 557 3006 612 liberabitra
3050 557 3319 627 supplicio
3353 566 3572 628 propter
3611 557 3715 612 hoc
3758 558 3861 612 im-

2289 648 2563 702 minente?
2589 647 2776 700 Nullus
2796 663 2946 701 sane.

2359 737 2446 790 Ï„Îµ.
2469 737 2657 791 Omnia
2698 738 2858 806 igitur
2890 738 3004 790 lnec
3031 737 3303 809 nobiscum
3326 737 3745 808 perpendentes,
3782 740 3865 791 vel

2286 843 2407 882 sero
2439 827 2648 881 tandem
2681 843 2985 896 reparemus
3013 831 3307 881 animarum
3338 829 3586 882 sdutem.
3619 829 3780 896 Quod
3821 830 3866 883 si

2285 919 2409 988 quid
2438 919 2762 974 difficultatis
2807 919 2968 973 habet
2991 919 3168 973 divelli
3193 935 3223 973 a
3255 921 3408 989 longa
3446 920 3862 987 consuetudine,

2284 1012 2337 1065 vi
2365 1012 2624 1065 ratiocinii
2651 1028 2754 1066 una
2777 1028 2897 1067 cum
2930 1013 3018 1066 Dei
3049 1014 3215 1082 gratia
3241 1012 3344 1066 hoc
3383 1022 3550 1066 totum
3582 1015 3864 1081 permitta-

2283 1120 2421 1168 mus,
2448 1114 2500 1159 et
2537 1104 2665 1158 illud
2690 1105 2840 1159 nobis
2868 1105 3298 1173 persuadeamus,
3354 1105 3433 1159 vel
3463 1106 3509 1160 si
3542 1105 3864 1174 principium

2283 1196 2453 1250 solum
2481 1197 2816 1264 imponamus
2844 1197 3012 1265 operi,
3043 1211 3148 1250 non
3179 1197 3314 1249 ultra
3343 1196 3552 1250 visuros
3575 1211 3676 1249 nos
3717 1196 3868 1250 ditii-

2283 1289 2533 1344 cultatem
2561 1307 2574 1341 :
2604 1288 2954 1344 sicadversus
2971 1288 3407 1353 consuetudinem
3432 1288 3864 1355 praevalebimus.

2282 1380 2414 1435 Nam
2440 1382 2483 1434 si
2507 1381 2690 1436 decem
2715 1381 2828 1436 dies
2856 1389 2908 1435 te
2933 1381 3276 1443 abstraxcris,
3327 1378 3536 1434 facilius
3585 1378 3726 1434 feres
3781 1381 3860 1433 vi-

2281 1472 2522 1539 ginti,,et
2567 1473 2757 1526 iterum
2812 1471 2892 1525 bis
2918 1481 3126 1534 tantos;
3176 1470 3474 1540 deindeque
3503 1472 3705 1524 sensim
3738 1486 3861 1538 pro-

2282 1563 2526 1632 grediens
2575 1578 2746 1633 neque
2769 1563 2968 1618 senties
3003 1563 3365 1617 difï¬cultatem
3418 1577 3578 1630 quam
3629 1561 3861 1615 habuisti

2283 1653 2454 1716 initio,
2488 1654 2797 1722 videbisque
2827 1653 3134 1707 facillimum
3161 1652 3323 1717 factu,
3364 1651 3506 1721 quod
3535 1662 3612 1705 tot
3660 1666 3860 1720 agona

2283 1745 2429 1812 prius
2459 1743 2801 1812 exposcebat,
2832 1751 2889 1797 et
2917 1744 2968 1797 in
2999 1744 3156 1797 aliam
3208 1752 3258 1796 te
3287 1741 3574 1796 transferes
3627 1756 3856 1795 consue-

2285 1835 2542 1896 tudinem.
2601 1835 2879 1888 inveniens
2905 1833 3042 1886 haud
3065 1833 3133 1886 ita
3155 1848 3369 1901 gravem
3399 1831 3808 1886 translationem
3837 1845 3856 1885 :

2284 1939 2456 1992 neque
2487 1923 2538 1977 id
2560 1938 2653 1992 per
2680 1921 3116 1978 consuetudinem
3133 1922 3324 1985 solum,
3355 1921 3449 1977 sed
3466 1929 3519 1974 et
3548 1936 3643 1990 per
3664 1921 3858 1973 bonan

2280 2031 2429 2083 spem
2474 2016 2760 2084 continget.
2807 2014 2897 2068 Sic
2925 2023 2974 2068 te
3005 2015 3108 2068 illae
3142 2014 3308 2083 magis
3339 2013 3780 2078 admirabuntur,
3806 2022 3858 2067 et

2282 2105 2422 2159 Deus
2452 2120 2558 2173 pra:
2586 2106 2704 2159 aliis
2725 2113 3002 2173 acceptum
3031 2104 3243 2158 habebit
3267 2146 3281 2166 ,
3339 2112 3393 2157 et
3437 2104 3683 2158 homines
3711 2119 3859 2158 coro-

2282 2195 2503 2260 nabunt,
2537 2197 2790 2264 vivesque
2821 2196 2988 2251 libere
3009 2205 3063 2249 et
3106 2194 3356 2264 jucunde.
3383 2194 3518 2260 Quid
3561 2195 3710 2248 enim
3740 2192 3857 2249 fue-

2282 2290 2352 2346 rit
2371 2289 2607 2354 suavius,
2635 2303 2790 2357 quam
2817 2303 2847 2342 a
2876 2288 3010 2342 mala
3037 2287 3360 2341 conscientia
3394 2286 3630 2351 liberari,
3655 2295 3712 2340 et
3739 2300 3860 2353 per-

2282 2394 2497 2453 petuum
2528 2384 2974 2453 concupiscentiae
3018 2382 3212 2437 bellum
3240 2381 3494 2436 dirimere
3519 2422 3532 2444 ,
3580 2390 3638 2435 et
3691 2381 3855 2434 multa

2281 2476 2533 2532 facilitate
2557 2475 2816 2546 insignem
2844 2475 3187 2530 continentiae
3213 2489 3466 2528 coronam
3512 2474 3774 2542 plectere,
3806 2483 3860 2526 ct

2278 2568 2458 2624 liberis
2507 2567 2675 2622 oculis
2723 2568 2775 2621 in
2828 2567 3016 2621 caelum
3063 2566 3350 2634 reSpicere,
3385 2579 3623 2634 puraque
3651 2573 3858 2618 voeeet

2277 2659 2439 2714 corde
2453 2659 2732 2713 Dominum
2750 2657 3117 2713 universorum
3135 2657 3412 2710 invocare?
3425 2655 3616 2709 Nullus
3631 2655 3852 2716 catenis,

2276 2751 2521 2821 squalore
2573 2750 2772 2806 et'aliis
2823 2765 3100 2805 carcerum
3152 2747 3504 2803 incommodis
3550 2756 3850 2816 exemptus,

2277 2843 2384 2900 imo
2411 2843 2705 2913 nullus'qui
2735 2858 2907 2897 caecus
2933 2850 3050 2898 erat
3074 2843 3276 2911 apertis
3304 2841 3494 2906 oculis,
3520 2849 3572 2894 et
3603 2841 3720 2893 visa
3758 2839 3854 2893 hac

2275 2933 2416 2989 dulci
2443 2933 2560 2988 luce
2585 2935 2662 2988 sic
2681 2935 2907 2999 exsulat,
2937 2933 3168 3003 gestitet
3211 2930 3499 3002 tripudiat,
3545 2941 3602 2984 ut
3647 2931 3737 3002 qui
3787 2931 3852 2984 ab

2278 3024 2378 3080 hac
2397 3024 2651 3081 servitute
2676 3025 2888 3079 liberari
2911 3024 3100 3093 potuit.
3126 3022 3308 3093 Longe
3326 3023 3468 3077 enim
3496 3021 3704 3076 dulcior
3753 3021 3850 3075 hac

2277 3115 2396 3171 luce
2422 3125 2504 3170 est
2523 3115 2766 3170 liberatio
2795 3115 2860 3169 ab
2889 3115 2989 3170 hac
3016 3115 3314 3185 tyrannide,
3367 3123 3420 3168 et
3448 3115 3598 3169 omni
3627 3114 3855 3183 caligine

2275 3209 2489 3278 gravior
2512 3208 2944 3264 servitutisillius
2969 3217 3024 3262 et
3047 3207 3374 3262 vinculorum
3392 3208 3629 3263 miseria.
3657 3208 3854 3262 Verum

2276 3299 2403 3369 quid
2430 3314 2564 3369 opus
2590 3310 2682 3353 est
2717 3299 2978 3369 prolixius
3018 3298 3294 3367 utriusque
3340 3298 3462 3353 vita:
3491 3298 3856 3354 conditionem

2277 3391 2544 3460 persequi,
2573 3405 2694 3444 cum
2748 3389 2836 3442 illa
2879 3389 3101 3459 quidem
3142 3389 3528 3459 indignitatem,
3561 3389 3851 3453 tristitiam,

2276 3482 2526 3536 damnum
2553 3491 2608 3535 et
2632 3481 3027 3549 corruptionem
3060 3495 3338 3549 magnam;
3388 3481 3504 3535 haec
3532 3496 3663 3534 vero
3690 3481 3859 3534 liber-

2276 3580 2460 3637 tatem,
2490 3573 2834 3642 voluptatem,
2875 3571 3154 3624 utilitatem
3177 3580 3232 3624 et
3256 3572 3472 3625 multam
3517 3571 3857 3642 prudentiam

2274 3679 2386 3735 prae
2413 3679 2472 3720 se
2493 3663 2658 3718 ferat?
2687 3663 2874 3718 Nullus
2893 3663 3034 3718 enim
3059 3679 3118 3717 ea
3141 3677 3318 3717 sermo
3334 3672 3509 3733 potest
3530 3664 3855 3731 exprimere,

2275 3756 2368 3811 sed
2392 3757 2505 3810 sola
2532 3772 2712 3810 rerum
2743 3755 3094 3824 experientia.
3138 3756 3204 3810 Et
3237 3764 3361 3809 tunc
3392 3757 3556 3825 probe
3601 3757 3784 3810 scietis
3827 3772 3857 3809 a

2275 3848 2468 3920 quibus
2492 3850 2648 3903 malis
2671 3849 2882 3904 liberati
2929 3849 3078 3915 sitis,
3129 3849 3602 3918 quamassequuti
3653 3851 3856 3905 [ueritis

2274 3941 2461 4005 vitam,
2491 3955 2611 3995 cum
2637 3943 2812 4008 reipsa
2839 3940 2994 3996 nobis
3019 3940 3392 4009 obtemperare
3417 3941 3712 3994 volueritis.
3747 3941 3853 3993 0b-

2275 4033 2643 4102 temperabitis
2664 4033 2822 4101 igitur
2847 4046 2969 4084 cum
2997 4046 3160 4100 opere
3216 4032 3330 4100 ipso
3378 4046 3497 4100 qua:
3542 4031 3682 4084 dicta
3732 4040 3858 4084 sunt

2275 4125 2584 4180 didiceritis.
2637 4125 2788 4190 Quod
2820 4125 2864 4178 si
2896 4125 3066 4178 adhuc
3095 4125 3345 4193 respuitis
3365 4167 3380 4189 ,
3423 4135 3474 4178 et
3507 4126 3704 4178 nostris
3745 4140 3861 4178 ser-

2276 4217 2524 4271 monibus
2563 4232 2668 4270 non
2709 4215 2946 4292 creditis,
2981 4215 3304 4285 interrogate
3346 4215 3551 4284 aliquos
3592 4215 3681 4282 qui
3721 4213 3860 4267 hanc

2274 4307 2589 4362 servitutem
2613 4295 2830 4361 tulerint
2865 4306 3170 4377 aliquando,
3219 4316 3272 4360 et
3293 4307 3482 4361 deinde
3529 4306 3741 4361 liberati
3787 4306 3857 4359 ad

2277 4399 2578 4454 libertatem
2605 4399 2799 4453 bonam
2825 4400 3170 4466 recurrerint,
3203 4409 3255 4454 ct
3275 4400 3452 4454 scietis
3472 4400 3690 4454 admoni
3701 4399 3857 4453 tionis

2275 4489 2433 4558 hujus
2461 4489 2687 4544 lucrum.
2745 4489 2952 4544 Etenim
2975 4499 3029 4544 et
3056 4489 3306 4545 Salomon
3350 4505 3469 4542 cum
3517 4489 3855 4542 saecularium

2274 4597 2453 4638 rerum
2473 4582 2897 4652 concupiscentia
2918 4589 3208 4647 teneretur,
3238 4594 3462 4650 magnas
3481 4595 3573 4634 eas
3598 4589 3653 4634 et
3679 4580 3853 4633 admi-

2274 4673 2468 4727 randas
2487 4673 2721 4742 putabat,
2748 4673 3077 4742 multumque
3102 4672 3156 4726 in
3183 4673 3260 4726 eis
3290 4672 3486 4726 laboris
3512 4681 3565 4725 et
3593 4671 3855 4726 sollicitu-

2274 4765 2414 4819 dinis
2456 4764 2752 4819 insumebat
2783 4763 3088 4833 magniï¬cas
3131 4763 3442 4818 :edilicando
3467 4764 3656 4817 domos
3681 4805 3696 4828 ,
3760 4765 3856 4816 im-

2275 4869 2516 4909 mensum
2544 4854 2908 4908 coacervando
2929 4869 3136 4919 aurum,
3161 4852 3533 4924 congregando
3576 4862 3853 4906 cantorum

2272 4946 2498 5011 choros,
2533 4947 2678 4999 varia
2729 4961 2924 5015 genera
2956 4946 3315 5000 ministrorum
3362 4959 3562 4998 mensa:
3607 4953 3661 4997 et
3708 4947 3858 5013 popi-

2275 5053 2375 5102 nae,
2402 5037 2693 5107 quaerendo
2719 5037 2911 5091 animae
2937 5053 3047 5091 sum
3091 5037 3421 5107 voluptatem
3457 5037 3526 5092 ab
3577 5036 3852 5092 hortorum

2274 5138 2328 5182 et
2353 5143 2637 5198 corporum
2660 5127 3015 5182 formosorum
3045 5129 3235 5200 gratia,
3291 5138 3346 5183 et
3393 5143 3634 5190 omnem,
3681 5137 3742 5180 ut
3785 5128 3852 5180 ita

2274 5220 2468 5285 dicam,
2501 5220 2874 5274 oblectationis
2893 5230 2946 5273 et
2976 5221 3235 5290 refrigerii
3287 5221 3426 5274 viam
3454 5219 3735 5274 sectanda.
3790 5221 3852 5271 At

2275 5313 2360 5365 ubi
2389 5313 2510 5366 inde
2529 5313 2595 5365 ad
2617 5327 2676 5366 se
2694 5328 2939 5366 reversus
2963 5323 3018 5366 et
3035 5312 3182 5382 quasi
3208 5327 3276 5366 ex
3305 5312 3593 5382 caliginosa
3625 5311 3847 5380 quadam

2274 5407 2467 5476 abysso
2485 5406 2549 5460 ad
2576 5407 2752 5460 lumen
2775 5421 2915 5460 verte
2937 5405 3210 5474 sapientiae
3234 5405 3501 5472 respicere
3518 5403 3709 5468 valuit,
3734 5413 3850 5453 tunc

2273 5500 2555 5554 sublimem
2584 5499 2727 5552 illam
2756 5507 2808 5553 et
2833 5499 2978 5552 caelis
3004 5497 3214 5568 dignam
3243 5497 3421 5552 emisit
3440 5511 3632 5550 vocem
3661 5514 3674 5548 :
3707 5494 3853 5548 Vani-

2274 5603 2350 5646 taa
2373 5593 2670 5659 sanitatum,
2704 5592 2910 5657 dicens,
2941 5601 2989 5646 et
3017 5593 3185 5646 omnia
3204 5592 3423 5646 vanitas.

2344 5685 2431 5741 15.
2466 5682 2670 5754 Majora
2696 5685 2984 5755 praestanda
3013 5685 3065 5738 in
3094 5701 3220 5740 nova
3248 5685 3356 5755 lege
3377 5727 3391 5754 ,
3422 5701 3576 5755 quam
3608 5687 3659 5737 in
3689 5683 3848 5738 reteri.
