4060 6136
294 276 399 332 Sil

290 392 471 453 αὗται
503 395 601 467 τῆς
638 397 1026 468 προσηκούσης
1074 400 1264 463 αὐταῖς
1309 398 1431 453 ὁδοῦ
1471 411 1496 439 α
1540 399 1606 453 δι’
1655 402 1899 469 ἐκείνους

290 483 658 544 ἐκπίπτουσι,
682 482 780 552 τὴν
794 498 928 552 πονη
938 482 1035 553 ράν
1052 483 1237 545 αὐτοῖς
1253 484 1347 535 καὶ
1358 481 1608 553 ὀλεθρίαν
1623 486 1865 559 παρέχου
1879 517 1896 528 -

292 581 392 619 σαι
409 565 475 637 [2
486 565 573 635 ίὸ]
588 565 792 636 ταύτην
810 565 1101 619 ἀντίδοσιν.
1133 567 1243 619 Καὶ
1265 565 1377 636 γάρ
1407 566 1503 618 καὶ
1528 565 1899 631 καλλωπίζον-

290 667 388 704 ται
449 649 899 721 περιεργότερον,
943 650 1042 711 καὶ
1096 650 1376 720 σχήματος
1424 648 1523 703 καὶ
1568 648 1897 722 βαδίσματος

291 732 688 804 τεθρυμμένου
717 732 1225 803 πολλὴνρποιοῦνται
1274 732 1557 803 πρόνοιαν,
1591 734 1686 786 καὶ
1716 735 1786 787 τὰ
1822 737 1896 806 μὴ

291 818 656 888 προσήκοντα
694 816 784 870 διὰ
819 817 998 885 πάσης
1034 815 1365 887 φλυαροῦσιν
1403 817 1618 886 ἡμέρας
1640 834 1654 847 ο
1707 819 1895 890 ἐπειδὴ

253 908 261 947 ί
290 900 410 970 γὰρ
426 899 600 969 όρῶσι
620 900 987 971 τερπομένους
1014 901 1126 962 τοῖς
1158 898 1477 962 ἀκολάστοις
1503 898 1714 964 τούτοις
1742 902 1897 971 ἤθεσι

251 985 393 1036 ,καὶ
448 985 682 1054 ῥήμασι,
734 983 912 1037 πάντα
964 981 1376 1052 ἐπιτηδεύουσι,
1431 981 1498 1034 δι’
1538 976 1613 1035 ὧν
1646 985 1894 1053 κατέχειν

291 1067 507 1130 αὐτοὺς
528 1065 907 1136 αἰχμαλώτους
931 1066 1265 1138 δυνήσονται.
1306 1064 1445 1117 Ἀλλ’
1482 1065 1548 1118 ἂν
1574 1065 1894 1138 θελήσωμεν

296 1150 511 1221 μικρὸν
540 1151 924 1218 ἀνενεγκόντες
951 1147 1321 1220 ήμῶν-αὐτῶν
1362 1148 1638 1216 γενέσθαι,
1679 1138 1905 1215 ἐκείνας

292 1249 356 1284 τε
412 1232 794 1304 κερδανοῦμεν
830 1234 925 1287 καὶ⁵
967 1233 1116 1303 ήμᾶς
1158 1232 1357 1294 αὐτοὺς
1400 1232 1496 1287 καὶ
1538 1234 1665 1295 τοὺς
1698 1232 1891 1299 ἀλὶῗους

292 1314 557 1380 ἅπαντας
577 1338 590 1348 ·
627 1318 723 1370 καὶ
744 1316 945 1387 ὥσπερ
967 1316 1061 1370 νῦν
1099 1316 1197 1386 τῆς
1231 1314 1339 1368 τῶν
1373 1315 1582 1368 πολλῶν
1616 1316 1894 1382 ἀπωλείας

290 1399 652 1470 κατέστημεν
692 1398 1001 1463 ὑπεύθυνοι,
1033 1398 1175 1452 οὕτω
1195 1398 1316 1451 τότε
1349 1398 1449 1468 τῆς
1480 1400 1698 1455 πάντων
1723 1418 1892 1471 σωτηο

293 1480 423 1549 ρίας
473 1482 869 1554 ἀποληψόμεΜ
912 1483 1003 1535 τὸν
1034 1482 1244 1551 μισθὸν,
1295 1481 1388 1535 καὶ
1429 1475 1503 1535 ὦν
1549 1483 1888 1552 ἀπολαύομεν

288 1565 391 1617 νῦν
425 1567 695 1636 αἰσχρῶν,
743 1568 864 1620 τότε
910 1564 1047 1636 μετά
1096 1564 1297 1635 πολλῆς
1354 1564 1734 1634 ἀπολαύσομεν
1791 1568 1889 1636 τῆς

287 1649 489 1719 τιμῆς.
535 1650 599 1702 Τί
635 1650 760 1720 γὰρ,
806 1649 943 1701 εἰπέι.
964 1666 1074 1719 μοι,
1107 1646 1284 1717 βούλει
1314 1647 1579 1717 τιμᾶσθαι
1606 1649 1756 1718 παρά
1790 1665 1889 1716 γυ-

287 1731 544 1799 ναικῶν;
571 1734 824 1786 Μάλιστα
856 1732 954 1802 μὲν
985 1731 1201 1796 ἀνάξιον
1230 1729 1389 1783 τοῦτο
1414 1731 1605 1800 ἀνδρὸς
1643 1749 1889 1802 πνευμα-

286 1814 454 1879 τικοῦ
478 1814 543 1868 τὸ
572 1816 742 1886 τιμῆς
764 1814 1018 1885 τοιαύτης
1053 1816 1184 1885 ἐρᾷν
1205 1828 1219 1842 ·
1251 1811 1392 1884 πλὴν
1425 1812 1562 1866 ἀλλά
1614 1815 1707 1871 καὶ
1732 1814 1890 1876 τοῦτο

284 1897 418 1950 τότε
444 1898 745 1969 παρέσται,
781 1899 909 1951 ὅταν
955 1895 1031 1969 μὴ
1063 1894 1316 1966 ζητῶμεν
1347 1895 1497 1953 αὐτό.
1532 1896 1750 1965 Πέφυκε
1779 1897 1888 1969 γὰρ

284 1977 589 2050 ἄνθρωπος
614 1980 725 2033 τῶν
758 1982 856 2050 μὲν
883 1980 1297 2052 θεραπευόντων
1323 1980 1595 2052 ὑπερορᾷν
1616 2020 1630 2040 .
1676 1981 1803 2043 τοὺς
1831 1982 1888 2036 δὲ

288 2062 371 2135 μὴ
392 2063 796 2128 κολακεύοντας
829 2062 1131 2133 θαυμάζειν
1151 2079 1162 2092 ·
1181 2063 1241 2116 τὸ
1260 2062 1315 2115 δὲ
1351 2063 1520 2125 πάθος
1540 2062 1700 2117 τοῦτο
1727 2063 1886 2117 πλέον

282 2147 649 2216 ⁴ήιγυναικεία
697 2149 861 2218 φύσις
907 2148 1200 2218 ὑπομένειν
1227 2145 1439 2200 εἴωθεν.
1486 2146 1781 2217 Ἀφόρητός
1826 2164 1885 2200 τε

286 2230 403 2301 γάρ
436 2233 557 2285 ἐστι
589 2228 1386 2302 κολακευομένη,θαυμάζετα,ι
1412 2220 1467 2283 δὲ
1495 2230 1729 2300 μάλιστα
1760 2232 1888 2284 πάν-

283 2329 401 2367 των
443 2315 574 2377 τοὺς
613 2314 714 2368 οὐκ
744 2314 1109 2385 ἀνεχομένους
1159 2312 1332 2367 εἴκειν
1379 2313 1475 2367 καὶ
1507 2313 1886 2368 ὑποκλίνεσθαι

284 2399 415 2461 ταῖς
453 2398 720 2470 ἀκαίροις,
764 2397 939 2465 αὐτῆς
990 2395 1349 2468 ἐπιθυμίαιςο
1400 2397 1495 2450 καὶ
1530 2397 1689 2450 τοῦτο
1729 2398 1887 2468 ὑμεῖς

288 2498 389 2550 μοι
425 2484 831 2553 μαρτυρήσετε.
862 2480 978 2534 Νῦν
1001 2481 1100 2551 μὲν
1122 2480 1230 2550 γὰρ
1251 2481 1352 2550 οὐχ
1375 2481 1426 2532 οἰ
1456 2479 1654 2544 ἔξωθεν
1691 2481 1883 2548 μόνον,

285 2563 436 2621 ἀλλὰ
468 2565 566 2620 καὶ
593 2565 758 2619 αὑταὶ
789 2564 1165 2633 καταγελῶσιν
1187 2563 1342 2634 ὑμῶν
1374 2564 1431 2617 αἰ
1455 2563 1885 2630 συνοικοῦσαι,εἰ

284 2649 389 2701 καὶ
427 2648 507 2719 μὴ
546 2647 821 2719 φανερῶς,
847 2649 961 2702 ἀλλ’
993 2650 1051 2701 ἐν
1071 2646 1150 2719 τῷ
1187 2647 1473 2713 συνειδότι,
1495 2650 1588 2701 καὶ
1606 2648 1886 2717 ἐγκαλλω-

285 2728 546 2793 πίζονται
572 2732 639 2802 τῇ
670 2730 883 2802 χαλεπῇ
913 2730 1085 2803 ταύτῃ
1107 2730 1381 2802 τυραννίδι
1408 2748 1421 2760 ·
1453 2731 1576 2784 τότε
1599 2732 1654 2784 δὲ
1684 2730 1886 2802 θαυμά-

288 2830 484 2871 σονται
530 2815 739 2878 πάντας
777 2815 944 2886 ὑμᾶς,
977 2814 1072 2869 καὶ
1101 2815 1544 2887 ἐκπλαγήσονται
1585 2816 1684 2886 τὴν
1732 2816 1885 2869 ἐλευ-

288 2895 487 2966 θερίαν
519 2897 697 2968 ὑμῶν.
729 2898 792 2953 Εἰ
825 2898 884 2955 δὲ
908 2900 1190 2953 ἀπιστεῖτε
1228 2903 1342 2962 τοῖς
1364 2897 1655 2970 ἡμετέροις
1685 2899 1884 2967 λόγοις,

287 2977 475 3051 αὐτὰς⁸
516 2978 708 3051 ἔρεσθε
743 2980 983 3044 ἐκείνας,
1016 2981 1171 3043 τίνας
1212 2981 1414 3051 μᾶλλον
1460 2981 1742 3035 ἐπαινοῦσι
1791 2983 1888 3036 καὶ

289 3062 682 3131 ἀποδέχονται,
734 3062 864 3125 τοὺς
901 3063 1253 3127 δουλεύοντας
1274 3103 1290 3127 ,
1336 3063 1368 3134 ἢ
1396 3065 1525 3127 τοὺς
1552 3064 1889 3135 κρατοῦντας

287 3145 482 3198 αὐτῶν
502 3160 515 3173 ⁸
546 3144 674 3207 τοὺς
696 3143 1097 3216 ὑποκειμένους
1126 3148 1218 3200 καὶ
1250 3147 1429 3201 πάντα
1476 3146 1765 3211 ποιοῦντας
1794 3149 1890 3202 καὶ

288 3226 618 3298 οττάσχοντας⁸
644 3225 737 3282 διὰ
776 3227 877 3298 τὴν
904 3230 984 3293 εἰς
1005 3229 1224 3293 ἐκείνας
1265 3228 1427 3301 χάριν
1450 3270 1465 3295 ,
1508 3230 1541 3302 ῆ
1583 3232 1709 3293 τοὺς
1737 3231 1889 3284 οὐδὲν

288 3309 511 3367 τούτων
559 3311 970 3385 ἀνεχομένους,
995 3312 1134 3366 ἀλλά
1178 3313 1676 3384 ἐπαισχυνομένους
1709 3313 1890 3367 αὐτῶν

291 3397 413 3457 τοῖς
463 3398 720 3467 ⁴πονηροῖς
751 3396 1131 3464 ἐπιτάγμασι·
1181 3395 1285 3449 κᾶν
1334 3396 1664 3468 ἐθελήσωσιν
1715 3399 1891 3450 εἰπεῖν

291 3477 553 3548 τάληθὲς,
568 3480 787 3541 πάντως
804 3479 1048 3543 ἐκείνους
1063 3479 1248 3553 ἐροῦσι
1263 3497 1279 3511 ’
1308 3479 1507 3551 μᾶλλον
1527 3479 1585 3535 δέ
1606 3480 1729 3534 οὐδὲ
1756 3481 1892 3535 ἀπο-

294 3562 541 3632 κρίσεως
566 3564 748 3637 χρεία,
780 3565 891 3619 τῶν
914 3566 1261 3637 πραγμάτων
1275 3564 1435 3618 τοῦτο
1453 3564 1721 3634 βοώντων.
1751 3564 1891 3619 Ἀλλ’

294 3644 503 3717 ἡδονῆς
519 3646 707 3702 ἕνεκεν
726 3650 754 3702 ό
771 3648 1039 3703 συνοικῶν
1066 3648 1400 3715 πλεονεκτεῖ,
1427 3650 1555 3718 τοὺς
1580 3648 1894 3719 ὀφθαλμοὺς

295 3729 526 3800 εὐωχῶν
558 3733 677 3794 ταῖς
708 3731 817 3786 τῶν
855 3731 1144 3804 παρθένων
1181 3732 1363 3803 ὂψεσι.
1397 3733 1653 3787 Μάλιστα
1699 3733 1796 3804 μὲν
1842 3733 1891 3785 εἰ

298 3813 398 3867 καὶ
427 3811 589 3866 τοῦτο
616 3813 790 3878 οὕτως
823 3810 962 3886 εἶχε,
989 3815 1056 3868 δι’
1079 3816 1214 3869 αὐτὸ
1256 3816 1354 3887 μὲν
1392 3813 1487 3869 οὖν
1510 3815 1671 3869 τοῦτο
1701 3818 1894 3887 φυγεῖν

294 3896 506 3966 ἐχρῆν·
539 3896 634 3953 νῦν
663 3898 720 3951 δὲ
768 3899 923 3970 ύμῖν·
952 3899 1154 3963 ἱκανῶς
1200 3899 1602 3963 ἀποδέδεικται,
1655 3902 1737 3954 ὅτι
1796 3900 1894 3970 οὐχ

298 3978 401 4050 ἡδὺ
432 3978 495 4031 τὺ
517 3979 778 4044 τοιοῦτον,
812 3981 952 4035 ἀλλά
972 3982 1303 4045 τούναντίον,
1331 3984 1395 4035 τὸ
1420 3983 1495 4053 μὴ
1517 3981 1724 4053 ταύτης
1755 3984 1894 4036 ἀπο-

297 4059 491 4115 λαύειν
512 4062 611 4131 τῆς
642 4062 876 4132 θεωρίας
895 4080 908 4094 ·
934 4066 999 4118 σὺ
1018 4065 1076 4119 δέ
1106 4081 1196 4135 μοι
1227 4063 1510 4134 προστίθει
1545 4064 1641 4117 καλ⁸
1660 4064 1758 4136 τήν
1786 4064 1896 4118 ἀπὺ

298 4144 398 4197 τοῦ
433 4144 734 4207 συνειδότος
759 4145 1121 4218 εὐφροσύνην.
1718 4214 1723 4218 ,

374 4226 543 4281 Οὐδὲν
564 4226 672 4298 γὰρ
687 4228 834 4298 ήμᾶς
854 4227 1026 4294 οὕτως
1041 4229 1356 4300 εὐφραίνειν
1384 4229 1595 4289 εἴωθεν,
1614 4228 1690 4292 ὡς
1714 4244 1893 4282 συνει-

298 4310 391 4374 δὸς
421 4309 678 4380 χρηστὸν,
713 4311 809 4364 καὶ
833 4312 1050 4377 ἐλπίδες
1080 4313 1304 4383 ἀγαθαί.
1359 4312 1498 4367 Ἀλλ’
1532 4311 1895 4376 ἀναπαύσεως

302 4395 493 4449 ἕνεκεν
519 4393 677 4447 τοῦτο
698 4395 1016 4467 ἐπιζητεῖςης
1042 4397 1182 4450 Ἀλλ’
1202 4396 1581 4450 ἀποδέδεικται
1608 4395 1704 4457 καὶ.
1738 4393 1897 4459 τοῦτο

303 4475 672 4549 εὐκολώτερον
704 4478 785 4544 ὃν,
810 4479 939 4531 ὅταν
970 4479 1199 4549 ἀδελφὸς
1226 4483 1470 4550 συνοικῇ.
1502 4478 1618 4533 Νῦν
1661 4478 1760 4549 μὲν
1786 4479 1896 4549 γὰρ

304 4561 458 4614 οὐδὲν
467 4560 654 4614 δούλου
670 4561 1004 4633 διενήνοχας,
1018 4562 1114 4615 καὶ
1133 4561 1313 4631 ζητῶν
1330 4563 1638 4616 ἀνάπαυσιν
1652 4561 1896 4615 δουλείαν

304 4637 466 4714 εὗρες
488 4643 904 4715 χαλεπωτάτηνο
917 4645 1040 4698 τότε
1058 4645 1114 4698 δὲ
1131 4644 1338 4718 ταύτης
1358 4645 1516 4708 ἐκτὸς
1539 4644 1777 4714 ἕστηκας
1798 4645 1897 4716 τῆς

304 4725 678 4798 λειτουργίας,
728 4728 824 4781 καὶ
868 4727 978 4782 τῶν
1016 4728 1438 4793 ἐπιταττόντων,
1486 4730 1548 4782 ού
1608 4727 1717 4782 τῶν
1770 4728 1896 4781 ἐπι-

305 4810 656 4880 τασσομένων
707 4810 828 4885 ἔσῃ.
854 4811 1025 4866 Ὅταν
1076 4808 1172 4866 οὖν
1211 4812 1331 4866 ἐκεῖ
1387 4813 1487 4883 μὲν
1539 4810 1658 4865 ἀνθ’
1702 4811 1896 4883 ἡδονῆς

306 4891 477 4964 λύπη,
526 4895 622 4948 καὶ
669 4895 792 4948 ἀντὶ
822 4895 981 4967 δόξης
1007 4897 1262 4967 αἰσχύνη,
1298 4898 1392 4951 καὶ
1420 4897 1542 4950 ἀντὶ
1582 4896 1895 4968 ἐλευθερίας

305 4975 541 5043 δουλεία,
579 4979 672 5032 καὶ
697 4979 858 5043 πόνος
900 4980 1020 5033 ἀντὶ
1046 4981 1409 5044 ἀναπαύσεως
1429 4997 1442 5010 ·
1478 4979 1809 5052 πρόσκειται
1836 4978 1895 5031 δέ

307 5060 402 5114 καὶ
432 5060 495 5113 τὸ
522 5059 966 5133 βλασφημεῖσθαι
1020 5063 1113 5118 τὸν
1163 5063 1317 5126 Θεὸν,
1360 5064 1455 5118 καὶ
1503 5062 1749 5118 ἀπώλεια
1804 5078 1897 5115 το-

311 5144 507 5213 σαύτη,
564 5146 661 5200 καὶ
717 5146 1013 5210 σκάνδαλα,
1048 5149 1145 5203 καὶ
1181 5148 1406 5213 κόλασις
1452 5148 1746 5212 ἀθάνατος,
1802 5148 1895 5201 καὶ

311 5228 520 5300 μυρίων
562 5228 837 5295 ἔκπτωσις
888 5231 1109 5301 ἀγαθῶν
1144 5248 1159 5264 ⁸
1228 5232 1466 5286 ἐνταῦθα
1525 5232 1585 5286 δέ
1632 5231 1896 5285 τάναντία

308 5308 554 5376 ἅπαντα,
586 5311 742 5377 δόξα,
774 5314 943 5386 τιμὴ,
991 5315 1185 5388 ήδονή,
1216 5316 1524 5389 παρρησία,
1562 5315 1849 5385 ἐλευθερία
1873 5355 1890 5378 ,

308 5396 565 5467 σωτηρία
606 5397 814 5468 ψυχῶν,
864 5399 1143 5470 βασιλείας
1191 5400 1548 5472 κληρονομία,
1610 5398 1894 5463 κολάσεως

307 5477 796 5557 ἀπαλλαγὴμτίνος
845 5482 1030 5539 ἐνεκεν
1077 5485 1179 5538 οὐκ
1221 5483 1667 5553 ἀνταλλαξόμεθα
1720 5482 1897 5538 ταῦτα

307 5561 564 5629 ἐκείνων;
606 5559 751 5629 Ἐγὼ
781 5565 882 5636 μὲν
924 5568 1027 5620 ούκ
1079 5564 1221 5633 οἰδα,
1272 5566 1413 5638 πλὴν
1473 5566 1526 5621 εἰ
1578 5584 1664 5630 τις
1702 5566 1893 5619 ἐαυτὸν

305 5642 492 5709 ἁπλῶς
534 5648 836 5704 ἀπολλύναι
883 5650 1211 5722 ἐπιθυμοίηο
1265 5651 1385 5705 οὐδὲ
1450 5650 1561 5721 γὰρ
1624 5649 1892 5718 ἀπολογία

307 5726 458 5785 ἔσται
483 5733 617 5802 ἡμῖν
639 5732 824 5787 λοιπὸν
851 5735 974 5787 οὐδὲ
1005 5734 1326 5806 συγγνώμη.
1358 5736 1420 5789 Εἰ
1457 5734 1563 5806 γάρ
1598 5734 1693 5788 καὶ
1724 5733 1892 5804 μήδεο

306 5808 392 5874 νδς
415 5812 567 5886 [246]
594 5815 748 5880 ὄντος
774 5816 998 5883 τούτων,
1030 5819 1206 5874 πάντα
1235 5820 1528 5892 ὑπομένειν
1546 5818 1713 5890 ἐχρῆν
1747 5817 1890 5892 ὑπὲρ

365 5915 392 5946 ⁸
413 5918 565 5971 Savil.
588 5920 765 5981 αἰδοῦς,
790 5923 958 5973 Morel.
985 5922 1116 5974 ὁδοῦ.

943 280 1237 337 'CONTRA
1277 280 1412 341 EOS
1447 281 1567 349 QUI
1608 281 2234 345 SUBINTRODUCTAS
2277 282 2553 341 HABENT
2592 283 2945 343 VIBGINES.

3476 288 3585 343 512

2000 404 2100 473 τῆς
2122 403 2216 457 τοῦ
2249 403 2385 458 Θεοῦ
2410 402 2568 474 δόξης
2586 419 2602 432 ·
2632 404 2762 458 ὅταν
2782 404 2877 458 καὶ
2901 403 2970 457 τὰ
2987 401 3223 456 ἐνταῦθα
3239 404 3587 477 καρποῦσθαι

2000 487 2172 558 παρῇ,
2208 487 2301 540 καὶ
2328 486 2439 539 τῶν
2469 486 2768 557 μελλόντων
2795 488 3076 556 ἐπιτυχεῖν
3116 487 3337 553 ἀγαθῶν
3364 529 3379 550 ,
3419 491 3586 559 ήμεῖς

1999 569 2056 621 δὲ
2114 568 2248 640 πρὸς
2282 570 2343 621 τὸ
2371 568 2468 639 τὴν
2504 568 2599 621 τοῦ
2632 568 2766 622 Θεοῦ
2801 570 3011 639 βλασφη
3024 570 3242 637 μεῖσθαι
3269 569 3449 636 δόξαν,
3490 573 3586 625 καὶ

1999 653 2227 713 ἑαυτοὺς
2256 651 2776 720 προσαπολλύωμεν,
2808 652 2892 716 τίς
2927 654 3075 721 ἡμᾶς
3103 652 3453 723 ἐξαιρήσεται
3491 656 3584 707 καὶ

1998 734 2300 799 ἀπαλλάξει
2342 735 2444 801 τῆς
2475 736 2746 807 τιμωρίας
2786 736 2887 804 τῆς
2929 736 3021 787 ἐπὶ
3053 735 3266 799 τούτοις
3292 737 3582 808 κειμένηςς

1998 822 2113 872 Οὐκ
2143 819 2289 871 ἐστιν
2310 818 2505 881 οὐδείς.
3173 875 3185 886 ,
3436 868 3441 873 .

2070 902 2161 973 ιβ’.
2194 901 2377 955 Ταῦτα
2406 898 2498 954 οὖν
2525 901 2738 959 ἅπαντα
2758 901 3157 970 συναγαγόντες
3175 902 3309 972 πρὸς
3334 903 3579 964 ἑαυτοὺς,

1997 985 2425 1057 καταλλαγῶμεν
2455 984 2552 1053 ὀψὲ
2589 984 2716 1052 γοῦν
2749 1002 2876 1038 ποτε
2904 988 2969 1056 τῇ
3022 986 3267 1055 σωτηρίᾳ
3295 986 3403 1038 τῶν
3439 988 3580 1057 ήμε-

1993 1056 2168 1139 τέρων
2195 1066 2405 1138 ψυχῶν.
2455 1069 2519 1120 Εἰ
2568 1068 2625 1121 δὲ
2676 1067 2823 1121 δοκεῖ
2852 1085 2975 1123 τινα
3030 1067 3317 1123 δυσκολίαν
3347 1056 3491 1139 ἔχειν
3521 1069 3583 1122 τὸ

1997 1151 2284 1221 συνήθειαν
2342 1151 2760 1220 ἀποσπασθῆναι
2807 1152 3049 1221 μακρὰν,
3105 1153 3169 1221 τῇ
3227 1151 3452 1222 δυνάμει
3485 1152 3579 1205 τοῦ

1993 1233 2254 1304 λογισμοῦ
2296 1235 2433 1304 μετά
2466 1235 2565 1304 τῆς
2596 1233 2687 1286 τοῦ
2727 1232 2861 1286 Θεοῦ
2910 1234 3130 1303 χάριτος
3160 1233 3186 1272 ι)
3217 1233 3277 1285 τὸ
3309 1236 3416 1287 πᾶν
3463 1235 3582 1286 ἐπι-

1991 1318 2314 1389 τρέψαντες,
2346 1318 2571 1371 κάκεῖνο
2602 1315 2890 1375 πείσαντες
2921 1317 3170 1380 ἑαυτοὺς,
3228 1316 3332 1379 ὅτι,
3383 1315 3449 1369 ἂν
3478 1316 3578 1387 ἀρ-

1991 1402 2093 1472 χὴν
2141 1401 2302 1471 μόνον
2358 1400 2638 1466 ἐπιθῶμεν
2677 1399 2756 1469 τῷ
2814 1401 3124 1468 πράγματι,
3182 1399 3285 1452 οὐκ
3332 1399 3411 1452 ἔτι
3451 1398 3579 1467 ὀψό-

1995 1484 2135 1554 μεθα
2160 1485 2422 1556 δυσχερές
2437 1500 2451 1513 ’
2473 1481 2616 1536 οὕτω
2641 1481 3131 1553 κατατολμήσομεν
3146 1482 3245 1552 τῆς
3268 1482 3577 1552 συνηθείας.

1994 1568 2089 1623 Ἂν
2117 1568 2226 1640 γὰρ
2278 1568 2408 1621 δέκα
2450 1565 2663 1636 ἡμέρας
2715 1564 2910 1619 σαυτὸν
2954 1565 3295 1635 ἀποστήσῃς,
3343 1565 3579 1618 εὐκολώ-

1989 1668 2146 1721 τερον
2197 1651 2297 1714 τάς
2337 1652 2545 1704 εἴκοσιν
2572 1648 2765 1711 οἴσεις,
2813 1648 2909 1700 καὶ
2953 1648 3036 1710 δὶς
3074 1648 3345 1711 τοσαύτας
3372 1649 3537 1702 πάλιν
3565 1666 3580 1681 ·

1990 1731 2111 1787 εἶτα
2165 1734 2270 1804 ὁδῷ
2337 1733 2650 1804 προϐαίνων
2702 1731 2825 1785 οὐδὲ
2879 1730 3134 1799 αἴσθησιν
3184 1729 3333 1804 λήψῃ
3393 1731 3581 1784 λοιπὸν

1988 1819 2088 1887 τῆς
2144 1820 2202 1872 ἐν
2253 1819 2394 1890 ἀρχῇ
2452 1816 2771 1879 δυσκολίας,
2806 1812 2945 1868 ἀλλά
2995 1814 3058 1866 τὸ
3095 1814 3301 1885 σφόδρα
3342 1814 3583 1868 δυσκατ-

1988 1900 2287 1970 αγώνιστον
2322 1898 2691 1954 εὐκολώτατον
2728 1898 2848 1967 ὄψει
2875 1896 3180 1968 γινόμενον,
3224 1897 3320 1950 καὶ
3356 1898 3437 1960 εἰς
3466 1897 3583 1949 ἐτέ-

1994 2001 2103 2054 ρανΔ
2132 1984 2296 2039 πάλιν
2330 1984 2697 2053 καταστήσεις
2738 1981 2967 2035 σεαυτὸν
3006 1980 3315 2051 συνήθειαν,
3353 1980 3447 2032 καὶ
3485 1981 3581 2050 ρᾳ-

1987 2066 2105 2120 δίαν
2133 2068 2391 2138 εὑρήσεις
2419 2066 2518 2137 τὴν
2551 2064 2848 2138 μετάθεσιν
2878 2060 3044 2118 οὖσαν
3078 2063 3139 2116 οὐ
3166 2062 3254 2115 διὰ
3290 2062 3581 2133 συνήθειαν

1993 2150 2174 2220 μόνον,
2204 2136 2342 2207 ἀλλά
2371 2136 2587 2203 καὶδιά
2629 2136 2729 2213 τὰς
2767 2146 3010 2220 χρηστὰς
3045 2145 3287 2209 ἐλπίδας.
3321 2144 3478 2198 Οὕτω
3518 2162 3578 2197 σε

1988 2235 2239 2289 κάκεῖναι
2273 2232 2651 2304 θαυμάσονται
2689 2232 2976 2303 μειζόνως,
3018 2229 3114 2284 καὶ
3158 2231 3186 2282 ό
3213 2228 3347 2292 Θεὸς
3384 2228 3580 2282 ἀποδέ‹

1990 2313 2139 2380 ξεται
2183 2316 2289 2388 πρὸ
2326 2315 2571 2380 ἐκείνων,
2613 2315 2709 2368 καὶ
2759 2314 2960 2377 πάντες
2993 2312 3266 2384 ἀνθρωττοι
3305 2310 3581 2382 στεφανώ-

1992 2415 2175 2462 σουσι,
2218 2398 2314 2452 καὶ
2348 2397 2463 2467 βίον
2516 2395 2690 2470 βιώσῃ
2747 2397 2947 2466 πολλὴν
2992 2394 3088 2466 μὲν
3141 2395 3334 2470 ἔχοντα
3368 2393 3581 2449 ἐλευθε-

1991 2479 2133 2552 ρίαν,
2186 2480 2388 2552 πολλὴν
2434 2481 2491 2534 δὲ
2545 2480 2643 2551 τῆν
2702 2480 2918 2551 ήδονήν.
2976 2478 3041 2531 Τί
3094 2477 3205 2549 γὰρ
3252 2478 3318 2531 ἂν
3370 2477 3584 2546 γένοιτο

1986 2565 2136 2635 ἥδιον
2168 2565 2263 2618 τοῦ
2303 2564 2397 2618 τοῦ
2433 2562 2674 2634 πονηροῦ
2720 2562 3023 2625 συνειδότος
3052 2561 3457 2631 ἀπαλλαγῆναι,
3487 2560 3585 2614 καὶ

1985 2648 2078 2702 τὸν
2117 2648 2344 2719 διηνεκῆ
2377 2647 2477 2718 τῆς
2508 2645 2806 2715 ἐπιθυμίας
2844 2644 3153 2703 καταλῦσαι
3188 2644 3446 2714 πόλεμον,
3490 2645 3586 2698 καὶ

1992 2731 2130 2802 μετά
2175 2731 2379 2801 πολλῆς
2430 2731 2530 2799 τῆς
2574 2729 2829 2793 εὐκολίας
2880 2729 2973 2783 τὸν
3012 2727 3180 2782 καλὸν
3228 2728 3329 2797 τῆς
3367 2744 3583 2797 σωφρο-

1991 2813 2157 2884 σύνης
2191 2813 2416 2868 πλέκειν
2459 2811 2747 2881 στέφανον,
2796 2811 2893 2866 καὶ
2923 2809 3231 2881 ἐλευθέροις
3263 2810 3364 2880 μὲν
3390 2808 3588 2876 ὀφθαλ-

1993 2901 2112 2967 μοῖς
2166 2898 2304 2968 πρὸς
2354 2896 2448 2947 τὸν
2484 2894 2715 2964 οὐρανὸν
2767 2894 3008 2964 βλέπειν,
3062 2892 3281 2962 καθαρᾷ
3330 2892 3387 2945 δὲ
3432 2894 3583 2962 φωνῇ

1990 2979 2085 3032 καὶ
2131 2977 2329 3049 καρδία
2376 2977 2466 3029 τὸν
2507 2976 2764 3031 ἁπάντων
2808 2974 3090 3045 ’Δεσπότην
3136 2974 3349 3039 καλείν;
3398 2973 3588 3037 Οὐδεὶς

1989 3062 2133 3116 οὕτω
2180 3058 2466 3130 δεσμώτης
2524 3057 2769 3120 ἁλύσεως
2822 3056 3159 3126 ἀπαλλαγεὶς
3220 3056 3315 3111 καὶ
3368 3054 3585 3126 αὐχμοῦ

1990 3146 2086 3200 καὶ
2117 3144 2220 3215 τῆς
2257 3143 2422 3214 ἄλλης
2463 3142 2563 3213 τῆς
2589 3142 2647 3195 ἐν
2680 3139 2758 3211 τῷ
2790 3140 3151 3212 δεσμωτηρίῳ
3181 3139 3584 3211 ταλαιπωρίας.

1995 3227 2196 3301 μᾶλλον
2259 3226 2318 3280 δὲ
2363 3225 2539 3287 οὐδεὶς
2595 3222 2739 3276 οὕτω
2810 3222 2908 3286 τὰς
2969 3222 3123 3292 ὄψεις
3186 3220 3588 3292 πεπηρωμένος

1994 3310 2326 3380 ἀναϐλέψας,
2363 3307 2546 3365 καὶτὸ
2574 3306 2748 3376 γλυκὺ
2782 3304 2942 3359 τοῦτο
2985 3304 3102 3374 φῶς
3135 3304 3258 3359 ἰδὼν
3293 3303 3587 3374 ἀγάλλεται

1995 3396 2090 3450 καὶ
2116 3394 2381 3464 γάννυται
2413 3392 2509 3445 καί
2540 3390 2761 3461 σκιρτᾷ,
2805 3389 2881 3453 ὡς
2906 3391 2935 3442 ὁ
2972 3388 3073 3456 τῆς
3106 3388 3352 3452 δουλείας
3381 3387 3587 3456 ταύτης

1994 3476 2423 3549 ἐλευθερωθῆναι
2470 3473 2742 3544 δυνηθείς.
2790 3473 2902 3526 Καὶ
2936 3471 3046 3543 γὰρ
3095 3472 3190 3525 τοῦ
3241 3472 3422 3541 φωτὸς
3459 3470 3590 3539 γλυ-

1994 3562 2200 3633 κυτέρα
2241 3557 2424 3630 πολλῷ
2454 3558 2555 3629 τῆς
2600 3555 2916 3628 τυραννίδος
2964 3554 3172 3625 ταύτης
3207 3558 3241 3627 ή
3273 3555 3587 3626 ἀπαλλαγή,

1994 3648 2089 3700 καί
2119 3644 2284 3714 ζόφου
2319 3641 2520 3704 παντὸς
2570 3640 2759 3694 τούτου
2803 3639 3166 3710 χαλεπωτέρα
3214 3638 3311 3710 τῆς
3339 3637 3589 3702 δουλείας

1994 3729 2211 3800 ἐκείνης
2251 3726 2347 3781 καὶ
2388 3724 2497 3778 τῶν
2543 3722 2760 3793 δεσμῶν
2802 3725 2836 3794 ή
2881 3722 3249 3793 ταλαιπωρίαι
3288 3720 3448 3779 Ἀλλά
3480 3719 3591 3791 γὰρ

1993 3812 2047 3865 τί
2085 3809 2191 3883 χρὴ
2221 3809 2396 3863 ταῦτα
2428 3807 2692 3879 μηκύνειν
2738 3805 3000 3877 ἐκατέρου
3033 3805 3186 3875 βίου;
3215 3802 3310 3856 τοῦ
3350 3803 3447 3872 μὲν
3489 3801 3589 3874 τὴν

1994 3892 2377 3964 ἀνελευθερίαν
2409 3893 2505 3945 καὶ
2547 3890 2648 3962 τήν
2693 3889 2933 3960 ἀθυμίαν
2972 3890 3069 3941 κα).
3113 3887 3212 3959 τὴν
3259 3886 3463 3956 βλάϐην
3495 3885 3591 3937 καὶ

1995 3979 2092 4051 τὴν
2123 3977 2325 4046 πολλὴν
2355 3975 2641 4045 τηκεδόνα,
2672 3975 2767 4027 τοῦ
2798 3973 2856 4026 δὲ
2889 3972 2988 4043 τὴν
3017 3970 3332 4041 ἐλευθερίαν
3362 3968 3457 4021 καὶ
3489 3969 3591 4051 τὴν

1997 4061 2199 4133 ήδονὴν,
2221 4061 2316 4114 καὶ
2344 4058 2442 4130 τὴν
2483 4058 2755 4128 ὠφέλειαν
2805 4057 2901 4109 καὶ
2942 4054 3040 4127 τήν
3082 4053 3282 4125 πολλὴν
3331 4050 3591 4122 παραδει-

1998 4143 2220 4206 κνύντος
2256 4141 2643 4214 σωφροσύνην;
2678 4141 2835 4209 λόγος
2868 4138 2979 4212 γάρ
3017 4138 3193 4202 οὐδεὶς
3231 4136 3371 4190 αὐτὰ
3409 4151 3591 4206 παρα-

2001 4228 2196 4298 στῆσαι
2236 4225 2544 4295 δυνήσεται,
2588 4224 2726 4294 μόνη
2746 4225 2805 4275 δὲ
2836 4224 2945 4278 τῶν
2970 4221 3319 4293 πραγμάτων
3340 4221 3374 4291 ή
3399 4221 3586 4290 πεῖρα.

1997 4311 2109 4365 Καὶ
2165 4309 2290 4363 τότε
2354 4306 2569 4359 εἴσεσθε
2620 4306 2803 4368 καλῶς
2853 4308 3014 4359 τίνων
3077 4306 3176 4377 μὲν
3232 4303 3589 4376 ἀπηλλάγητε

1998 4392 2205 4458 κακῶν,
2239 4391 2400 4455 ποίας
2424 4389 2481 4443 δὲ
2507 4388 2805 4461 ὲπετύχετε
2835 4389 3003 4458 ζωῆς,
3034 4389 3162 4441 ὅταν
3192 4389 3324 4458 ήμῖν
3365 4386 3456 4438 διὰ
3481 4384 3591 4438 τῶν

2000 4476 2342 4548 πραγμάτων
2386 4471 2686 4545 βουληθῆτε
2722 4470 3047 4539 πεισθῆναι·
3083 4468 3446 4539 πεισθήσεσθε
3482 4467 3592 4519 τοί⁴

1998 4576 2117 4624 νυν,
2156 4561 2285 4613 ὅταν
2330 4556 2422 4611 διὰ
2470 4555 2581 4609 τῶν
2625 4554 2802 4625 ἐργων
2842 4551 3020 4605 αὐτῶν
3054 4554 3124 4605 τά
3172 4550 3442 4621 εἰρημένα
3488 4549 3592 4620 μάο

2000 4642 2151 4714 θητε.
2186 4642 2250 4696 Εἰ
2287 4641 2346 4695 δέ
2388 4639 2468 4694 ἐτι
2501 4638 2975 4707 δυσανασχετεῖτε,
3004 4634 3101 4693 καὶ
3136 4636 3261 4696 τοῖς⁴
3301 4632 3591 4705 ἡμετέροις

1999 4728 2278 4781 ἀπιστεῖτε
2322 4725 2535 4794 λόγοις,
2588 4721 2780 4793 ἔρεσθέ
2830 4736 2983 4784 τινας
3038 4718 3150 4772 τῶν
3203 4716 3408 4787 ταύτην
3460 4716 3593 4769 ποτὲ

1998 4809 2396 4866 δουλευσάντων
2422 4808 2521 4879 τῆν
2556 4804 2827 4869 δουλείαν,
2860 4799 2981 4857 εἶτα
3019 4801 3216 4873 ἀθρόον
3247 4799 3590 4869 ἀπαλλαγέν-

1999 4913 2128 4960 των,
2155 4894 2249 4948 καὶ
2279 4893 2415 4964 πρὸς
2455 4891 2554 4962 τὴν
2590 4889 2762 4959 καλὴν
2790 4886 3216 4959 ἀναδραμόντων
3251 4882 3590 4955 ἐλευθερίαν,

2000 4979 2095 5033 καὶ
2153 4977 2278 5031 τότε
2334 4973 2611 5045 γνώσεσθε
2665 4973 2767 5043 τῆς
2840 4969 3209 5042 παραινέσεως
3276 4966 3479 5037 ταύτης
3530 4966 3594 5018 τὸ

1998 5062 2212 5133 κέρδος.
2259 5059 2416 5112 Ἐπεὶ
2468 5058 2565 5112 καὶ
2606 5059 2636 5110 ὁ
2677 5054 2931 5126 Σολομὼν
2994 5053 3159 5123 ήνίκα
3214 5050 3329 5122 μέν,
3365 5054 3432 5122 τῇ
3482 5049 3593 5103 τῶν

2001 5145 2270 5217 βιωτικῶν
2314 5143 2583 5214 ἐπιθυμία
2626 5140 2970 5212 πραγμάτων
3018 5135 3325 5207 κατείχετο,
3381 5135 3593 5217 μεγάλα

1996 5215 2057 5284 τε
2087 5230 2229 5283 αὐτά
2258 5226 2510 5299 ἐνόμιζεν
2554 5222 2696 5281 εἶναι
2756 5223 2848 5277 καὶ
2894 5219 3207 5293 θαυμαστὰ,
3251 5220 3345 5274 καὶ
3392 5215 3594 5288 πολλὴν

1998 5315 2127 5385 περὶ
2159 5311 2298 5367 αὐτά
2334 5313 2432 5383 τὴν
2472 5308 2789 5381 φιλοπονίαν
2822 5306 3195 5368 ἐπεδείκνυτο,
3224 5302 3488 5374 λαμπράς
3531 5316 3593 5353 τε

1996 5397 2445 5469 οἰκοδομούμενος
2487 5394 2699 5458 οἰκίας,
2740 5393 2837 5449 καὶ
2877 5389 3099 5462 χρυσίον
3152 5388 3402 5456 συνάγων
3439 5385 3597 5469 ἀπει-

1999 5501 2114 5556 ρον,
2166 5467 2443 5553 μουσικῶν
2492 5497 2549 5532 τε
2601 5479 2798 5550 χοροὺς
2844 5476 2940 5530 καὶ
2988 5469 3404 5546 τραπεζοποιῶν
3441 5467 3590 5556 ⁸γένη

1998 5548 2318 5621 παντοδαπά
2351 5561 2504 5637 [947]
2539 5548 2635 5616 κεί
2672 5548 2959 5632 μαγείρων
2993 5557 3281 5637 πάντοθεν
3302 5548 3589 5637 συναθροις

1996 5647 2124 5714 ζων,
2155 5648 2251 5703 καὶ
2282 5631 2381 5718 τὴν
2425 5631 2534 5701 ἀπὸ
2574 5631 2688 5699 τῶν
2729 5644 2928 5713 κήπων
2975 5640 3157 5711 χάριν,
3202 5636 3297 5692 καὶ
3342 5632 3441 5704 τὴν
3474 5631 3586 5718 ἀπὸ

1996 5733 2104 5788 τῶν
2131 5715 2401 5804 λαμπρῶν
2436 5729 2706 5801 σωμάτων
2737 5725 2930 5798 ἡδονήν
2956 5723 3195 5795 δαψιλῶς
3239 5715 3591 5804 παρασκευάς-

1997 5818 2106 5884 ζων
2136 5799 2217 5888 τῇ
2236 5799 2336 5887 τῆς
2371 5799 2549 5885 ψυχῆς
2579 5811 2867 5882 ἐπιθυμίᾳ,
2898 5811 2994 5864 καὶ
3033 5808 3237 5872 πᾶσαν,
3269 5801 3344 5865 ὡς
3386 5799 3583 5864 εἰπεῖν,

2010 5970 2017 5979 ,
2059 5922 2088 5963 δ
2112 5919 2259 5973 Sm'il.
2287 5920 2405 5986 μετά
2425 5919 2510 5976 τὴν
2530 5915 2616 5966 τοῦ
2636 5914 2762 5966 Θεοῦ
2782 5919 2937 5980 χάριν.
