4060 6136
400 279 508 335 515

397 396 517 451 666v
582 392 941 463 ψυχαγωγίας
1015 394 1111 446 καὶ
1170 394 1418 467 τέρψεως
1484 393 1665 467 ἑαυτῷ
1725 395 1978 467 τέμνων·

399 476 586 546 ἐπειδὴ
616 476 675 529 δὲ
704 476 900 546 μικρὸν
934 476 1143 529 ἐκεῖθεν
1174 479 1465 548 ἀνήνεγκε,
1507 480 1602 532 καὶ
1642 478 1895 549 καθάπερ
1927 479 1984 545 ἐξ

397 559 637 612 ἀϐύσσου
674 559 820 622 τινὸς
853 558 1087 629 ζοφερᾶς
1121 561 1421 631 ἀναϐλέψαι
1467 562 1603 634 πρὸς
1641 563 1702 615 τὸ
1744 564 1845 633 τῆς
1894 581 1982 632 φι-

397 641 654 709 λοσοφίας
685 642 871 711 ἴσχυσε
905 641 1041 711 φῶς,
1072 644 1374 714 τηνικαῦτα
1398 647 1496 716 τὴν
1525 645 1737 717 ὑψηλὴν
1766 646 1985 716 ἐκείνην

398 726 493 780 καὶ
542 725 642 795 τὴν
689 725 799 780 τῶν
853 725 1097 797 οὐρανῶν
1160 727 1318 794 ἀξίαν
1379 730 1558 799 ἀφῆκε
1606 732 1822 801 φωνήν’
1861 734 1985 785 Μα-

396 809 1078 878 ταιότηςματαιοτήτων,
1097 810 1292 879 λέγων,
1328 812 1397 865 τὰ
1412 811 1610 865 πάντα
1630 814 1981 882 ματαιότης.

470 889 686 961 Ταύτην
722 893 818 945 καὶ
874 893 1065 960 ὑμεῖς,
1120 895 1217 947 καὶ
1249 895 1455 966 ταύτης
1516 895 1872 968 ὑψηλοτέραν,
1918 896 1985 949 ἂν

399 970 712 1044 ἐθελήσητε,
755 974 935 1045 ψῆφον
990 974 1172 1029 οἴσετε
1207 977 1336 1049 περὶ
1378 977 1481 1047 τῆς
1509 978 1742 1048 ἀκαίρου
1781 977 1987 1048 ταύτης

397 1057 610 1127 ἡδονῆς,
643 1057 739 1111 ἐάν
788 1059 984 1128 μικρὸν
1028 1061 1257 1124 ἑαυτοὺς
1292 1060 1395 1131 τῆς
1447 1063 1688 1132 πονηρᾶς
1742 1062 1985 1129 ἀποστή-

400 1156 527 1209 σητε
578 1140 885 1210 συνηθείας.
925 1142 1121 1195 Καίτοι
1163 1159 1227 1210 γε
1255 1143 1284 1195 6
1315 1142 1567 1213 Σολομῶν
1613 1144 1671 1197 ἐν
1712 1145 1826 1206 τοῖς
1876 1143 1987 1196 ἀνω

397 1224 687 1293 γενόμενος
716 1225 931 1295 χρόνοις
966 1225 1085 1279 οὐδὲ
1131 1225 1333 1296 πολλὴν
1366 1226 1629 1299 ἀπῃτεῖτο
1670 1226 1989 1296 φιλοσοφίας

398 1305 710 1375 ἀκρίϐειαν·
754 1306 879 1360 οὔτε
924 1308 1035 1379 γὰρ
1081 1309 1293 1380 τρυφᾷν
1322 1310 1350 1361 6
1381 1307 1607 1371 παλαιὸς
1650 1307 1854 1361 ἐκώλυε
1901 1308 1990 1361 νό-

402 1405 536 1457 μος,
586 1388 709 1441 οὔτε
754 1389 862 1442 τῶν
917 1390 1092 1445 ἄλλων
1141 1391 1497 1444 ἀπολαύσεων
1550 1391 1844 1445 ἀπολαύειν
1891 1408 1989 1444 πε-

402 1471 584 1541 ριττὸν
638 1472 839 1543 ἔφησεν
889 1469 1028 1526 εἶναι
1076 1475 1173 1527 καὶ
1230 1476 1490 1545 μάταιονο
1532 1474 1645 1528 ἀλλ’
1687 1476 1837 1544 ὅμως
1892 1476 1989 1528 καὶ

398 1551 542 1607 οὕτω
582 1554 690 1607 τῶν
741 1557 1083 1628 πραγμάτων
1119 1556 1349 1628 ἐχόντων
1376 1557 1615 1629 ἡδυνήθη
1655 1558 1885 1611 συνιδεῖν
1928 1558 1990 1611 τὸ

399 1637 457 1689 ἐν
497 1636 679 1701 αὐτοῖς
712 1640 992 1709 ἀνόνητον,
1036 1641 1131 1693 καὶ
1177 1640 1378 1711 πολλὴν
1424 1640 1605 1693 αὐτῶν
1644 1640 1988 1708 καταγνῶναι

403 1720 761 1792 ματαιότητα.
801 1722 992 1792 Ἡμεῖς
1041 1723 1099 1776 δέ
1144 1724 1238 1775 ἐπὶ
1275 1724 1494 1792 μείζονα
1546 1723 1862 1795 καλούμεθα
1890 1740 1991 1776 πο·-

398 1801 627 1864 λιτείαν,
677 1804 773 1856 καὶ
830 1805 967 1875 πρὸς
1015 1804 1353 1877 ὑψηλοτέραν
1414 1806 1777 1878 ἀναϐαίνομεν
1827 1823 1990 1877 κορυ-

398 1886 526 1955 φὴν,
557 1887 651 1939 καὶ
677 1886 812 1956 πρὸς
846 1887 1069 1957 μείζονα
1102 1888 1495 1959 άπεδυσάμεθα
1527 1891 1852 1960 σκάμματα.
1882 1890 1992 1942 Kal

396 1968 450 2019 τί
490 1968 598 2039 γὰρ
629 1969 815 2041 ἕτερον
846 1970 961 2025 ἀλλ’
1005 1972 1038 2042 ἢ
1092 1973 1231 2025 κατά
1282 1972 1378 2035 τὰς
1427 1974 1540 2027 ἄνω
1588 1972 1848 2043 δυνάμεις
1893 1971 1992 2035 τὰς

396 2050 592 2121 νοεράς
638 2052 731 2105 καὶ
784 2053 1114 2124 ἀσωμάτους
1178 2055 1393 2117 ἐκείνας
1455 2054 1836 2109 πολιτεύεσθαι
1895 2072 1990 2108 κε-

397 2130 702 2204 λευόμεθα;
740 2135 863 2199 Πῶς
912 2132 1007 2190 οὗν
1045 2138 1148 2192 οὒκ
1179 2138 1406 2209 αἰσχρὸν
1460 2139 1556 2192 καὶ
1608 2138 1812 2208 πολλῆς
1841 2137 1991 2202 ἀξιον

398 2216 674 2283 κολάσεως
723 2219 982 2284 ἐλάττους
1018 2222 1229 2275 ἐκείνου
1276 2223 1511 2291 φανῆναι
1548 2220 1747 2291 πολλῷ,
1778 2221 1874 2276 καὶ
1916 2221 1991 2293 μὴ
2022 2254 2031 2259 -

401 2298 564 2369 μόνον
596 2302 706 2354 τῶν
752 2306 1268 2376 συγκεχωρημένων
1325 2305 1400 2376 μὴ
1434 2305 1683 2373 γίνεσθαι
1731 2304 1993 2375 ὑψηλοτέ-

401 2401 550 2456 ρους,
585 2386 839 2459 καθάπερ
870 2388 1100 2453 ἐκεῖνος,
1146 2388 1285 2443 ἀλλά
1315 2390 1409 2443 καὶ
1441 2389 1550 2443 τῶν
1596 2388 1991 2457 κεκωλυμένων

398 2470 492 2521 καὶ
519 2470 790 2539 τιμωρίαν
839 2472 1072 2541 ἐχόντων
1123 2473 1397 2544 ἀφόρητον
1426 2472 1733 2536 ἀπτεσθαις
1778 2472 1852 2525 Τὸ
1881 2471 1991 2542 γάρ

398 2550 577 2621 ἔρωτα
608 2554 665 2604 ἐν
693 2556 758 2624 τῇ
789 2553 934 2625 ψυχῇ
974 2555 1208 2627 πονηρὸν
1237 2557 1480 2626 τρέφειν,
1518 2557 1610 2609 καὶ
1639 2554 1776 2626 πρὸς
1804 2554 1993 2608 ἐπιθυ-

401 2636 531 2706 μίαν
567 2637 699 2709 ὀρᾷν
722 2641 976 2706 γυναῖκα,
1007 2639 1099 2691 καὶ
1131 2637 1570 2709 καταμανθάνειν
1608 2638 1803 2702 κάλλος
1835 2638 1994 2692 ἀλλό-

396 2733 570 2787 τριον,
622 2720 715 2772 καὶ
772 2721 1157 2789 καταισχύνειν
1215 2721 1317 2791 μέν
1366 2722 1580 2785 ἐαυτὸν,
1634 2721 1901 2790 βλάπτειν
1932 2722 1992 2775 δέ

397 2802 525 2864 τοὺς
555 2802 1007 2873 ἀσθενεστέρους,
1052 2804 1147 2855 καὶ
1198 2802 1400 2867 πολλάς
1451 2803 1551 2874 μὲν
1583 2804 1812 2875 Ἕλλησι
1847 2821 1991 2876 παρ-

399 2883 544 2951 έχειν
586 2883 787 2949 λαϐἀς,
834 2885 1031 2946 πολλὰς
1060 2885 1117 2939 δέ
1153 2885 1458 2951 Ἰουδαίοις,
1499 2886 1595 2939 καί
1640 2886 1768 2950 τούς
1804 2903 1863 2939 τε
1910 2888 1990 2940 οί-

400 2965 581 3029 κείους
617 2968 745 3031 τούς
775 2986 835 3021 τε
866 2969 1181 3040 ἀλλοτρίους
1211 2967 1616 3033 ὑποσκελίζειν,
1659 2970 1752 3024 καὶ
1786 2970 1987 3042 πολλὴν

397 3049 500 3118 τῆς
530 3050 625 3103 τοῦ
657 3050 793 3104 Θεοῦ
827 3050 987 3123 δόξης
1024 3050 1461 3116 κατασκευάζειν
1487 3052 1856 3125 βλασφημίαν,
1894 3056 1988 3107 καὶ

397 3133 786 3205 δουλοπρεπεῖς
825 3136 1184 3207 ἀναδέχεσθαι
1235 3137 1542 3205 διακονίας,
1589 3140 1685 3192 καὶ
1717 3138 1853 3209 πρὸς
1896 3138 1988 3191 τὸν

397 3215 507 3269 τῶν
540 3218 805 3287 βιωτικῶν
834 3221 1177 3291 πραγμάτων
1207 3219 1433 3292 θόρυϐον
1458 3221 1686 3285 ἑαυτοὺς
1714 3220 1983 3286 είσωθεῖν,

402 3301 495 3354 καί⁸
540 3301 638 3373 τὴν
684 3302 1025 3374 δωρηθεῖσαν
1058 3306 1189 3375 ἡμῖν
1240 3303 1554 3372 ἐλευθερίαν
1596 3305 1883 3375 προπίνειν
1911 3305 1987 3376 τῷ

398 3385 652 3456 διαϐόλῳ,
704 3387 800 3439 καὶ
847 3387 1053 3458 ταύτης
1101 3388 1495 3459 χαλεπωτάτην
1557 3388 1985 3442 ἀντικαταλλάτ-

399 3468 587 3521 τεσθαι
642 3470 967 3542 τυραννίδα,
1022 3471 1116 3524 καὶ
1171 3471 1572 3541 καταγέλαστον
1628 3475 1726 3543 μὲν
1774 3474 1984 3540 φίλοις,

401 3551 764 3606 ἐπονείδιστον
795 3553 853 3607 δὲ
889 3554 1105 3625 ἐχθροῖς
1144 3550 1307 3621 εἶναι,
1351 3557 1445 3609 καὶ
1481 3557 1725 3628 πονηράν
1772 3558 1869 3627 μὲν
1908 3557 1987 3628 τῷ

401 3636 567 3707 κοινῷ
593 3636 693 3708 τῆς
729 3637 1060 3709 Ἐκκλησίας
1104 3639 1529 3711 προστρίϐεσθαι
1573 3641 1754 3707 δόξαν,
1798 3658 1988 3693 καται-

403 3720 620 3789 σχύνειν
667 3719 724 3773 δὲ
772 3721 833 3774 τὸ
872 3723 1070 3792 σεμνὸν
1102 3724 1202 3793 τῆς
1256 3723 1555 3791 παρθενίας
1609 3723 1845 3795 ἀξίωμα,
1892 3726 1987 3778 καὶ

401 3805 513 3866 τοῖς
548 3803 888 3873 ἀσελγαίνειν
928 3805 1273 3876 βουλομένοις
1309 3805 1508 3869 πολλὰς
1548 3807 1806 3877 παρέχειν
1850 3825 1985 3878 προ-

403 3886 618 3955 φάσεις,
666 3888 761 3940 καὶ
811 3888 975 3959 ἕτερα
1015 3888 1237 3943 πλείονα
1298 3889 1504 3942 τούτων
1553 3892 1985 3955 κατασκευάζειν

400 3969 548 4023 δεινά
593 3970 832 4040 (ἅπαντα
875 3972 984 4042 γὰρ
1025 3971 1148 4025 οὔτε
1180 3973 1432 4035 συνιδεῖν,
1461 3971 1585 4024 οὔτε
1615 3972 1759 4043 λόγῳ
1810 3991 1983 4046 παρα-

403 4055 600 4123 στῆσαι
648 4055 893 4120 δυνατὸν,
943 4058 1042 4109 ὅσα
1098 4055 1186 4109 διά
1242 4056 1350 4108 τῶν
1409 4055 1753 4127 πραγμάτων
1809 4058 1985 4111 αὐτῶν

401 4137 776 4207 ὑπομένουσι),
826 4140 921 4191 καὶ
964 4139 1075 4192 τῶν
1132 4139 1337 4209 σφόδρα
1392 4139 1787 4210 κεκωλυμένων
1836 4141 1981 4205 ἐστὶ,

401 4220 497 4271 καὶ
538 4220 646 4272 τῶν
700 4220 918 4273 κόλασιν
974 4221 1208 4291 ἐχόντων
1260 4222 1557 4293 ἀφόρητον.
1593 4224 1756 4276 Ὥστε
1809 4226 1857 4277 εί
1893 4225 1987 4278 καὶ

407 4303 583 4373 μικρά
630 4304 715 4366 τίς
763 4307 911 4357 ἐστιν
964 4306 1161 4377 ἡδονὴ,
1218 4306 1392 4360 ταῦτα
1446 4307 1622 4362 πάντα
1677 4309 1988 4373 ἀντιθέντες

417 4437 649 4452 ,μ-υ

1061 276 1120 331 S.
1159 274 1446 334 JOANNIS
1483 275 1979 335 CHRYSOSTOMI
2020 275 2346 334 ARCHIEP.
2386 272 2943 333 CONSTANTINOP.

3565 272 3681 331 514

2087 395 2293 468 ἐκείνῃ,
2325 395 2415 449 τὸν
2448 393 2684 463 γέλωτα,
2730 391 2829 462 τὴν
2874 388 3160 468 αίσχύνην,
3194 387 3296 459 τὴν
3320 385 3431 441 τῶν
3462 385 3687 440 πολλῶν

2087 466 2342 548 ὑποψίαν,
2372 478 2471 542 τὰς
2506 476 2869 547 κατηγορίας,
2898 466 2971 528 τὰ
3006 472 3337 543 σκώμματα,
3379 469 3448 524 τά
3473 469 3683 540 ὀνείδη.

2086 562 2177 614 τὸν
2200 560 2457 632 σκώληκα
2479 560 2570 613 τὸν
2590 559 2969 629 ἀτελεύτητον,
2991 556 3053 610 τὸ
3078 556 3269 619 σκότος
3292 554 3357 606 τὸ
3381 550 3681 624 ἐξώτερον,

2086 645 2147 697 τὸ
2175 644 2288 716 πῦρ
2315 645 2376 698 τὸ
2402 644 2682 706 ἄσϐεστον,
2712 642 2811 714 τὴν
2837 640 3035 711 θλίψιν,
3066 639 3164 711 τὴν
3195 636 3582 709 στενοχωρίαν,
3616 638 3688 690 τὸ

2090 729 2310 801 βρύγμα
2329 729 2438 783 τῶν
2459 728 2709 790 ὀδόντων,
2726 727 2793 779 τά
2811 724 2988 795 δεσμά
3009 723 3079 777 τὰ
3100 723 3293 788 ἄλυτα,
3308 723 3402 776 καὶ
3421 720 3688 791 καθάπερ

2087 815 2144 866 ἐν
2166 812 2460 881 πλάστιγγι
2476 810 2806 872 καταθέντες
2822 809 2917 862 καὶ
2937 808 3380 878 ἀντιστήσαντες,
3399 803 3690 874 ἀποπηδή·

2090 914 2269 967 σωμεν
2292 895 2388 965 ὀψέ
2420 892 2550 964 γοῦν
2584 909 2712 945 ποτε
2736 892 2836 962 τῆς
2873 890 3271 961 χαλεπωτάτης
3306 890 3398 942 καὶ
3424 887 3688 961 ὀλεθρίας

2086 981 2264 1043 νόσου,
2310 979 2398 1031 ἵνα
2450 976 2587 1048 μετά
2620 975 2890 1045 λαμπρῶν
2944 973 3269 1044 ἀπέλθωμεν
3314 973 3433 1025 ἐκεῖ
3473 969 3687 1038 στεφά-

2088 1081 2214 1123 νων,
2250 1062 2345 1115 καὶ
2382 1059 2702 1129 δυνηθῶμεν
2758 1057 3065 1128 ἐλευθέροις
3112 1055 3346 1125 στόμασι
3396 1053 3535 1123 πρὸς
3583 1051 3687 1103 τὸν

2087 1145 2322 1217 Χριστὸν
2346 1145 2543 1207 εἰπεῖν,
2576 1144 2658 1196 ὅτι
2681 1141 2781 1195 Διά
2816 1141 2877 1193 σὲ
2911 1140 3007 1193 καὶ
3029 1138 3126 1210 τὴν
3155 1137 3314 1202 δόξαν
3336 1135 3436 1207 τὴν
3460 1135 3561 1206 σὴν
3580 1133 3686 1217 καὶ

2089 1220 2379 1297 συνηθείας
2400 1225 2911 1296 κατεφρονήσαμεν,
2933 1220 3085 1294 [248]
3109 1219 3205 1274 καὶ
3219 1218 3415 1288 ἡδονῆς
3435 1216 3684 1288 ἐκρατή-

2091 1328 2283 1380 σαμεν,
2318 1309 2412 1362 καὶ
2443 1308 2541 1378 τὴν
2579 1308 2758 1377 ψυχὴν
2787 1306 3084 1376 ἐθλίψαμεν
3112 1303 3211 1375 τὴν
3244 1301 3544 1374 ἡμετέραν,
3580 1299 3686 1354 καὶ

2089 1395 2269 1447 πᾶσαν
2309 1392 2492 1461 φιλίαν
2534 1388 2859 1454 ἐκϐαλόντες
2904 1389 2999 1442 καὶ
3031 1386 3324 1459 πρόληψιν,
3358 1385 3419 1438 σέ
3448 1385 3546 1439 καὶ
3583 1382 3685 1436 τὸν

2090 1478 2169 1540 είς
2200 1480 2259 1530 σὲ
2297 1475 2461 1529 πόθον
2492 1474 2747 1528 ἁπάντων
2780 1472 3270 1544 προτετιμήκαμεν
3309 1467 3682 1539 πραγμάτοιν.

2090 1560 2247 1613 Οῦτω
2290 1558 2400 1629 γάρ
2436 1557 2803 1628 κερδανοῦμεν
2853 1555 3001 1626 ἡμᾶς
3049 1554 3270 1615 αὐτοὺς,
3311 1547 3688 1621 κερδανοῦμεν

2092 1643 2150 1697 δέ
2182 1642 2281 1705 τὰς
2301 1642 2491 1704 ἀθλίας
2511 1640 2747 1703 ἐκείνας,
2770 1636 3138 1710 κερδανοῦμεν
3160 1635 3219 1688 δέ
3239 1635 3368 1698 τοὺς
3397 1631 3689 1687 σκανδαλι-

2093 1725 2376 1796 ζομένους,
2401 1725 2501 1778 καὶ
2531 1723 2661 1795 παρ’
2676 1722 2878 1785 αὐτοὺς
2897 1710 3211 1791 στησόμεθα
3225 1719 3352 1781 τοὺς
3370 1717 3684 1788 μάρτυρας,

2092 1812 2188 1863 καὶ
2230 1810 2327 1882 τὴν
2354 1807 2578 1880 πρώτην
2612 1804 2896 1877 ληψόμεθα
2920 1802 3093 1868 τάξιν.
3120 1802 3241 1856 Τῶν
3262 1801 3373 1872 γὰρ
3395 1799 3494 1870 τὴν
3526 1796 3690 1882 μεγί-

2094 1910 2229 1963 στην
2244 1881 2593 1963 ἀθλησάντων
2608 1889 2834 1959 ἀθλησιν
2854 1887 3091 1958 ἐκείνην,
3105 1887 3199 1940 καὶ
3218 1885 3319 1948 τάς
3341 1881 3689 1955 καρτερικικ

2092 1976 2423 2045 ἐνεγκόντων
2448 1974 2662 2036 ὀδύνας,
2693 1973 2794 2025 οὐκ
2855 1971 3117 2025 ἐλάττονα
3142 1968 3361 2039 τίθεμαι
3393 1967 3691 2037 ἄνθρωπον

2090 2060 2184 2114 τὸν
2214 2058 2484 2129 ἐπιθυμία
2512 2056 2880 2126 κατεχόμενον
2907 2053 3135 2124 παλαιᾷ,
3154 2053 3248 2106 καὶ
3273 2054 3331 2106 ἐν
3357 2052 3550 2122 ἡδίστη
3572 2051 3688 2105 τινὶ

2093 2144 2186 2197 καὶ
2214 2142 2420 2215 ἀρχαίᾳ
2448 2138 2997 2212 προκατειλημμένον
3027 2135 3307 2208 συνηθείᾳ,
3330 2130 3449 2188 εἶτα
3469 2134 3559 2188 διά
3588 2135 3687 2188 τὸν

2091 2225 2186 2280 τοῦ
2203 2225 2339 2279 Θεοῦ
2364 2224 2530 2293 φόϐον
2547 2224 2912 2277 διακόπτοντα
2933 2220 3002 2275 τά
3029 2219 3224 2291 δεσμά,
3243 2220 3338 2273 καὶ
3366 2218 3506 2291 πρὸς
3522 2218 3586 2271 τὸ
3604 2217 3689 2287 τῷ

2092 2308 2210 2380 Θεῷ
2232 2308 2422 2362 δοκοῦν
2441 2306 2829 2377 ἀνατρέχοντα.
2845 2304 2956 2358 Καὶ
2972 2302 3082 2374 γὰρ
3095 2303 3205 2357 τῶν
3227 2302 3433 2373 σφόδρα
3455 2301 3575 2355 ἐστὶ
3592 2319 3693 2371 χαι

2091 2392 2445 2455 λεπωτάτων,
2465 2408 2529 2443 συ
2539 2388 2811 2460 μπάθειάν
2831 2404 2891 2440 τε
2907 2388 3003 2440 καὶ⁸
3017 2386 3405 2456 φιλοστοργίαν
3429 2383 3691 2439 ἐκϐαλεῖν

2092 2476 2349 2549 ἀρχαίαν,
2366 2474 2569 2536 καὶτὰς
2583 2471 2957 2533 πολυπλόκους
2967 2468 3225 2539 διακόψαι
3242 2469 3435 2532 λαϐάς,
3447 2469 3544 2523 καὶ
3555 2485 3691 2522 πτε-

2097 2560 2388 2632 ροφυῆσαι,
2403 2557 2653 2629 καὶπρὸς
2680 2554 2779 2620 τὰς
2804 2554 3094 2626 οὐρανίους
3108 2554 3303 2624 ἀψῖδας
3325 2554 3687 2625 ἀναδραμεῖν.

2094 2644 2205 2696 Kal
2222 2642 2476 2713 καθάπερ
2495 2641 2724 2703 ἐκείνοις
2739 2638 2935 2710 δριμὺς
2953 2638 2982 2689 6
3000 2637 3183 2701 πόνος,
3202 2636 3347 2690 οὕτω
3362 2638 3457 2691 καὶ
3472 2636 3689 2700 τούτοις

2096 2726 2423 2799 μακροτέρα
2450 2728 2481 2797 ἡ
2512 2725 2693 2795 ὀδύνη.
2728 2722 2820 2775 Διὸ
2852 2722 2949 2776 καὶ
2980 2723 3028 2775 οί
3072 2722 3329 2790 στέφανοι
3361 2721 3524 2775 πάλιν
3557 2722 3687 2784 ῖσοι,

2094 2810 2280 2880 ἐπειδὴ
2311 2809 2407 2862 καὶ
2430 2809 2499 2862 τὰ
2526 2806 2883 2876 παλαίσματα
2911 2805 3095 2868 αὐτοῖς
3130 2804 3454 2876 παράλληλα
3482 2806 3685 2858 κεῖται.

2093 2894 2158 2947 Εί
2190 2892 2301 2963 γὰρ
2328 2893 2357 2945 6
2395 2888 2679 2959 ἐξαγαγὼν
2707 2888 2887 2959 τίμιον
2915 2886 2976 2951 ἐξ
3015 2887 3237 2951 ἀναξίου
3269 2888 3347 2949 ὡς
3387 2887 3563 2957 στόμα
3588 2884 3687 2940 τοῦ

2093 2972 2229 3026 Θεοῦ
2275 2972 2446 3035 ἔσται,
2482 2972 2511 3023 ὀ
2543 2970 2639 3022 καὶ
2667 2969 2860 3023 ἐαυτὸν
2887 2966 3281 3039 ἐλευθερώσας,
3309 2967 3404 3020 καὶ
3454 2966 3688 3038 μυρίους

2093 3055 2285 3119 ἀλλους
2331 3052 2645 3119 ἀπαλλάξας
2702 3052 3067 3123 κατηγορίας,
3109 3049 3366 3122 ἐννόησον
3407 3050 3533 3104 ὅσον
3585 3049 3687 3122 λὴο

2092 3138 2251 3209 ψεται
2277 3137 2368 3191 τὸν
2409 3135 2622 3206 μισθὸν,
2659 3135 2753 3188 καὶ
2791 3137 2858 3206 τῇ
2908 3133 3018 3187 τῶν
3063 3131 3317 3187 ἐπάθλων
3345 3132 3526 3186 ἐλπίδι
3555 3149 3689 3186 κους

2094 3220 2382 3292 φιζόμενος
2442 3218 2857 3290 καταφρόνησον
2926 3216 3215 3289 συνηθείας
3268 3218 3548 3288 τωνηρᾶς.
3596 3217 3688 3270 ἴνα

2094 3306 2236 3360 κατά
2273 3306 2333 3358 τὸ
2376 3303 2458 3375 τῷ
2502 3302 2622 3373 Θεῴ
2677 3301 2868 3356 δοκοῦν
2918 3300 3233 3374 διαδραμὼν
3282 3301 3376 3355 τὸν
3435 3299 3688 3372 παρόντα

2094 3391 2229 3463 βίον,
2264 3389 2402 3460 μετά
2436 3386 2677 3458 καθαροῦ
2708 3385 3014 3449 συνειδότος
3051 3386 3224 3455 αὐτὴν
3267 3385 3386 3458 ἴδῃς
3417 3386 3556 3451 ἐκεῖ,
3585 3386 3688 3439 καὶ

2091 3477 2192 3546 τῆς
2233 3471 2544 3543 ἁγιωτάτης
2582 3470 2754 3541 αὐτῆς
2795 3468 3113 3540 ἀπάλαύσῃς
3148 3467 3387 3540 ὁμιλίας.
3424 3467 3547 3522 Τῶν
3574 3470 3687 3540 γάρ

2095 3556 2422 3628 σωματικῶν
2473 3554 2745 3608 λυθέντων
2785 3553 2997 3620 παθῶν,
3049 3555 3144 3607 καὶ
3192 3553 3292 3623 τῆς
3344 3556 3684 3625 τυραννικῆς

2094 3640 2413 3711 σϐεσθείσης
2455 3638 2774 3709 ἐπιθυμίας,
2821 3638 2975 3691 οὐδὲν
3020 3637 3083 3691 τὸ
3128 3636 3338 3691 κωλύον
3383 3636 3587 3708 ἀνδρας
3620 3654 3686 3692 τε

2091 3724 2225 3795 ὁμοῦ
2273 3725 2366 3777 καὶ
2396 3725 2661 3792 γυναῖκας
2709 3717 2849 3774 εἶναι
2898 3722 3035 3785 ἐκεῖ,
3067 3720 3248 3792 πάσης
3284 3720 3382 3792 μὲν
3433 3720 3685 3775 ἐκποδὼν

2093 3809 2333 3880 πονηράς
2362 3805 2528 3877 οὔσης
2575 3805 2832 3876 ὑποψίας,
2875 3805 2975 3875 τὴν
3002 3804 3059 3857 δέ
3090 3803 3198 3858 τῶν
3231 3804 3481 3875 ἀγγέλων
3526 3805 3685 3859 πολι-

2090 3892 2262 3956 τείαν,
2293 3890 2385 3945 καὶ
2422 3890 2529 3943 τῶν
2556 3889 2761 3962 νοερῶν
2787 3889 3068 3960 δυνάμεων
3104 3889 3327 3942 ἐκείνων
3368 3888 3684 3960 δυναμένων

2089 3973 2394 4040 διασώζειν,
2421 3973 2530 4027 τῶν
2563 3975 2642 4037 είς
2676 3976 2777 4045 τὴν
2811 3972 3089 4043 βασιλείαν
3131 3971 3241 4024 τῶν
3270 3972 3517 4044 οὐρανῶν
3568 3975 3684 4026 εἰσ-

2090 4059 2376 4130 αγομένων
2440 4060 2717 4121 ἀπάντων,
2769 4057 2975 4128 χάριτι-
3002 4057 3097 4111 καὶ
3153 4056 3534 4128 φιλανθρωπίᾳ
3582 4057 3681 4111 τοῦ

2090 4141 2293 4213 Κυρίου
2338 4140 2494 4212 ἡμῶν
2535 4141 2714 4210 Ἰησοῦ
2766 4138 3037 4211 Χριστοῦ,
3078 4140 3196 4210 μεθ’
3230 4132 3291 4191 οὗ
3337 4139 3416 4209 τῷ
3468 4140 3679 4212 Πατρὶ,

2094 4226 2210 4295 ἅμα
2242 4225 2322 4296 τῷ
2353 4225 2493 4295 ἁγίῳ
2524 4224 2824 4296 Πνεύματι,
2854 4224 3005 4291 δόξα,
3027 4224 3182 4295 τιμὴ,
3214 4223 3417 4295 κράτος
3443 4226 3524 4289 είς
3551 4226 3682 4290 τοὺς

2096 4309 2301 4373 αἰῶνας
2332 4309 2440 4362 τῶν
2470 4307 2702 4363 αἰώνων.
2740 4310 2935 4380 Ἀμήν.

1065 4519 1228 4574 ΠΕΡΙ
1260 4519 1400 4577 ΤΟΥ
1432 4520 1475 4572 Τ
1478 4520 1564 4572 ΔΣ
1596 4520 2002 4574 ΚΑΝΟΝῘΚΛΣ
2031 4519 2137 4574 ΜΗ
2165 4518 2543 4573 ΣΥΝΟΙΚΕΙΝ
2571 4519 2917 4573 ΑΝΔΡΔΣΙΝ
2941 4531 2990 4573 ⁸.

468 4640 538 4688 α’.
574 4633 764 4704 Οίμοι,
784 4633 962 4705 ψυχήί
1005 4634 1143 4706 μετά
1166 4634 1273 4706 γὰρ
1298 4633 1393 4688 τοῦ
1426 4635 1704 4708 προφήτου
1736 4635 1830 4688 καὶ
1859 4635 1981 4706 ἐμοὶ

397 4717 493 4773 νῦν
533 4715 790 4789 εὔκαιρον
823 4717 980 4771 τοῦτο
1030 4720 1222 4785 είπεῖν,
1272 4720 1367 4773 καὶ
1410 4718 1556 4786 ἅπαξ
1612 4719 1707 4773 καὶ
1758 4719 1840 4783 δὶς
1884 4719 1981 4772 καὶ

399 4801 675 4864 πολλάκις,
709 4802 898 4872 Οίμοι,
945 4801 1121 4873 ψυχήί
1168 4804 1399 4874 πρᾶγμα
1448 4804 1652 4875 ἡλίκον,
1704 4804 1799 4857 καὶ
1848 4806 1979 4874 ὅσης

396 4885 566 4954 γέμον
609 4884 966 4954 φιλοσοφίαςι
1007 4887 1071 4939 Ἠ
1129 4885 1398 4957 παρθενία
1445 4886 1835 4959 καθύϐρισται,
1886 4891 1979 4942 καὶ

395 4969 457 5020 τὸ
507 4967 742 5038 διεῖργον
799 4969 971 5040 αὐτὴν
1034 4969 1143 5023 ἀπὸ
1190 4970 1285 5023 τοῦ
1339 4971 1522 5040 γάμου
1578 4972 1980 5042 καταπέτασμα

395 5049 696 5120 ἀνῄρηται,
731 5051 836 5103 ὑπὸ
884 5053 1259 5123 ἀναισχύντων
1312 5055 1699 5108 κατασπασθέν
1754 5055 1975 5126 χειρῶν,

396 5132 492 5185 καὶ
516 5132 584 5183 τά
614 5130 745 5199 ἅγια
785 5134 894 5187 τῶν
931 5136 1102 5205 ἁγίων
1130 5137 1462 5205 πεπάτηται,
1480 5138 1573 5190 καὶ
1594 5139 1662 5190 τὰ
1691 5138 1864 5208 σεμνά
1886 5139 1979 5191 καὶ

396 5215 600 5286 φρίκης
629 5217 867 5286 γέμοντα
907 5218 1097 5287 γέγονε
1128 5220 1332 5292 βέϐηλα
1366 5221 1460 5274 xal
1495 5222 1628 5274 πᾶσι
1679 5220 1839 5290 βατά,
1885 5224 1977 5274 καὶ

393 5302 429 5370 ἡ
460 5298 553 5352 τοῦ
587 5298 766 5370 γάμου
821 5302 1124 5374 σεμνοτέρα
1166 5301 1420 5357 τοσοῦτον
1468 5303 1834 5373 καθειλκύσθη
1885 5307 1979 5359 καὶ

392 5382 702 5455 κατηνέχθη
731 5386 902 5453 κάτω,
926 5385 1002 5451 ώς
1031 5386 1129 5450 τάς
1153 5386 1977 5465 γεγαμημέναςμακαρίζεσθαι

396 5466 620 5537 μᾶλλον.
657 5467 769 5521 Ἀεὶ
816 5469 916 5540 μὲν
954 5468 1063 5542 γάρ
1105 5473 1139 5542 ἡ
1171 5471 1437 5543 παρθενία
1482 5473 1623 5543 μετά
1671 5475 1766 5527 τοῦ
1797 5477 1975 5546 γάμου

355 5589 364 5597 .
394 5553 696 5625 ταττομένη
730 5552 797 5607 τά
825 5557 1065 5624 πρωτεῖα
1094 5550 1229 5627 εἶχε,
1262 5554 1412 5630 [249]
1443 5558 1536 5610 καὶ
1562 5557 1661 5629 τὴν
1685 5559 1975 5631 προεδρίαν

397 5636 614 5692 ἃπασαν
631 5655 644 5668 θ
681 5638 800 5691 νυνὶ
831 5638 887 5692 δέ
914 5638 1033 5693 οὐδὲ
1074 5640 1132 5693 ἐν
1155 5644 1221 5712 τῇ
1248 5640 1476 5714 δευτέρᾳ
1503 5642 1656 5709 τάξει
1685 5643 1867 5714 μένειν
1894 5645 1978 5698 δε-

391 5717 644 5790 δύνηται,
693 5723 831 5778 ἀλλά
879 5723 1069 5796 πόρρω
1106 5742 1209 5779 που
1267 5726 1362 5780 καὶ
1413 5726 1552 5799 πρὸς
1592 5726 1692 5797 τὴν
1740 5728 1977 5800 ἐσχάτην

452 5851 688 5932 ἶξΐὶωίιιε
706 5860 833 5932 apI_Jd
861 5859 1009 5932 ξονὶι.
1038 5860 1192 5923 ξηρὸς
1232 5861 1315 5931 τὰς
1354 5859 1575 5932 ἐχούσαιςΔ
1596 5859 1974 5932 ἄνδραςσυνεισ-

389 5909 579 5981 ᾴιτους,
605 5918 697 5981 hoc
720 5909 815 5977 ést,
840 5922 1087 5971 Adversus
1116 5909 1205 5973 'eu's
1228 5909 1314 5981 qm"
1336 5909 1488 5973 rr'fos'
1506 5909 1859 5975 ἰὴίνοάεὶςιῖιὶοε
1879 5922 1969 5971 ha—

392 5971 512 6023 bent.
544 5975 691 6027 Initio
715 5971 1177 6047 SaﬁLoipog'yJ-‘ﬁ,
1200 5971 1346 6047 οῖ’μοι,
1372 5971 1506 6047 μετά.

2081 4634 2413 4707 ἀπελήλαται
2441 4634 2627 4699 τάξιν⁶
2661 4635 2755 4688 κα)⁵
2784 4634 2844 4688 τὸ
2878 4633 2943 4706 δὴ
2979 4633 3010 4674 ι’
3052 4632 3452 4707 χαλεπώτερον,
3485 4634 3568 4688 ὅτι
3609 4636 3671 4688 ού

2082 4720 2328 4791 πολέμιοί
2360 4719 2648 4781 τινεςοούδέ
2672 4719 2877 4791 ἐχθροὶ,
2907 4718 3023 4772 ἀλλ’
3056 4720 3115 4771 αί
3141 4716 3398 4772 δοκοῦσαι
3439 4718 3675 4789 μάλιστα

2082 4802 2404 4875 θεραπεύειν
2428 4802 2599 4869 αὐτὴν
2620 4800 2792 4866 οὕτως
2817 4801 2989 4873 αὐτὴν
3006 4802 3287 4871 διέθηκαν.
3306 4802 3401 4855 καὶ
3427 4804 3483 4855 al
3509 4802 3679 4874 παρέο

2080 4904 2271 4957 χουσαι
2295 4887 2526 4953 μάλιστα
2552 4886 2771 4939 πάντων
2796 4888 2927 4957 ἡμῖν
2944 4886 3080 4956 πρὸς
3095 4888 3220 4950 τοὺς
3254 4886 3513 4953 ἀπίστους
3529 4887 3675 4940 ἐλευ-

2081 4971 2447 5042 θεροστομεῖν,
2472 4964 2630 5024 αὗται
2659 4970 2889 5040 μάλιστα
2916 4972 3133 5023 πάντων
3149 4969 3326 5042 [ἡμῖν]
3343 4971 3673 5043 ἀπέρῤαψαν

2080 5055 2236 5125 ἡμῶν
2250 5055 2319 5108 τά
2335 5056 2599 5124 στόματα,
2613 5055 2709 5108 κα)⁸
2728 5053 2932 5126 πολλὴν
2961 5054 3367 5107 κατεσκέδασαν
3382 5054 3666 5125 αῖσχύνην.

2150 5139 2463 5209 Χρημάτων
2523 5139 2621 5208 μὲν
2681 5138 2867 5192 ἕνεκεν
2896 5149 2919 5178 α
2967 5138 3184 5204 ὀλίγους
3241 5137 3363 5209 μὲν,
3418 5134 3566 5209 εἶχον
3613 5139 3669 5193 δὲ

2079 5223 2226 5293 ὅμως
2256 5221 2425 5287 δεῖξαί
2477 5238 2631 5286 τινας
2655 5221 2920 5294 ’Έλληνες
2966 5223 3098 5293 παρ’
3140 5221 3326 5285 αὐτοῖς
3374 5220 3670 5293 φιλοσοφὴ-

2082 5321 2299 5369 σαντας,
2330 5304 2424 5360 καὶ
2448 5306 2620 5377 ὀργῆς
2643 5306 2700 5360 δέ
2731 5322 2878 5369 τινες
2904 5307 2962 5358 ἐν
2990 5304 3219 5369 ἐκείνοις
3255 5305 3663 5376 περιεγένοντο·

2080 5390 2379 5462 παρθενίας
2420 5391 2476 5444 δὲ
2525 5390 2685 5453 ἄνθος
2727 5389 2966 5461 οὐδαμοῦ
3012 5390 3144 5460 παρ’
3180 5391 3387 5455 αὐτοῖς,
3436 5389 3553 5443 ἀλλ’
3581 5391 3667 5446 ἀεὶ

2080 5473 2435 5547 παρεχώρουν
2484 5474 2717 5529 ἐνταῦθα
2766 5474 2874 5527 τῶν
2931 5473 3217 5545 πρωτείων
3262 5475 3418 5545 ἡμῖν,
3469 5474 3661 5544 ὁμολοο

2078 5558 2303 5627 γοῦντες
2343 5558 2600 5630 ἀνωτέρω
2644 5558 2745 5629 τῆς
2780 5557 2997 5628 φύσεως
3027 5551 3169 5610 εἶναι
3199 5556 3261 5611 τὸ
3305 5556 3659 5630 κατόρθωμα.

2079 5642 2172 5695 καὶ
2201 5642 2302 5696 οὐκ
2335 5642 2696 5715 ἀνθρώπινον.
2724 5640 2825 5696 Διά
2849 5642 3009 5695 τοῦτο
3037 5640 3243 5714 σφόδρα
3271 5640 3427 5712 ἡμῶν
3461 5640 3524 5695 τὸ
3557 5643 3661 5696 πᾶν

2078 5724 2231 5790 ἔθνος
2270 5726 2611 5798 ἐθαύμαζονο
2663 5725 2800 5780 ἀλλά
2842 5724 2939 5780 νῦν
2975 5726 3196 5789 οὐκέτι,
3243 5725 3377 5779 ἀλλά
3422 5740 3659 5797 καταγε-

2078 5807 2212 5862 λῶσι
2250 5810 2346 5863 καὶ
2383 5810 2726 5881 κωμῳδοῦσι.
2753 5810 2854 5865 Διά
2889 5808 3049 5864 τοῦτο
3091 5810 3187 5864 καὶ
3228 5811 3259 5863 ὀ
3285 5807 3532 5877 διάϐολος
3572 5826 3659 5866 το-

2140 5920 2169 5961 b
2195 5920 2345 5970 Savil.
2365 5922 2519 5970 καὶτὸ
2539 5922 2609 5972 δέ.

2138 5984 2161 6012 °
2198 5983 2347 6033 SaViI.
2373 5986 2455 6048 μὲν
2474 5986 2561 6049 γὰρ
2588 5986 2757 6035 ἕνεκεν.
2779 5983 2908 6035 Infra
2929 5982 3057 6037 idem
3079 5984 3331 6044 Ἓλληνας.
