4060 6136
331 199 452 259 MS

321 343 404 357 --
435 316 585 370 lianc
609 325 663 370 et
693 330 783 370 vos
807 325 862 369 et
895 316 992 368 hac
1029 313 1421 377 sublimiorem,
1448 313 1492 366 si
1523 312 1825 379 volueritis,
1853 317 1933 365 ef-

322 408 526 463 feretis
555 407 873 462 sententiam
907 406 974 460 de
1015 405 1383 474 intempestiva
1421 403 1524 458 hac
1551 403 1852 473 voluptate,
1885 403 1930 457 si

321 499 725 571 aliquantisper
765 513 794 553 a
837 498 976 553 mala
1019 495 1406 552 consuetudine
1435 511 1530 550 vos
1567 495 1926 564 sejunxeritis.

323 592 595 659 Quamvis
620 600 795 646 autem
822 605 850 644 a
881 590 1168 645 Salomone
1196 588 1407 643 sazculis
1436 587 1800 656 superioribus
1824 601 1930 640 non

323 693 448 736 tam
505 684 670 737 multa
722 683 996 752 sapientia:
1045 681 1355 751 exigebatur
1399 680 1704 751 diligentia;
1756 693 1932 750 neque

321 776 482 828 enim
519 774 737 828 delicias
778 774 866 828 lex
909 782 1061 829 vetus
1095 772 1445 843 prohibebat,
1479 787 1652 842 neque
1681 771 1798 826 aliis
1827 770 1929 824 frui

321 866 684 934 supervacuis
723 864 933 920 dicebat
971 879 1089 919 esse
1131 878 1359 926 vanum;
1400 871 1634 917 attamen
1677 872 1732 917 et
1766 863 1844 918 sic
1871 877 1931 917 se

329 953 661 1009 habentibus
700 955 858 1009 rebus
898 955 949 1008 in
978 954 1105 1024 ipsis
1131 953 1375 1008 contueri
1413 954 1582 1022 potuit
1608 967 1765 1022 quam
1795 953 1930 1008 viles

324 1053 387 1098 et
414 1044 637 1098 vanitati
663 1045 905 1099 obnoxia:
941 1060 1026 1100 res
1060 1034 1258 1099 essent.
1290 1043 1395 1098 Nos
1419 1058 1547 1098 vero
1573 1041 1638 1097 ad
1673 1042 1926 1111 majorem

326 1139 516 1192 vocati
539 1140 721 1202 vitam,
746 1148 801 1194 et
824 1139 889 1193 ad
913 1138 1260 1194 excellentius
1281 1137 1542 1208 fastigium
1567 1136 1924 1202 ascendimus,

327 1238 385 1281 et
418 1229 476 1282 in
521 1229 808 1298 majoribus
839 1245 1150 1284 exercemur
1191 1227 1470 1298 palaestris.
1498 1227 1567 1282 Et
1594 1226 1719 1297 quid
1747 1227 1888 1280 aliud
1909 1266 1927 1294 ,

324 1336 497 1388 quam
527 1321 664 1390 quod
709 1321 846 1376 sicut
887 1325 1130 1391 superna:
1160 1320 1391 1374 Virtutes
1414 1355 1429 1384 ,
1468 1318 1849 1373 intellectuales
1875 1327 1929 1372 et

325 1411 667 1479 incorporea:
698 1412 801 1466 illae
826 1413 962 1466 viam
992 1411 1266 1466 instituere
1290 1410 1577 1477 jubemur?
1599 1410 1678 1466 An
1699 1425 1805 1464 non
1833 1410 1927 1479 igi-

323 1511 422 1557 tur
443 1513 527 1558 est
548 1514 719 1572 turpe,
743 1514 1088 1573 extremoque
1107 1501 1369 1572 supplicio
1389 1500 1626 1571 dignum,
1651 1501 1740 1554 illo
1761 1501 1927 1554 multo

323 1594 574 1648 minores
611 1609 902 1663 apparere;
934 1601 988 1648 et
1031 1608 1134 1647 non
1180 1593 1350 1646 solum
1381 1590 1648 1646 concessis
1676 1604 1782 1644 non
1812 1588 1925 1643 fieri

321 1685 696 1749 sublimiores,
733 1696 789 1738 ut
817 1685 924 1748 ille,
958 1683 1052 1738 sed
1090 1691 1144 1737 et
1173 1684 1330 1736 vetita
1369 1682 1606 1752 aggredi,
1637 1696 1754 1750 quae
1784 1682 1924 1735 into-

321 1777 609 1830 lerabiletn
634 1791 843 1845 paruam
864 1773 1118 1830 afferant?
1139 1773 1268 1827 Nam
1295 1774 1344 1826 in
1367 1773 1543 1827 anima
1566 1773 1758 1826 malum
1779 1787 1924 1826 amo-

322 1884 448 1924 rem
491 1883 740 1937 pascere,
768 1883 831 1922 ex
863 1866 1289 1936 concupiscentia
1331 1874 1573 1934 Spectare
1612 1864 1920 1928 mulierem,

318 1960 597 2030 Speculari
617 1960 841 2013 alienam
868 1958 1269 2021 formositatem,
1293 1956 1646 2011 dehonestare
1667 1956 1922 2024 seipsum,

256 2091 261 2095 -
319 2067 532 2106 nocere
572 2051 971 2113 infirmioribus,
1000 2049 1192 2103 multas
1217 2048 1500 2117 gentilibus
1525 2057 1577 2102 ct
1603 2047 1800 2103 Iudaeis
1829 2064 1924 2102 an-

316 2157 415 2196 sas
452 2144 711 2212 prazbcre,
740 2141 1065 2196 domesticos
1091 2151 1145 2194 et
1168 2141 1372 2194 alienos
1397 2140 1762 2210 supplantare,
1789 2141 1922 2194 mul-

321 2241 548 2301 tamque
574 2241 761 2286 contra
799 2231 893 2287 Dei
931 2230 1153 2300 gloriam
1182 2244 1471 2298 procurare
1497 2230 1877 2300 blasphemiam
1903 2271 1920 2296 ,

319 2323 515 2378 servili
565 2323 859 2377 ministerio
905 2322 1233 2391 mancipatos
1277 2334 1431 2386 esse,
1477 2320 1542 2375 ad
1590 2322 1920 2374 saecularium

319 2414 664 2483 negotiorum
695 2413 901 2468 turbam
935 2427 1031 2466 nos
1062 2412 1205 2481 ipsos
1229 2410 1520 2475 intrudere,
1552 2410 1799 2465 donatam
1827 2427 1921 2464 no-

316 2505 408 2560 bis
433 2505 734 2558 libertatem
757 2505 966 2560 diabolo
989 2504 1292 2574 prepinare,
1322 2514 1515 2558 etcum
1540 2503 1919 2557 immanissima

318 2597 614 2668 tyrannide
638 2607 999 2662 commutare;
1027 2595 1302 2650 ridiculum
1327 2595 1540 2664 quidem
1567 2595 1771 2660 amicis,
1800 2611 1921 2665 pro-

317 2691 548 2745 brosum
576 2705 702 2744 vero
727 2690 951 2743 inimicis
975 2702 1113 2753 esse,
1145 2688 1334 2742 malam
1360 2687 1502 2740 omni
1533 2687 1783 2742 Ecclesia:
1807 2689 1917 2758 opi-

318 2783 542 2837 nionem
567 2782 838 2845 invehere,
863 2780 1186 2836 confundere
1206 2780 1482 2835 honestam
1503 2780 1818 2848 virginitatis
1841 2780 1919 2833 di-

317 2875 602 2944 gnitatem.
628 2882 682 2927 et
705 2873 1092 2927 luxuriantibus
1115 2873 1306 2925 multas
1327 2872 1569 2942 praebere
1589 2872 1916 2938 occasiones,

315 2965 535 3033 aliaque
572 2964 652 3016 his
694 2963 840 3031 plura
883 2962 1060 3016 facere
1099 2961 1320 3031 gravia;
1362 2975 1534 3030 neque
1575 2962 1713 3014 enim
1743 2963 1920 3016 omnia

317 3055 468 3110 scire
513 3054 669 3116 licet,
720 3062 808 3105 aut
852 3052 1028 3105 verbis
1064 3051 1394 3120 exprimere,
1436 3065 1784 3119 qowcumque
1826 3067 1921 3120 per

320 3145 632 3215 hujusmodi
679 3159 838 3214 opera
883 3143 1144 3198 sustinent
1175 3161 1189 3198 :
1219 3142 1334 3195 haec
1370 3150 1425 3196 et
1461 3141 1615 3196 valde
1659 3141 1918 3209 prohibita

318 3249 477 3300 sunt,
507 3247 560 3292 et
591 3238 881 3292 cruciatum
913 3236 1300 3290 intolerabilem
1327 3250 1506 3290 secum
1536 3234 1785 3290 afferunt.
1817 3235 1918 3289 Ita-

319 3345 432 3398 que
466 3329 588 3384 licet
616 3343 774 3397 parva
803 3328 962 3382 etiam
1005 3327 1244 3395 voluptas
1273 3329 1372 3390 sit,
1404 3334 1740 3394 opponantur
1764 3326 1811 3379 ei
1842 3325 1917 3379 ri-

321 3436 442 3484 sus,
468 3419 729 3482 confusio,
758 3419 1044 3471 multorum
1073 3417 1420 3486 suSpiciones,
1452 3415 1913 3485 reprehensiones,

321 3513 604 3574 convicia,
637 3510 1074 3579 exprobrationcs
1099 3550 1113 3572 ,
1151 3507 1346 3562 vermis
1390 3507 1476 3575 qui
1525 3521 1629 3559 non
1670 3505 1913 3572 moritur,

323 3605 564 3658 tenebrae
594 3602 903 3664 exteriores,
942 3600 1079 3670 ignis
1117 3596 1578 3667 inexstinguibilis,
1610 3597 1910 3660 tribulatio,

322 3695 611 3766 angustia,
649 3693 845 3748 stridor
880 3692 1118 3746 dentium
1146 3733 1160 3756 ,
1191 3691 1395 3744 vincula
1436 3689 1768 3752 iusolubilia;
1803 3687 1916 3741 haec

876 197 1058 272 QUOD
1099 195 1512 258 REGULAREﬁ
1553 192 1834 258 FEMINJI.
1881 193 2052 257 VlRlS
2087 195 2528 258 COHABITARE
2567 203 2703 259 NON
2745 203 3078 260 DEBEANT.
3115 280 3123 286 _

3518 210 3627 261 5η

2043 318 2182 368 sicut
2218 313 2270 368 in
2305 322 2502 369 statera
2528 316 2891 384 appeudamus
2912 357 2927 381 ,
2958 317 3360 386 resiliamusque
3390 319 3472 372 vel
3503 334 3626 373 sero

2040 419 2071 458 a
2111 405 2409 475 pernicioso
2442 407 2860 476 gravissimeque
2891 407 2991 461 hoc
3029 407 3216 461 morbo
3235 447 3252 473 ,
3279 415 3341 461 ut
3367 423 3489 462 cum
3520 408 3626 463 ful-

2038 497 2284 566 gentibus
2320 498 2533 553 coronis
2571 498 2696 552 illuc
2730 499 3054 568 migremus,
3086 508 3140 554 et
3169 501 3432 569 possimus
3456 501 3626 556 libero

2039 603 2133 644 ore
2156 589 2222 643 ad
2242 588 2508 644 Christum
2531 591 2708 646 dicere
2735 609 2746 643 :
2772 591 2994 660 Propter
3014 600 3067 646 te
3090 600 3144 648 et
3168 601 3382 662 propter
3399 594 3623 662 gloriam

2040 689 2181 735 tuam
2211 690 2265 737 et
2293 681 2674 738 familiaritates
2696 685 3134 754 contempsimus,
3161 694 3215 739 et
3239 686 3492 755 voluptati
3521 686 3625 738 im-

2039 772 2359 842 pcravimus,
2391 780 2447 828 et
2471 773 2700 828 animam
2731 783 2966 830 nostram
2988 774 3295 843 affliximus,
3320 777 3625 846 rejectaque

2043 865 2187 918 omni
2222 865 2452 920 amicitia
2483 875 2537 920 et
2565 866 2904 935 przcjudicata
2930 866 3180 936 opinione
3207 876 3257 921 te
3281 881 3624 936 amoremque

2037 955 2114 1011 tui
2140 957 2299 1012 rebus
2323 957 2571 1013 omnibus
2595 959 2998 1027 prmposuimus.
3029 957 3119 1013 Sic
3137 959 3277 1013 enim
3301 958 3634 1023 luerabimur,

2036 1061 2134 1101 nos
2165 1047 2308 1116 ipsos
2328 1089 2343 1114 ,
2371 1047 2698 1103 lucrabimur
2735 1048 2958 1104 miseras
2997 1049 3112 1104 illas
3132 1091 3144 1115 ,
3183 1049 3505 1104 lucrabimur
3529 1064 3622 1104 eos

2033 1137 2124 1206 qui
2153 1137 2614 1205 scandalizantur;
2646 1148 2700 1194 et
2727 1154 2846 1194 cum
2875 1139 3196 1211 martyribus
3220 1139 3617 1202 collocahimur,

2036 1227 2312 1297 primoque
2339 1229 2392 1282 in
2419 1231 2606 1284 ordine
2633 1231 2852 1285 erimus.
2880 1229 3012 1284 Nam
3038 1231 3123 1298 iis,
3151 1232 3240 1302 qui
3270 1233 3367 1286 hoc
3390 1231 3622 1285 maximo

2034 1319 2327 1374 certamine
2351 1320 2610 1387 vicerunt,
2639 1332 2691 1375 et
2721 1321 2928 1376 fortiter
2949 1323 3216 1378 cruciatus
3237 1324 3489 1387 tulerunt,
3514 1339 3618 1376 non

2034 1409 2296 1464 minorem
2325 1426 2465 1480 pono
2493 1411 2764 1467 hominem
2790 1415 3218 1484 concupiscentia
3245 1415 3408 1470 veteri
3435 1414 3620 1470 deten-

2035 1507 2146 1553 tum
2171 1509 2226 1554 et
2251 1500 2302 1554 in
2329 1502 2643 1558 suavissima
2669 1513 2723 1558 et
2755 1504 2970 1574 antiqua
3000 1505 3384 1560 consuetudine
3415 1520 3615 1575 praeoc-

2032 1599 2279 1659 cupatum
2302 1631 2318 1656 ,
2347 1600 2401 1646 et
2432 1591 2624 1647 deinde
2664 1608 2758 1662 per
2798 1595 3046 1648 timorem
3074 1595 3166 1650 Dei
3199 1594 3618 1663 disrumpcntcm

2031 1681 2260 1747 vincula,
2284 1690 2338 1736 et
2356 1682 2420 1736 ad
2445 1681 2496 1736 id
2516 1683 2656 1753 quod
2691 1685 2796 1738 Deo
2828 1685 3082 1755 probatur
3109 1694 3490 1741 recurrentem.
3524 1687 3619 1740 Est
3649 1739 3651 1742 .

2031 1772 2173 1826 enim
2200 1782 2253 1827 et
2281 1772 2383 1827 hoc
2407 1774 2574 1828 multo
2597 1775 2868 1830 difficilius
2888 1816 2902 1838 ,
2929 1775 3175 1831 affectum
3201 1788 3255 1830 et
3281 1777 3618 1831 dilectionem

2031 1865 2379 1922 inveteratam
2419 1867 2642 1937 ejicere,
2677 1877 2732 1922 ct
2774 1868 3094 1938 multiplices
3133 1869 3443 1922 occasiones
3475 1869 3616 1922 avel-

2030 1955 2173 2020 lere;
2203 1965 2258 2012 et
2283 1959 2568 2028 assumptis
2593 1959 2691 2013 alis
2717 1957 2783 2013 ad
2811 1959 3054 2014 caelestes
3082 1959 3292 2028 apsides
3321 1974 3614 2013 recurrere.

2030 2047 2097 2102 Et
2117 2048 2256 2103 sicut
2279 2058 2568 2120 martyrum
2594 2049 2746 2104 velox
2776 2049 2945 2115 labor,
2973 2049 3044 2104 ita
3065 2057 3121 2104 et
3144 2049 3332 2104 horum
3360 2049 3617 2120 prolixior

2027 2137 2200 2194 dolor.
2233 2141 2566 2210 Quapropter
2592 2148 2648 2195 et
2676 2155 2832 2210 pares
2861 2155 3076 2196 corona:
3095 2182 3109 2205 ,
3139 2141 3388 2210 quoniam
3418 2149 3472 2195 et
3496 2154 3614 2194 cer-

2030 2233 2225 2286 tamina
2257 2233 2394 2288 inter
2418 2248 2477 2288 se
2502 2242 2625 2289 sunt
2657 2233 2870 2288 similia.
2901 2232 3033 2288 Nam
3062 2234 3108 2288 si
3133 2233 3220 2304 qui
3248 2232 3425 2288 educit
3447 2243 3501 2287 et
3525 2247 3617 2286 se-

2029 2333 2180 2393 parat
2204 2324 2493 2392 pretiosum
2527 2339 2557 2378 a
2583 2324 2674 2378 vili
2701 2323 2833 2395 (Jer.
2864 2324 2950 2379 15.
2982 2323 3092 2394 19),
3121 2324 3256 2378 sicut
3281 2337 3341 2377 os
3372 2323 3464 2378 Dei
3492 2323 3612 2387 erit,

2027 2415 2115 2485 qui
2143 2427 2197 2470 et
2232 2416 2465 2485 seipsum
2504 2416 2843 2483 liberaverit,
2879 2425 2934 2471 et
2964 2416 3158 2470 multos
3196 2415 3329 2470 alios
3369 2415 3614 2470 crimina-

2028 2507 2173 2560 tione
2209 2507 2501 2572 exemerit,
2529 2508 2697 2577 cogita
2739 2516 2990 2576 quantam
3025 2506 3249 2576 accipiet
3279 2505 3611 2570 mercedem,

2026 2605 2078 2651 et
2110 2597 2446 2666 prmmiorum
2477 2612 2571 2666 spe
2599 2597 2729 2652 levis
2755 2608 2809 2652 et
2842 2598 3063 2663 alacris,
3097 2607 3380 2652 contemne
3417 2596 3611 2650 malam

2025 2689 2483 2750 consuetudinem,
2513 2698 2572 2744 ut
2593 2689 2743 2759 juxta
2772 2688 2866 2743 Dei
2894 2688 3220 2743 voluntatem
3256 2687 3479 2743 decursa
3505 2687 3611 2740 vita

2027 2778 2146 2846 hac,
2165 2794 2284 2834 cum
2301 2795 2428 2848 pura
2448 2780 2589 2833 illam
2607 2779 2930 2834 conscientia
2946 2779 2996 2832 in
3011 2779 3154 2834 cadis
3169 2778 3367 2841 videas,
3385 2779 3611 2832 sanctis-

2026 2872 2267 2940 simaque
2296 2872 2437 2925 illius
2464 2871 2871 2925 conversatione
2899 2871 3112 2925 fruaris.
3155 2871 3286 2925 Nam
3312 2871 3396 2924 ubi
3420 2885 3611 2940 corp-i-

2026 2962 2166 3014 rales
2190 2961 2500 3016 affectiones
2525 2962 2710 3015 soluta:
2738 2961 2953 3027 fuerint,
2983 2970 3036 3015 et
3061 2962 3321 3016 exstincta
3351 2961 3505 3015 fuerit
3532 2969 3612 3031 ty-

2026 3053 2240 3107 rannica
2267 3053 2720 3122 concupiscentia,
2747 3052 2946 3106 nullum
2973 3054 3074 3106 erit
3099 3053 3428 3106 obstaculum
3454 3053 3612 3108 simul

2027 3143 2096 3196 ibi
2122 3158 2241 3198 esse
2269 3144 2544 3198 mulierem
2575 3152 2630 3198 et
2656 3143 2846 3209 virum,
2869 3159 2901 3199 e
2924 3143 3100 3198 medio
3126 3143 3345 3196 sublatis
3366 3144 3612 3197 omnibus

2024 3233 2416 3302 suspicionibus
2454 3234 2604 3288 malis
2629 3275 2644 3298 ,
2680 3243 2736 3289 et
2772 3249 2932 3305 agere
2970 3242 3041 3288 et.
3063 3247 3277 3288 servare
3304 3249 3422 3286 cum
3456 3233 3613 3287 liceat

2025 3324 2292 3390 omnibus,
2323 3325 2412 3395 qui
2451 3325 2504 3379 in
2533 3339 2755 3394 regnum
2787 3325 3042 3379 czelorum
3074 3324 3497 3394 iu_lroducuntur,
3529 3325 3609 3376 vi-

2023 3424 2153 3474 tam.
2171 3431 2328 3485 quam
2354 3422 2517 3485 agunt
2539 3414 2736 3484 angeli,
2751 3423 2805 3469 et
2824 3414 3212 3484 intellectuales
3234 3414 3336 3468 illa:
3352 3413 3606 3472 Virtutes.

2022 3505 2189 3575 gratia
2216 3514 2270 3559 et
2299 3503 2622 3574 benignitate
2651 3505 2857 3558 Domini
2884 3504 3052 3559 nostri
3080 3504 3205 3559 Jcsu
3243 3503 3458 3568 Christi,
3488 3518 3608 3558 cum

2023 3613 2127 3667 quo
2169 3598 2310 3652 Patri
2356 3614 2458 3652 una
2503 3615 2624 3653 cum
2665 3598 2865 3668 Spiritu
2904 3606 3089 3653 saneto
3127 3598 3324 3667 gloria,
3355 3599 3523 3650 honor
3558 3605 3612 3649 ct

2025 3687 2303 3757 imperium
2333 3688 2383 3742 in
2409 3688 2602 3742 smcula
2634 3688 2970 3743 saeculorum.
3004 3688 3195 3742 Amen.

660 3902 874 3977 QUOD
918 3899 1388 3963 REGULARES
1430 3895 1760 3957 FEMINZE
1805 3896 2018 3959 VIRIS
2061 3894 2578 3958 COHABITARE
2620 3897 2784 3959 NON
2826 3895 3198 3958 DEBEANT
3247 3889 3288 3952 ¹.

399 4080 452 4132 1.
487 4076 600 4130 Heu
632 4088 747 4127 me.
778 4085 814 4122 ο
851 4068 1058 4122 anima!
1097 4067 1175 4122 sic
1214 4065 1356 4121 enim
1394 4078 1493 4133 ego
1529 4076 1738 4133 quoque
1778 4076 1918 4118 nunc

323 4187 448 4227 eum
478 4165 736 4238 propheta
765 4161 1073 4230 tempestive
1097 4159 1240 4223 dico,
1271 4167 1326 4213 et
1351 4156 1518 4211 semel
1544 4164 1599 4211 et
1635 4155 1829 4210 iterum
1853 4168 1917 4209 ac

325 4261 546 4332 sacpius,
581 4256 690 4310 Heu
722 4268 826 4314 me,
857 4268 889 4306 ο
914 4252 1112 4314 anima,
1141 4249 1298 4319 quale
1327 4246 1618 4318 negotium,
1643 4253 1696 4300 et
1721 4253 1914 4314 quanta

325 4351 573 4420 indigens
617 4343 979 4417 philompbia!
1025 4340 1312 4410 Virginitas
1353 4337 1543 4408 injuria
1579 4344 1662 4390 est
1688 4335 1912 4398 affeCIa;

327 4443 506 4496 velum
539 4437 680 4508 quod
720 4451 834 4489 eam
871 4449 899 4486 a
940 4431 1136 4500 nuptiis
1163 4431 1478 4498 separabat,
1506 4427 1768 4482 sublatum
1797 4436 1876 4482 est
1897 4467 1913 4491 ,

325 4545 380 4591 et
414 4535 483 4588 ab
524 4526 998 4600 impudentissimis
1032 4523 1278 4577 manibus
1316 4520 1658 4575 dilaceratum
1689 4536 1702 4572 :
1731 4527 1913 4573 sancta

324 4635 636 4682 sanctorum
682 4618 988 4675 conculcata
1036 4624 1198 4679 sunt,
1246 4613 1466 4666 honesta
1507 4619 1560 4664 et
1605 4609 1916 4664 reverentia:

329 4720 485 4790 plena
535 4713 809 4785 profanata
848 4718 903 4764 et
943 4706 1190 4761 omnibus
1229 4704 1428 4773 pervia.
1469 4703 1598 4768 Qua:
1642 4698 1918 4755 honestior

329 4809 509 4878 nuptis
539 4815 672 4868 erat,
705 4803 840 4856 adeo
860 4800 1111 4867 depressa
1139 4804 1222 4850 est
1245 4802 1301 4848 et
1326 4793 1620 4856 humiliata,
1646 4799 1702 4844 ut
1727 4805 1823 4861 ou;
1838 4797 1915 4844 tas

329 4901 496 4969 magis
521 4897 700 4951 dicere
726 4894 910 4947 beatas
937 4891 1112 4944 liceat.
1141 4888 1363 4955 Semper
1393 4882 1606 4954 quidem
1641 4883 1916 4951 virginitas

329 5008 446 5044 cum
476 4986 724 5056 conjugio
751 4991 1056 5050 comparata
1088 4979 1284 5048 primas
1315 4985 1492 5046 partes
1521 4973 1688 5027 tenuit
1718 4983 1769 5027 et
1797 4988 1914 5026 om-

330 5098 449 5136 nem
488 5081 798 5150 dignitatem
831 5094 843 5128 :
875 5089 1014 5128 nunc
1052 5081 1229 5127 autem
1271 5084 1440 5138 neque
1476 5069 1528 5121 in
1569 5066 1803 5122 secundo
1828 5081 1916 5119 or-

328 5174 452 5227 dine
481 5184 697 5226 manere
724 5167 918 5238 potuit,
944 5165 1038 5220 sed
1067 5163 1223 5217 valde
1250 5158 1433 5230 procul
1459 5167 1512 5212 et
1540 5157 1692 5227 plane
1717 5161 1768 5210 in
1794 5155 1916 5209 ulti-

332 5279 477 5318 mum
518 5261 786 5318 concessit
814 5257 1088 5318 ordinem;
1113 5263 1166 5308 et
1194 5251 1332 5320 quod
1359 5250 1526 5304 multo
1550 5250 1781 5318 gravius,
1811 5262 1915 5300 non

332 5355 539 5421 hostes,
559 5365 733 5422 neque
758 5348 980 5412 inimici,
1003 5345 1093 5399 sed
1123 5345 1250 5414 ipsa:
1275 5342 1608 5412 potissimum
1629 5355 1746 5408 quae
1773 5338 1916 5390 illam

399 5487 415 5518 ⁸
452 5485 636 5535 Titulus
659 5482 786 5546 apud
807 5479 987 5546 Savil.,_
1004 5477 1234 5546 adversus
1246 5487 1340 5546 cas
1364 5470 1446 5546 qui
1478 5469 1601 5546 viros
1616 5465 1918 5546 Iirttror‘htctr':

337 5546 420 5597 tios
442 5532 629 5596 habent.
654 5532 745 5593 sed
769 5547 818 5592 in
841 5532 1056 5600 margine
1082 5537 1222 5586 Savil.
1245 5536 1371 5584 idem
1397 5533 1501 5582 fere
1522 5532 1689 5600 titulus
1711 5532 1917 5600 habetur

440 5592 780 5657 invitorelliana
804 5592 1052 5670 t-lditio‘ne,
1070 5610 1315 5670 quemque
1344 5609 1429 5670 nos
1445 5595 1752 5670 retinendum
1775 5592 1918 5639 duxi-

340 5657 460 5718 mus.
484 5677 696 5730 Uterque.
722 5677 837 5712 vero
861 5661 1059 5722 quadrat
1082 5657 1138 5707 ad
1165 5657 1502 5719 argumentum
1521 5657 1757 5718 Opusruli.

664 5760 936 5824 PATROL.
985 5757 1104 5819 Gtt.
1147 5754 1393 5821 XLV".

2024 4063 2199 4119 colere
2243 4063 2559 4119 videbantur
2596 4080 2713 4120 eam
2749 4067 2830 4121 sic
2871 4065 3161 4122 aﬂ‘ecerunt
3185 4106 3199 4128 ,
3233 4073 3285 4118 et
3311 4079 3389 4118 ea:
3415 4063 3609 4134 quibus

2022 4152 2138 4208 fulti
2167 4153 2421 4208 adversus
2450 4154 2694 4210 inﬁdeles
2733 4155 2989 4211 hactenus
3035 4156 3200 4210 libere
3237 4154 3605 4225 loquebamur,

2023 4246 2126 4301 illa:
2153 4247 2280 4316 ipsa:
2304 4263 2397 4301 ora
2424 4257 2605 4302 nostra
2634 4247 2863 4302 maxime
2889 4250 3157 4312 obturant,
3188 4256 3241 4301 et
3274 4247 3437 4302 multa
3463 4247 3608 4315 igno-

2023 4340 2183 4394 minia
2212 4339 2540 4394 suffundunt.

2093 4435 2246 4503 Apud
2267 4431 2469 4487 Graecos
2490 4449 2580 4486 seu
2604 4432 2810 4502 gentiles
2830 4431 3044 4500 virgines
3065 4445 3162 4482 non
3187 4437 3350 4481 erant.
3375 4458 3444 4467 -—
3469 4427 3608 4481 inter

2023 4527 2237 4583 Graecos
2269 4527 2284 4558 ⁸
2325 4540 2454 4579 sane
2511 4523 2726 4593 quidam
2761 4522 2884 4576 licet
2941 4523 3093 4589 pauci
3133 4519 3203 4573 ita
3245 4517 3603 4587 philosophati

2021 4619 2252 4681 fuerunt,
2280 4627 2336 4671 ut
2360 4631 2519 4686 opum
2549 4622 2731 4669 essent
2750 4620 3164 4679 contemptores,
3189 4618 3242 4664 et
3265 4611 3392 4662 iram
3421 4608 3605 4661 vince-

2020 4718 2170 4774 rent;
2197 4707 2512 4778 virginitatis
2536 4713 2682 4760 certe
2706 4703 2806 4760 flos
2831 4702 2978 4757 nullo
3005 4700 3165 4754 modo
3186 4699 3324 4769 apud
3350 4698 3466 4752 illos
3489 4697 3602 4760 fuit.

2023 4805 2074 4859 iu
2097 4819 2198 4874 qua
2225 4816 2436 4870 semper
2455 4806 2836 4854 conoessertmt
2854 4795 3010 4851 nobis
3030 4794 3254 4866 primam
3277 4792 3605 4862 dignitatem,

2023 4900 2249 4954 fatentes
2285 4913 2397 4951 rem
2429 4910 2587 4964 supra
2622 4903 2864 4947 naturam
2902 4906 3022 4946 esse
3053 4898 3107 4946 et
3146 4903 3254 4943 non
3295 4887 3603 4942 humanam.

2021 4993 2146 5047 Ideo
2175 4991 2278 5045 illis
2317 4988 2563 5043 omnibus
2605 5001 2829 5040 summm
2871 4983 3208 5039 admirationi
3247 4981 3480 5044 fuimus;
3512 4978 3605 5034 sed

2022 5098 2164 5139 nunc
2190 5099 2294 5137 non
2323 5081 2446 5136 item
2465 5120 2480 5144 ,
2512 5079 2636 5148 quin
2679 5077 2853 5147 potius
2883 5074 3129 5130 derident
3155 5087 3254 5128 nos
3280 5083 3334 5128 et
3366 5072 3417 5127 in
3452 5070 3604 5126 fabu-

2023 5177 2128 5231 lam
2165 5181 2396 5230 vertunt.
2429 5172 2551 5225 Ideo
2584 5168 2827 5224 diabolus
2871 5166 2942 5220 ita
2979 5174 3164 5220 contra
3211 5164 3354 5218 hunc
3392 5177 3604 5232 gregem

2020 5267 2272 5336 spiravit,
2304 5265 2556 5335 quoniam
2583 5261 2713 5314 vidit
2753 5260 2804 5314 in
2842 5259 2940 5313 hac
2979 5256 3314 5328 potissimum
3347 5255 3606 5325 phalange

2025 5359 2279 5429 fulgidum
2319 5355 2513 5412 Christi
2556 5353 2846 5408 exercitum
2891 5369 2904 5404 :
2944 5351 3127 5419 sicque
3171 5348 3392 5402 tentavit
3437 5352 3604 5411 ipsam

2022 5449 2366 5513 confundere,
2393 5456 2452 5500 ut
2476 5445 2695 5515 posthac
2718 5444 2908 5498 melius
2929 5443 3015 5506 sit,
3045 5456 3110 5494 nc
3137 5440 3368 5509 virgines
3391 5434 3606 5504 quidem

2087 5587 2102 5618 ι
2139 5592 2205 5634 ne
2221 5581 2498 5638 virginitate
2522 5590 2548 5625 a
2567 5574 2827 5638 gentilibus
2847 5574 2892 5618 ln
2918 5562 3102 5638 honore
3126 5572 3300 5617 habita.
3325 5569 3435 5612 nde
3463 5567 3606 5611 Atha-

2026 5631 2207 5698 nasium
2234 5631 2278 5694 in
2298 5631 2400 5692 fine
2426 5631 2658 5701 Apologia:
2677 5633 2735 5682 ad
2752 5633 3072 5681 Constantium
3097 5638 3212 5686 tmp.

3215 5719 3292 5780 30
