4060 6136
445 257 549 310 515

444 384 589 432 esse,
624 382 740 436 qua:
781 367 851 420 ἰιι.
890 382 1001 420 rem
1047 367 1180 422 hanc
1211 368 1520 436 suscipiant.
1551 366 1720 422 Causa
1759 367 2020 423 malorum

442 459 680 513 omnium
706 500 721 524 ,
749 457 886 526 quod
915 458 1129 510 nomine
1163 466 1315 513 tenus
1346 459 1515 512 solum
1546 472 1632 512 res
1660 461 1944 525 consistat,
1972 468 2024 514 et

443 553 711 620 negotium
735 559 899 605 totum
927 551 979 604 in
1008 567 1101 606 ore
1117 550 1574 620 circumscriptum
1597 551 1687 618 sit,
1711 549 1851 622 quod
1880 551 2023 606 scili-

443 654 528 699 cet
557 643 773 697 minima
802 641 1116 712 virginitatis
1145 657 1270 712 pars
1298 652 1416 707 est;
1445 658 1563 712 quae
1588 652 1762 698 autem
1787 644 1908 714 plus
1933 659 2026 699 ne-

442 735 698 801 cessaria,
727 743 780 790 et
807 736 974 804 ipsam
1006 736 1175 805 magis
1207 735 1599 802 demonstrant,
1629 736 1865 806 neglecta
1896 736 2021 801 sint,

443 838 499 883 et
541 828 681 882 nulla
723 828 862 881 ratio
913 827 1171 882 habeatur
1211 828 1475 891 vestium,
1517 843 1636 897 quae
1667 829 2024 899 virginitatem

442 919 636 975 decent
659 961 673 985 ,
703 918 786 974 vel
823 918 1055 984 silentii,
1085 917 1168 973 vel
1201 917 1658 988 compunctionis,
1687 919 1769 972 vel
1801 919 2026 988 alicujus

445 1009 496 1064 id
519 1024 708 1079 genus.
738 1009 876 1076 Quin
906 1016 1112 1064 temere
1141 1019 1406 1080 nugantur
1434 1010 1632 1074 omnia,
1661 1019 1712 1065 et
1743 1009 1920 1064 rident
1947 1011 2028 1064 in-

446 1101 761 1172 tempestive
785 1141 800 1164 ,
830 1110 883 1154 et
914 1101 1302 1154 tumultuantur
1320 1142 1334 1165 ,
1363 1109 1418 1154 et
1443 1101 1494 1154 in
1521 1100 1724 1155 deliciis
1752 1101 1918 1170 magis
1943 1101 2024 1154 vi-

444 1201 574 1247 vunt
599 1234 614 1258 ,
646 1206 800 1261 quam
834 1191 1083 1250 mulieres
1109 1204 1230 1261 qua:
1264 1191 1316 1244 in
1348 1190 1550 1245 fornice
1590 1199 1871 1259 prostant,
1898 1189 2024 1244 dum

443 1292 768 1353 spectatores
797 1281 1001 1337 tecltnis
1027 1281 1136 1335 suis
1166 1280 1396 1351 undique
1426 1279 1714 1350 pelliciuut,
1747 1288 1801 1334 et
1831 1280 1882 1333 in
1913 1293 2026 1332 me-

444 1374 693 1428 rctricum
745 1371 1123 1442 turpitudinem
1169 1385 1227 1425 se
1263 1369 1529 1439 conjicere
1567 1376 1861 1434 conantur,
1890 1381 1953 1422 ac
1981 1367 2025 1421 si

445 1480 565 1519 cum
603 1464 706 1518 illis
737 1471 1077 1525 concertent,
1109 1461 1282 1530 deque
1327 1459 1664 1529 turpitudinis
1703 1459 1870 1529 gloria
1900 1471 2030 1512 con-

447 1554 680 1609 tendant.
711 1553 862 1609 Unde
881 1553 1044 1618 enim,
1066 1551 1152 1606 dic
1173 1551 1321 1616 mihi,
1347 1551 1638 1618 poterimus
1664 1557 1843 1618 postea
1868 1548 2025 1602 talem

444 1647 702 1716 virginem
731 1645 917 1700 ordine
944 1645 1153 1699 illarum
1181 1652 1234 1697 et
1259 1643 1512 1698 societate
1537 1642 1788 1706 eximere,
1817 1639 2029 1711 quando

446 1748 499 1793 et
526 1739 637 1807 ipsa
670 1737 806 1792 idem
841 1735 997 1800 facit,
1028 1734 1169 1804 quod
1200 1734 1339 1796 illae;
1367 1731 1578 1803 quando
1607 1732 1806 1786 scilicet
1844 1730 2027 1786 adole-

446 1839 686 1890 scenttmt
713 1827 870 1882 corda
901 1828 951 1880 in
982 1825 1218 1880 fraudem
1251 1825 1416 1889 illicit,
1450 1823 1661 1894 quando
1687 1823 1924 1892 petulans
1948 1830 2029 1876 est

447 1933 498 1975 ct
537 1923 928 1989 intemperans,
957 1917 1168 1988 quando
1197 1917 1380 1971 eadem
1420 1931 1619 1971 venena
1654 1915 1908 1984 porrigit,
1939 1929 2029 1969 ea-

447 2014 565 2068 dem
601 2013 787 2082 pocula
829 2012 1049 2077 miscet,
1081 2009 1427 2078 eamdemque
1455 2019 1604 2077 parat
1631 2007 1893 2062 cicutam?
1922 2005 2027 2060 Sed

449 2121 551 2158 non
579 2103 705 2158 dicit
731 2121 744 2158 :
785 2101 927 2167 Veni,
951 2118 1122 2155 amore
1147 2101 1457 2154 involvantur
1481 2115 1498 2156 ξ
1532 2114 1630 2154 nec
1653 2098 1798 2164 dicit,
1827 2097 2029 2168 Δερενεὶ

447 2197 607 2250 cubile
634 2211 796 2248 meum
821 2209 964 2247 croco
1003 2201 1050 2246 et
1087 2193 1266 2246 lectum
1309 2207 1470 2243 meum
1495 2191 1810 2244 cinnamomo
1835 2187 2026 2259 (Prov.

449 2287 499 2340 7.
533 2288 618 2340 l7.
663 2284 786 2352 18).
826 2282 1037 2338 Utinam
1077 2280 1249 2336 cubile
1293 2288 1344 2334 et
1387 2280 1612 2346 lectum,
1641 2293 1747 2332 non
1776 2285 1952 2332 vestes
1977 2285 2030 2331 et

449 2379 673 2446 corpus!
712 2375 822 2430 lllze
851 2377 990 2430 enim
1033 2373 1178 2429 domi
1217 2387 1392 2429 escam
1431 2373 1726 2437 occultant,
1753 2378 1809 2426 tu
1839 2369 2030 2438 ubique

450 2471 693 2540 laqueum
722 2467 1064 2533 circumfers,
1095 2476 1148 2522 et
1173 2465 1428 2536 expandis
1460 2465 1746 2534 voluptatis
1783 2462 1893 2518 alas
1933 2462 2026 2518 ob-

450 2559 729 2613 ambulans
767 2558 818 2612 in
858 2557 996 2612 foro.
1033 2555 1139 2613 Sed
1173 2572 1278 2611 non
1313 2555 1526 2624 dixisti,
1557 2571 1728 2625 neque
1763 2553 2030 2610 contulisti

450 2652 608 2706 verba
650 2651 739 2704 illa
784 2650 1119 2714 meretricia,
1158 2648 1315 2714 Veni,
1351 2663 1522 2702 amore
1556 2648 1886 2701 involvamur.
1915 2645 2030 2699 Non

449 2744 628 2797 dixisti
657 2742 852 2812 lingua,
880 2740 972 2795 sed
997 2739 1173 2795 dixisti
1203 2739 1381 2793 habitu
1410 2755 1422 2791 :
1457 2753 1562 2792 non
1587 2737 1801 2815 loquuta
1827 2750 1886 2791 es
1913 2750 2028 2801 ore,

450 2833 545 2889 sed
572 2832 786 2902 loquuta
813 2847 871 2887 es
900 2844 1084 2901 gressu
1117 2846 1129 2882 :
1164 2844 1269 2884 non
1308 2827 1540 2883 invitasti
1571 2842 1730 2893 voce,
1761 2826 1853 2882 sed
1893 2825 2029 2880 invi-

452 2925 572 2980 tasti
596 2923 762 2978 oculis
793 2924 988 2978 clarius
1015 2937 1170 2993 quam
1200 2935 1349 2976 voce.
1391 2922 1456 2975 At
1495 2929 1772 2991 postquam
1806 2933 2030 2974 vocave-

451 3031 572 3081 ras,
603 3029 705 3068 non
738 3023 792 3068 te
827 3013 1078 3069 obtulisti.
1117 3018 1300 3081 Neque
1327 3012 1402 3066 sic
1435 3027 1464 3065 a
1495 3019 1710 3080 peccato
1747 3009 1986 3065 liberaris
2015 3027 2030 3065 :

449 3117 530 3162 est
556 3107 697 3160 enim
718 3115 770 3160 et
797 3105 913 3159 haec
939 3105 1038 3159 alia
1065 3103 1427 3158 fornicationis
1454 3102 1681 3171 species.
1713 3101 1850 3156 Pura
1876 3115 2030 3154 man-

451 3198 565 3252 sisti
590 3197 657 3250 ab
685 3196 875 3266 injuria
901 3195 1141 3265 corporis
1177 3193 1388 3263 quidem
1407 3233 1425 3260 ,
1453 3192 1546 3248 sed
1575 3206 1680 3246 non
1719 3191 1941 3254 animae,
1977 3199 2032 3244 et

449 3288 768 3358 cmnpletum
799 3297 881 3343 est
909 3303 938 3341 a
968 3294 1022 3342 te
1051 3295 1324 3356 peccatum
1345 3325 1359 3350 ,
1399 3285 1604 3340 etiamsi
1648 3297 1756 3338 non
1796 3297 1889 3352 per
1916 3281 2027 3336 coi~

452 3389 584 3443 tum,
613 3379 705 3433 sed
736 3393 830 3448 per
857 3385 1148 3447 aspectum.

530 3467 784 3539 Virginem
805 3484 905 3522 non
926 3468 1097 3521 decent
1117 3466 1281 3520 cultus
1302 3465 1529 3534 corporis
1555 3471 1600 3517 et
1621 3462 1768 3516 vestis
1791 3461 2025 3532 pretiosa.

450 3558 692 3628 —-Cujus
712 3559 852 3612 enim
867 3557 1034 3626 gratia
1053 3569 1209 3612 vocas
1227 3555 1644 3625 praetereuntes?
1673 3568 1766 3608 cur
1782 3552 2031 3607 accendis

451 3653 625 3722 ignem
645 3649 664 3703 ?
685 3648 952 3720 quomodo
985 3656 1137 3718 putas
1175 3654 1229 3702 te
1259 3660 1447 3716 puram
1476 3660 1506 3699 a
1536 3654 1772 3714 peccato,
1795 3659 1917 3698 cum
1947 3653 2028 3697 to-

452 3752 562 3797 tum
594 3743 766 3811 ipsum
793 3754 926 3810 opus
951 3749 1167 3810 operata
1195 3738 1312 3794 sis?
1343 3737 1553 3794 Etenim
1579 3752 1699 3791 cum
1728 3736 2030 3792 adulterum

453 3833 644 3888 feceris
673 3830 965 3901 perfectum
990 3846 1133 3895 eum,
1158 3845 1315 3899 quem
1345 3838 1440 3884 tuo
1467 3829 1569 3884 isto
1600 3828 1780 3882 habitu
1805 3829 2027 3896 cepisti,

450 3923 717 3994 quomodo
733 3931 880 3992 potes
896 3937 1000 3978 non
1023 3936 1144 3978 esse
1154 3921 1413 3987 adultera,
1429 3935 1550 3975 cum
1565 3933 1700 3988 opus
1717 3928 1863 3973 tuum
1882 3917 2032 3972 adul-

453 4016 642 4071 terium
677 4029 797 4068 esse
830 4012 1290 4084 deprehendatur?
1320 4009 1465 4066 Illius
1489 4010 1695 4065 insania
1720 4017 1864 4064 tuum
1893 4023 2028 4078 opus

451 4118 530 4163 est
540 4147 555 4162 .
569 4105 814 4161 Profecto
828 4113 879 4160 te
890 4119 1006 4174 qua:
1017 4104 1286 4159 adulteros
1302 4101 1627 4172 praeparasti,
1641 4100 1887 4156 adulterii
1899 4116 2028 4170 sup—

455 4199 666 4267 plicium
692 4196 908 4250 minime
934 4209 1090 4264 posse
1113 4193 1364 4265 effugere,
1385 4193 1513 4249 nulli
1531 4210 1635 4248 non
1665 4193 2025 4250 manifestum.

456 4293 535 4346 Tu
559 4290 788 4361 gladium
821 4290 1007 4344 aeuisti
1028 4330 1043 4355 ,
1071 4298 1127 4343 tu
1149 4287 1389 4343 dextram
1420 4287 1671 4352 armasti,
1695 4297 1749 4341 tu
1771 4295 2027 4341 armatam

451 4386 690 4440 dextram
711 4382 761 4436 itt
784 4381 1032 4437 miseram
1059 4381 1286 4434 animam
1319 4378 1569 4448 impulisti
1603 4377 1904 4447 :quomodo
1932 4378 2029 4446 igi-

453 4489 538 4532 tur
571 4476 768 4546 poteris
797 4475 862 4530 ab
893 4472 1159 4528 homicidii
1183 4473 1442 4542 supplicio
1462 4469 1719 4524 liberari?
1747 4470 1838 4523 Dic
1861 4470 2025 4533 enim,

449 4582 709 4636 quosnam
759 4564 1018 4620 habemus
1063 4561 1187 4617 odio
1213 4571 1264 4617 et
1308 4562 1651 4616 aversantur?
1676 4575 1808 4630 quos
1850 4568 2026 4614 autem

452 4658 675 4725 puniunt
705 4656 1035 4726 legislatores
1075 4664 1128 4708 et
1161 4653 1407 4724 judices?
1436 4669 1563 4708 num
1591 4669 1684 4708 eos
1709 4654 1798 4723 qui
1842 4652 2030 4708 bibunt

451 4750 722 4802 mortifera
764 4761 987 4810 venena,
1019 4761 1084 4800 an
1127 4745 1413 4800 miscentes
1459 4745 1697 4810 calicem,
1727 4754 1779 4799 et
1824 4759 2028 4815 praepa-

449 4849 628 4893 rantcs
673 4855 755 4904 ea,
785 4849 1006 4908 arteque
1057 4851 1151 4892 sua
1195 4837 1478 4906 perdentcs
1529 4837 1694 4893 alios?
1725 4853 1902 4892 nonne
1947 4837 2030 4892 bi-

451 4927 638 4982 bentes
668 4929 879 4997 quidem
909 4936 1092 4997 utpote
1119 4927 1304 4996 injuria
1331 4927 1548 4982 affectos
1569 4929 1905 4994 miserantur,
1934 4945 2028 4983 ve-

454 5019 653 5071 neficos
682 5029 856 5072 autem
900 5017 1150 5072 omnibus
1175 5016 1390 5071 calculis
1431 5017 1880 5073 condemnemus?
1920 5017 2030 5073 Nec

449 5107 646 5161 sufficit
685 5107 764 5162 eis
814 5107 880 5162 ad
924 5110 1319 5162 excusationem
1363 5107 1563 5172 dicere,
1607 5109 1722 5163 Non
1768 5110 2027 5178 tneipsum

453 5199 584 5261 laesi,
615 5197 709 5252 sed
743 5197 904 5251 alium
935 5197 1180 5268 perdidi;
1211 5197 1307 5253 sed
1339 5207 1554 5267 propter
1587 5197 1689 5253 hoc
1731 5207 1875 5253 tanto
1903 5215 2028 5269 gra-

450 5291 650 5343 viorem
677 5288 830 5342 luunt
848 5303 1080 5358 poenam.
1111 5288 1189 5342 Tu
1218 5297 1394 5343 autem
1425 5289 1619 5344 misera
1643 5298 1698 5343 et
1721 5289 2026 5347 calamitosa

450 5381 708 5435 miscuisti
739 5381 958 5438 calicem
988 5378 1130 5435 hunc
1171 5380 1552 5450 perniciosum,
1594 5391 1648 5436 et
1677 5382 1943 5452 praebuisti
1975 5396 2030 5440 et

447 5471 638 5524 dedisti
683 5470 1026 5541 pltarmacum
1074 5489 1088 5526 :
1135 5480 1190 5527 et
1225 5482 1502 5542 postquam
1535 5473 1667 5528 bibit
1707 5485 1760 5529 et
1793 5476 2028 5544 perditus

451 5577 552 5628 est,
579 5566 851 5621 defensam
885 5575 937 5622 te
965 5575 1136 5636 putas,
1169 5567 1291 5638 quia
1319 5581 1422 5620 non
1450 5566 1560 5637 ipsa
1586 5567 1803 5634 biberis,
1829 5568 1920 5622 sed
1946 5568 2028 5622 al-

451 5657 548 5710 teri
576 5659 864 5724 pra-bueris
903 5660 1144 5715 venena?
1169 5658 1495 5729 Quamquam
1521 5668 1576 5714 et
1604 5674 1701 5715 vos
1728 5666 1876 5713 tanto
1903 5674 2020 5728 gra-

1164 253 1220 309 S.
1261 253 1534 308 JOANNIS
1573 253 2042 310 CllRYSOSTOMl
2082 256 2394 314 AfiClllEl’.
2437 255 2972 318 CONS’I‘ANTINOP.

3604 269 3713 327 516

2127 372 2329 428 viorem
2383 373 2539 432 luetis
2592 390 2839 446 poenam,
2890 392 3046 448 quam
3104 379 3532 452 pliarmacOpolae
3589 386 3712 452 llli,

2126 472 2325 532 quanto
2353 473 2408 520 et
2428 482 2571 521 mors
2598 470 2830 538 gravior.
2857 469 2973 523 Non
2999 471 3141 525 enim
3171 487 3366 543 corpus
3393 475 3590 542 solum,
3612 475 3716 531 sed

2127 561 2181 607 et
2205 555 2436 610 animam
2458 557 2778 613 interimitis.
2804 559 2870 613 Et
2893 559 2966 613 illi
2990 559 3204 630 quidem
3231 577 3375 632 smpc
3395 563 3479 618 vel
3505 565 3710 629 furore,

2128 644 2212 698 vel
2238 645 2315 698 ira
2343 643 2448 700 hoc
2487 645 2710 715 faciunt,
2733 650 2815 703 vel
2839 650 3012 719 inepia
3039 667 3053 714 ;
3085 666 3179 706 vos
3204 661 3380 707 autem
3405 653 3472 708 ad
3504 655 3715 708 nullum

2129 733 2290 788 talem
2315 735 2604 806 confugere
2627 747 2938 806 praetextum
2970 741 3208 808 potestis.
3235 741 3415 812 Neque
3436 743 3579 797 enim
3608 745 3716 797 ltoc

2127 821 2301 877 facitis
2340 823 2588 890 inimicis,
2638 827 2720 881 vel
2764 827 2844 882 eis
2887 829 2974 897 qui
3018 841 3344 897 nocuerunt,
3371 833 3452 887 vel
3486 833 3556 888 ob
3584 835 3715 888 ino-

2129 913 2298 982 piam,
2326 914 2422 969 sed
2460 915 2530 970 ob
2563 917 2730 971 solam
2756 932 2943 972 vanam
2979 920 3204 990 gloriam
3236 922 3288 976 in
3314 924 3500 978 alien-is
3525 925 3712 980 luditis

2128 1005 2435 1071 animabus,
2464 1017 2519 1064 et
2538 1025 2602 1063 ex
2623 1009 2852 1065 aliorum
2881 1022 3053 1068 morte
3081 1014 3407 1085 voluptatem
3436 1019 3711 1088 propriam

2129 1098 2467 1153 constituitis.

2199 1185 2254 1240 Ξ.
2290 1187 2396 1242 Sed
2431 1190 2610 1244 nescio
2637 1190 2798 1256 unde,
2828 1201 2884 1246 ut
2911 1192 3024 1247 haec
3050 1194 3304 1261 dicerem,
3334 1196 3436 1251 huc
3464 1212 3580 1253 sum
3607 1215 3712 1269 ap-

2130 1277 2346 1345 pulsus;
2376 1286 2595 1348 prapter
2613 1280 2754 1349 quod
2775 1281 3104 1338 redeundum
3129 1285 3194 1338 ad
3215 1286 3265 1339 id
3283 1286 3424 1341 unde
3438 1287 3712 1357 digressus

2129 1381 2268 1422 sum.
2297 1369 2428 1422 Nam
2452 1371 2602 1439 quasi
2631 1386 2736 1425 non
2755 1371 3062 1428 sufficerent
3085 1375 3202 1431 hmc
3223 1377 3272 1430 in
3305 1379 3463 1433 totius
3495 1381 3710 1434 feminei

2130 1461 2341 1529 generis
2368 1461 2765 1531 confusionem,
2809 1474 2863 1520 et
2896 1466 3037 1521 aliud
3067 1467 3318 1537 quiddam
3349 1471 3517 1540 majus
3547 1487 3711 1527 cxco~

2129 1553 2449 1622 gitaverunt.
2482 1554 2588 1610 Sed
2616 1571 2776 1610 nemo
2817 1556 2930 1612 hrec
2960 1558 3029 1613 de
3069 1561 3316 1614 omnibus
3344 1561 3482 1615 dicta
3513 1572 3662 1631 putet
3690 1579 3705 1615 :

2131 1657 2236 1697 non
2279 1645 2420 1699 enim
2453 1653 2558 1699 tam
2590 1647 2750 1702 miser
2801 1662 2937 1712 sum,
2980 1658 3037 1702 ut
3077 1651 3233 1704 simul
3273 1654 3449 1706 omnia
3488 1655 3716 1708 commi—

2131 1748 2306 1789 sceam
2336 1744 2390 1790 et
2413 1736 2750 1792 confundam.
2771 1739 2902 1792 Nam
2934 1740 3001 1794 de
3023 1740 3105 1794 his
3132 1757 3250 1808 qua:
3270 1742 3438 1811 culpis
3466 1743 3716 1798 obnoxii:

2131 1835 2186 1880 et
2231 1825 2346 1881 haec
2387 1826 2527 1882 dicta
2561 1838 2719 1891 sunt,
2755 1839 2807 1884 et
2849 1846 2966 1900 qua:
3012 1841 3196 1900 postea
3244 1832 3507 1887 dicentur.
3547 1835 3716 1901 Quasi

2133 1918 2292 1988 igitur
2315 1935 2416 1973 non
2450 1919 2576 1974 satis
2605 1920 2858 1975 danmosa
2905 1931 3086 1976 essent
3126 1922 3261 1990 ltzec,
3299 1925 3440 1978 viros
3478 1925 3575 1979 sibi
3603 1925 3712 1978 mi-

2133 2009 2276 2063 nime
2327 2019 2580 2079 cognatos
2623 2025 2803 2065 secum
2847 2012 3142 2078 includunt,
3190 2022 3244 2067 et
3289 2015 3433 2068 omni
3472 2025 3714 2084 tempore

2132 2100 2538 2157 contubernales
2585 2101 2801 2168 faciunt,
2849 2101 2999 2172 quasi
3050 2103 3491 2158 demonstratum:
3527 2117 3580 2159 et
3616 2120 3712 2173 per

2133 2207 2194 2246 ea
2227 2208 2346 2262 quae
2373 2193 2512 2247 dicta
2542 2203 2684 2257 sunt,
2714 2193 2852 2263 quod
2882 2195 3058 2248 iuvitze
3079 2194 3145 2250 ad
3168 2196 3520 2265 virginitatem
3544 2206 3716 2264 raptae

2134 2284 2262 2351 sint,
2287 2284 2349 2339 et
2379 2295 2670 2339 extremam
2708 2286 2814 2339 vim
2858 2286 3239 2351 sustinuerint,
3287 2296 3340 2340 et
3367 2286 3464 2340 hac
3503 2287 3712 2340 ratione

2133 2375 2480 2430 consolentur
2509 2377 2612 2430 vim
2647 2385 2700 2430 et
2723 2377 3119 2432 necessitatem.
3146 2377 3282 2444 Quid
3309 2377 3506 2447 igitur?
3532 2393 3712 2432 anu0n

2136 2463 2219 2520 bis
2243 2464 2529 2531 deteriora,
2558 2481 2678 2520 cum
2707 2467 2819 2520 lucc
2841 2451 3135 2536 conligunt;
3164 2467 3410 2522 dicuntur
3431 2468 3500 2522 ab
3524 2468 3712 2522 amicis

2135 2566 2188 2610 et
2228 2555 2612 2614 familiaribus?
2650 2558 3099 2614 Pcrmittendaene
3137 2571 3264 2614 sunt
3312 2560 3413 2613 ἱηςυ
3439 2560 3619 2614 vivere
3658 2573 3712 2615 et

2135 2649 2419 2717 respirare,
2451 2660 2499 2703 ct
2532 2665 2633 2703 non
2669 2650 2841 2718 poti'ts
2869 2649 3196 2705 dissecandaa
3225 2650 3434 2717 medize,
3463 2651 3546 2706 vel
3576 2652 3712 2705 vivae

2134 2756 2255 2796 cum
2306 2742 2410 2796 illis
2460 2743 2585 2811 ipsis
2634 2741 2991 2797 tumulandze?
3035 2742 3242 2797 Etenim
3283 2752 3337 2798 et
3379 2743 3491 2798 haec
3532 2752 3587 2798 et
3625 2745 3710 2798 his

2137 2834 2304 2888 multo
2332 2835 2480 2902 plura
2517 2848 2704 2889 omnes
2743 2834 2942 2889 dicunt.
2970 2834 3235 2889 Caeterum
3279 2843 3331 2891 et
3361 2834 3608 2903 frequens
3657 2845 3711 2888 et

2135 2924 2472 2994 quotidianus
2509 2932 2592 2979 est
2617 2938 2802 2978 cursus
2839 2923 3179 2979 obstetricum
3217 2925 3283 2979 ad
3321 2925 3582 2994 virginum
3609 2923 3709 2977 do-

2138 3032 2276 3084 mus,
2308 3017 2456 3087 quasi
2486 3017 2550 3071 ad
2579 3018 2862 3088 parientes,
2890 3032 2993 3071 non
3012 3017 3152 3086 quod
3181 3017 3592 3071 obstetricentur
3613 3031 3708 3086 pa—

2136 3107 2311 3173 rienti,
2343 3107 2583 3176 quamvis
2621 3108 2839 3176 contigit
2878 3107 2929 3160 in
2968 3107 3230 3177 aliquibus
3258 3108 3416 3161 etiam
3449 3107 3582 3172 hoc,
3613 3107 3708 3162 sed

2135 3201 2277 3271 quod
2306 3201 2594 3270 probentur
2618 3210 2671 3254 et
2705 3200 3008 3270 judicentur
3054 3201 3191 3253 sicut
3234 3207 3426 3268 empta:
3469 3199 3704 3264 ancillae,

2133 3307 2376 3362 quaenam
2423 3302 2702 3361 corrupt-1',
2750 3291 2833 3345 vel
2878 3306 2996 3360 quae
3026 3291 3269 3353 intactze;
3296 3300 3349 3346 et
3381 3291 3468 3344 illa
3495 3289 3708 3358 quidem

2137 3381 2292 3437 facile
2337 3382 2538 3438 obediit
2583 3381 2916 3450 probationi,
2957 3381 3069 3436 haec
3107 3396 3237 3436 vero
3274 3381 3624 3446 contradixit,
3654 3390 3711 3434 ct

2136 3473 2238 3528 hoc
2266 3474 2378 3543 ipso
2420 3473 2634 3529 confusa
2675 3473 2821 3535 abiit,
2853 3473 3058 3527 etiamsi
3090 3487 3196 3526 non
3233 3481 3482 3540 corrupta
3509 3471 3611 3536 sit;
3654 3483 3711 3524 et

2136 3565 2250 3620 lucc
2285 3563 2498 3639 quidem
2539 3563 2865 3632 deprehensa
2893 3573 2974 3618 est
2993 3605 3006 3627 ,
3037 3564 3126 3617 illa
3154 3578 3280 3618 vero
3310 3578 3444 3628 non;
3476 3561 3569 3616 sed
3596 3562 3710 3616 hmc

2136 3670 2242 3709 non
2283 3655 2458 3709 minus
2495 3670 2652 3724 quam
2695 3655 2780 3707 illa
2822 3653 3164 3707 confunditur
3189 3693 3203 3718 ,
3231 3667 3351 3706 cum
3396 3668 3499 3706 non
3542 3655 3712 3721 possit

2134 3744 2291 3814 digna
2323 3743 2426 3799 fide
2455 3760 2521 3798 ex
2567 3745 2802 3798 moribus
2824 3742 3178 3813 comprobari,
3208 3743 3301 3797 sed
3344 3758 3478 3812 opus
3518 3741 3712 3798 habeat

2135 3847 2356 3890 externo
2393 3836 2651 3890 examinis
2683 3835 3006 3889 testimonio.
3050 3833 3271 3902 Quantis
3311 3833 3558 3904 lacrymis
3595 3833 3710 3888 [nec

2135 3943 2240 3982 non
2268 3937 2392 3982 sunt
2430 3927 2606 3997 digna,
2651 3928 2862 3996 quantis
2902 3942 3006 3980 non
3052 3925 3209 3995 digna
3251 3925 3540 3980 mortibus?
3581 3925 3710 3992 Quis

2134 4027 2310 4071 autem
2338 4017 2415 4070 sic
2448 4017 2686 4086 lapideus
2718 4024 2773 4069 et
2807 4015 2991 4078 durus,
3024 4022 3080 4069 ut
3106 4029 3212 4068 non
3241 4014 3556 4069 accendatur
3590 4013 3708 4068 zelo

2135 4109 2271 4163 sicut
2300 4107 2566 4162 Phincos?
2597 4106 2662 4160 Et
2703 4106 2790 4160 ille
2827 4105 3038 4175 quidem
3081 4105 3127 4159 si
3167 4119 3263 4160 suo
3303 4114 3540 4174 tempore
3577 4105 3711 4158 banc

2136 4197 2514 4267 turpitudinem
2553 4197 2793 4262 vidisset,
2821 4212 2926 4250 non
2964 4197 3094 4266 ipsis
3129 4197 3481 4267 pepercisset,
3517 4196 3612 4252 sed
3638 4197 3713 4250 fe-

2133 4289 2294 4344 cisset
2341 4289 2480 4343 idem
2520 4287 2663 4357 quod
2710 4288 2762 4342 in
2809 4287 3148 4343 Madianitide
3193 4287 3320 4341 olim
3367 4288 3491 4342 fecit
3522 4285 3708 4356 (Nunt.

2134 4379 2223 4434 25.
2271 4379 2360 4450 Μ)
2388 4397 2400 4433 :
2433 4393 2530 4432 nos
2576 4388 2751 4432 autem
2795 4392 2917 4432 cum
2961 4377 3111 4433 nobis
3153 4393 3258 4432 nou
3286 4377 3354 4432 sit
3392 4378 3711 4447 permissum

2133 4470 2369 4539 arripere
2417 4469 2680 4539 gladium,
2730 4483 2900 4539 neque
2938 4469 3121 4523 lancea
3153 4467 3442 4524 confodere
3491 4482 3586 4524 eos
3621 4468 3712 4538 qui

2133 4562 2234 4617 ista
2261 4569 2588 4632 perpetrant,
2615 4561 2788 4616 affecti
2814 4569 2958 4617 certe
2975 4577 3157 4616 sumus
3185 4562 3321 4616 sicut
3348 4571 3562 4616 sanctus
3589 4561 3706 4626 ille,

2132 4669 2241 4708 non
2269 4653 2492 4708 facimus
2518 4662 2695 4708 autem
2721 4652 2906 4708 eadem
2923 4693 2940 4718 ,
2981 4653 3076 4708 sed
3107 4652 3278 4708 dolori
3316 4653 3475 4708 aliter
3499 4668 3713 4708 succur-

2133 4745 2320 4809 rimus,
2362 4745 2652 4815 ploratibus
2692 4744 2898 4798 scilicet
2920 4759 2984 4798 ac
3023 4743 3293 4799 lamentis.
3339 4744 3525 4800 Venite
3549 4758 3710 4815 ergo,
3744 4739 3764 4754 '

2133 4834 2381 4891 dolorum
2407 4850 2472 4890 ac
2513 4835 2803 4905 gemituum
2839 4833 2999 4888 socia:
3023 4843 3197 4890 estote
3232 4843 3492 4904 quotquot
3519 4835 3588 4890 ab
3616 4835 3712 4890 hac

2134 4926 2484 4982 obscoenitate
2509 4927 2640 4980 estis
2665 4925 2886 4988 alienae;
2914 4940 3036 4979 nam
3063 4925 3390 4980 calamitosae
3419 4935 3475 4980 et
3502 4927 3710 4980 misera:

2135 5019 2239 5075 illa;
2287 5018 2424 5074 forte
2469 5020 2522 5073 in
2565 5027 2708 5072 tanta
2752 5025 2874 5072 sunt
2920 5017 3166 5084 miseria,
3212 5026 3270 5072 ut
3307 5017 3432 5073 mali
3473 5017 3711 5072 dolorem

2134 5111 2300 5165 ullum
2327 5125 2431 5164 non
2457 5109 2706 5163 sentiant.
2741 5107 2846 5164 Sed
2869 5123 2962 5163 vos
2985 5123 3102 5177 quae
3132 5108 3270 5164 hanc
3292 5109 3605 5178 suscepistis
3634 5110 3712 5162 vi-

2136 5213 2262 5268 tam,
2293 5202 2468 5273 digna:
2494 5200 2646 5256 facta:
2672 5201 2906 5256 thalamo
2930 5210 2987 5256 et
3003 5215 3220 5270 sponso,
3241 5201 3513 5272 lampades
3541 5201 3712 5256 claras

2134 5297 2382 5366 gestatis,
2421 5303 2477 5350 et
2516 5293 2740 5349 honesto
2781 5293 3097 5363 virginitatis
3138 5303 3281 5347 serto
3311 5293 3480 5363 magis
3513 5301 3712 5347 ornata:

2133 5403 2290 5458 quam
2313 5401 2512 5442 corona
2554 5384 2700 5455 regia
2721 5427 2736 5450 ,
2767 5384 3028 5457 lacrymas
3067 5383 3271 5439 fundite
3318 5384 3594 5439 nobiscum
3616 5425 3632 5450 ,
3660 5393 3712 5439 ct

2136 5492 2315 5532 amare
2343 5477 2502 5531 simul
2551 5474 2780 5545 ejulate;
2825 5490 2947 5529 nam
2975 5474 3078 5530 hoc
3111 5491 3217 5529 non
3268 5491 3492 5545 parvum
3523 5489 3608 5530 est
3632 5492 3714 5532 re-

2135 5568 2370 5622 medium
2405 5576 2457 5622 et
2482 5567 2548 5622 ad
2595 5565 2863 5621 curandos
2902 5577 2995 5621 eos
3022 5567 3110 5636 qui
3152 5567 3512 5626 incumbiliter
3543 5583 3706 5638 :rgro-

2140 5669 2274 5729 tant,
2304 5669 2355 5715 et
2384 5661 2450 5716 ad
2481 5661 2900 5717 consolationem
2932 5658 3241 5724 lugentium.
3275 5660 3386 5716 Hoc
3413 5662 3585 5731 ipsum
3616 5663 3700 5716 ali-
