4060 6136
254 235 369 299 515
652 238 672 273 ’

252 357 451 412 σοῦτον
471 359 610 416 κατά
631 352 834 425 ταύτης
865 353 1156 408 ἐνέπνευσε
1175 354 1275 424 τῆς
1295 351 1517 424 ἀγέλης,
1542 348 1729 419 ἐπειδὴ
1750 348 1932 419 μάλισ-

250 450 325 492 τα
348 437 460 492 ἀπὸ
481 434 684 506 ταύτης
706 435 853 506 ἐώρα
873 434 972 505 τῆς
995 435 1272 505 φάλαγγος
1293 432 1545 505 λαμπρὸν
1571 431 1665 486 τοῦ
1696 429 1932 503 Χριστοῦ

249 519 314 573 τὸ
351 518 744 589 στρατόπεδον,
769 518 863 595 καλ¹
894 518 1067 581 οὕτως
1100 518 1267 588 αὐτὴν
1292 517 1616 589 ἐπεχείρησε
1640 512 1936 595 καταισχῦέ

252 619 368 666 ναι,
409 588 483 665 ὧς
512 601 716 672 βέλτιον
745 588 886 655 εἶναι
930 601 1115 656 λοιπὸν
1151 600 1284 672 μηδέ
1329 599 1630 672 παρθένους
1656 588 1797 651 εἶναι
1840 596 1935 660 τὰς

250 686 405 741 οὕτω
431 685 491 740 τὸ
514 688 745 757 πρᾶγμα
775 684 1013 755 μετιέναι
1032 682 1432 756 ἐπιχειρούσας.
1454 683 1528 736 Τὸ
1546 683 1604 735 δὲ
1631 683 1803 735 αἴτιον
1826 680 1934 733 τῶν

253 769 450 823 κακῶν
477 768 754 830 ἁπάντων,
784 768 865 821 ὅτι
898 766 1060 838 μέχρι
1101 766 1471 839 προσηγορίας
1491 766 1551 819 τὸ
1582 766 1815 837 πρᾶγμα
1843 762 1937 815 ἐσ-

252 851 530 922 τηκε.καὶ
545 851 602 904 ἐν
622 851 698 922 τῷ
716 849 941 920 στόματι
984 862 1010 891 ι
1048 849 1108 903 τὸ
1150 850 1257 903 πᾶν
1289 847 1748 920 περιγέγραπται,
1798 846 1935 917 ὅπερ

254 926 545 1005 ἐλάχιστον
564 932 727 1005 μέρος
750 931 1047 1005 παρθενίας
1073 931 1209 985 ἐστί·
1239 930 1306 985 τὰ
1330 931 1388 984 δέ
1413 930 1814 1001 ἀναγκαιότερα
1840 929 1936 982 καὶ

257 1018 501 1089 μάλιστα
548 1016 718 1088 αὑτὴν
760 1016 1044 1069 δεικνύντα
1095 1015 1387 1086 ἠμέληται,
1443 1007 1538 1068 καὶ
1583 1012 1708 1067 οὔτε
1742 1011 1937 1083 στολῆς

254 1101 497 1171 κοσμίας
509 1092 663 1170 λόγος
679 1101 889 1165 αὑταῖς,
912 1100 1012 1171 οὑχ
1026 1098 1257 1171 ἡσυχίας
1285 1096 1574 1169 παρθένοις
1592 1096 1933 1168 πρεπούσης,

252 1185 320 1238 οὐ
350 1176 719 1253 κατανύξεως,
754 1186 853 1238 οὐκ
888 1178 1048 1240 ἄλλου
1081 1182 1192 1236 τῶν
1240 1181 1499 1235 τοιούτων
1538 1181 1773 1245 οὑδενός·
1800 1177 1938 1234 ἀλλά

254 1268 358 1323 καὶ
385 1269 711 1339 φθέγγονται
733 1267 971 1332 εὐκόλως
994 1266 1212 1321 ἅπαντα
1231 1307 1247 1331 ,
1282 1266 1378 1320 καὶ
1407 1264 1639 1335 γελῶσιν
1668 1263 1934 1341 ἀκαίρως.

254 1351 355 1406 καὶ
385 1352 768 1406 κατακλῶνται
790 1352 886 1406 καὶ
917 1348 1249 1423 θρύπτονται
1276 1346 1476 1419 μᾶλλον
1491 1347 1602 1401 τῶν
1626 1347 1720 1400 ἐπὶ
1742 1346 1835 1399 τοῦ
1850 1346 1938 1399 τέ-

254 1446 390 1504 γους
428 1434 874 1507 μαλακιζομένων
921 1432 1222 1503 γυναικῶν,
1254 1430 1519 1486 πάντοθεν
1571 1430 1938 1501 μηχανήματα

251 1521 371 1582 τοῖς
399 1517 600 1589 ὁρῶσιν
648 1518 874 1571 ἐνιεῖσαι
913 1516 964 1580 b,
996 1516 1092 1570 καὶ
1135 1516 1214 1578 εἰς
1236 1512 1335 1585 τὴν
1367 1512 1477 1566 τῶν
1524 1510 1938 1583 πορνευομένων

253 1598 539 1670 γυναικῶν
559 1598 947 1670 ἀσχημοσύνην
967 1596 1217 1652 εἰσωθεῖν
1243 1594 1441 1659 ἐαυτάς
1464 1591 1941 1666 βιάζονται,καθά-

254 1700 366 1755 περ
384 1681 763 1755 ἁμιλλώμεναι
784 1672 921 1751 πρὸς
936 1680 1155 1745 ἐκείνας
1175 1679 1271 1734 καὶ
1287 1678 1687 1750 φιλονεικοῦσαι
1700 1676 1769 1731 τά
1790 1693 1940 1747 πρω·

252 1767 377 1820 τεῖα
404 1766 488 1830 εἰς
512 1762 775 1835 αἰσχύνης
796 1763 954 1831 δόξαν
981 1762 1188 1817 λαϐεῖν.
1214 1761 1387 1816 Πόθεν
1411 1761 1539 1833 γὰρ,
1562 1761 1683 1815 εἰπέ
1712 1758 1939 1831 μοι,λοιο

254 1848 360 1903 πὺν
383 1845 730 1919 δυνησόμεθα
753 1848 852 1918 τὴν
874 1844 1129 1916 τοιαύτην
1160 1844 1432 1917 παρθένον
1464 1844 1566 1915 τῆς
1600 1842 1805 1908 τάξεως
1831 1840 1940 1907 ἐξε-

251 1926 452 1984 λέσθαι
484 1928 585 1997 τῆς
619 1927 844 1981 ἐκείνων
866 1927 960 1981 καὶ
985 1926 1086 1998 τῆς
1116 1925 1424 1991 κοινωνίας,
1442 1925 1572 1979 ὅταν
1591 1926 1687 1979 καὶ
1713 1924 1852 1994 αὑτὴ
1878 1922 1939 1976 τὸ

254 2012 393 2066 αὐτὸ
443 2014 571 2082 ποιῇ
616 2010 888 2075 ἐκείναις,
925 2009 1062 2064 νέων
1097 2008 1424 2074 ἐξαπατῶσα
1461 2008 1690 2080 καρδίας
1721 2018 1770 2071 ο,
1808 2007 1937 2061 ὅταν

253 2093 686 2166 ἀνεπτερωμένη
820 2093 914 2147 καὶ
950 2092 1180 2158 ἄσωτος,
1220 2093 1348 2147 ὅταν
1393 2091 1462 2146 τά
1496 2091 1634 2145 αὐτὰ
1668 2093 1937 2162 φάρμακα

254 2177 445 2250 τρίϐῃ,
479 2178 574 2230 καὶ
609 2176 677 2230 τὰ
705 2178 846 2230 αὑτὰ
873 2174 1148 2249 κεραννύει
1170 2178 1427 2247 ποτήρια,
1455 2174 1630 2229 καὶτὸ
1657 2172 1791 2228 αὐτὸ
1838 2190 1928 2227 καα

256 2259 572 2332 τασκευάζῃ
630 2259 892 2324 κώνειον;
929 2258 1067 2311 Ἀλλ’
1106 2261 1167 2312 οὐ
1200 2258 1368 2328 λέγει·
1400 2259 1584 2327 Δεῦρο
1625 2258 1723 2312 καὶ
1764 2257 1939 2326 ἐγκυ-

260 2344 569 2414 λισθῶμεν
582 2343 770 2408 ἔρωτι,
782 2342 924 2408 οὐδὲ,
933 2344 1235 2413 Ἕρῤαγκα
1244 2340 1360 2411 τὴν
1373 2342 1582 2408 κοίτην
1590 2357 1710 2410 μου
1722 2340 1935 2407 κρόκῳ,

255 2426 493 2493 καίτὴν
541 2427 764 2495 κλίνην
792 2443 913 2496 μου
946 2424 1319 2495 κινναμώμῳ·
1348 2424 1465 2478 εἴθε
1493 2424 1593 2495 τὴν
1627 2422 1815 2493 κοίτην
1846 2426 1940 2475 καὶ

254 2512 359 2581 τὴν
389 2509 600 2579 κλίνην.
620 2510 714 2563 καὶ
739 2509 814 2580 μὴ
833 2508 902 2563 τά
933 2509 1124 2580 ἰμάτια
1147 2513 1242 2566 καὶ
1277 2507 1339 2562 τὺ
1367 2508 1547 2579 σῶμα.
1579 2504 1816 2560 Ἐκεῖναι
1841 2506 1938 2577 μὲν

253 2590 368 2663 γὰρ
404 2590 545 2643 οἴκοι
583 2589 643 2642 τὸ
686 2589 882 2660 δέλεαρ
927 2589 1407 2661 κατακρύπτουσι,
1444 2589 1510 2644 σὺ
1562 2588 1620 2642 δὲ
1664 2588 1937 2659 πανταχοῦ

257 2671 581 2743 περιφέρεις
609 2671 706 2744 τὴν
730 2672 955 2742 παγίδα,
988 2673 1082 2727 καὶ
1111 2673 1502 2728 ἀναπετάσασα
1534 2673 1632 2743 τῆς
1655 2672 1850 2743 ἡδονῆς
1872 2671 1938 2725 τὰ

258 2758 443 2830 πτερά
462 2757 744 2827 περιάγεις
763 2757 855 2809 ἐπὶ
876 2759 977 2828 τῆς
1001 2758 1227 2829 ἀγορᾶς.
1260 2755 1398 2809 Ἀλλ’
1418 2757 1478 2810 οὑ
1495 2754 1798 2827 διελέχθης.
1816 2754 1938 2808 ούδέ

257 2830 418 2903 εἶπες
433 2841 615 2892 ἐκεῖνα
632 2839 701 2891 τά
722 2838 958 2911 πορνικά
982 2841 1224 2912 ῥήματα,
1238 2839 1442 2908 Δεῦρο,
1455 2839 1552 2894 καὶ
1576 2838 1940 2909 ἐγκυλισθῶ-

255 2941 375 2993 μεν
387 2924 578 2993 ἔρωτι·
597 2924 695 2977 οὑκ
712 2919 862 2986 εἶπες
875 2921 903 2961 τι
920 2926 985 2994 τῇ
1002 2923 1239 2996 γλώττῃ,
1254 2923 1367 2976 ἀλλ’
1383 2917 1536 2984 εἶπες
1564 2915 1642 2990 τῷ
1674 2920 1933 2990 σχήματι·

255 3006 361 3059 ιὺκ
407 3002 660 3073 ἐφθέγξω
691 3001 771 3072 τῷ
803 3002 1057 3073 στόματι,
1087 3001 1202 3056 ἀλλ’
1233 2999 1484 3071 ἐφθέγξω
1516 3000 1593 3072 τῷ
1625 2999 1936 3069 βαδίσματι·

256 3085 361 3138 ιὺκ
387 3082 656 3145 ἐκάλεσας
666 3084 730 3153 τῇ
748 3084 922 3153 φωνῇ,
939 3081 1053 3136 ἀλλ’
1066 3081 1330 3145 ἐκάλεσας
1354 3080 1538 3150 φωνῆς
1558 3076 1940 3150 λαμπρότερον

256 3167 350 3221 διὰ
365 3167 477 3221 τῶν
497 3165 810 3237 ὀφθαλμῶν.
845 3165 1007 3218 Ἀλλά
1029 3165 1309 3219 καλέσασα
1334 3165 1435 3218 οὑκ
1450 3164 1658 3227 ἔδωκας
1686 3166 1935 3233 σεαυτήν.

259 3250 402 3303 (δύδέ
430 3248 602 3313 οὕτως
634 3247 941 3319 ἀπήλλαξαι
971 3248 1069 3318 τῆς
1100 3246 1396 3320 ἁμαρτίας.
1416 3246 1525 3300 Καὶ
1549 3246 1659 3317 γὰρ
1676 3244 1829 3318 [250]
1846 3245 1939 3300 καὶ

259 3333 425 3386 τοῦτο
447 3332 631 3404 ἕτερον
647 3327 787 3395 εἶδος
813 3328 1088 3402 πορνείας·
1109 3330 1325 3402 καθαρά
1347 3330 1446 3403 τῆς
1467 3328 1678 3400 ὕϐρεως
1695 3328 1938 3401 ἔμεινας,

261 3417 402 3471 ἀλλὰ
429 3416 529 3487 τῆς
560 3412 973 3487 σωματικῆς,οὑ
990 3415 1087 3485 τῆς
1112 3414 1367 3486 ψυχικῆς·
1387 3413 1481 3468 καὶ
1496 3411 1831 3483 ἀπήρτισταί
1858 3428 1940 3465 σοι

258 3500 331 3553 τά
356 3499 458 3570 τῆς
490 3500 764 3571 ἁμαρτίας
785 3498 1049 3562 πάντα,εἰ
1077 3498 1169 3552 καὶ
1198 3497 1273 3569 μὴ
1300 3497 1389 3551 διά
1417 3497 1516 3568 τῆς
1547 3495 1768 3567 μίξεως,
1806 3494 1940 3550 ἀλλά

261 3579 350 3633 ειά
384 3579 482 3649 τῆς
507 3578 703 3649 ὅψεως.
950 3582 957 3587 ’
1752 3629 1763 3638 ,

334 3666 494 3730 Τίνος
529 3667 637 3737 γάρ
666 3665 873 3728 ἕνεκεν,
892 3663 1015 3718 εἰπέ
1044 3663 1355 3735 μοι,καλεῖς
1383 3662 1508 3725 τοὺς
1545 3662 1857 3730 παριόνταςς
1888 3662 1940 3715 τί

261 3754 319 3809 δὲ
379 3756 635 3821 ἐξάπτεις
665 3754 727 3808 τὸ
757 3754 889 3826 πῦρ;
921 3753 1040 3818 πῶς
1065 3753 1123 3807 δέ
1152 3751 1394 3823 νομίζεις
1431 3745 1571 3804 εἶναι
1599 3750 1817 3822 καθαρά
1841 3751 1940 3821 τῆς

262 3839 563 3910 ἁμαρτίας,
598 3839 777 3891 πᾶσαν
825 3836 994 3910 αὐτὴν
1040 3833 1425 3908 ἐργασαμένη;
1452 3833 1561 3887 Καὶ
1606 3832 1714 3905 γάρ
1739 3832 1941 3887 τέλειον

264 3920 511 3989 εἰργάσω
552 3918 736 3988 μοιχὸν
759 3917 850 3970 τὸν
877 3916 1071 3971 ἁλόντα
1102 3933 1195 3970 σου
1219 3914 1299 3986 τῷ
1330 3915 1566 3985 σχήματι
1592 3910 1786 3983 τούτῳ·
1825 3912 1940 3977 πῶς

262 3998 356 4054 οὖν
377 3999 606 4054 δύνασαι
630 3999 703 4071 μὴ
720 3994 859 4051 εἶναι
875 3997 1141 4069 μοιχαλὶς,
1159 3996 1362 4051 δταντδ
1392 3994 1552 4065 ἔργον
1579 4010 1671 4046 σου
1697 3994 1942 4063 μοιχείας

264 4084 630 4154 ἁλίσκηταιςή
666 4082 773 4151 γὰρ
804 4079 1012 4134 ἐκείνου
1044 4079 1208 4151 μανία
1240 4078 1332 4131 σὸν
1350 4076 1509 4148 ἔργον
1536 4075 1812 4129 ἐστί.Ὅτι
1833 4075 1941 4147 γάρ

266 4166 300 4237 ἡ
331 4161 819 4225 κατασκευάζουσα
845 4160 1065 4232 μοιχοὺς
1092 4158 1337 4231 μοιχείας
1357 4158 1643 4225 διαφυγεῖν
1675 4157 1941 4227 τιμωρίαν

264 4249 365 4302 οᾶκ
389 4250 458 4303 ἂν
489 4246 743 4319 δυνηθείη
774 4245 919 4311 ποτὲ,
941 4243 1103 4298 παντί
1129 4260 1232 4297 που
1251 4241 1409 4314 δῆλόν
1438 4243 1577 4294 ἐστι.
1606 4238 1768 4319 τδ
1794 4238 1943 4309 ξίφος

268 4328 571 4398 ἡκόνησας,
603 4317 668 4377 σὺ
700 4324 797 4395 τὴν
845 4323 1024 4389 δεξιάν
1053 4322 1332 4386 ὤπλισας,
1370 4322 1435 4375 σὺ
1466 4320 1566 4391 τὴν
1593 4317 1942 4390 ὡπλισμένην

267 4397 449 4476 δεξιὰν
478 4409 619 4463 κατά
649 4409 745 4478 τῆς
767 4406 956 4471 ἀθλίας
976 4405 1195 4478 ῶθησας
1216 4404 1416 4475 ψυχῆς·
1448 4403 1565 4467 πῶς
1592 4397 1687 4456 οῦν
1715 4401 1942 4455 δύνασαι

269 4489 369 4560 τῆς
402 4490 497 4545 ἐπὶ
526 4488 601 4559 τῷ
637 4487 781 4559 φόνῳ
809 4487 982 4558 τούτῳ
1003 4486 1274 4557 τιμωρίας
1296 4481 1774 4546 ἀπαλλάττεσθαι;
1806 4480 1942 4535 Εἰπέ

271 4571 379 4643 γάρ
405 4588 517 4641 μοι,
541 4571 693 4633 τίνας
717 4568 982 4640 μισοῦμεν
1006 4568 1102 4622 καὶ
1121 4565 1577 4639 ἀποστρεφόμεθα
1594 4566 1776 4636 ἡμεῖς
1792 4564 1942 4630 τίνας

270 4648 327 4702 δὲ
349 4652 398 4703 οἰ
430 4648 715 4720 νομοθέται
736 4647 831 4700 καὶ
848 4647 1098 4700 δικασταὶ
1119 4645 1426 4711 κολάζουσι;
1448 4647 1573 4709 τοὺς
1590 4644 1844 4708 πίνοντας
1874 4644 1942 4697 τά

272 4731 473 4805 δηλητὴ
483 4749 574 4803 ρια
602 4730 937 4804 φάρμακα,ἢ
953 4731 1080 4795 τοὺς
1102 4729 1465 4802 κεραννύντας
1482 4729 1579 4800 τὴν
1608 4727 1828 4792 κύλικα,
1848 4729 1942 4782 καλ⁵

273 4818 781 4891 κατασκευάζοντας
808 4815 979 4882 αὐτὰ,
1007 4815 1102 4869 καὶ
1138 4812 1228 4867 διὰ
1256 4812 1355 4883 τῆς
1382 4812 1574 4883 τέχνης
1603 4811 1942 4876 ἀπολλύντας

272 4900 370 4970 τῆς
397 4901 611 4967 αὑτῶν;
646 4901 767 4972 οὐχὶ
806 4901 931 4963 τοὺς
966 4898 1223 4960 πίνοντας
1254 4896 1351 4968 μὲν
1401 4896 1496 4949 καὶ
1544 4894 1801 4967 ἐλεοῦμεν
1844 4896 1941 4950 ἅτε

274 4981 433 5053 ἡδικη
442 4983 655 5055 μένους,
681 4983 922 5046 ἐκείνους
946 4980 1004 5035 δέ
1041 4979 1240 5043 πάσαις
1264 4976 1699 5048 καταδικάζομεν
1720 4978 1938 5050 ψήφοιςς

278 5066 383 5119 Καὶ
407 5069 507 5121 οὑκ
530 5068 690 5138 ἀρκεῖ
715 5066 851 5138 πρὸς
878 5063 1169 5134 ἀπολογίαν
1200 5064 1381 5127 αὐτοῖς
1408 5063 1469 5116 τὸ
1488 5062 1689 5131 λέγειν,
1713 5062 1793 5116 ὅτι
1828 5062 1941 5115 Ούκ

278 5149 510 5218 ἐμαυτὸν
532 5150 761 5221 ἔϐλαψα,
785 5150 899 5204 ἀλλ’
926 5150 1110 5222 ἓτερον
1134 5147 1411 5201 ἀπώλεσα·
1433 5146 1570 5200 ἀλλά
1591 5147 1683 5201 καὶ
1714 5147 1780 5200 δι’
1810 5146 1941 5200 αὑτὸ

280 5229 374 5297 μὲν
397 5231 555 5284 τοῦτο
583 5229 968 5301 χαλεπωτέραν
998 5227 1199 5281 διδόασι
1224 5225 1398 5297 δίκην.
1436 5226 1508 5278 Σὺ
1533 5225 1616 5289 δὲ,
1650 5225 1810 5279 ἀθλία
1846 5226 1940 5280 καὶ

279 5313 605 5386 ταλαίπωρε,
639 5313 918 5385 κεράσασα
967 5311 1064 5384 τὴν
1095 5310 1291 5365 κύλικα
1315 5309 1413 5380 τὴν
1434 5307 1684 5380 ὀλεθρίαν
1712 5309 1937 5381 ταύτην,

338 5470 364 5499 ⁸
386 5470 535 5520 Savil.
564 5474 646 5521 καὶ
667 5473 715 5521 έν
735 5474 804 5535 τῷ
829 5473 1036 5535 σώματι,
1055 5472 1233 5535 Morel.
1257 5477 1421 5521 autem
1447 5469 1529 5517 καί
1559 5469 1607 5517 έν
1624 5470 1693 5531 τῷ
1716 5469 1937 5529 στόματι,

277 5540 416 5595 (πυρίη
445 5536 707 5583 lectionem
730 5533 930 5582 secutus
950 5543 1023 5583 est
1052 5533 1317 5595 intelpres.

337 5591 367 5631 δ
385 5594 533 5667 Siu'il.
568 5596 793 5667 πάντοθεν
824 5596 1156 5667 μηχανώμεναι
1185 5589 1313 5667 τοῖς.
1333 5594 1507 5667 ὁρῶσιν
1531 5591 1733 5667 ἐγγίσας.
1759 5589 1935 5640 Morel.

272 5654 495 5727 πάντοθεν
517 5652 835 5719 μηχανήματα
854 5652 953 5712 τοῖς
993 5652 1167 5717 ὁρῶσιν
1203 5652 1417 5705 ένιεῖσαι.
1438 5654 1548 5704 Mox
1567 5652 1735 5702 ‘Savil.
1759 5667 1925 5710 πεπορ-

279 5731 501 5765 ventum

324 5729 351 5761 υ
367 5732 517 5765 um.

336 5732 364 5841 ἐ
385 5776 531 5841 ﬁam.
558 5779 675 5841 νέων
694 5778 968 5841 ἐξάπτεσθαι
988 5777 1196 5841 καρδίας,
1223 5779 1365 5827 male.

336 5834 363 5875 ἀ
384 5838 529 5888 εανίι.
568 5840 700 5895 εἶπας
719 5838 809 5889 bis.

834 260 837 261 '
896 234 1083 307 QUOD
1121 234 1535 294 REGULARES
1575 232 1856 289 FEMINIE
1892 214 2074 288 VIRIS
2108 227 2555 290 COﬂABITARE
2590 229 2729 286 NON
2767 225 3103 283 DEBEAN'I'.

3602 228 3705 290 516

2032 345 2128 400 καὶ
2150 344 2385 417 ὀρέξασα
2410 344 2507 399 καὶ
2533 344 2700 399 δοῦσα
2731 343 2793 396 τὸ
2818 343 3131 413 φάρμακον,
3163 340 3301 413 μετά
3322 341 3384 397 τδ
3408 345 3550 398 πιεῖν
3574 343 3710 400 ἐκεῖ·

2028 442 2119 478 νον
2162 427 2258 480 καὶ
2281 426 2577 480 ἀπολέσθαι
2602 424 2898 493 ἀπολογίαν
2929 425 3100 495 σαυτῇ
3120 423 3363 493 νομίζεις
3396 424 3709 497 ὑπολελεῖφ-

2032 508 2142 574 θαι,
2160 509 2220 562 τὸ
2240 511 2314 580 μὴ
2341 510 2478 580 αὑτὴ
2505 510 2671 572 πιεῖν,
2706 508 2821 562 ἀλλ’
2853 508 3028 578 ἑτέρῳ
3053 508 3356 577 παρασχεῖν
3385 504 3446 561 τὺ
3475 506 3708 578 δηλητή-

2034 610 2169 664 ριον;
2189 592 2380 647 Καίτοι
2402 610 2463 662 γε
2490 594 2648 664 ὑμεῖς
2664 592 2772 647 τῶν
2800 589 3260 663 φαρμακοπωλῶν
3281 590 3503 644 ἐκείνων
3521 591 3708 645 τοσού-

2031 691 2110 744 τῳ
2141 672 2528 744 χαλεπωτέραν
2554 672 2752 726 δώσετε
2786 671 2964 741 δίκην,
2996 670 3108 740 ὅσῳ
3129 671 3222 723 καὶ
3246 670 3275 722 ὀ
3292 668 3520 733 θάνατος
3547 669 3707 740 χαλε-

2033 755 2296 828 πώτερος.
2322 756 2395 810 Ού
2419 756 2527 828 γὰρ
2552 754 2710 826 σῶμα
2738 754 2919 823 μόνον,
2943 753 3078 808 ἀλλά
3093 754 3188 806 καὶ
3210 752 3385 826 ψυχὴν
3412 756 3706 826 ἀναιρεῖτε·

2033 838 2273 913 κάκεῖνοι
2297 837 2395 909 μὲν
2424 836 2730 908 πολλάκιςῆ
2750 834 2972 907 θυμῷ,ἢ
3002 837 3139 907 ὀργῇ
3168 835 3327 890 τοῦτο
3352 836 3706 909 πράττουσιν.

2031 921 2066 991 ἢ
2099 920 2398 992 χρημάτων
2430 920 2697 992 δεόμενοι·
2749 919 2907 989 ὑμεῖς
2946 918 3003 971 δὲ
3037 918 3159 971 οὐδὲ
3186 920 3267 983 εἰς
3316 919 3521 990 ταύτην
3554 919 3711 992 ἔχετε

2033 1006 2368 1073 καταφυγεῖν
2398 1002 2497 1074 τὴν
2527 1002 2816 1073 πρόφασιν.
2837 999 2973 1055 Οὔτε
3007 1000 3117 1073 7&9
3144 1002 3371 1074 ἐχθροὺς
3393 998 3711 1068 ὀντας,οῦτε

2033 1087 2381 1159 ἠδικηκότας,
2412 1084 2536 1140 οὔτε
2566 1086 2864 1158 χρημάτων
2883 1084 3136 1155 δεόμεναι
3162 1086 3321 1139 τοῦτο
3353 1088 3711 1151 ποιεῖτε,ἀλλ“

2035 1169 2177 1241 ὑπὲρ
2200 1168 2503 1234 κενοδοξίας
2531 1169 2698 1241 μόνης
2727 1167 2807 1233 εἰς
2836 1167 2934 1232 τὰς
2950 1167 3238 1239 ἀλλοτρίας
3266 1169 3486 1234 παίζετε
3513 1170 3709 1243 ψυχὰς.

2033 1252 2223 1324 τέρψιν
2249 1254 2458 1306 οἰκείαν
2484 1253 2575 1306 τὸν
2608 1250 2811 1322 ἐτέρων
2842 1251 3164 1322 ποιούμεναι
3199 1251 3451 1307 θάνατον.

2107 1335 2174 1406 β’.
2220 1334 2384 1389 Ἀλλά
2424 1334 2533 1405 γὰρ
2564 1336 2666 1388 οὑκ
2686 1330 2803 1388 οἰδα
2853 1334 2971 1397 πῶς
3002 1333 3298 1405 ἐξηνέχθην
3330 1334 3503 1389 ταῦτα
3539 1335 3715 1389 εἰπεῖν

2036 1418 2271 1491 ἑτέρωσε
2299 1418 2506 1490 ὁρμῶν·
2538 1418 2729 1489 διόπερ
2761 1419 3041 1471 ἐπανιτέον
3059 1457 3074 1480 ,
3101 1417 3223 1471 ὅθεν
3252 1418 3466 1490 ἐξέϐην.
3504 1419 3715 1490 Ὥσπερ

2036 1497 2144 1570 7&9
2181 1497 2280 1551 οὑκ
2309 1497 2620 1570 ἀρκούντων
2674 1496 2879 1550 τούτων
2927 1496 3286 1570 καταισχῦναι
3314 1496 3375 1550 τὸ
3403 1498 3511 1550 πᾶν
3542 1497 3714 1561 ἔθνος,

2037 1566 2132 1630 καὶ
2158 1576 2286 1631 ἄλλο
2313 1566 2364 1630 τι
2406 1568 2567 1631 πλέον
2597 1576 2917 1641 ἐπενόησαν.
2942 1566 3099 1632 1Ἀλλὰ
3146 1566 3336 1647 μηδεὶς
3366 1577 3495 1647 περὶ
3526 1577 3717 1632 πασῶν

2035 1659 2207 1714 ταῦτα
2232 1661 2483 1733 εἰρῆσθαι
2528 1660 2816 1733 νομιζέτω·
2841 1660 2903 1713 οὑ
2929 1658 3039 1731 7&9
3067 1658 3241 1724 οὕτως
3263 1660 3448 1725 ἄθλιός
3475 1661 3613 1732 εἰμι,
3643 1660 3718 1725 ὡς

2036 1743 2171 1816 ὁμοῦ
2196 1746 2373 1799 πάντα
2398 1736 2589 1817 φύρειν
2609 1747 2703 1799 καὶ
2728 1746 2968 1815 συγχεῖν.
2985 1742 3123 1816 Περὶ
3137 1745 3246 1817 γάρ
3266 1745 3375 1800 τῶν
3403 1742 3717 1799 ὑπευθύνων

2037 1828 2132 1882 καὶ
2155 1827 2325 1882 ταῦτα
2352 1827 2588 1900 εἴρηται,
2603 1828 2698 1882 καὶ
2721 1830 2789 1881 τὰ
2822 1827 2959 1898 μετά
2981 1826 3152 1881 ταῦτα
3175 1828 3475 1899 εἰρήσεται.
3505 1830 3717 1901 Ὥσπερ

2036 1909 2145 1982 γὰρ
2164 1910 2263 1964 οὑκ
2289 1910 2601 1981 ἀρκούντων
2624 1906 2830 1964 τούτων
2854 1913 2935 1974 εἰς
2965 1910 3192 1982 βλάϐην,
3210 1911 3415 1982 ἄνδρας
3444 1912 3596 1976 τινάς
3621 1915 3717 1966 οὑ-

2035 1992 2267 2061 δαμόθεν
2297 1992 2490 2058 αὐταῖς
2517 1995 2895 2065 προσήκοντας
2916 1993 3178 2048 λαϐοῦσαι
3202 1994 3715 2063 συγκατακλείουσι.

2036 2076 2132 2130 καὶ
2154 2074 2245 2130 τὸν
2269 2078 2447 2130 πάντα
2472 2075 2837 2141 συνοικίζουσι
2866 2076 3079 2146 χρόνον,
3098 2075 3347 2149 καθάπερ
3373 2077 3718 2148 ἐνδεικνύμε-

2038 2175 2124 2211 ναι
2147 2159 2242 2211 καὶ
2277 2158 2365 2213 διὰ
2384 2158 2588 2213 τούτων
2623 2159 2718 2213 καὶ
2750 2158 2839 2213 διά
2868 2158 2975 2214 τῶν
3016 2160 3344 2232 εἰρημένων,
3376 2162 3459 2214 ὅτι
3485 2162 3716 2215 ἄκουσαι

2037 2241 2234 2312 ἐπὶτὴν
2246 2241 2544 2313 παρθενίαν
2564 2241 2924 2313 εἱλκύσθησαν
2942 2243 3034 2296 καὶ
3060 2242 3180 2313 βίαν
3235 2245 3592 2315 ὑπομείνασαι
3618 2245 3714 2315 τὴν

2037 2324 2293 2395 ἐσχάτην·
2308 2326 2403 2378 καὶ
2424 2324 2598 2399 ταύτῃ
2611 2324 3061 2398 παραμυθοῦνται
3077 2326 3175 2398 τὴν
3199 2327 3320 2396 βίαν
3335 2327 3427 2381 καὶ
3437 2327 3535 2400 τὴν
3549 2329 3717 2395 ἀνάγ-

2038 2423 2159 2477 κην.
2177 2405 2243 2459 Τί
2272 2407 2537 2477 γάρςοὺχὶ
2569 2406 2773 2460 τούτων
2803 2407 2973 2478 χείρω
2990 2408 3144 2480 παρά
3163 2409 3402 2474 πάντων,
3432 2410 3561 2463 ὃταν
3586 2409 3716 2463 ταῦ-

2035 2506 2104 2543 τα
2126 2487 2363 2559 γίνηται,
2383 2488 2598 2557 λέγεται
2635 2490 2729 2544 καὶ
2762 2490 2912 2561 παρὰ
2935 2490 3106 2559 φίλων
3128 2492 3221 2545 καὶ
3242 2491 3479 2557 οἱκείων;
3501 2491 3717 2555 Ταύτας

2035 2569 2092 2624 δέ
2110 2569 2208 2643 ζῇν
2236 2570 2269 2645 ἢ
2304 2571 2561 2626 ἀναπνεῖν
2593 2572 2730 2635 ὅλως
2754 2572 2880 2639 ἔδει,
2917 2572 3052 2627 ἀλλά
3081 2584 3105 2613 θ
3138 2576 3213 2645 μὴ
3236 2573 3583 2645 διαπρίεσθαι
3624 2574 3717 2645 μέ-

2038 2669 2157 2718 σας,
2200 2652 2234 2723 ἢ
2265 2654 2691 2726 κατορύττεσθαι
2724 2653 2905 2719 ζώσας
2938 2656 3058 2726 μετ’
3086 2656 3311 2710 ἐκείνων
3351 2657 3567 2722 αὑτῶνς
3606 2656 3714 2710 Καὶ

2035 2736 2144 2805 7&9
2169 2735 2261 2789 καὶ
2288 2735 2463 2790 ταῦτα
2500 2736 2595 2790 καὶ
2625 2736 2832 2791 τούτων
2888 2737 3069 2808 πολλῷ
3122 2739 3343 2793 πλείονα
3366 2737 3601 2801 ἅπαντες
3628 2738 3707 2790 λέ-

2035 2830 2211 2885 γουσι·
2237 2820 2333 2872 καὶ
2362 2817 2726 2892 [251]δρόμος
2755 2818 2943 2875 λοιπὸν
2973 2823 3095 2884 ταῖς
3128 2821 3316 2891 μαίαις
3335 2821 3456 2875 καθ’
3479 2821 3714 2892 ἑκάστην

2037 2906 2251 2979 ἡμέραν
2276 2909 2370 2961 ἐπὶ
2388 2908 2485 2971 τὰς
2511 2908 2620 2976 τῶν
2647 2908 2934 2979 παρθένων
2961 2909 3159 2975 οἰκίας,
3190 2909 3440 2981 καθάπερ
3468 2910 3603 2981 πρὸς
3615 2911 3713 2972 τὰς

2035 2988 2351 3056 ώδινούσας,
2367 2990 2465 3063 οὑχ
2486 2990 2628 3045 ὥστε
2655 2990 2907 3061 λοχεῦσαι
2932 2992 3220 3045 τίκτουσαν
3249 2993 3459 3062 (γέγονε
3485 2993 3583 3062 μὲν
3606 2992 3715 3063 γὰρ

2037 3072 2132 3126 καὶ
2161 3073 2254 3126 ἐπί
2286 3091 2450 3128 τινων
2474 3073 2569 3126 καὶ
2596 3071 2800 3141 τοῦτο),
2830 3073 2945 3127 ἀλλ’
2975 3072 3119 3128 ὥστε
3150 3073 3442 3143 διαγνῶναι
3466 3073 3715 3146 καθάπερ

2037 3154 2132 3229 ἐπὶ
2150 3154 2259 3210 τῶν
2277 3155 2600 3227 ὠνουμένων
2623 3154 3038 3226 θεραπαινίδων,
3054 3157 3137 3220 τίς
3162 3156 3260 3228 μὲν
3274 3156 3712 3229 ήδιεφθαρμένη,

2036 3224 2121 3303 τίς
2152 3238 2211 3293 δὲ
2238 3240 2272 3310 ἡ
2299 3224 2596 3310 ἀνέπαφος·
2624 3224 2720 3294 καὶ
2746 3242 2780 3311 ἡ
2816 3239 2914 3312 μὲν
2940 3224 3219 3312 ὑπήκουσε
3251 3224 3450 3312 ῥαδίως
3478 3224 3715 3311 τῇτδοκι-

2041 3320 2234 3394 μασίᾳ,
2271 3323 2305 3394 ἡ
2332 3323 2391 3377 δέ
2437 3325 2658 3378 ἀντεῖπε
2678 3362 2693 3385 ,
2736 3320 2830 3377 καὶ
2857 3321 3008 3394 αὑτῷ
3034 3322 3211 3394 τούτῳ
3262 3324 3719 3394 καταισχυνθεῑσα

2038 3404 2303 3475 ἀπῆλθεν,
2335 3408 2384 3459 εἰ
2411 3407 2506 3460 καί
2537 3407 2612 3477 μὴ
2641 3406 2949 3478 διέφθαρτο·
2978 3407 3072 3461 καὶ
3097 3408 3131 3479 ὴ
3160 3408 3258 3478 μὲν
3288 3407 3505 3479 ἐάλω,ὴ
3535 3408 3591 3461 δὲ
3620 3410 3718 3477 οὑχ

2037 3494 2199 3561 ἑάλω,
2227 3495 2323 3549 καὶ
2364 3492 2504 3565 αὑτὴ
2535 3492 2593 3546 δέ
2634 3493 2797 3548 πάλιν
2828 3493 2928 3565 οὑχ
2957 3489 3119 3567 ἦττον
3142 3496 3359 3567 ἐκείνης
3381 3496 3714 3567 αἰσχύνεται,

2041 3582 2116 3654 μὴ
2143 3581 2431 3653 δυνηθεῖσα
2452 3581 2763 3646 ἀξιόπιστος
2796 3582 2905 3635 ἀπὸ
2930 3580 3026 3636 τοῦ
3052 3584 3255 3655 τρόπου
3287 3585 3542 3654 φανῆναι,
3581 3584 3716 3638 ἀλλά

2043 3667 2347 3738 μαρτυρίας
2377 3665 2477 3734 τῆς
2501 3663 2610 3717 ἀπὸ
2637 3664 2737 3734 τῆς
2767 3666 3069 3732 ἐξετάσεως
3100 3666 3370 3736 δεηθεῖσα.
3401 3667 3587 3719 Πόσων
3618 3667 3718 3721 οὐκ

2039 3748 2165 3814 ἀξια
2186 3748 2358 3802 ταῦτα
2388 3747 2677 3819 δακρύων;
2715 3749 2899 3803 πόσων
2928 3750 3027 3803 οὑκ
3055 3749 3182 3815 ἀξια
3222 3750 3500 3816 θανάτωνς
3541 3751 3637 3814 Τίς
3660 3752 3715 3804 δὲ

2038 3832 2181 3886 οὕτω
2215 3832 2415 3895 λίθινος
2441 3831 2536 3885 καὶ
2569 3831 2929 3903 ἀσυμπαθὴς,
2960 3833 3036 3895 ὡς
3068 3834 3141 3904 μὴ
3173 3833 3491 3905 πυρωθῆναι
3526 3835 3617 3887 καὶ
3647 3836 3717 3889 τά

2037 3917 2133 3971 τοῦ
2164 3916 2348 3977 Φινεὲς
2371 3915 2584 3981 παθεῖν;
2615 3912 2756 3969 Ἀλλ’
2780 3916 2990 3979 ἐκεῖνος
3023 3916 3143 3986 μὲν,
3170 3918 3220 3969 εἰ
3244 3916 3386 3971 κατά
3408 3917 3499 3971 τὸν
3527 3918 3719 3988 καιρὸν

2040 4003 2246 4055 ἐκεῖνον
2266 3999 2471 4068 ταύτην
2495 3995 2601 4053 οἶδε
2640 3999 2931 4070 γινομένην
2958 3999 3058 4071 τὴν
3089 4000 3501 4071 ἀσχημοσύνην,
3523 4003 3622 4056 οὑκ
3652 4003 3718 4057 ἂν

2039 4083 2218 4138 αὑτῶν
2247 4082 2521 4152 ἐφείσατο,
2565 4081 2681 4136 ἀλλ’
2710 4081 2967 4153 ἐποίησεν
3007 4084 3074 4137 ἂν
3121 4083 3306 4147 ταυτὸ,
3346 4085 3483 4155 ὅπερ
3505 4087 3598 4139 καὶ
3624 4088 3717 4139 ἐπὶ

2039 4163 2138 4233 τῆς
2164 4160 2543 4223 Μαδιανίτιδος
2570 4160 2693 4214 τότε
2719 4162 3036 4232 εἰργάσατο·
3057 4164 3218 4234 ἡμεῖς
3240 4162 3299 4217 δέ
3332 4163 3412 4233 (οὑ
3443 4164 3551 4237 7&9
3574 4167 3720 4235 ἐφεῖ-

2038 4262 2128 4298 ται
2151 4242 2396 4314 ἁρπάσαι
2425 4244 2721 4315 μάχαιραν,
2751 4243 2872 4298 οὐδὲ
2896 4245 3154 4317 κεντῆσαι
3179 4244 3260 4316 τῷ
3294 4247 3630 4319 σειρομάστῃ
3656 4250 3716 4302 τῗι

2041 4325 2109 4379 τά
2138 4324 2363 4378 τοιαῦτα
2392 4323 2869 4396 πλημμελοῦντας)
2902 4326 3186 4398 πάσχομεν
3218 4328 3318 4397 μὲν
3345 4330 3540 4390 ταυτά,
3574 4330 3717 4401 ἅπερ

2040 4409 2248 4473 ἐκεῖνος
2267 4407 2467 4461 ἔπαθεν
2486 4411 2514 4462 ό
2534 4408 2709 4477 ἅγιος,
2735 4408 2797 4460 οὑ
2822 4407 3039 4482 δρῶμεν
3066 4409 3123 4461 δέ
3150 4408 3344 4474 ταυτά,
3371 4409 3485 4462 ἀλλ’
3514 4411 3717 4481 ἑτέρως

2042 4487 2515 4562 παραμυθούμεθα
2567 4486 2665 4557 τὴν
2694 4486 2922 4557 ὀδύνην,
2946 4488 3014 4541 δι’
3042 4486 3296 4557 ὀδυρμῶν
3335 4489 3430 4541 καὶ
3482 4486 3712 4560 θρήνων.

2042 4552 2337 4637 Δεῦροοῦν,
2353 4552 2721 4636 συναλγήσατέ
2745 4552 2955 4632 μοι’καὶ
2984 4552 3498 4633 συστενάξατε,ὄσαι
3515 4552 3716 4642 ταύτης

2042 4651 2199 4714 ἐκτός
2223 4650 2347 4702 ἐστε
2368 4645 2469 4718 τῆς
2490 4646 2774 4718 αἰσχύνης·
2810 4648 2866 4700 αἰ
2900 4647 3008 4720 γάρ
3043 4647 3224 4702 ἀθλιαι
3258 4649 3351 4703 καί
3378 4649 3716 4722 ταλαίπωροι

2043 4734 2248 4787 ἐκεῖναι
2279 4732 2371 4785 καὶ
2415 4729 2751 4800 ἀναλγησίαν
2791 4729 2921 4794 ἴσως
2954 4730 3095 4802 μετά
3137 4730 3246 4785 τῶν
3281 4731 3458 4787 ἀλλων
3498 4734 3714 4789 νοσοῦσι

2041 4816 2251 4871 κακῶν.
2281 4814 2419 4868 Ἀλλ’
2450 4814 2625 4885 ὑμεῖς,
2638 4813 2695 4868 αἰ
2713 4812 2902 4868 τοῦτον
2928 4812 3324 4886 ἀναδεξάμεναι
3352 4816 3442 4871 τὸν
3471 4816 3717 4888 βίον,κιιιί⁸

2040 4896 2135 4951 τοῦ
2162 4897 2448 4968 νυμφῶνος
2476 4894 2900 4967 καταξιούμεναι
2943 4896 3156 4952 καὶτοῦ
3185 4898 3441 4970 νυμφίου,
3464 4900 3559 4954 καὶ
3586 4919 3714 4971 φαι-

2040 4980 2172 5054 δράς
2203 4980 2423 5052 ἔχουσαι
2446 4980 2545 5045 τάς
2566 4979 2874 5052 λαμπάδας,
2892 4982 2987 5034 καὶ
3012 4979 3092 5052 τῷ
3106 4980 3270 5053 τιμίῳ
3295 4982 3395 5053 τῆς
3414 4984 3713 5055 παρθενίας

2042 5064 2240 5129 παντὸς
2264 5064 2595 5135 διαδήματος
2633 5062 2914 5135 βασιλικοῦ
2974 5062 3174 5133 μᾶλλον
3196 5064 3565 5136 κοσμούμεναι
3586 5084 3711 5120 στε-

2041 5149 2214 5221 φάνῳ,
2241 5148 2548 5221 δακρύσατε
2576 5149 2673 5202 σὺν
2696 5149 2848 5219 ἡμῖν,
2880 5147 2976 5201 καὶ
3011 5147 3222 5218 πικρῶς
3261 5148 3620 5220 ἀνοιμώξατε·
3648 5152 3711 5204 ού

2043 5233 2237 5305 μικρὸν
2261 5232 2418 5287 τοῦτό
2442 5233 2559 5286 ἐστι
2589 5234 2881 5305 φάρμακον
2933 5231 3025 5286 καὶ
3070 5234 3150 5295 εἰς
3186 5232 3470 5303 διόρθωσιν
3502 5234 3607 5286 τῶν
3646 5236 3713 5288 τά

2038 5319 2231 5375 ἀνίατα
2259 5319 2581 5384 νοσούντων,
2612 5320 2707 5374 καὶ
2744 5320 2825 5384 εἰς
2853 5318 3210 5391 παραμυθίαν
3241 5319 3349 5373 τῶν
3384 5318 3452 5373 τὰ
3489 5320 3712 5374 ἐκείνων

2037 5402 2397 5475 ὀδυρομένων·
2437 5402 2597 5456 τοῦτο
2628 5403 2770 5456 καλό
2825 5403 3059 5473 νυμφίος
3088 5404 3117 5456 ό
3143 5403 3407 5474 ὑμέτερος
3446 5403 3709 5474 πεποίηκέ

2039 5507 2188 5543 ποτε,
2254 5490 2366 5561 Τὴν
2413 5490 2523 5561 γάρ
2557 5489 2911 5561 Ἰερουσαλὴμ
2949 5489 3086 5559 πρὸς
3143 5488 3370 5559 ἔσχατον
3439 5488 3710 5551 ἀπωλείας

2037 5573 2451 5642 κατενεχθεῖσαν
2518 5572 2673 5637 ἰδὼν,
2732 5572 2823 5625 καὶ
2894 5572 3077 5625 ούκέτι
3149 5571 3454 5640 δυναμένην
3488 5571 3709 5639 ἀνενεγ-

2040 5658 2154 5709 κεῖν
2203 5656 2310 5709 ἀπὸ
2364 5656 2464 5726 τῆς
2533 5654 2879 5726 ἀρρωστίας,
2946 5654 3209 5726 ἐδάκρυσε
3243 5668 3256 5682 ·
3310 5652 3405 5705 καὶ
3461 5653 3554 5706 ἐπὶ
3610 5654 3710 5724 τῆς

2107 5770 2299 5820 °Savil.
2336 5772 2538 5832 )ἐγεται,
2582 5772 2663 5819 καί
2700 5771 2887 5821 οἰκείων
2931 5772 3011 5819 καὶ
3060 5770 3222 5833 φίλων.
3268 5768 3452 5828 Ταύτας
3484 5767 3556 5821 at?
3597 5770 3708 5833 ζῇνς

2040 5833 2256 5882 ἀναπνεῖν
2274 5835 2425 5887 ὅλωςς
2450 5833 2587 5880 ἀλλά.
