4060 6136
394 432 497 486 517

390 544 601 615 quando
631 553 685 599 et
711 559 938 614 sponsus
964 553 1142 600 vester
1166 542 1311 599 fecit.
1340 543 1472 598 Nam
1497 559 1619 600 cum
1649 543 1856 599 videret
1879 541 1972 597 Je-

393 637 627 690 rusalem
679 635 734 689 in
787 644 1085 690 extremam
1115 634 1467 705 perditionem
1494 635 1785 701 inductam,
1811 634 1881 688 ita
1922 643 1977 689 ιιι

394 740 499 778 non
526 735 704 794 posset
725 725 834 795 jam
863 724 928 780 ab
961 723 1268 779 inﬁrmitate
1289 723 1466 779 reduci
1491 765 1505 790 ,
1536 725 1798 795 lacrymas
1843 724 1975 778 fudit

393 813 547 886 (Luc.
593 815 679 870 19.
702 815 796 888 41)
829 857 842 880 ,
873 825 928 871 et
957 816 1008 869 in
1044 815 1328 870 Bethsaida
1371 814 1734 870 admonitione
1759 814 1970 884 quidem

395 921 501 961 non
529 914 612 960 est
641 920 767 960 usus
796 921 968 976 neque
994 907 1159 976 signis
1179 949 1192 972 ,
1224 907 1484 962 miserans
1519 915 1695 961 autem
1737 905 1974 960 civitates

397 996 592 1060 solum,
625 995 714 1050 Va:
742 996 967 1052 subinde
1002 997 1332 1064 inclamavit,
1362 999 1499 1053 sicut
1523 1006 1576 1052 et
1615 1011 1712 1050 nos
1754 995 1974 1050 facimus

394 1091 448 1144 in
476 1090 541 1142 iis
587 1090 676 1158 qui
721 1089 950 1142 animam
987 1089 1096 1159 jam
1128 1088 1330 1144 efﬂant.
1377 1088 1505 1143 ltcm
1550 1089 1739 1144 beatus
1779 1089 1975 1142 Paulus

394 1180 642 1249 exemplo
669 1179 904 1250 Magistri
942 1181 1026 1235 sui
1053 1196 1160 1235 non
1187 1181 1417 1236 cessavit
1448 1195 1543 1252 per
1571 1195 1782 1236 onmem
1810 1181 1970 1236 vitam

395 1285 544 1326 suam
575 1286 690 1336 eos,
720 1273 808 1340 qui
829 1271 1162 1336 exciderant,
1195 1281 1246 1326 et
1266 1273 1354 1342 qui
1387 1273 1439 1326 in
1467 1272 1617 1327 ruina
1644 1287 1738 1327 sua
1765 1287 1976 1327 manse-

395 1371 538 1428 rant,
566 1374 620 1415 et
663 1377 941 1431 resurgere
976 1374 1158 1431 postea
1204 1363 1502 1429 noluerant,
1546 1363 1826 1432 deplorare
1866 1372 1973 1417 tam

397 1470 601 1520 amare,
629 1464 688 1508 ut
728 1456 826 1508 hac
870 1455 1042 1509 valida
1074 1455 1516 1511 determinatione
1559 1457 1884 1527 signiﬁcaret
1923 1467 1978 1511 et

397 1547 655 1601 scriberet
676 1547 931 1601 Romanis
956 1547 1139 1601 dicens
1164 1565 1176 1600 :
1206 1547 1432 1602 Tristitia
1458 1548 1580 1601 mihi
1605 1553 1681 1602 est
1704 1564 1906 1617 magna,
1929 1558 1977 1601 et

396 1639 663 1693 continuus
701 1637 846 1692 dolor
886 1639 1027 1693 cordi
1071 1656 1200 1694 meo.
1260 1639 1509 1708 Optabam
1557 1642 1690 1694 enim
1733 1657 1824 1712 ego
1870 1641 1979 1710 ipse

395 1730 672 1783 anathema
716 1746 823 1784 esse
850 1747 880 1783 α
906 1729 1106 1785 Christo
1153 1737 1243 1802 pro
1292 1732 1532 1803 fratribus
1571 1734 1709 1796 meis,
1753 1732 1838 1800 qui
1864 1742 1978 1786 sunt

399 1821 601 1889 cognati
626 1821 722 1874 mei
745 1822 1018 1874 secundum
1043 1837 1264 1888 carnem,
1285 1823 1370 1892 qui
1391 1831 1504 1876 sunt
1525 1821 1782 1876 Israelita?
1798 1821 1974 1895 (Rom.

397 1911 452 1966 9.
466 1911 605 1981 2-4).
625 1911 785 1966 Vides
797 1907 1047 1982 quantam
1065 1912 1294 1968 habeant
1316 1914 1473 1969 verba
1491 1915 1804 1984 emphasim,
1821 1931 1978 1986 quan-

399 2010 507 2055 tam
537 2002 860 2057 anxietatem
888 2005 1065 2058 cordis
1095 2019 1203 2074 prie
1230 2020 1287 2060 se
1316 2004 1528 2060 ferant?
1555 2005 1774 2074 insuper
1793 2006 1979 2062 lideles

399 2093 759 2150 claudicantes
785 2105 838 2150 ct
877 2097 1277 2166 tempestatibus
1305 2097 1590 2167 depressos
1615 2099 1694 2153 sic
1714 2098 1976 2168 deplorat,

401 2184 552 2252 quasi
581 2184 694 2254 ipse
722 2186 909 2241 eadem
956 2186 1092 2240 mala
1119 2189 1472 2257 experiretur.
1504 2187 1629 2253 Quis
1667 2189 1808 2243 enim
1828 2228 1842 2251 ,
1873 2190 1977 2255 ait,

400 2275 704 2344 inﬁrmatur,
731 2287 778 2332 et
804 2294 894 2348 ego
923 2295 1022 2333 non
1059 2279 1328 2348 inﬁrmor?
1355 2280 1465 2348 quis
1497 2281 1901 2347 scandalizatur,
1935 2290 1981 2335 et

399 2382 489 2440 ego
515 2383 615 2420 non
644 2384 764 2421 uror
797 2367 869 2438 (2.
903 2368 1020 2422 Cor.
1057 2370 1142 2423 Η.
1178 2367 1310 2442 29-}?
1335 2369 1404 2424 Et
1437 2387 1541 2426 non
1583 2372 1730 2438 dicit,
1762 2372 1978 2439 tristor,

401 2459 517 2525 sed,
551 2476 688 2526 uror,
720 2461 1104 2517 intolerabilem
1129 2471 1184 2518 et
1213 2464 1582 2520 incredibilem
1613 2465 1851 2521 dolorem
1882 2482 1979 2538 per

401 2548 701 2604 incendium
751 2553 1026 2608 enuntiare
1063 2553 1267 2609 volens.
1309 2553 1584 2611 Imitemur
1633 2557 1792 2627 igitur
1819 2559 1978 2612 etiam

403 2653 502 2693 nos
539 2649 592 2694 et
623 2641 903 2696 Dominum
943 2636 1182 2700 nostrum
1211 2654 1264 2702 et
1287 2662 1624 2703 conservum.
1664 2649 1795 2703 Nam
1826 2650 1979 2706 nobis

401 2729 595 2786 horum
617 2735 909 2802 gemituum
936 2753 1040 2792 non
1061 2755 1218 2809 parva
1239 2741 1342 2796 erit
1366 2757 1570 2798 merces
1593 2759 1608 2808 ;
1631 2730 1776 2798 'sicut
1803 2758 1979 2814 neque

399 2822 686 2892 vulgariter
715 2827 1176 2894 reprehenduntur
1203 2845 1232 2883 a
1263 2832 1372 2887 Deo
1398 2833 1489 2902 qui
1526 2833 1726 2904 absque
1753 2835 1981 2889 commi-

396 2913 668 2970 seratione
701 2929 916 2970 suorum
962 2922 1320 2976 membrorum
1365 2924 1502 2977 mala
1543 2933 1975 2993 praztercurrunt.

398 3004 464 3058 Et
504 3005 634 3060 illud
677 3008 889 3076 quidem
939 3010 1078 3079 apud
1126 3012 1567 3079 patientissimum
1619 3015 1976 3086 Ezechieletn,

398 3098 501 3154 hoc
524 3116 651 3155 vero
669 3103 806 3170 apud
835 3104 1044 3160 beatum
1069 3105 1342 3162 Michieam
1365 3109 1543 3165 videre
1561 3111 1702 3166 licet.
1727 3112 1820 3168 llle
1832 3114 1974 3168 enim

395 3191 544 3256 dicit,
575 3193 887 3250 cumJudazi
921 3198 971 3251 in
1003 3212 1298 3254 extremum
1321 3202 1582 3256 malorum
1609 3205 1900 3272 venissent,
1923 3213 1978 3260 et

396 3293 586 3354 sponte
613 3284 871 3340 idolorum
911 3289 1056 3343 cuitu
1096 3305 1155 3345 se
1197 3291 1657 3362 coinquinassent,
1685 3295 1976 3366 imperasse

401 3376 563 3430 Deum
588 3376 708 3432 dari
744 3379 952 3450 signum
978 3397 1140 3453 super
1185 3383 1346 3440 iacies
1376 3386 1608 3442 virorum
1647 3390 1972 3459 gementium

316 3541 323 3546 ι
397 3473 451 3519 et
469 3465 762 3523 dolentium
792 3485 952 3539 super
980 3473 1045 3526 iis
1073 3489 1191 3542 quae
1220 3474 1435 3531 ﬁebant.
1462 3477 1643 3548 Neque
1669 3481 1810 3535 enim
1839 3481 1970 3536 sim-

398 3557 603 3626 pliciter
627 3575 840 3629 gemere
862 3573 1090 3633 oportet,
1125 3567 1220 3623 sed
1247 3578 1299 3623 et
1328 3568 1538 3634 dolere;
1569 3575 1812 3642 quamvis
1841 3575 1974 3631 nihil

396 3663 643 3718 umquam
686 3651 918 3708 dixerint
962 3655 1044 3710 vel
1094 3656 1316 3712 fecerint
1363 3660 1436 3713 illi
1477 3661 1544 3715 ad
1587 3665 1973 3719 correctionem

391 3756 578 3796 eorum
610 3759 728 3813 qua:
759 3746 986 3812 fiebant;
1019 3749 1110 3803 sed
1139 3751 1386 3820 quoniam
1426 3768 1518 3806 sua
1561 3755 1848 3810 intulerant
1883 3772 1973 3810 so-

394 3833 524 3897 ium,
561 3842 762 3889 tantum
789 3837 963 3907 adepti
992 3850 1116 3894 sunt
1144 3840 1398 3897 honorem
1423 3858 1453 3897 a
1476 3845 1806 3900 misericordi
1843 3847 1970 3913 Deo,

395 3933 520 3978 utet
561 3928 897 3983 securitatem
929 3939 983 3984 et
1026 3931 1250 4002 gloriam
1283 3934 1500 3988 multam
1542 3949 1970 4007 assequercntur.

393 4014 639 4071 Michmas
680 4029 858 4074 autem
900 4037 1020 4076 cum
1049 4024 1167 4077 aliis
1198 4025 1732 4094 reprehensionibus,
1761 4044 1972 4085 comes-

392 4108 612 4162 sationis
659 4119 712 4162 et
766 4111 1040 4167 ebrietatis
1079 4122 1133 4167 et
1175 4115 1497 4170 inunctionis
1545 4129 1970 4188 unguentorum,

389 4197 531 4251 aliud
561 4198 744 4268 adjicit
771 4201 994 4268 crimen,
1027 4218 1219 4273 nempe
1242 4204 1506 4262 defectum
1545 4210 1970 4265 commiseratio-

390 4291 507 4355 uis,
543 4290 620 4344 sic
659 4291 843 4346 dicens
873 4311 885 4346 :
914 4293 1092 4382 Neque
1132 4299 1562 4368 compatiebantur
1592 4318 1746 4373 super
1781 4306 1966 4356 contri-

390 4385 524 4435 tione
547 4381 739 4453 Joacph
764 4385 939 4454 (Amos
960 4387 1012 4441 6.
1043 4381 1121 4457 6).
1152 4388 1221 4444 Ει
1262 4404 1356 4446 eos
1384 4391 1472 4461 qui
1497 4390 1804 4448 habitabant
1841 4395 1973 4449 civi-

389 4483 549 4530 tatem
591 4476 768 4532 Euan
798 4479 814 4509 ³
848 4489 1064 4550 prepter
1107 4480 1209 4536 hoc
1255 4483 1621 4553 reprehendit,
1668 4487 1857 4542 iterum
1885 4488 1968 4542 di-

385 4581 550 4620 cens:
587 4567 742 4632 Quod
767 4587 867 4623 non
909 4572 1056 4625 exivit
1099 4581 1155 4624 ut
1182 4572 1405 4643 ploraret
1434 4575 1641 4630 domum
1680 4579 1969 4650 contiguam

392 4656 581 4720 (ΜιοΙι.
616 4661 664 4712 1.
708 4661 819 4731 Η).
862 4661 919 4717 Si
949 4673 1127 4718 autem
1156 4665 1243 4720 ubi
1285 4667 1424 4722 Deus
1464 4669 1738 4736 irascitur,
1784 4689 1966 4744 repre-

297 4746 305 4754 '
387 4745 572 4802 hendit
597 4764 720 4804 eum
762 4753 850 4822 qui
872 4769 984 4808 non
1015 4758 1333 4825 compatitur
1371 4759 1419 4813 ei
1463 4760 1551 4830 qui
1597 4763 1830 4831 punitur,
1863 4780 1965 4836 qua

387 4839 538 4892 venia
578 4839 768 4910 dignus
817 4843 920 4898 erit
952 4846 1041 4915 qui
1069 4861 1175 4901 non
1214 4850 1462 4906 condolet
1499 4868 1621 4907 cum
1647 4869 1741 4920 eo,
1769 4859 1858 4926 qui
1911 4856 1964 4913 in

387 4940 659 5000 peccatum
701 4936 978 5006 prolapsus
1002 4940 1122 4994 est?
1149 4940 1332 5011 Neque
1378 4944 1607 5012 mireris,
1639 4948 1682 5001 si
1722 4959 1966 5018 oporteat

384 5041 483 5079 nos
529 5028 691 5082 simul
735 5028 921 5086 dolere
959 5048 1078 5088 cum
1128 5034 1192 5088 iis
1234 5035 1324 5106 qui
1367 5038 1673 5114 puniuntur,
1721 5045 1964 5112 quamvis

387 5118 526 5172 heus
566 5120 782 5188 puniat;
811 5137 986 5192 neque
1024 5125 1164 5180 enim
1198 5127 1338 5182 Deus
1383 5130 1496 5199 ipse
1521 5132 1612 5201 qui
1659 5136 1809 5203 punit
1849 5137 1963 5192 vult

383 5207 484 5297 hoc
527 5209 742 5297 iacere:
777 5211 898 5266 Non
937 5216 1068 5268 enim
1103 5218 1360 5274 voluntate
1392 5223 1506 5276 volo
1543 5235 1752 5279 mortem
1787 5244 1964 5297 pecca-

381 5293 855 5362 toris(Ezech.18.
898 5298 1014 5369 25),
1049 5300 1235 5371 inquit.
1281 5303 1336 5358 Si
1375 5305 1532 5376 igitur
1556 5309 1645 5376 qui
1673 5293 1958 5368 vindictam

378 5385 560 5450 sumit,
592 5403 697 5439 non
722 5388 832 5442 vult
873 5389 1162 5445 vindictam
1193 5407 1434 5460 sumere,
1461 5399 1627 5453 multo
1657 5402 1825 5472 magis
1861 5419 1960 5459 nos

376 5477 665 5533 eoiidolere
685 5490 894 5549 oportet
921 5484 984 5538 iis
1007 5487 1097 5554 qui
1117 5488 1435 5555 puniuntur;
1467 5489 1600 5546 forte
1620 5492 1716 5548 hac
1735 5496 1815 5548 via
1836 5497 1953 5552 illos

377 5569 686 5635 eripiamus,
721 5571 856 5625 forte
887 5578 1335 5640 recuperabimus.
1369 5581 1498 5636 Nam
1530 5583 1654 5639 licet
1677 5587 1950 5654 perierint,

380 5665 554 5712 tanien
582 5677 765 5715 curam
792 5681 908 5732 qua:
949 5667 1150 5737 reliqua
1177 5681 1256 5724 est
1282 5686 1557 5740 geramus,
1601 5676 1956 5748 lacrymcomr

442 5798 463 5872 ι.
494 5795 665 5867 sai-il.,_
705 5808 739 5872 1-7
759 5797 849 5846 (an.
878 5801 1102 5872 ttiecduo
1126 5802 1228 5872 loca
1251 5810 1611 5872 quasiaiia'hmze
1658 5814 1954 5872 a’fcruntur,

378 5857 468 5906 sed
490 5862 574 5918 pri!
597 5874 618 5906 r
644 5857 720 5910 est
752 5873 885 5911 tinos
903 5865 950 5919 ϋ.
977 5867 1021 5920 b',
1046 5857 1289 5916 secundus
1307 5857 1678 5932 Μὶςιιιικιξῖξνῒί.

924 426 1107 494 QUOD
1147 421 1561 482 REGULARES
1610 421 1885 481 ΡΕΜΙΝᾸΞ
1918 423 1971 478 Vl

2080 421 2092 479 ἱ
2132 423 2570 481 COHABITARE
2612 427 2745 483 NON
2788 425 3120 483 DEBEANT.

3547 423 3650 482 618

2085 549 2139 596 et
2169 542 2467 612 ploremus,
2499 558 2603 598 non
2645 543 2926 600 mulierum
2964 544 3156 599 choros
3201 542 3530 609 iudueentes,
3561 542 3654 598 sed

2083 636 2446 706 unusquisque
2492 637 2738 707 privatim
2775 637 2914 707 apud
2962 638 3342 707 semetipsum,
3373 652 3478 690 non
3523 652 3655 706 prie-

2081 727 2318 781 sentibus
2351 727 2476 781 illis.
2520 727 2577 782 Si
2602 738 2778 782 autem
2806 728 2986 794 vultis,
3018 728 3131 797 ipse
3176 728 3422 796 incipiam
3451 728 3655 780 luctuo-

2080 831 2198 870 sum
2251 816 2352 872 hoc
2392 819 2658 873 canticum
2710 835 2722 870 :
2779 834 2950 888 neque
3001 818 3143 872 enim
3195 817 3354 886 pudet
3402 832 3487 871 mc
3535 831 3654 870 cum

2079 906 2309 962 Jcremia
2344 908 2443 962 hoc
2466 907 2639 963 facere
2664 919 2717 963 et
2747 909 2879 963 lsaia
2901 919 2954 963 ct
2980 908 3162 972 Paulo,
3187 917 3239 962 et
3263 908 3312 961 in
3337 908 3518 976 primis
3536 922 3655 960 cuin

2083 997 2307 1052 Domino
2351 1009 2550 1053 nostro.
2585 998 2903 1068 incipiamus
2951 999 3109 1069 igitur
3146 999 3278 1052 sicut
3304 997 3547 1051 Christus
3574 998 3655 1050 iu-

2079 1087 2218 1156 cepit
2246 1087 2496 1158 primum,
2525 1096 2578 1142 et
2602 1087 2840 1142 dicamus
2867 1103 2880 1140 :
2915 1087 3006 1142 Va:
3034 1087 3148 1153 tibi,
3173 1087 3380 1140 animal
3413 1086 3654 1154 adquam

2080 1187 2264 1234 vocata
2294 1179 2600 1249 dignitatem
2625 1195 2719 1250 per
2744 1180 3122 1250 benignitatem
3155 1189 3208 1234 et
3239 1178 3652 1232 miscricordiam

2085 1271 2200 1338 Dei,
2230 1271 2442 1340 qualem
2481 1270 2712 1341 accipies
2738 1271 2915 1326 locum
2952 1280 3166 1340 prapter
3200 1269 3458 1339 ignaviam
3485 1269 3658 1321 tuam?

2085 1361 2174 1416 Vm
2205 1362 2317 1428 tibi,
2363 1361 2488 1431 quia
2531 1363 2642 1431 ipse
2679 1372 2728 1417 te
2753 1362 2816 1416 ad
2849 1361 3108 1415 thalamos
3151 1361 3308 1414 traxit
3335 1358 3654 1428 spiritualcs,

2083 1467 2136 1509 tu
2166 1465 2342 1509 autem
2375 1455 2594 1523 teipsam
2625 1453 2692 1508 ab
2713 1453 2814 1507 hac
2842 1453 3007 1523 gloria
3045 1453 3320 1520 abrupisti,
3349 1462 3404 1506 et
3447 1450 3657 1505 inducta

2081 1560 2139 1599 es
2202 1544 2254 1598 in
2301 1543 2498 1598 diaboli
2547 1543 2750 1613 ignem,
2801 1553 2854 1598 et
2906 1543 2974 1596 ad
3025 1542 3362 1613 gravissima,
3402 1540 3657 1610 supplicia

2083 1635 2169 1690 ubi
2215 1633 2370 1690 ﬂetus
2417 1645 2468 1689 et
2498 1635 2696 1690 stridor
2751 1634 3008 1698 dentium,
3063 1634 3163 1688 ubi
3197 1634 3372 1687 nullus
3419 1633 3661 1687 consola—

2085 1738 2237 1782 turus
2280 1734 2392 1791 est,
2443 1741 2543 1780 nec
2587 1741 2801 1780 manum
2863 1736 3236 1795 porrecturus,
3282 1724 3387 1779 sed.
3429 1725 3659 1779 tenebrat:

2084 1821 2280 1886 omnia,
2305 1829 2357 1874 et
2377 1819 2713 1889 perplexitas,
2751 1827 2805 1872 et
2833 1817 3080 1883 turbatio,
3102 1826 3155 1871 ct
3173 1817 3307 1870 mala
3332 1831 3502 1886 neque
3528 1832 3658 1870 con-

2086 1911 2402 1966 solationem
2447 1925 2619 1979 neque
2658 1909 2820 1964 linem
2865 1908 3128 1963 habentia.
3178 1908 3302 1962 Haec
3347 1908 3437 1962 tibi
3487 1909 3660 1961 omnia

2085 2001 2266 2055 mundi
2305 2014 2456 2057 amor
2480 2002 2718 2071 peperit,
2747 1999 2866 2070 quia
2897 1998 3173 2069 praetulisti
3195 1999 3325 2052 cailo
3364 1983 3582 2064 terram,
3611 2007 3663 2051 et

2086 2093 2306 2149 noluisti
2334 2093 2522 2149 audire
2545 2108 2732 2148 vocem
2757 2093 2939 2164 sponsi
2973 2090 3186 2146 assidue
3205 2091 3570 2155 admonentis,
3594 2099 3662 2142 ut

2087 2186 2220 2241 nihil
2249 2187 2405 2242 nobis
2455 2195 2601 2242 esset
2627 2201 2747 2242 cum
2784 2184 3062 2256 praesentis
3100 2183 3280 2238 saeculi
3331 2183 3493 2238 rebus
3513 2197 3660 2237 com-

2086 2294 2267 2335 mune.
2295 2278 2426 2346 Quis
2447 2287 2500 2334 te
2527 2279 2779 2334 miseram
2810 2285 2864 2333 et
2887 2276 3252 2332 calamitosam
3292 2276 3533 2330 miserari
3573 2291 3657 2344 po-

2087 2381 2192 2429 test
2211 2375 2431 2444 postea?
2460 2372 2592 2428 Nam
2623 2372 2720 2426 etsi
2745 2372 2918 2440 ipsum
2949 2369 3130 2424 videas
3155 2367 3289 2433 Noe,
3314 2369 3411 2438 qui
3445 2367 3497 2420 in
3518 2382 3660 2421 coni‘

2085 2467 2231 2522 muni
2257 2467 2416 2522 totius
2445 2467 2591 2521 orbis
2619 2465 2821 2520 diluvio
2854 2471 3017 2517 totam
3063 2462 3277 2525 domum
3314 2461 3573 2526 salvavii,
3612 2460 3664 2513 in

2086 2565 2187 2618 hac
2217 2562 2292 2616 ira
2319 2561 2765 2631 patrocinantem,
2792 2559 2890 2614 etsi
2921 2557 3040 2622 Job,
3073 2556 3173 2611 etsi
3204 2556 3496 2624 Dauielem,
3517 2572 3664 2611 cum-

2083 2672 2187 2726 que
2233 2655 2340 2709 illis
2391 2654 2614 2709 Mosemr
2642 2665 2695 2709 ct
2736 2652 3039 2710 Samuelem
3069 2696 3085 2722 ,
3141 2647 3242 2709 etsi
3311 2648 3664 2722 patriarcham

2086 2747 2358 2803 Abraham
2383 2789 2396 2812 ,
2426 2747 2600 2801 nullus
2628 2747 2721 2802 tibi
2769 2763 2983 2802 manum
3013 2746 3287 2818 porriget;
3325 2746 3530 2800 etiamsi
3571 2759 3664 2813 ge-

2088 2853 2217 2894 nere
2244 2837 2391 2892 illum
2435 2838 2682 2908 attingas,
2715 2837 2925 2892 etiamsi
2975 2836 3082 2890 ﬁlia
3120 2838 3212 2902 sis,
3242 2836 3452 2892 etiamsi
3486 2849 3662 2899 soror,

2084 2929 2294 2984 etiamsi
2343 2929 2611 2997 supplices
2652 2930 2912 2995 multum,
2955 2929 3096 2984 sicut
3131 2927 3280 2982 dives
3333 2927 3437 2991 ille,
3486 2926 3663 2980 omnia

2085 3017 2280 3076 frustra
2308 3018 2430 3075 etin
2454 3034 2644 3075 vanum
2673 3017 2853 3076 facies.
2876 3018 3157 3086 Quomodo
3179 3017 3421 3072 excidisti
3448 3033 3478 3071 e
3508 3017 3661 3081 eicio,

2063 3095 2202 3186 ‘qua:
2228 3131 2333 3170 non
2365 3115 2553 3170 lucifer
2577 3130 2634 3168 es
2661 3112 2810 3184 (Isai.
2833 3115 2914 3170 lt.
2940 3115 3052 3184 12),
3082 3126 3252 3183 neque
3281 3126 3434 3166 mane
3461 3111 3663 3178 oriens,

2083 3207 2177 3262 scd
2207 3207 2335 3276 ipsis
2373 3207 2503 3262 solis
2527 3206 2690 3261 radiis
2723 3206 2840 3274 plus
2878 3205 3160 3274 Splendere
3201 3201 3502 3274 potuisses?
3532 3217 3664 3271 quo-

2085 3298 2245 3354 modo
2285 3297 2441 3352 sedes
2476 3297 2730 3353 deserta?
2759 3297 2932 3366 Atque
2959 3296 3094 3351 adeo
3135 3295 3274 3350 haud
3296 3295 3415 3365 quis
3445 3294 3663 3348 aberra-

2083 3392 2171 3457 rit,
2199 3392 2244 3446 si
2271 3393 2323 3445 in
2350 3391 2486 3445 hanc
2514 3390 2702 3460 majori
2727 3391 3013 3460 captivitati
3041 3388 3286 3443 traditam
3324 3389 3551 3443 animam
3583 3389 3663 3442 la-

2084 3494 2407 3550 mentorum,
2435 3498 2551 3553 quae
2590 3482 2649 3536 in
2684 3482 2952 3537 civitatem
2994 3480 3136 3535 illam
3183 3479 3320 3535 dicta
3351 3489 3492 3545 sunt,
3551 3494 3662 3533 ma~

2077 3576 2250 3647 jorem
2279 3585 2482 3646 partem
2510 3574 2814 3630 transferat.

2151 3670 2204 3724 5.
2244 3667 2348 3724 Sed
2395 3667 2530 3722 forte
2556 3667 2904 3722 lamentorum
2932 3667 3081 3733 satis,
3114 3667 3262 3733 satis,
3315 3667 3550 3736 inquam,
3599 3674 3657 3719 ut

2080 3760 2338 3828 scriptura
2384 3758 2694 3828 libellosque
2736 3757 2878 3813 ferre
2913 3767 3088 3828 potest
3121 3775 3133 3810 :
3165 3757 3395 3828 alioquin
3427 3756 3493 3810 ad
3531 3771 3663 3810 con-

2084 3848 2298 3920 dignam
2322 3849 2511 3904 animie
2536 3858 2613 3904 tot
2635 3849 2785 3905 malis
2811 3864 3082 3919 oppressae
3108 3848 3527 3918 deplorationem
3566 3863 3660 3902 neo

2081 3954 2186 4009 que
2212 3954 2371 3995 omne
2394 3949 2604 4010 tempus
2628 3940 2783 3995 nobis
2801 3939 3086 3994 sufficeret.
3113 3939 3250 4005 Quid
3271 3939 3410 3994 enim
3432 3939 3551 4008 quis
3571 3939 3655 3993 de-

2083 4030 2316 4099 ploraret
2357 4031 2625 4107 primum?
2649 4046 2716 4084 an
2745 4029 2884 4100 quod
2916 4030 3220 4086 venerabile
3258 4039 3311 4084 et
3337 4040 3576 4084 sanctum
3608 4039 3663 4084 et

2084 4135 2330 4190 magnum
2370 4135 2564 4177 nomen
2593 4122 2684 4176 Dei
2715 4139 2808 4191 per
2849 4137 2942 4178 vos
2979 4121 3376 4193 blasphematur
3404 4122 3454 4176 in
3486 4123 3661 4192 genti-

2080 4214 2200 4280 bus,
2231 4224 2286 4270 et
2311 4215 2477 4285 ipsius
2502 4217 2669 4286 gloria
2716 4218 3060 4286 profanatur?
3087 4233 3155 4271 an
3177 4216 3318 4287 quod
3359 4226 3463 4271 tam
3497 4231 3660 4270 vene-

2081 4307 2264 4362 rabilis
2291 4316 2348 4364 et
2375 4323 2561 4378 magna
2590 4323 2676 4364 res
2706 4309 2760 4363 in
2787 4310 3034 4364 invidiam
3075 4309 3390 4364 adducitur?
3418 4325 3483 4362 an
3521 4309 3660 4377 quod

2081 4399 2262 4454 multa:
2307 4400 2496 4454 animm
2540 4415 2636 4469 per
2677 4415 2772 4453 vos
2800 4409 2877 4454 tot
2916 4399 3180 4454 scandalis
3216 4400 3547 4469 perduntur?
3592 4414 3661 4452 an

2079 4489 2221 4560 quod
2249 4504 2374 4545 sana
2403 4504 2525 4559 pars
2550 4489 2698 4543 chori
2736 4500 2926 4544 vestrae
2955 4489 3137 4560 gloriae
3164 4489 3368 4543 macula
3391 4487 3660 4543 fmdatur?

2077 4598 2144 4636 an
2197 4581 2338 4652 quod
2369 4581 2848 4650 inexstinguibilem
2887 4590 2941 4635 et
2970 4579 3116 4635 vobis
3159 4589 3212 4635 et
3237 4579 3662 4635 cohabitantibus

2078 4674 2228 4730 vobis
2254 4674 2545 4730 accenditis
2568 4675 2775 4745 ignem?
2797 4673 2866 4728 Et
2885 4673 3152 4745 quomodo
3174 4673 3532 4727 necessarium
3554 4683 3656 4736 est,

2077 4774 2136 4820 ut
2160 4765 2273 4821 haec
2299 4765 2446 4830 ﬂant,
2492 4766 2680 4836 inquit,
2716 4779 2835 4820 cum
2865 4765 3130 4835 possimus
3155 4764 3440 4819 ostendere
3469 4779 3662 4834 corpus

2077 4867 2316 4913 nostrum
2339 4873 2443 4912 non
2471 4865 2798 4928 corruptum,
2826 4873 2998 4929 neque
3017 4858 3255 4913 vitiatum
3277 4857 3301 4911 ‘t
3333 4857 3524 4912 Verum
3547 4857 3662 4913 hinc

2075 4949 2462 5005 demonstratio
2505 4939 2612 5005 non
2643 4964 2802 5016 nunc,
2835 4949 2928 5004 sed
2964 4949 3018 5003 in
3045 4948 3131 5004 die
3162 4949 3254 5004 illo
3283 4949 3384 5004 erit
3429 4948 3656 5004 manife-

2076 5050 2177 5096 sta.
2205 5040 2519 5097 Obstetricis
2545 5041 2686 5096 enim
2725 5056 2813 5095 ars
2839 5049 2896 5096 et
2931 5041 3190 5110 sapientia
3220 5041 3320 5094 hoc
3362 5039 3533 5094 solum
3565 5055 3661 5110 po-

2077 5142 2179 5189 test
2220 5134 2423 5198 videre,
2465 5149 2532 5188 an
2581 5148 2926 5202 congressum
2965 5132 3064 5186 viri
3103 5146 3296 5200 corpus
3329 5131 3544 5185 tulerit:
3592 5145 3658 5183 an

2075 5243 2202 5283 vero
2233 5236 2428 5282 tactum
2457 5227 2815 5291 inhonestum,
2851 5236 2904 5282 et
2929 5227 3249 5281 adulterium
3276 5241 3343 5282 ex
3369 5226 3564 5281 osculis
3606 5233 3660 5280 et

2073 5321 2403 5390 amplexibus
2431 5319 2698 5392 cﬂ‘ugerit,
2726 5329 2780 5376 ct
2802 5321 3218 5391 corruptionem,
3249 5320 3364 5374 dies
3402 5319 3488 5372 illa
3535 5325 3658 5371 tunc

2073 5413 2386 5479 declarabit,
2415 5414 2628 5485 quando
2653 5415 2804 5470 vivus
2845 5414 2938 5469 Dei
2965 5427 3162 5477 sermo,
3195 5413 3283 5483 qui
3314 5411 3519 5466 occulta
3552 5410 3652 5463 ho-

2073 5505 2228 5559 minis
2269 5507 2320 5558 in
2368 5506 2597 5559 medium
2625 5506 2858 5568 adducit.
2915 5514 2968 5559 et
2997 5520 3234 5574 praesens
3263 5519 3402 5559 nunc
3430 5501 3510 5556 his
3537 5517 3656 5571 quin

2070 5597 2206 5650 clam
2231 5597 2381 5660 fiunt,
2405 5599 2582 5650 omnia
2611 5597 2752 5650 nuda
2779 5606 2832 5651 et
2857 5606 3038 5665 aperta
3062 5607 3184 5652 ante
3210 5598 3444 5651 omnium
3470 5597 3652 5650 oculos

2072 5697 2233 5755 ponet
2261 5706 2274 5742 :
2308 5697 2432 5741 tunc
2461 5688 2692 5742 sciemus
2714 5687 2849 5742 bene
2877 5703 2944 5741 an
2967 5688 3033 5742 ab
3060 5686 3143 5741 his
3167 5689 3236 5742 sit
3268 5702 3454 5754 purum
3479 5696 3533 5741 et
3554 5703 3650 5741 un-

2067 5782 2344 5851 dequaque
2371 5782 2732 5850 incorruptum
2754 5795 2948 5851 corpus
2972 5789 3141 5835 tuum.
3162 5779 3321 5848 Atqui
3346 5779 3412 5833 de
3443 5780 3521 5835 his
3545 5797 3649 5834 non

2067 5885 2174 5928 tam
2225 5884 2415 5929 exacte
2447 5875 2740 5941 loquemur,
2772 5887 2943 5943 neque
2971 5871 3354 5928 contendemus
3381 5889 3393 5923 :
3423 5871 3518 5927 sed
3551 5887 3652 5942 po-
