4060 6136
428 387 530 442 5:9
1131 379 1188 434 S.
1228 378 1506 436 JOANNIS
1543 376 2016 433 CllRYSOS'l‘Oill
2056 374 2370 434 AllClllliP.
2413 377 2946 440 CONSTANTINOP.

430 515 609 567 natur,
643 502 908 572 superatis
951 498 1198 555 omnibus
1229 497 1430 555 retibus
1455 512 1576 554 esse
1605 509 1798 566 corpus
1841 493 2006 548 unde-

427 613 634 666 quaque
654 609 843 668 purum
868 593 937 649 ab
956 593 1207 662 omnique
1230 591 1428 649 damno
1453 591 1698 654 liberum,
1723 597 1777 645 et
1801 596 2015 642 maneat

429 688 574 755 virgo
598 703 714 756 qua:
735 686 919 754 virgo:
947 683 1076 754 quid
1097 684 1200 737 hoc
1219 681 1287 738 ad
1311 697 1373 737 ea
1401 695 1519 752 quae
1545 680 1685 736 dicta
1715 689 1838 734 sunt
1865 693 1895 733 a
1918 692 2011 732 no-

429 778 543 834 bis?
575 776 782 832 Etenim
816 777 915 832 hoc
957 775 1195 830 omnium
1224 773 1597 845 gravissimum
1641 780 1745 839 est,
1773 781 1826 828 et
1851 771 2012 840 pluri-

427 871 529 927 mis
555 868 770 938 dignum
793 867 1062 940 lacrymis,
1086 865 1228 936 quod
1259 875 1461 919 tantum
1484 863 1832 936 undequaque
1855 863 2013 918 susti-

429 961 604 1017 nuerit
623 960 882 1024 laborem,
913 957 1199 1027 diligenter
1232 955 1529 1012 observarit
1552 969 1767 1025 corpus,
1799 961 1854 1008 et
1893 969 2011 1008 om-

428 1068 552 1113 nem
605 1053 841 1107 laborem
894 1051 1270 1117 evacuaverit,
1328 1057 1384 1105 et
1429 1047 1679 1104 sudorem
1735 1046 2010 1112 effuderit,

433 1153 650 1215 propter
678 1141 1063 1212 blasphemiam
1096 1141 1148 1195 in
1175 1140 1464 1207 Christum,
1493 1153 1719 1208 cumque
1757 1151 2010 1208 peperat-

430 1235 502 1289 rit
527 1233 694 1298 carni,
731 1249 835 1292 non
865 1233 1103 1304 pepercit
1129 1232 1315 1302 gloria:
1359 1231 1474 1300 Dei,
1514 1230 1610 1287 sed
1659 1239 1715 1284 ut
1756 1230 2012 1285 intactum

435 1326 534 1396 ipsi
561 1335 802 1380 maneret
831 1339 1024 1394 corpus
1062 1325 1240 1378 omnia
1285 1321 1452 1389 fecit;
1482 1329 1542 1377 ut
1568 1330 1746 1377 autem
1787 1320 1877 1376 ille
1907 1335 2013 1374 non

433 1416 739 1473 afﬁceretur
763 1416 1105 1482 contumelia,
1136 1430 1236 1474 nec
1255 1413 1698 1471 dehonestaretur
1715 1412 1856 1484 apud
1877 1413 2012 1468 mul-

433 1519 536 1576 tos,
569 1525 638 1565 ne
667 1509 827 1564 ullam
849 1508 1064 1580 quidem
1094 1522 1276 1563 curam
1303 1507 1503 1562 habuit.
1527 1505 1739 1563 Utinam
1765 1521 1874 1560 non
1895 1520 2014 1559 om-

430 1601 522 1658 nia
568 1599 806 1666 fecisset,
841 1615 940 1655 nec
978 1614 1195 1669 operam
1223 1597 1482 1666 dedisset,
1529 1608 1586 1652 ut
1611 1597 1776 1667 gloria
1809 1597 1904 1652 Dei
1930 1597 2012 1651 itt-

431 1692 746 1747 famaretur.
774 1692 842 1748 Et
861 1690 1129 1762 quomodo
1155 1691 1257 1747 hoc
1280 1690 1454 1746 facio?
1484 1689 1674 1760 inquit.
1701 1690 1834 1758 Quia
1873 1690 2017 1746 viros

433 1795 610 1843 tecum
637 1786 688 1838 in
719 1784 879 1840 domo
899 1783 1136 1840 inclusos
1162 1799 1374 1856 semper
1395 1782 1488 1840 tibi
1509 1783 1805 1839 assidentes
1829 1784 2012 1842 habes.

431 1876 563 1931 Nam
595 1877 639 1931 si
668 1876 816 1930 viros
836 1875 1040 1938 habere
1067 1876 1459 1932 cohabitatores
1504 1877 1859 1946 concupiscis,
1908 1892 2016 1932 non

431 1968 712 2038 oportebat
747 1967 1102 2038 virginitatem
1128 1967 1340 2038 eligere,
1371 1967 1467 2024 sed
1493 1967 1559 2022 ad
1589 1969 1797 2039 nuptias
1846 1978 2017 2026 trans-

433 2060 666 2114 eundum
693 2069 803 2115 erat
835 2077 847 2112 :
883 2061 1049 2114 multo
1075 2061 1217 2115 enim
1247 2059 1438 2116 melius
1464 2061 1542 2116 sic
1567 2060 1836 2132 nupsisse,
1857 2076 2015 2132 quam

433 2151 525 2206 illo
553 2151 714 2206 modo
742 2151 998 2220 virginem
1029 2149 1264 2219 profiteri
1295 2150 1498 2206 fuisset.

505 2240 715 2311 Nuptiae
735 2242 1062 2312 puerei-endit
1084 2241 1358 2313 virginitati
1381 2243 1511 2298 male
1529 2244 2016 2301 custodiam—Nam

433 2332 554 2387 illas
581 2332 790 2401 nuptias
832 2347 1005 2403 neque
1033 2332 1172 2388 Deus
1198 2333 1538 2402 condemnat,
1563 2351 1734 2406 neque
1773 2337 2018 2393 homines

433 2423 831 2494 reprehendunt
855 2441 870 2479 :
899 2423 1126 2480 honesta
1149 2427 1291 2480 enim
1319 2441 1406 2482 res
1425 2435 1528 2495 est,
1551 2429 1823 2486 neminem
1845 2431 2017 2491 offen-

433 2515 587 2583 dens,
637 2517 904 2572 neminem
956 2517 1156 2573 laedens
1198 2519 1519 2590 :virginitas
1547 2529 1722 2578 autem
1766 2522 1854 2578 illa
1895 2538 2017 2579 cum

435 2607 563 2660 viris
584 2607 703 2677 plus
729 2607 798 2662 ab
817 2607 1070 2663 omnibus
1095 2610 1356 2678 arguitur,
1387 2626 1546 2680 quam
1575 2611 1858 2668 fornicatio
1879 2614 2013 2684 ipsa.

435 2697 678 2768 Namque
705 2715 859 2754 suum
889 2699 1064 2770 perdit
1085 2701 1352 2768 ordinem,
1373 2713 1428 2758 et
1454 2704 1504 2758 iu
1527 2705 1839 2773 profundius
1859 2721 2017 2776 quam

435 2791 507 2849 sit
535 2790 904 2846 fornicationis
931 2791 1242 2846 barathrum
1273 2793 1439 2863 ejecta
1469 2804 1572 2850 est.
1603 2794 1722 2850 Non
1750 2797 1893 2851 enim
1919 2797 2019 2853 ali-

436 2867 735 2954 quis‘l‘cret
773 2897 897 2938 cum
947 2882 1238 2951 virginibus
1274 2887 1543 2941 numerari
1592 2901 1710 2941 eam
1759 2903 1877 2957 qua;
1911 2903 2019 2943 non

435 2983 590 3032 curat
613 2991 732 3046 qua:
775 2983 901 3029 sunt
925 2973 1155 3040 Domini,
1199 2983 1254 3030 et
1280 2978 1478 3032 multos
1504 2978 1681 3034 reddit
1723 2979 2016 3048 adulteros,

437 3086 608 3141 neque
637 3085 758 3126 cum
802 3076 997 3142 nuptis.
1032 3075 1122 3132 Illa
1152 3074 1296 3132 enim
1321 3088 1503 3128 curam
1532 3073 1711 3140 habet,
1751 3074 2020 3144 quomodo

439 3163 644 3232 placeat
671 3165 785 3220 viro
827 3167 955 3223 uni:
987 3177 1042 3222 tu
1083 3177 1256 3224 autem
1290 3173 1348 3221 ut
1387 3167 1700 3232 innumeris,
1745 3175 1798 3221 et
1840 3166 1905 3221 iis
1929 3168 2017 3236 qui

436 3268 543 3312 non
569 3254 685 3325 lege
707 3256 938 3327 conjugii
964 3259 1094 3323 noti,
1121 3257 1215 3314 sed
1239 3257 1348 3313 alio
1372 3257 1600 3328 quodam
1628 3255 1787 3312 modo
1808 3255 1878 3314 ab
1905 3271 2020 3312 om-

438 3347 593 3403 nibus
613 3348 968 3406 condemnato
994 3359 1046 3405 et
1071 3351 1302 3422 rejecto:
1327 3350 1467 3407 unde
1489 3367 1677 3406 vereor
1698 3366 1764 3406 ne
1785 3350 1854 3406 ab
1875 3362 2020 3407 utro-

436 3452 541 3506 que
565 3438 682 3496 loco
701 3440 952 3496 excideris
974 3442 1026 3496 in
1049 3441 1331 3498 mulierum
1353 3442 1754 3498 inhonestarum
1777 3441 2020 3499 ordinem

439 3525 650 3584 redaCta
681 3528 929 3585 videaris.
973 3531 1181 3585 Etenim
1212 3531 1281 3586 ab
1305 3532 1659 3602 appellatione
1686 3532 1799 3601 ipsa
1829 3532 1874 3587 si
1901 3531 2020 3603 quis

437 3633 550 3672 rem
570 3619 860 3690 dijudicare
881 3623 1026 3688 velit,
1059 3623 1158 3693 ipsi
1188 3625 1554 3682 contradicere
1581 3623 1710 3680 nihil
1732 3626 2018 3694 possimus.

439 3709 571 3764 Nam
593 3712 636 3765 si
667 3713 880 3782 quando
901 3714 952 3768 in
981 3714 1153 3770 forum
1177 3731 1235 3771 se
1260 3715 1558 3783 conferant,
1581 3715 1666 3772 vel
1687 3717 1821 3772 alias
1841 3733 2021 3774 sermo

437 3801 582 3857 domi
611 3802 678 3859 de
704 3803 835 3876 ipsis
865 3805 934 3860 sit
961 3805 1100 3876 apud
1143 3820 1258 3873 eos,
1285 3804 1375 3877 qui
1400 3807 1672 3877 disputant
1698 3806 1766 3862 de
1791 3807 2018 3864 absurda

437 3895 743 3964 hujusmodi
790 3898 1167 3967 copulatione,
1213 3898 1514 3969 significare
1560 3898 1802 3953 volentes
1851 3898 2014 3966 illam,

437 3985 598 4054 hujus
624 3995 835 4055 vocant,
868 4003 973 4042 non
1008 3999 1256 4056 matrem,
1304 4003 1482 4058 neque
1506 3989 1648 4043 enim
1677 3989 1824 4042 illum
1852 4004 2016 4060 pepe-

437 4077 546 4142 rit;
580 4092 752 4148 neque
779 4093 1043 4144 sororem,
1077 4093 1183 4134 non
1209 4078 1351 4133 enim
1379 4093 1445 4136 ex
1483 4078 1672 4136 eodem
1701 4088 1853 4136 utero
1896 4096 2020 4150 pro-

436 4177 596 4237 gnata
622 4177 739 4234 est;
792 4185 966 4238 neque
993 4170 1297 4241 conjugem,
1338 4185 1446 4228 non
1472 4172 1613 4228 cnim
1645 4173 1760 4244 lege
1786 4174 2019 4247 conjugii

437 4257 777 4325 cohabitant;
810 4275 982 4331 neque
1008 4260 1115 4316 alio
1141 4263 1391 4333 quopiam
1416 4265 1750 4334 cognationis
1779 4268 2015 4338 nomine,

437 4347 581 4419 quod
615 4363 932 4406 concessum
973 4350 1053 4405 vel
1085 4351 1203 4422 lege
1244 4352 1562 4421 permissum
1609 4353 1698 4418 sit,
1744 4355 1842 4410 sed
1879 4359 2020 4427 turpi

438 4440 666 4511 quodam
709 4457 774 4498 ac
813 4441 1058 4498 ridiculo.
1103 4442 1222 4499 Non
1247 4444 1390 4500 enim
1418 4458 1518 4514 ego
1544 4445 1758 4516 quidem
1807 4449 2018 4504 tulerim

438 4533 612 4603 ipsum
639 4535 918 4600 nominare
943 4554 958 4589 :
987 4537 1065 4592 sic
1100 4549 1316 4592 exesam
1345 4536 1518 4592 habeo
1545 4548 1600 4593 et
1625 4554 1848 4596 aversor
1883 4541 2021 4598 hanc

437 4627 868 4694 appellationem,
916 4636 972 4682 et
1013 4628 1292 4682 molestum
1341 4627 1470 4682 mihi
1499 4637 1583 4684 est
1620 4629 1781 4685 etiam
1825 4647 2020 4689 nomen

439 4719 798 4776 contubernii.
832 4718 937 4780 Sed
977 4732 1083 4774 non
1109 4719 1392 4789 peperisti,
1423 4733 1523 4775 nec
1565 4719 1800 4778 tolerastt
1842 4731 2022 4793 partus

441 4807 676 4864 dolores.
729 4811 795 4865 Et
819 4809 948 4881 quid
978 4809 1079 4864 hac
1104 4808 1414 4866 defensione
1443 4808 1682 4868 fmdius?
1725 4813 1852 4884 quid
1896 4815 2020 4870 item

441 4899 690 4956 miserius
725 4917 886 4973 quam
914 4903 1055 4974 quod
1101 4903 1170 4958 ab
1213 4903 1277 4958 iis
1319 4902 1429 4958 vult
1457 4918 1718 4977 apparere
1745 4907 1915 4978 virgo,
1955 4907 2022 4962 ad

439 5007 559 5062 qua:
604 5001 659 5048 et
706 4996 886 5055 multa:
930 5006 985 5052 et
1029 4995 1395 5059 fornicatriccs
1439 4999 1692 5054 mulieres
1733 4998 2022 5070 confugere

442 5087 704 5153 possunt?
733 5085 838 5141 Sed
875 5088 999 5154 illae,
1047 5088 1237 5159 inquit,
1286 5090 1501 5146 aliunde
1543 5098 1838 5160 arguuntur
1879 5090 2021 5161 quod

443 5177 646 5233 libidini
684 5188 893 5235 vacent.
925 5179 1079 5236 Unde
1106 5182 1319 5238 aliunde
1348 5183 1434 5238 dic
1461 5182 1630 5237 mihi?
1669 5183 1712 5236 A
1741 5183 1959 5248 vestitu,
1991 5199 2021 5237 a

440 5273 577 5335 visu,
625 5288 655 5328 a
703 5287 911 5343 gressu,
961 5272 1030 5327 ab
1071 5274 1401 5329 amatoribus
1435 5289 1570 5343 quos
1595 5272 1830 5342 capiunt.
1877 5273 2023 5330 Bene

439 5366 655 5436 quidem
681 5366 834 5423 nobis
857 5365 1144 5438 depinxisti
1171 5367 1333 5420 scorti
1354 5365 1758 5431 characterem;
1787 5364 1882 5421 sed
1902 5365 2024 5422 vide

443 5475 511 5513 ne
558 5459 642 5516 his
692 5458 1016 5528 conjectttris
1059 5466 1115 5513 et
1159 5456 1508 5528 argumentis,
1551 5464 1838 5526 antequam
1883 5456 2016 5524 illas,

443 5551 666 5621 teipsam
695 5550 897 5620 capias.
924 5551 1129 5606 Etenim
1159 5561 1213 5606 et
1235 5558 1289 5605 tu
1319 5549 1412 5604 tibi
1441 5548 1539 5618 ipsi
1567 5548 1701 5604 tales
1727 5563 1870 5617 saepe
1897 5563 2025 5618 prae-

443 5659 598 5712 paras
623 5654 913 5708 amatores,
942 5653 1100 5714 atque
1128 5657 1221 5712 per
1245 5640 1432 5698 eadem
1458 5640 1613 5695 retia.
1641 5637 1795 5707 Quod
1831 5637 1878 5693 si
1919 5654 2022 5692 non

444 5751 602 5788 vocas
630 5737 680 5788 in
699 5736 1024 5791 domicilium
1047 5741 1451 5804 prmtcreuutes,
1471 5739 1526 5786 et
1551 5730 1716 5786 habes
1738 5730 1871 5784 intra
1895 5744 2024 5783 con-

449 5826 623 5883 clusas
653 5843 884 5897 semper,
916 5825 1056 5898 quod
1084 5826 1248 5881 multo
1286 5823 1518 5895 gravius,
1549 5822 1616 5879 ob
1646 5821 1776 5877 nihil
1803 5820 2015 5891 quidem

3596 384 3710 443 52ft

2124 490 2287 558 aliud,
2319 508 2477 565 quam
2518 505 2574 548 ut
2601 494 2886 549 absurdam
2912 494 3242 565 voluptatem
3274 496 3516 569 impleas,
3547 509 3603 556 et
3631 499 3702 554 ilv

2121 583 2223 638 lius
2249 592 2304 639 et
2329 593 2495 652 tuam,
2524 601 2630 640 non
2657 600 3002 656 congressum
3033 587 3268 658 inquam.
3296 588 3402 646 Sed
3426 589 3552 660 quid
3575 589 3708 645 inde

2121 675 2278 742 lucri,
2322 676 2754 747 quandoquidem
2783 681 2979 734 mutuis
3003 680 3308 750 aspectibus
3337 682 3478 736 istud
3520 683 3706 752 ipsum

2119 766 2414 836 contingit?
2439 767 2652 838 Alioqui
2683 770 2727 824 si
2759 768 2862 826 hoc
2888 785 2994 825 non
3035 779 3137 838 est,
3171 787 3344 842 neque
3382 771 3707 827 adulterimn

2119 855 2260 913 istud
2290 859 2642 927 committitis,
2689 876 2855 931 quare
2891 861 3066 930 ipsum
3108 860 3275 917 habes
3312 861 3494 916 domi?
3541 879 3711 932 quam

2119 963 2337 1006 causam
2383 950 2583 1022 justam
2631 963 2687 1008 et
2714 953 3087 1010 rationabilem
3131 954 3287 1009 nobis
3315 954 3500 1010 dices?
3526 955 3709 1024 Nupta

2119 1042 2262 1098 enim
2303 1044 2515 1113 nuptias
2559 1043 2733 1113 dicet,
2783 1055 3020 1102 scortum
3061 1045 3372 1114 libidinem;
3417 1057 3472 1103 tu
3522 1059 3710 1104 autem

2120 1135 2270 1206 virgo
2313 1136 2526 1206 qualem
2570 1137 2727 1194 nobis
2767 1153 2982 1198 causam
3027 1141 3274 1196 narrabis
3316 1141 3530 1212 dignam
3581 1158 3712 1211 qua:

2121 1227 2425 1297 proferatur
2445 1237 2500 1283 et
2518 1227 2717 1299 justam
2733 1231 2759 1285 ?

2192 1322 2246 1378 4.
2289 1324 2356 1378 At
2384 1338 2481 1379 cur
2499 1324 2712 1380 curiose
2740 1323 2964 1396 inquiris
2985 1367 2999 1393 ,
3026 1327 3231 1394 inquit,
3264 1342 3384 1382 cum
3417 1343 3522 1383 non
3544 1328 3708 1384 simul

2120 1414 2425 1482 dormiant,
2476 1432 2650 1488 neque
2699 1417 2976 1474 uobiscum
3019 1419 3453 1490 congrediantur,
3505 1429 3562 1476 ut
3600 1422 3710 1476 illis

2121 1507 2437 1563 mulieribus
2491 1507 2602 1565 illi?
2631 1507 2740 1564 lmo
2771 1508 2874 1564 hoc
2914 1511 3246 1579 potissimum
3277 1510 3512 1581 plerique
3559 1509 3711 1566 affir—

2124 1609 2290 1654 mant.
2325 1599 2522 1656 Verum
2575 1602 2704 1671 quid
2741 1601 2883 1658 hoc?
2935 1601 3141 1671 inquit:
3191 1612 3380 1659 contra
3425 1618 3581 1659 suum
3629 1605 3714 1660 illi

2121 1701 2300 1762 caput.
2327 1693 2407 1746 An
2435 1707 2564 1748 vero
2593 1702 2779 1749 contra
2828 1707 2983 1748 suum
3034 1701 3240 1749 tantum
3283 1704 3443 1764 caput
3492 1695 3706 1762 dicant,

2121 1793 2304 1852 postea
2325 1769 2675 1854 inquiremus.
2708 1785 2775 1842 Et
2796 1785 2907 1854 jam
2939 1785 3156 1855 quidem
3182 1786 3463 1842 manifeste
3482 1787 3712 1842 demou-

2122 1883 2347 1929 stratum
2393 1885 2510 1942 est,
2564 1890 2685 1932 cum
2734 1876 2802 1933 de
2848 1879 2978 1932 vlris
3015 1877 3350 1938 diceremus.
3399 1879 3540 1949 quod
3599 1895 3718 1933 non

2123 1965 2297 2021 solum
2324 1967 2414 2036 qui
2459 1967 2816 2034 maledicunt,
2845 1968 2940 2024 sed
2960 1978 3015 2027 et
3032 1970 3121 2040 qui
3143 1971 3452 2026 occasiones
3505 1981 3716 2025 temere

2123 2058 2365 2128 praebent
2409 2058 2462 2113 in
2512 2073 2671 2116 causa
2716 2075 2836 2128 quae
2889 2061 3078 2131 agitur,
3127 2062 3203 2116 rei
3247 2071 3369 2116 sunt
3417 2063 3706 2132 supplicii:

2125 2159 2490 2205 verumtamen
2531 2150 2633 2206 hoc
2656 2150 2827 2222 ipsum
2858 2151 3034 2208 denuo
3059 2152 3565 2208 demonstrabimus.
3589 2153 3714 2216 tam,

2122 2251 2300 2296 autem
2327 2241 2370 2295 si
2394 2249 2445 2296 te
2473 2257 2730 2312 rogavero
2751 2257 2963 2300 causam
2991 2242 3148 2314 hujus
3175 2243 3546 2309 contubernii,
3580 2261 3706 2298 num

2123 2330 2355 2400 aliquam
2378 2330 2561 2387 dicere
2591 2331 2780 2401 potes?
2806 2332 3020 2388 infirma
3045 2348 3160 2390 sum
3181 2373 3198 2400 ,
3245 2333 3452 2403 inquit,
3493 2335 3707 2402 mulier,

2125 2437 2296 2491 neque
2321 2423 2431 2477 sola
2453 2422 2604 2478 valeo
2627 2437 2750 2478 meo
2797 2423 2915 2478 usui
2941 2423 3204 2479 sufﬁcere.
3253 2425 3538 2480 Enimvero
3585 2440 3711 2481 cum

2126 2515 2240 2569 btec
2263 2513 2714 2570 cohabitatoribus
2741 2515 2932 2570 vestris
2955 2515 3233 2584 objicimus
3251 2557 3268 2584 ,
3297 2517 3364 2571 ab
3384 2516 3462 2571 eis
3487 2525 3708 2572 contra-

2125 2605 2200 2660 ria
2232 2605 2477 2661 audimus
2501 2646 2518 2673 ,
2544 2621 2736 2676 nempe
2755 2606 2896 2678 quod
2925 2617 3145 2677 propter
3165 2622 3320 2662 suum
3351 2607 3709 2664 ministerium

2125 2710 2221 2751 vos
2250 2705 2482 2752 teneant.
2505 2698 2782 2764 Quomodo
2802 2698 2960 2768 igitur
2985 2715 3106 2769 qua:
3149 2714 3214 2754 ex
3240 2699 3530 2755 abundanti
3580 2702 3708 2756 viris

2124 2788 2285 2843 etiam
2309 2788 2500 2844 solatio
2528 2803 2648 2844 esse
2688 2790 2944 2859 potestis,
2972 2790 3122 2845 vobis
3171 2791 3485 2846 mulieribus
3530 2792 3706 2847 subsi-

2125 2877 2214 2934 dio
2252 2893 2372 2934 esse
2413 2893 2519 2934 non
2545 2880 2794 2949 potestis,
2819 2880 2914 2936 sed
2943 2880 3060 2934 aliis
3086 2879 3370 2950 indigetis?
3390 2881 3520 2935 Nam
3571 2883 3708 2938 sicut

2127 2970 2207 3025 vir
2226 2970 2338 3024 viro
2358 3013 2374 3038 ,
2395 2969 2466 3024 ita
2496 2971 2683 3028 mulier
2706 2971 2914 3028 mulieri
2940 2972 3272 3029 commodius
3301 2981 3356 3029 et
3382 2973 3580 3030 rectius
3608 2974 3707 3028 uti-

2125 3075 2229 3132 que
2245 3060 2564 3117 cohabitarit
2583 3079 2596 3117 :
2617 3061 2827 3132 quando
2847 3072 3024 3118 autem
3042 3071 3097 3118 et
3120 3064 3244 3118 viris
3261 3063 3327 3120 ad
3353 3065 3712 3122 ministerium

2126 3153 2517 3208 commodiores
2553 3155 2682 3210 estis
2706 3155 2872 3210 multo
2903 3156 3072 3225 magis
3099 3156 3249 3211 vobis
3293 3156 3440 3226 ipsis.
3472 3157 3553 3212 Ad
3581 3157 3706 3226 quid

2125 3245 2267 3300 enim
2287 3287 2302 3312 ,
2334 3260 2550 3315 quaeso,
2581 3247 2880 3302 necessaria
2927 3256 2982 3302 et
3009 3248 3154 3302 utilis
3177 3247 3276 3302 viri
3324 3249 3590 3304 societas?
3617 3260 3710 3306 aut

2125 3339 2283 3408 quale
2331 3338 2419 3394 ille
2448 3339 2658 3394 mulieri
2688 3340 2958 3396 exhibebit
2983 3340 3337 3396 ministerium
3359 3384 3376 3409 ,
3404 3342 3546 3412 quod
3600 3358 3707 3398 non

2125 3429 2291 3499 possit
2312 3430 2519 3486 mulieri
2537 3431 2761 3486 mulier?
2776 3448 2900 3486 num
2928 3431 3084 3486 teiam
3108 3441 3280 3489 tecum
3305 3443 3483 3489 texere
3498 3435 3581 3490 vel
3602 3444 3708 3488 tra-

2128 3534 2267 3574 mam
2290 3536 2416 3577 nere
2431 3537 2550 3576 cum
2571 3524 2799 3579 stamine
2815 3523 2903 3580 ille
2922 3525 3089 3594 magis
3109 3526 3302 3594 poterit
3317 3542 3473 3596 quam
3493 3528 3707 3584 mulier?

2126 3626 2192 3666 an
2223 3627 2327 3667 non
2353 3621 2538 3668 contra
2562 3628 2622 3668 se
2647 3629 2734 3670 res
2762 3613 2960 3670 habet?
2985 3614 3079 3670 llle
3105 3616 3247 3670 enim
3274 3617 3483 3672 etiamsi
3511 3619 3702 3684 vellet,

2126 3721 2235 3760 non
2265 3706 2444 3777 utique
2473 3707 2666 3773 sciret,
2696 3708 2794 3762 nisi
2821 3707 2957 3762 forte
2985 3708 3197 3763 nuncid
3221 3709 3365 3778 ipsos
3383 3709 3702 3766 docueritis:

2127 3797 2321 3868 quippe
2348 3798 2586 3852 mulieris
2629 3799 2796 3854 solius
2844 3798 2947 3854 hoc
2980 3815 3115 3870 opus
3137 3808 3238 3855 est.
3260 3801 3364 3856 Sed
3393 3812 3595 3857 vestem
3626 3803 3703 3856 la-

2127 3905 2283 3957 vare,
2317 3891 2489 3961 ignem
2519 3891 2810 3948 accendere
2831 3932 2848 3959 ,
2877 3900 2932 3948 et
2954 3893 3114 3948 ollam
3132 3891 3498 3948 fervefacere?
3527 3893 3706 3948 Etiam

2126 3981 2243 4036 htec
2271 3996 2376 4036 non
2417 3982 2589 4036 minus
2609 4022 2626 4050 ,
2653 3981 2748 4038 sed
2779 3982 2969 4038 melius
2997 3999 3155 4054 quam
3177 3984 3258 4039 vir
3283 3984 3472 4038 mulier
3491 3983 3708 4040 eflicerc

2127 4079 2320 4142 potest.
2369 4072 2648 4140 Quomodo
2697 4073 2854 4143 igitur
2897 4073 3040 4128 utilis
3082 4075 3187 4140 vir,
3234 4073 3321 4129 die
3366 4075 3589 4144 quaeso?
3637 4091 3706 4130 an

2127 4165 2338 4235 quando
2371 4165 2603 4220 vendere
2641 4174 2733 4219 aut
2761 4181 2940 4222 emere
2970 4167 3218 4236 oportet?
3247 4166 3354 4222 Sed
3403 4183 3575 4237 neque
3623 4167 3712 4222 hic

2126 4254 2316 4310 mulier
2357 4254 2496 4311 valet
2542 4256 2717 4312 minus
2765 4271 2922 4327 quam
2971 4258 3073 4325 vir,
3121 4266 3176 4313 et
3221 4259 3502 4314 testabitur
3526 4260 3712 4328 utique

2126 4346 2299 4403 forum
2317 4389 2335 4416 ,
2362 4357 2414 4402 et
2433 4362 2619 4402 omnes
2645 4356 2908 4419 quotquot
2943 4354 3260 4406 vestimenta
3285 4366 3464 4406 emere
3489 4352 3707 4417 volunt,

2127 4454 2156 4492 a
2181 4438 2489 4494 mulieribus
2519 4438 2830 4511 plerumque
2855 4450 3057 4496 emunt.
3075 4441 3225 4508 Quod
3247 4443 3291 4496 si
3315 4451 3468 4512 turpe
3491 4443 3711 4512 virgini—

2127 4530 2228 4587 bus
2256 4531 2307 4585 in
2337 4531 2453 4586 foro
2474 4541 2618 4586 stare
2648 4531 2700 4586 in
2729 4533 3067 4587 commerciis
3087 4573 3103 4599 ,
3136 4533 3273 4588 sicut
3310 4543 3365 4588 et
3405 4544 3558 4602 turpe
3586 4543 3671 4588 est
3689 4574 3705 4594 .

2125 4632 2324 4692 quanto
2353 4622 2520 4694 magis
2556 4624 2862 4678 cohabitare
2907 4625 3023 4679 viro
3053 4625 3298 4694 turpius?
3333 4625 3709 4680 Verumtamen

2127 4713 2307 4769 ethoc
2331 4713 2506 4768 minus
2531 4729 2688 4784 quam
2721 4715 2845 4770 illud
2863 4714 3096 4786 effugere
3121 4725 3315 4786 potest.
3342 4715 3475 4770 Nam
3493 4715 3608 4770 hmo
3627 4717 3712 4771 vel

2128 4805 2318 4875 puellae
2343 4821 2461 4876 quae
2486 4806 2770 4872 ministrat,
2791 4806 2874 4860 vel
2903 4807 3094 4861 vetulis
3119 4823 3241 4876 quae
3266 4807 3332 4862 ad
3359 4807 3474 4862 hare
3499 4807 3712 4862 idonea:

2129 4903 2270 4960 sunt,
2293 4896 2486 4949 rectius
2501 4895 2876 4951 commiserim:
2894 4897 3031 4952 unde
3052 4898 3223 4968 palam
3243 4906 3324 4954 est
3339 4897 3454 4952 htec
3477 4908 3713 4968 praetqu

2129 4993 2214 5040 tus
2233 4994 2286 5039 et
2303 4983 2492 5055 effugia
2512 5000 2630 5042 esse
2656 4999 2720 5041 ac
2749 4995 3048 5056 tegumenta
3078 4987 3418 5044 infirmitatis.
3437 4987 3618 5056 Qualis
3636 4989 3713 5041 in-

2129 5074 2397 5131 firmitatis
2432 5077 2770 5132 velamenta?
2801 5078 2988 5147 inquit.
3015 5079 3147 5132 Nam
3192 5079 3238 5134 si
3280 5081 3714 5147 concupiscerem

2129 5168 2299 5222 virum
2332 5177 2387 5223 et
2412 5169 2619 5238 nuptias
2667 5177 2722 5224 et
2765 5169 2815 5224 id
2850 5184 3018 5242 genus
3043 5170 3162 5224 vita:
3187 5212 3201 5235 ,
3223 5169 3343 5240 quis
3370 5170 3714 5240 prohiberet?

2127 5276 2304 5316 annon
2349 5259 2559 5328 adesset
2610 5259 2828 5316 libertas
2870 5269 2927 5315 ut
2968 5262 3070 5316 hoc
3095 5261 3494 5330 facerem,quo
3542 5275 3715 5330 neque

2131 5353 2490 5410 offenderetur
2531 5353 2702 5419 Deus,
2734 5367 2907 5423 neque
2945 5353 3061 5423 ipsa
3087 5356 3157 5418 ab
3177 5352 3484 5408 hominibus
3527 5353 3714 5407 redar-

2131 5448 2358 5520 guerer?
2385 5446 2600 5504 Etenim
2647 5455 2701 5503 et
2739 5461 2839 5517 ego
2885 5445 2988 5501 hoc
3031 5446 3182 5510 dico,
3227 5456 3282 5502 et
3319 5461 3426 5501 non
3477 5455 3584 5500 tam
3628 5455 3714 5498 tua

2131 5555 2289 5610 quam
2343 5553 2460 5593 mea
2511 5547 2636 5593 sunt
2679 5537 2859 5593 verba.
2885 5537 2954 5591 At
2997 5552 3216 5592 necesse
3243 5536 3458 5600 dicere,
3489 5535 3576 5590 ubi
3620 5535 3716 5589 tibi

2132 5633 2229 5686 viri
2259 5646 2386 5686 usus
2418 5640 2694 5700 tantopere
2731 5629 3098 5694 necessarius;
3127 5629 3210 5683 vel
3248 5645 3369 5684 curn
3415 5638 3716 5682 monstrare

2132 5740 2236 5778 non
2282 5723 2454 5793 possis
2474 5764 2488 5789 ,
2515 5722 2758 5791 ejiciatur
2783 5721 2827 5776 is
2861 5720 2951 5789 qui
2981 5720 3120 5775 male
3160 5719 3458 5775 cohabitat:
3488 5734 3608 5772 nam
3649 5719 3714 5768 ab

2136 5816 2233 5871 hac
2263 5815 2579 5872 contumelia
2618 5812 2818 5882 absolvi
2854 5812 3007 5868 aliter
3035 5827 3139 5867 non
3183 5819 3350 5883 potes.
3393 5810 3518 5866 [late
3572 5811 3716 5866 enim
