4060 6136
291 363 395 419 619

290 476 516 548 κοῦμεν,
537 472 674 529 ἀλλά
692 475 898 529 κείσθω
918 473 1057 537 τέως
1079 472 1212 525 αὐτὸ
1240 471 1461 525 πάντων
1486 468 1695 523 τούτων
1717 470 1883 541 ὑπερ-

289 558 580 632 ινηνέχθαι
610 555 721 610 τῶν
752 555 1012 619 δικτύων,
1056 556 1152 608 καὶ
1172 626 1177 631 ἱ
1197 552 1285 626 εἰη
1322 553 1587 607 πάντοθεν
1617 552 1880 624 καθαρὸν,

292 645 385 697 καὶ
416 641 601 710 πάσης
628 638 1025 710 ήλευθερώσθω
1056 636 1283 708 βλάϐης,
1314 635 1410 689 καὶ
1442 634 1652 706 μενέτω
1679 632 1880 687 παοθὲο

292 727 428 796 νοςή
455 723 746 795 παρθένος·
767 723 819 775 τί
837 721 996 776 τοῦτο
1016 722 1155 794 πρὸς
1174 720 1244 774 τὰ
1259 719 1526 791 εἰρημένα
1548 719 1676 792 παρ’
1695 719 1880 789 ήμῶνς

292 815 404 865 Καὶ
433 813 543 882 γὰρ
568 808 631 863 τὸ
656 806 962 861 δεινότατον
993 805 1152 858 τοῦτό
1178 806 1317 869 ἐστι,
1350 803 1444 856 καὶ
1472 803 1680 874 μυρίων
1714 803 1777 870 γέ
1788 821 1803 871 ιλ
1825 818 1886 855 ον

292 894 570 967 δακρύων,
607 893 693 946 ὅτι
728 889 982 945 τοσοῦτον
1030 889 1295 959 ὑπέμεινε
1344 887 1498 940 πόνον
1526 885 1792 941 πάντοθεν
1823 884 1884 937 τὸ

296 978 458 1049 σῶμα
502 975 841 1048 διατηροῦσα
890 972 1172 1046 ἀκριϐῶς,
1223 971 1318 1025 καὶ
1356 970 1536 1025 πάντα
1580 970 1674 1023 τὸν
1722 969 1885 1022 πόνον

294 1060 615 1128 ἐξεκένωσε,
637 1061 732 1113 καὶ
754 1058 847 1112 τὸν
880 1056 1079 1128 μόχθον
1102 1054 1284 1125 ἐξέχεε
1305 1053 1394 1108 διὰ
1413 1053 1515 1123 τῆς
1542 1054 1623 1116 εἰς
1651 1051 1885 1125 Χριστὸν

294 1144 665 1218 βλασφημίας,
710 1142 808 1197 καὶ
844 1142 944 1214 τῆς
992 1139 1196 1212 σαρκὸς
1240 1137 1544 1209 φεισαμένη
1588 1136 1690 1208 τῆς
1727 1135 1885 1207 δόξης

294 1230 398 1289 οὐκ
446 1226 706 1298 ἐφείσατο
747 1223 845 1278 τοῦ
888 1222 1049 1287 Θεοῦ,
1098 1221 1238 1278 ἀλλά
1281 1222 1430 1284 ὅπως
1475 1220 1575 1293 μὲν
1609 1219 1886 1288 ἀνέπαφον

293 1313 435 1382 αὐτῇ
462 1311 623 1384 μείνῃ
652 1309 714 1363 τὸ
749 1307 929 1379 σῶμα,
963 1307 1144 1364 πάντα
1175 1306 1456 1377 ἐποίησεν,
1485 1305 1634 1368 ὅπως
1660 1303 1716 1357 δέ
1743 1305 1885 1358 ἐκεῖ·

294 1413 386 1461 νος
408 1395 485 1466 μὴ
513 1392 788 1465 ὑϐρίζοιτο
829 1390 964 1463 μηδὲ
991 1389 1414 1460 καταισχύνοιτο
1441 1388 1593 1460 παρά
1617 1391 1728 1452 τοῖς
1754 1388 1884 1442 πολ-

294 1479 430 1542 λοῖς,
466 1475 591 1530 ούδέ
631 1474 784 1543 λόγον
813 1473 941 1545 ἔσχε
978 1473 1121 1528 τινά.
1159 1472 1286 1526 Εἴθε
1329 1473 1426 1543 μὲν
1469 1468 1564 1526 οὖν
1601 1471 1676 1543 μὴ
1709 1471 1886 1525 πάντα

293 1563 534 1635 ἔπραττε
567 1558 663 1612 καὶ
695 1556 1041 1628 ἐπετήδευεν,
1076 1556 1137 1624 ἐξ
1167 1549 1243 1610 ὧν
1268 1558 1301 1627 ή
1335 1555 1429 1609 τοῦ
1448 1555 1583 1608 Θεοῦ
1606 1554 1887 1609 διαϐάλλε-

292 1658 437 1702 ταιι
466 1642 625 1708 δόξαί
672 1642 781 1695 K01
827 1642 945 1704 πῶς
986 1640 1146 1694 τοῦτο
1194 1640 1364 1706 ποιῶ;
1410 1638 1595 1709 φησίν.
1653 1640 1889 1712 Ἀνδρας

296 1728 666 1785 ἁποκλείουσα
706 1724 844 1796 μετὰ
891 1724 1095 1794 σαυτῆς
1140 1723 1234 1776 ἐπὶ
1266 1723 1370 1793 τῆς
1410 1724 1607 1786 οἰκίας,
1649 1723 1744 1776 καί¹
1772 1723 1889 1777 δια-

295 1811 500 1875 παντός
532 1826 617 1863 σοι
645 1805 1120 1879 παρακαθίζουσα.
1136 1807 1217 1859 -Εἰ
1240 1805 1350 1878 7&9
1376 1805 1577 1877 ἄνδρας
1601 1804 1888 1876 ἐπιθυμεῖς

298 1894 451 1968 ιῖΰί]
472 1894 620 1965 ἔχειν
642 1889 1047 1954 συνοικοῦντας,
1075 1889 1177 1943 οὐκ
1197 1889 1305 1944 ἔδει
1331 1888 1630 1961 παρθενίαν
1650 1888 1886 1967 ἑλέσθαι,

295 1980 417 2039 ἀλλ’
441 1979 535 2033 ἐπὶ
563 1976 654 2030 τὸν
676 1976 855 2045 γάμον
885 1972 1080 2027 ἐλθεῖψ
1106 1972 1288 2044 πολλῷ
1318 1972 1427 2046 γὰρ
1456 1972 1665 2043 βέλτιον
1689 1974 1889 2042 γαμεῖν

296 2063 547 2124 ἐκείνως,
588 2060 622 2131 ἢ
650 2056 1010 2131 παρθενεύειν
1036 2054 1231 2120 οὕτως.

371 2144 475 2197 Τὸν
504 2143 601 2215 μὶ)
624 2141 735 2214 7&9
760 2140 1002 2195 τοιοῦτον
1030 2139 1207 2211 γάμον
1233 2137 1357 2193 οὔτε
1386 2140 1416 2192 ὀ
1437 2138 1571 2201 Θεὸς
1593 2136 1890 2192 καταδικά-

295 2229 405 2295 ζει,
451 2225 578 2281 οὔτε
625 2225 902 2297 ἄνθρωποι
932 2222 1299 2292 διαϐάλλουσιθ
1333 2222 1515 2294 τίμιον
1546 2221 1655 2294 γάρ
1681 2222 1798 2274 ἐστι
1832 2220 1890 2274 τὸ

297 2313 557 2381 πρᾶγμα,
588 2308 780 2363 οὐδένα
810 2305 1051 2372 ἀδικοῦν,
1088 2306 1211 2360 οὐδὲ
1243 2305 1501 2377 πλῆττονο
1530 2307 1564 2377 ή
1598 2306 1656 2358 δὲ
1684 2305 1889 2373 παρθε-

299 2396 390 2451 νξα
415 2393 556 2466 αῦτη
586 2396 620 2465 ή
654 2392 794 2463 μετά
816 2391 1027 2464 ἀνδρῶν
1056 2391 1312 2464 πορνείας
1338 2389 1715 2462 χαλεπώτερον
1739 2388 1892 2461 παρά

300 2481 437 2532 πᾶσι
470 2474 843 2548 δια6έ6).ηται’
875 2476 971 2529 καὶ
1000 2474 1101 2547 τὴν
1129 2474 1338 2528 οἰκείαν
1368 2473 1683 2528 ἀπολέσασα
1714 2472 1889 2538 τάξιν,

298 2563 455 2617 κάτω
480 2578 582 2614 που
613 2561 709 2613 καὶ
737 2559 870 2630 παρ’
893 2558 1029 2612 αὐτὸ
1060 2558 1161 2630 τῆς
1187 2557 1445 2630 πορνείας
1482 2556 1800 2627 ἐξεκυλίσθη
1828 2556 1892 2610 τὸ

298 2644 599 2716 βάραθρον.
649 2641 788 2695 Οὔτε
833 2641 941 2712 γὰρ
985 2640 1126 2712 μετά
1152 2641 1263 2695 τῶν
1289 2639 1577 2713 παρθένων
1603 2640 1891 2711 ἀνάσχοιτό

296 2745 386 2792 τις
411 2726 477 2781 ἂν
500 2725 804 2797 ἀριθμῆσαι
825 2725 923 2795 τὴν
949 2727 1024 2798 μὴ
1057 2725 1126 2779 τὰ
1149 2725 1245 2778 τοῦ
1274 2726 1482 2799 Κυρίου
1511 2724 1887 2799 μεριμνῶσαν,

298 2811 440 2867 ἀλλά
471 2809 698 2881 μυρίους
739 2807 1118 2882 ἐργαζομένην
1157 2810 1400 2881 μοιχοὺς,
1444 2809 1570 2864 οὔτε
1612 2810 1749 2880 μετὰ
1779 2809 1891 2864 τῶν

296 2894 726 2965 γεγαμημένων.
768 2893 981 2964 Ἑκείνη
1015 2894 1113 2965 μὲν
1137 2892 1247 2963 γὰρ
1274 2892 1572 2963 φροντίζει,
1597 2893 1746 2955 ὅπως
1764 2892 1892 2962 ἀρέ-

301 2996 390 3032 σει
413 2978 495 3032 ἐνὶ
526 2977 701 3048 ἀνδρί’
733 2977 798 3029 σὺ
828 2976 884 3030 δὲ
915 2976 1148 3048 μυρίοις,
1174 2974 1269 3029 καί
1295 2975 1507 3037 τούτοις
1534 2975 1596 3027 ού
1618 2975 1768 3044 νόμῳ
1787 2973 1890 3042 γά-

302 3078 410 3133 μου
436 3060 757 3131 γνωρίμοις,
793 3058 909 3112 ἀλλ’
943 3059 1116 3130 ἑτέρῳ
1145 3057 1254 3110 τινὶ
1275 3057 1463 3129 τρόπῳ
1480 3056 1892 3128 διαϐεϐλημένῳ

302 3146 403 3203 καὶ
432 3143 870 3214 κατεγνωσμένῳ
900 3142 1053 3213 παρὰ
1083 3141 1322 3196 πάντων.
1368 3140 1532 3194 Ὅθεν
1566 3140 1779 3194 δέδοικα
1815 3141 1891 3213 μὴ

305 3229 409 3300 τῆς
433 3226 616 3298 χώρας
643 3226 913 3298 ἑκατέρας
946 3225 1274 3297 ἐκὸληθεῖσα
1311 3223 1449 3295 μετά
1481 3223 1591 3277 τῶν
1620 3223 1895 3295 ἠτιμωμέ.

301 3330 414 3370 νων
433 3309 710 3381 γυναικῶν
733 3311 910 3381 φανῇς
931 3308 1263 3380 ταττομένη.
1290 3309 1399 3365 Καὶ
1417 3307 1527 3378 7&9
1548 3307 1643 3361 καὶ
1666 3306 1774 3360 ἀπὸ
1795 3308 1892 3378 τῆς

304 3393 679 3467 προσηγορίας
703 3392 895 3467 αὐτῆς,
912 3390 966 3444 εἰ
977 3408 1064 3455 τις
1081 3389 1253 3450 ταῦτα
1269 3389 1610 3461 ψηφίσασθαι
1631 3388 1890 3458 βούλοιτο,

302 3476 427 3532 οὐδὲ
465 3475 700 3532 ἐνταῦθα
737 3475 898 3530 πάλιν
930 3475 1207 3529 ἀντειπεῖν
1240 3491 1294 3527 τι
1321 3472 1684 3545 δυνησόμεθα.
1724 3474 1894 3528 Ὅταν

301 3561 417 3633 7&9
446 3561 480 3631 ἢ
515 3562 596 3624 εἰς
627 3557 835 3631 ἀγορὰν
864 3557 1197 3629 ἐμϐάλωσιν,
1233 3557 1267 3629 ἢ
1298 3556 1456 3626 λόγος
1484 3574 1569 3620 τις
1596 3555 1739 3612 οἴκοι
1765 3556 1897 3629 περὶ

304 3643 489 3708 αὐτῶν
524 3643 762 3714 γίνηται,
803 3642 851 3695 οἰ
882 3640 1256 3712 διαλεγόμενοι
1286 3639 1537 3712 περὶτῆς
1562 3639 1765 3693 ἀτόπου
1800 3656 1893 3693 συ-

305 3726 499 3796 ζυγίας
525 3725 751 3797 ταύτης,
774 3723 1011 3797 δηλῶσαι
1037 3723 1356 3796 βουλόμενοι
1379 3724 1478 3795 τὴν
1496 3725 1591 3777 τοῦ
1616 3723 1810 3788 δεῖνος,
1830 3723 1892 3778 ού

304 3812 407 3883 τὴν
448 3809 666 3882 μητέρα
706 3807 986 3874 καλοῦσιν,
1035 3807 1156 3863 οὐδὲ
1194 3809 1304 3882 7&9
1338 3808 1505 3863 αὐτὸν
1534 3807 1740 3873 ἔτεκεν,
1772 3807 1895 3861 οὐδὲ

303 3895 405 3965 τὴν
427 3893 682 3965 ἀδελφὴν,
720 3892 844 3953 οῦδὲ
872 3891 982 3964 7&9
1003 3891 1102 3955 τὰς
1125 3891 1295 3956 αὐτάς
1322 3891 1508 3945 ἔλυσεν
1532 3891 1747 3958 ὠδῖνας,
1772 3890 1893 3945 ούδέ

302 3975 404 4048 τήν
430 3977 703 4047 γαμετὴν,
738 3974 994 4046 οὐδὲγὰρ
1021 3974 1172 4045 νόμῳ
1196 3975 1376 4044 γάμου
1412 3972 1748 4045 συνῴκησεν.
1770 3973 1893 4028 οὐδὲ

303 4059 436 4115 ἀλλο
462 4076 515 4112 τι
556 4058 876 4128 συγγενείας
913 4056 1086 4128 ὄνομα
1118 4056 1227 4111 τῶν
1263 4058 1773 4130 συγκεχωρημένων
1801 4057 1895 4111 καὶ

305 4140 448 4195 κατά
480 4141 644 4211 νόμον
679 4139 975 4210 κειμένων,
1009 4139 1145 4193 ἀλλά
1172 4138 1235 4192 τὸ
1267 4138 1493 4210 αἰσχρὸν
1528 4140 1623 4193 καὶ
1660 4140 1919 4209 καταγέο.

302 4225 526 4279 λαστον.
564 4223 702 4277 Οὐδὲ
742 4221 853 4294 γὰρ
890 4222 956 4277 ἂν
994 4222 1170 4292 ἔγωγε
1202 4223 1503 4294 ἀνεχοίμην
1536 4221 1668 4277 αὐτὸ
1697 4224 1891 4276 εἰπεῖν’

302 4308 450 4363 οὕτω
483 4307 630 4380 μισῶ
650 4307 746 4361 καί
770 4306 871 4379 τὴν
899 4305 1278 4379 προσηγορίαν
1306 4306 1477 4379 αὐτὴν
1503 4308 1596 4361 καὶ
1621 4307 1894 4380 ἀποστρέ-

305 4409 503 4463 φομαι,
527 4392 623 4445 καὶ
651 4390 1011 4463 προσίσταταί
1040 4407 1133 4462 μοι
1159 4389 1252 4444 καὶ
1277 4391 1311 4462 ή
1333 4391 1622 4463 ἐπωνυμία
1645 4390 1744 4460 τῆς
1771 4407 1896 4444 συν-

301 4477 592 4546 οικήσεως.
649 4475 787 4537 Ἀλλ’
823 4474 925 4529 οὐκ
964 4474 1175 4540 ἔτεκες,
1216 4474 1338 4527 οὐδὲ
1366 4473 1657 4546 ὠδίνησας.
1699 4474 1811 4529 Καὶ
1839 4473 1894 4528 τί

304 4559 511 4631 ταύτης
542 4562 642 4631 τῆς
690 4557 990 4627 ἀπολογίας
1034 4556 1416 4630 αἰσχρότερον;
1449 4557 1505 4611 τί
1536 4557 1594 4611 δὲ
1631 4557 1895 4613 ἀθλιώτεσ-

307 4660 423 4714 ρον,
452 4643 582 4697 ὅταν
617 4643 728 4705 ἀπὸ
753 4640 964 4697 τούτων
1005 4639 1267 4712 βούληται
1305 4640 1598 4710 φαίνεσθαι
1625 4642 1894 4715 παρθένος

304 4727 340 4798 ἡ
373 4725 663 4799 παρθένος,
709 4727 791 4789 εἰς
838 4723 876 4779 ἃ.
930 4724 1026 4778 καί
1076 4722 1186 4776 τῶν
1236 4723 1652 4795 πορνευομένων
1702 4725 1894 4780 πολλαὶ

302 4812 563 4881 γυναῖκες
599 4808 784 4880 ἔχουσι
842 4810 1217 4878 καταφυγεῖν;
1261 4806 1402 4861 Ἀλλ’
1452 4808 1658 4861 ἐκεῖναι
1698 4808 1895 4880 ἑτέρωο

304 4893 397 4948 θεν
424 4892 761 4964 ἐλέγχονται,
791 4891 980 4963 φησὶν,
1017 4890 1461 4960 ἀσελγαίνουσαι.
1498 4890 1668 4949 Πόθεν
1692 4892 1893 4964 ἑτέρω-

303 4977 416 5041 θεν,
445 4977 567 5031 εἰπέ
603 4994 729 5047 μοις
782 4976 916 5030 Ἀπὸ
948 4973 1044 5030 τοῦ
1098 4975 1397 5046 σχήματος,
1445 4974 1555 5028 ἀπὸ
1592 4972 1688 5030 τοῦ
1725 4974 1892 5046 βλέμ-

306 5078 505 5133 ματος,
531 5061 641 5115 ἀπὺ
673 5060 769 5115 τοῦ
818 5061 1173 5133 βαδίσματος,
1205 5056 1316 5113 ἀπὸ
1347 5057 1454 5112 τῶν
1494 5058 1743 5133 ἐραστῶν
1784 5057 1895 5113 τῶν

302 5130 677 5217 ἀλισκομένων
709 5130 956 5211 ταύταις.
985 5130 1200 5207 ήΚαλῶς
1247 5142 1345 5213 μὲν
1393 5144 1528 5214 ἡμῖν
1564 5130 1895 5214 ύπέγραψας

299 5228 394 5283 τὸν
434 5229 761 5301 χαρακτῆρα
795 5229 896 5302 τῆς
934 5227 1141 5299 πόρνης
1183 5225 1463 5295 γυναικός
1501 5225 1617 5279 ἀλλ’
1655 5226 1778 5296 ὅρα,
1818 5226 1893 5298 μή

302 5313 510 5383 σαυτὴν
542 5311 646 5384 πρὸ
676 5312 895 5384 ἐκείνης
915 5310 1049 5386 ἕλῃς
1077 5306 1292 5372 τούτοις
1317 5311 1432 5373 τοῖς
1453 5310 1776 5380 τεκμηρίοις
1801 5310 1896 5363 καὶ

299 5398 413 5459 τοῖς
454 5394 721 5466 ἐλέγχοιςο
754 5396 850 5450 καί
883 5394 993 5466 7&9
1024 5393 1088 5447 σὺ
1127 5391 1405 5466 τοιούτους
1446 5394 1619 5463 σαυτῇ
1665 5391 1894 5457 πολλοὺς

300 5460 735 5544 κατασκευάζεις
762 5460 1020 5551 ἐραστάς,
1053 5477 1148 5531 καὶ
1173 5460 1263 5530 διὰ
1290 5474 1400 5529 τῶν
1434 5460 1616 5533 αὐτῶν
1636 5476 1887 5530 δικτύων.

302 5561 366 5619 Εἰ
395 5562 453 5615 δέ
497 5562 572 5634 μὴ
608 5561 830 5616 ἵστασαι
870 5562 966 5615 ἐπὶ
1001 5560 1098 5614 τοῦ
1146 5560 1451 5631 οἰκήματος
1495 5557 1735 5612 καλοῦσα
1766 5559 1893 5622 τοὺς

299 5645 616 5717 παριόντας,
661 5645 777 5699 ἀλλ’
818 5644 964 5716 ἔχεις
1011 5642 1159 5697 ἔνδον
1203 5641 1731 5713 συγκεκλεισμένους
1774 5641 1891 5695 δια-

300 5728 501 5792 παντὸς
526 5728 660 5783 πολὺ
686 5726 1064 5800 χαλεπώτερον
1085 5726 1137 5787 ι),
1162 5726 1231 5780 δι’
1260 5727 1446 5797 ἕτερον
1478 5725 1575 5796 μὲν
1601 5725 1773 5790 οὐδὲν,
1803 5726 1890 5779 ἵνα

362 5848 387 5875 ³⁵
418 5846 586 5895 Mo'el.
612 5846 932 5904 διαϐάλλεται,
953 5844 1101 5893 SaVil.
1131 5843 1421 5892 διεϐάλλετο.

360 5904 391 5946 δ
418 5909 549 6020 ng?
576 5917 628 5958 el
651 5907 900 5972 distingue
926 5909 995 5957 sic
1129 5906 1397 5964 διαπαντὸς,
1420 5905 1446 5953 ὃ
1466 5906 1586 5954 πολὺ
1611 5907 1888 5969 χαλεπώτε-

360 5988 395 6020 ν.
437 5989 445 6000 ·
492 5984 553 6019 ιτ.

295 5985 395 6035 ρυν.
423 5984 553 6020 mur.

824 357 1017 430 QUOD
1054 355 1474 414 REGULARES
1506 355 1790 413 FEMIN/E
1830 356 2012 414 VIBIS
2048 357 2494 415 CUHABITABE
2526 357 2666 414 NON
2707 356 3049 415 DEBEANT.

1985 471 2041 525 δέ
2070 472 2262 545 ἡδονὴν
2294 471 2592 545 πληρώσῃς
2611 472 2813 527 ἀτοπον
2842 470 2940 543 τὴν
2970 466 3181 525 ἐκείνου
3204 469 3298 524 καὶ
3318 468 3417 540 τὴν
3439 487 3572 526 σου-

1982 548 2101 623 τῆς,
2128 556 2191 608 ού
2217 556 2317 625 τὴν
2337 555 2427 609 διά
2443 555 2545 625 τῆς
2568 553 2769 627 μίξεως
2799 553 2963 622 λέγω.
3002 552 3160 605 Ἀλλά
3188 552 3239 604 τί
3270 551 3329 606 τὸ
3352 547 3565 623 κέρεος,

1980 636 2111 691 ὅταν
2135 638 2230 692 καὶ
2260 640 2293 708 ἡ
2321 638 2411 692 διὰ
2434 638 2543 692 τῶν
2564 636 2864 708 ὀφθαλμῶν
2893 635 3150 690 συνουσία
3170 634 3233 688 τὸ
3256 634 3388 687 αὐτὸ
3410 634 3570 688 τοῦτο

1983 719 2321 791 ἐργάζηται;
2356 723 2551 776 ἐπειεί
2584 722 2659 793 μὴ
2689 720 2847 776 τοῦτό
2880 721 3025 784 ἐστι,
3049 719 3185 789 μηδέ
3217 720 3422 791 ταύτην
3448 735 3570 789 μοι·

1984 804 2173 874 χεύετε
2202 805 2301 877 τὴν
2333 806 2604 877 μοιχείαν,
2639 805 2787 869 τίνος
2820 804 3006 859 ἕνεκεν
3034 803 3196 857 αὐτὸν
3223 802 3369 874 ἔχεις
3396 801 3568 863 οἴκοι;

1985 887 2145 942 ποίαν
2179 888 2360 943 αἰτίαν
2381 889 2599 943 δικαίαν
2631 889 2728 943 καὶ
2754 888 2978 958 εὔλογον
3006 889 3140 959 ήμῖν
3167 889 3348 958 ἐρεῖς;
3384 887 3448 939 Ἠ
3471 886 3573 957 μὲν

1985 970 2092 1042 γὰρ
2121 972 2483 1045 γεγαμημένη
2510 972 2601 1026 τὸν
2624 972 2803 1044 γάμον
2829 974 2949 1042 ἐρεῖ
2973 983 3021 1036 ε,
3052 973 3085 1042 ἡ
3111 970 3169 1024 δὲ
3198 970 3573 1041 πορνευομένη

1985 1056 2084 1128 τὴν
2098 1055 2406 1126 ἀσέλγειαν·
2434 1058 2499 1111 σὺ
2522 1056 2603 1121 δέ,
2631 1059 2664 1129 ἡ
2689 1055 2977 1128 παρθένος,
2999 1054 3303 1129 ποίανήμῖν
3324 1054 3569 1125 προδαλῇ

1987 1140 2263 1210 πρόφασιν
2291 1140 2650 1211 εὐπρόσωπον
2680 1141 2775 1196 καὶ
2802 1141 3018 1196 δικαίαν
3035 1158 3058 1204 ;·

2053 1223 2118 1277 δ’.
2165 1224 2229 1276 Τί
2272 1224 2381 1293 7&9
2404 1224 2561 1278 τοῦτο
2582 1215 2947 1297 περιεργάζῃ,
2967 1223 3150 1295 φησιν,
3170 1223 3298 1277 ὅταν
3336 1223 3413 1294 μὴ
3442 1241 3573 1291 συγ.

1988 1306 2308 1371 καθεύδωσι,
2349 1308 2483 1379 μηδὲ
2520 1308 2891 1377 συγγένωνται
2928 1309 3063 1377 ἡμῖν
3093 1306 3143 1360 οἰ
3176 1305 3574 1371 συνοικοῦντες,

1987 1390 2240 1463 καθάπερ
2281 1391 2519 1455 ἐκείναις
2560 1392 2789 1456 ἑκεῖνοι;
2833 1390 3090 1445 Μάλιστα
3137 1389 3235 1460 μὲν
3278 1390 3373 1443 καὶ
3418 1390 3577 1444 τοῦ-επ.

1988 1475 2173 1529 πολλοὶ
2194 1474 2435 1543 λέγουσι.
2467 1475 2581 1528 K01
2606 1474 2659 1528 τί
2683 1473 2871 1538 τοῦτο;
2900 1473 3056 1545 φησί·
3085 1472 3229 1526 κατὰ
3250 1473 3349 1543 τῆς
3366 1474 3539 1528 ἐαυτιῖ
3551 1491 3577 1522 ν

1991 1556 2146 1631 [255]
2179 1557 2455 1628 κεφαλῆς.’
2494 1557 2561 1611 Εἰ
2602 1556 2704 1629 μὲν
2751 1557 2893 1610 κατά
2939 1556 3039 1626 τῆς
3084 1554 3294 1609 ἑαυτῶν
3335 1556 3577 1625 κεφαλῆς

1992 1641 2176 1718 μόνον,
2209 1640 2435 1713 ὕστερον
2477 1639 2639 1694 τοῦτο
2672 1640 2996 1713 ζητήσομεν.
3037 1638 3147 1692 K01
3186 1639 3287 1711 ἥδη
3326 1638 3426 1709 μὲν
3467 1640 3577 1709 γὰρ

1992 1723 2180 1794 σαφῶς
2203 1723 2605 1789 ἀποδέδεικται,
2633 1724 2800 1795 ἡνίκα
2822 1725 2939 1788 τοῖς
2952 1720 3179 1794 ἀνδράσι
3198 1721 3573 1793 διελεγόμεθα,

1989 1808 2072 1863 ὅτι
2119 1806 2218 1878 οὐχ
2259 1807 2311 1861 οἰ
2350 1805 2537 1871 κακῶς
2569 1805 2819 1875 λέγοντες
2869 1804 3050 1875 μόνον,
3096 1803 3233 1858 ἀλλά
3268 1805 3362 1858 καὶ
3398 1806 3450 1857 οἰ
3478 1805 3576 1869 τὰς

1988 1890 2170 1954 αἰτίας
2202 1889 2535 1961 παρέχοντες
2562 1889 2710 1961 εἰκῆ,
2749 1891 2848 1960 τῆς
2877 1888 2971 1941 ἐπὶ
3007 1889 3073 1959 τῇ
3111 1887 3420 1960 κατηγορίᾳ
3458 1904 3575 1940 κει-

1993 1973 2162 2044 μένης
2198 1973 2337 2026 εἰσὶν
2379 1971 2671 2027 ὑπεύθυνοι
2712 1970 3003 2043 τιμωρίας·
3059 1968 3198 2042 πλὴν
3241 1969 3378 2024 ἀλλὰ
3417 1969 3577 2022 τοῦτο

1993 2057 2092 2128 μέν
2122 2057 2217 2111 καὶ
2239 2051 2397 2116 αὖθις
2416 2055 2773 2128 ἀποδείξομεν
2798 2054 2982 2109 πάλιν·
3009 2054 3146 2119 τέως
3165 2054 3212 2108 δ’
3235 2049 3328 2109 οῦν
3358 2072 3417 2107 σε
3441 2054 3576 2126 ἐρω-

1994 2158 2091 2213 μαι
2127 2140 2227 2212 τῆς
2255 2141 2590 2212 ὁμοσκηνίας
2627 2140 2728 2210 τὴν
2773 2139 3051 2211 πρόφασιν
3092 2137 3317 2211 ταύτης,
3358 2138 3480 2192 τίνα
3508 2137 3576 2192 ἂν

1990 2225 2133 2297 ἔχοις
2159 2225 2353 2279 εἰπεῖν.
2404 2222 2661 2295 Ἀσθενής
2693 2224 2830 2293 εἰμι,
2859 2225 3014 2294 φησὶ,
3052 2222 3147 2277 καὶ
3179 2221 3338 2293 γυνὴ,
3363 2220 3460 2276 καὶ
3478 2222 3576 2293 οὐχ

1943 2368 1946 2370 ν
1994 2309 2151 2381 ἰκανὴ
2180 2308 2317 2380 μόνη
2343 2309 2461 2372 ταῖς
2490 2307 2703 2379 χρείαις
2737 2306 2970 2379 ἀρκέσαι
2998 2309 3119 2371 ταῖς
3153 2307 3420 2378 ἐμαυτῆς.
3465 2297 3573 2361 Κάὶ

1995 2393 2132 2465 μὴν,
2155 2392 2244 2446 ὅτε
2272 2393 2385 2455 τοῖς
2422 2389 2763 2444 συνοικοῦσιν
2792 2389 2920 2460 ὑμῖν
2951 2388 3340 2460 ἐνεκαλοῦμεν,
3377 2392 3576 2444 τάναν-

1990 2474 2082 2528 τία
2110 2473 2380 2543 λεγόντων
2411 2471 2704 2544 ἠκούομεν,
2742 2473 2824 2526 ὅτι
2853 2471 2943 2526 διὰ
2967 2472 3067 2544 τὴν
3095 2473 3274 2528 αὐτῶν
3296 2474 3577 2528 διακονίαν

1991 2559 2138 2629 ὑμᾶς
2169 2556 2482 2628 κατέχουσι.
2516 2556 2641 2620 Πῶς
2668 2550 2761 2611 οῦν
2793 2556 2852 2610 αί
2887 2556 2983 2610 καὶ
3026 2557 3153 2620 τοὺς
3196 2555 3398 2627 ἄνδρας
3442 2559 3577 2610 ἀνα-

1992 2643 2200 2695 παῦσαι
2245 2639 2541 2712 δυνάμεναι
2588 2642 2654 2694 ἐκ
2692 2639 3034 2711 περιουσίας,
3070 2640 3296 2705 ἑαυταῖς
3327 2641 3580 2710 γυναιξὶν

1990 2723 2180 2789 οῦσαις
2204 2724 2269 2778 οὺ
2306 2723 2601 2801 δυνήσεσθε
2638 2722 2875 2793 βοηθεῖν,
2900 2723 3019 2777 ἀλλ’
3048 2723 3253 2796 ἑτέρων
3283 2724 3577 2796 δεήσεσθε;

1992 2808 2263 2880 Καθάπερ
2307 2806 2418 2877 γὰρ
2459 2805 2618 2879 ἀνδρί
2659 2805 2821 2879 ἀνὴρ,
2867 2805 3013 2863 οὕτω
3057 2807 3154 2861 καὶ
3186 2808 3409 2877 γυναικὶ
3441 2808 3580 2879 γυνὴ

1998 2892 2129 2964 ῥᾷον
2167 2891 2264 2944 καὶ
2303 2888 2670 2962 εὐκολώτερον
2714 2892 3088 2962 συνοικήσειεν
3122 2892 3209 2945 ἄν’
3247 2893 3377 2947 ὅταν
3400 2892 3457 2946 δὲ
3488 2894 3582 2946 καὶ

1993 2975 2252 3046 ἀνδράσιν
2307 2973 2739 3045 ἐπιτηδειότεραι
2790 2973 2929 3044 πρὸς
2972 2974 3280 3045 ὑπηρεσίαν
3331 2975 3579 3046 γίνησθε.

1994 3055 2176 3128 πολλῷ
2204 3054 2404 3128 μᾶλλον
2438 3055 2566 3127 ύμῖν
2590 3056 2804 3119 αὐταῖς.
2842 3055 2953 3109 Ποῦ
2977 3057 3111 3127 7&9,
3148 3058 3270 3111 εἰπέ
3306 3075 3417 3128 μοι,
3447 3063 3582 3131 χρή-

1995 3159 2153 3213 σιμος
2179 3140 2274 3195 καί
2297 3139 2571 3208 ἀναγκαία
2591 3139 2786 3207 γένοιτ’
2812 3138 2879 3193 ἂν
2900 3141 2933 3210 ή
2955 3138 3049 3193 τοῦ
3076 3139 3268 3212 ἀνδρὸς
3286 3143 3543 3197 κοινωνία
3562 3161 3579 3210 ;

1994 3225 2152 3279 ποίαν
2176 3223 2233 3278 δέ
2266 3217 2420 3286 οὗτος
2450 3222 2578 3292 ὑμῖν
2611 3220 2835 3294 παρέξει
2865 3220 3229 3294 λειτουργίαν,
3260 3225 3327 3296 ἣν
3349 3229 3580 3294 γυναῖκα

1991 3309 2054 3365 ού
2073 3306 2299 3363 δυνατὸν
2318 3305 2539 3375 γυναικί
2558 3306 2888 3378 παρασχεῖνς
2923 3304 3069 3359 ἱστὸν
3096 3307 3297 3377 ὑφεῖναι
3321 3309 3461 3380 μετά
3484 3311 3578 3365 σοῦ

1995 3392 2088 3447 καὶ
2117 3393 2280 3463 νῆσαι
2309 3389 2517 3461 κρόκην
2556 3390 2653 3442 καὶ
2690 3389 2957 3460 στήμονα,
3004 3383 3160 3453 οὗτος
3191 3391 3291 3462 τῆς
3324 3393 3581 3460 γυναικὸς

1993 3474 2284 3547 δυνήσεται
2310 3471 2540 3543 μᾶλλον;
2574 3470 2685 3524 K01
2716 3471 2822 3542 μὴν
2848 3472 3159 3526 τούναντίον
3188 3474 3358 3530 ἐστίν.
3396 3475 3455 3530 ’0
3481 3476 3580 3546 μὲν

1995 3559 2124 3647 γάρ,
2163 3558 2272 3612 οὐδ’
2299 3555 2379 3647 ⁸ἀν
2418 3555 2599 3647 ἐθέλῃ,
2637 3557 3016 3647 μεταχειρίσαι
3049 3574 3107 3647 τι
3133 3557 3341 3614 τούτων
3377 3560 3487 3614 οὐδ’
3513 3560 3580 3616 ἂν

1994 3641 2224 3708 είσεται,
2257 3641 2399 3713 πλὴν
2427 3641 2478 3695 εἰ
2498 3642 2588 3712 μή
2620 3639 2716 3694 νῦν
2743 3640 2838 3695 καὶ
2862 3639 3019 3695 τοῦτο
3047 3642 3245 3707 αὐτοὺς
3278 3644 3585 3713 ἐδιδάξατε,

1994 3725 2131 3782 ἀλλὰ
2156 3726 2257 3796 τῆς
2282 3723 2541 3795 γυναικὸς
2576 3725 2748 3795 μόνης
2782 3725 2846 3779 τδ
2875 3724 3037 3796 ἔργον
3073 3725 3243 3781 ἐστίν.
3285 3727 3423 3782 Ἀλλ’
3454 3731 3583 3802 ίμάο

1992 3827 2109 3864 τιον
2138 3809 2356 3873 πλῦναι,
2389 3809 2485 3864 καὶ
2514 3808 2626 3881 πῦρ
2658 3808 2988 3876 ἀνακαῦσαι,
3036 3812 3130 3864 καὶ
3162 3811 3369 3884 χύτραν
3396 3815 3578 3883 ἑψεῖν;

1994 3893 2106 3947 K01
2138 3893 2244 3965 μὴν
2271 3891 2445 3948 ταῦτα
2474 3892 2576 3947 οὐκ
2598 3892 2841 3959 ἔλαττον,
2868 3892 3006 3948 ἀλλά
3028 3895 3124 3949 καὶ
3154 3894 3364 3964 βέλτιον
3389 3898 3581 3970 ἀνδρὸς

1994 3978 2130 4051 γυνὴ
2165 3976 2645 4049 μεταχειρίζεσθαι
2671 3976 2917 4033 δύναται.
2948 3976 3060 4032 Ποῦ
3085 3975 3180 4033 οὖν
3206 3997 3288 4033 σοι
3313 3982 3582 4052 χρήσιμος

1993 4064 2023 4117 ό
2043 4060 2205 4133 ἀνὴρ,
2230 4060 2354 4116 εἰπέ
2381 4079 2470 4132 μοι
2490 4078 2506 4128 ;
2528 4061 2655 4116 ὅταν
2676 4060 2973 4116 ἀποδόσθαι
3002 4079 3056 4116 τι
3077 4062 3170 4136 δέῃ
3193 4065 3288 4118 καὶ
3317 4066 3583 4138 πρίασθαι

1996 4145 2250 4208 πάντως;
2290 4143 2434 4196 Ἀλλ’
2456 4144 2577 4198 οὐδὲ
2607 4145 2845 4200 ἐνταῦθα
2868 4145 3092 4223 ἔλαττον
3117 4146 3229 4219 ἔχει
3258 4148 3353 4202 τοῦ
3388 4150 3582 4223 ἀνδρὸς

1994 4231 2030 4299 ή
2056 4227 2214 4298 γυνή·
2242 4227 2339 4280 καὶ
2367 4228 2773 4299 μαρτυρήσειεν
2803 4229 2869 4285 ἂν
2893 4232 2926 4301 ή
2953 4230 3150 4303 ἀγορὰ,
3180 4232 3276 4285 καί
3302 4234 3501 4299 πάντες
3525 4234 3583 4288 δὲ

1992 4312 2108 4365 ὅσοι
2146 4308 2339 4381 ἱμάτια
2377 4309 2636 4365 ὠνεῖσθαι
2678 4310 2981 4378 βούλονται,
3030 4313 3180 4386 παρά
3209 4318 3488 4385 γυναικῶν
3516 4320 3584 4375 τά

1995 4394 2168 4450 πλείω
2193 4393 2402 4448 τούτοιν
2432 4393 2753 4465 ὠνούμενοι.
2778 4396 2844 4450 Εἰ
2869 4396 2927 4449 δέ
2948 4397 3177 4467 αἰσχρὸν
3202 4400 3474 4471 παρθένον
3494 4405 3581 4457 ἐπ’

1993 4480 2201 4560 ἀγορᾶς
2230 4478 2453 4533 ἑστάναι
2479 4479 2576 4534 ἐπὶ
2604 4477 3015 4550 συναλλάγμασι
3059 4481 3346 4548 τοιρύτοις,
3393 4484 3582 4560 ὥσπερ

1993 4558 2090 4617 οῦν
2117 4561 2215 4617 καὶ
2242 4560 2490 4635 αἰσχρὸν,
2523 4561 2676 4633 πόσῳ
2721 4560 2922 4633 μᾶλλον
2964 4561 3065 4634 μὲν
3090 4563 3153 4617 τὸ
3185 4570 3455 4622 συνοικεῖν
3482 4558 3579 4622 ἀν)

1992 4645 2186 4717 δράσιν
2219 4645 2576 4718 αἰσχρότερον
2595 4662 2610 4707 ;
2637 4644 2789 4718 Πλὴν
2808 4645 2947 4701 ἀλλά
2971 4647 3067 4701 καὶ
3090 4647 3251 4703 τοῦτο
3274 4650 3337 4705 τὸ
3359 4651 3582 4708 ἔλαττον

1996 4728 2207 4784 ἐκείνου
2237 4729 2522 4799 διαφυγεῖν
2551 4728 2796 4785 δυνατόν·
2825 4730 2859 4803 ἢ
2892 4730 3003 4804 7&9
3035 4731 3170 4806 κόρῃ
3207 4736 3273 4806 τῇ
3303 4734 3582 4791 διακονου-

1997 4812 2156 4885 μένῃ,
2181 4812 2216 4885 ἢ
2246 4812 2511 4883 γραῖδίοις
2537 4814 2653 4877 τοῖς
2680 4813 2818 4886 πρὸς
2839 4814 3012 4873 ταῦτα
3034 4817 3365 4887 ἐπιτηδείοις
3389 4820 3449 4874 τὸ
3470 4823 3581 4877 πᾶν

1995 4896 2355 4969 ἐπιτρέψαιμι
2387 4897 2473 4952 ἀν·
2505 4897 2630 4952 ὅθεν
2654 4898 2838 4970 δῆλον,
2867 4900 2950 4953 ὅτι
2979 4901 3259 4971 πρόφασις
3281 4903 3455 4958 ταῦτα
3486 4907 3581 4960 καὶ

1995 4980 2197 5052 σκῆψίς
2218 4981 2325 5034 εἰσι
2347 4981 2440 5034 καὶ
2459 4980 2903 5054 προκαλύμματα
2922 4983 3228 5050 ἀσθενείας.
3256 4986 3423 5055 Ποίας
3444 5006 3581 5061 προ-

1992 5064 2330 5137 καλύμματα
2363 5063 2649 5131 ἀσθενείας
2669 5084 2684 5132 ;
2708 5066 2895 5139 φησίν.
2927 5068 2991 5121 Εἰ
3018 5068 3129 5140 7&9
3148 5070 3454 5143 ἐπεθύμουν
3481 5077 3577 5128 άν-

1992 5148 2118 5221 δρὸς
2143 5147 2237 5202 καὶ
2260 5148 2443 5220 γάμου
2469 5149 2684 5222 καὶτῆς
2708 5150 2966 5222 τοιαύτης
2987 5151 3289 5226 διαγωγῆς,
3316 5156 3396 5219 τίς
3422 5159 3451 5211 ό
3471 5175 3579 5212 κωο

1993 5230 2138 5286 λύων
2168 5225 2268 5304 ἦνς
2301 5232 2402 5287 οὐκ
2427 5232 2691 5303 ἐφικτὸν(1
2726 5233 2866 5305 μετά
2896 5237 3209 5308 παρρησίας
3228 5225 3392 5292 τοῦτο
3415 5241 3579 5313 ἐργά-

1996 5320 2217 5383 σασθαι,
2257 5314 2351 5371 καὶ
2381 5322 2520 5387 μήτε
2551 5317 2929 5390 προσκροῦσαι
2951 5319 3086 5390 Θεῷ,
3125 5323 3261 5393 μήτε
3301 5324 3452 5394 παρά
3484 5326 3579 5379 ἀν-

1995 5399 2231 5471 θρώπων
2259 5402 2687 5473 κατηγορεῖσθαι
2732 5404 2826 5457 καὶ
2870 5403 3283 5473 διαϐάλλεσθσις
3325 5410 3431 5462 Καὶ
3471 5410 3580 5481 γὰρ

1993 5483 2089 5537 καὶ
2121 5481 2233 5552 ἐγὼ
2270 5481 2431 5537 τοῦτό
2459 5501 2625 5556 φημι,
2662 5487 2757 5540 καὶ
2787 5488 2849 5540 ού
2876 5487 2942 5540 σὲ
2976 5487 3176 5557 μᾶλλον
3201 5490 3233 5560 ἦ
3270 5493 3378 5561 ἐμὰ
3404 5491 3580 5547 ταῦτά

1993 5569 2110 5622 ἐστι
2157 5567 2227 5622 τά
2271 5570 2512 5640 ῥήματα.
2557 5572 2625 5624 Ἦ
2665 5572 2775 5643 7&9
2825 5572 3038 5640 ἀνάγκη
3089 5576 3285 5637 εἰπεῖν,
3342 5576 3444 5628 ποῦ
3496 5593 3575 5631 σοι

1991 5650 2219 5723 τάνδρὸς
2246 5655 2279 5723 ή
2318 5654 2474 5727 χρεία
2506 5654 2706 5722 γένοιτ’
2736 5654 2803 5709 ἂν
2837 5655 3131 5723 ἀναγκαία,
3164 5658 3197 5729 ἤ
3230 5656 3388 5711 τοῦτο
3409 5660 3577 5725 δεῖξαι

1998 5734 2074 5806 μὴ
2116 5734 2457 5807 δυναμένην,
2504 5737 2810 5808 ἐκπέμπειν
2848 5738 2939 5793 τὸν
2978 5739 3333 5799 συνοικοῦνταΔ
3369 5742 3576 5808 κακῶς*

2060 5914 2081 5976 εξ
2106 5909 2256 5976 Snvi].
2280 5909 2361 5976 τον
2384 5909 2532 5976 γάμον
2557 5912 2656 5974 ἐςᾶ,
2685 5925 2964 5976 perperam.

2056 5970 2084 6011 ἀ
2110 5974 2260 6022 Sin“.
2288 5972 2373 6021 οὒκ
2398 5973 2567 6036 ἑῖἀῖτο.
