4060 6136
499 347 599 406 521

500 464 701 534 ἑτέρως
729 460 838 530 γάρ
864 474 921 511 σε
962 458 1337 529 ἀπαλλαγῆναι
1365 458 1466 529 τῆς
1496 456 1708 528 ῦϐρεως
1744 453 1951 526 ταύτης
1982 455 2081 508 οὑκ

501 551 601 601 ἔνι’
644 543 818 598 ταῦτα
862 542 993 611 γὰρ,
1034 539 1179 612 άπερ
1210 540 1371 613 ἔφης,
1404 542 1527 611 οὐχὶ
1562 539 1631 593 σά
1667 538 1868 610 μᾶλλον
1909 537 1941 609 ἡ
1974 538 2083 590 τῶν

501 630 641 697 ὑπὲρ
668 626 769 695 τῆς
801 625 901 695 σῆς
939 624 1328 696 ἀσχημοσύνης
1366 625 1677 693 ἀλγούντων
1723 621 1894 674 ἐστίν.
1934 620 2083 674 Ἔδει

508 713 608 783 μὲν
648 707 761 775 οὖν,
809 712 859 763 εί
886 711 982 763 καὶ
1026 712 1285 782 μυριάκις
1330 711 1601 781 χρήσιμος
1639 704 1708 779 ἦν
1761 710 1790 779 ἡ
1841 707 2085 761 διακονία

501 795 747 868 τάνδρὸς,
807 795 929 866 μηδ⁴
969 794 1142 858 οὑτως
1187 795 1359 866 αὑτὴν
1416 793 1555 865 μετά
1600 792 1869 863 τοσαύτης
1916 809 2087 863 προσ-

507 881 685 936 ίεσθαι
732 880 832 950 τῆς
875 878 1159 949 λοιδορίας·
1223 879 1350 931 ὅταν
1404 877 1512 949 γάρ
1562 880 1596 949 ἡ
1629 876 1724 932 τοῦ
1760 876 1896 930 Θεοῦ
1934 875 2087 946 ὑϐρί-

504 966 667 1036 ζηται
715 963 863 1030 δόξα,
922 961 1163 1033 μηδεμία
1209 960 1383 1026 οὕτως
1429 961 1571 1015 ἔστω
1611 962 1885 1033 πρόφασις
1917 961 2087 1028 ἀναγ-

504 1050 658 1113 καία,
701 1049 777 1112 ὡς
819 1048 1005 1100 πεῖσαι
1034 1044 1287 1100 τοσοῦτον
1316 1047 1485 1100 κακὸν
1522 1047 1792 1118 παριδεῖν.
1834 1047 1947 1100 Καὶ
1978 1044 2085 1117 γάρ

505 1135 554 1185 εί
599 1132 856 1204 μυριάκις
890 1128 1180 1183 ἀποθανεῖν
1214 1131 1312 1201 τῆς
1338 1131 1552 1202 ἡμέρας
1595 1131 1734 1200 ὑπὲρ
1768 1129 1862 1182 τοῦ
1895 1131 1969 1202 μὴ
1995 1144 2088 1198 γε-

505 1216 693 1271 νέσθαι
722 1214 879 1268 τοῦτο
907 1211 1217 1286 προύκειτο,
1256 1214 1394 1285 μετὰ
1427 1213 1629 1284 πολλῆς
1663 1211 1814 1285 1256]
1855 1212 1962 1266 ἔδει
1991 1212 2090 1283 τῆς

503 1301 700 1373 ἡδονῆς
723 1300 1013 1368 ὑπομεῖναι
1038 1296 1216 1373 τοῦτο,
1252 1300 1382 1369 μὴτι
1416 1314 1481 1367 γε
1516 1296 1876 1359 ἀναπαύσεως
1904 1295 2090 1373 ἕνεκεν

504 1370 602 1438 καὶ
638 1370 911 1451 κοσμικῆς
955 1379 1145 1452 χρείας
1180 1370 1434 1434 τοσοῦτον
1478 1380 1856 1452 παραδραμεῖν
1897 1370 2086 1435 κακόν.

508 1470 775 1523 ’Ἄκουσον
804 1464 937 1536 γοῦν
968 1463 1087 1529 πῶς
1118 1465 1251 1519 αὐτὸ
1273 1464 1509 1517 δέδοικεν
1539 1465 1568 1517 6
1602 1462 1815 1526 Παῦλος
1844 1464 1939 1516 καὶ
1968 1463 2094 1534 τρέ-

509 1569 622 1622 μει,
652 1551 750 1605 καὶ
783 1550 841 1615 ἐξ
877 1549 1010 1620 ὅσης
1048 1549 1149 1618 τῆς
1183 1547 1524 1619 περιουσίας.
1574 1538 1778 1600 Καξῖόν
1824 1547 1933 1617 γάρ
1965 1563 2089 1616 μοι,

505 1635 691 1705 φησὶν,
714 1631 1060 1691 ἀποθανεῖν,
1080 1630 1117 1697 ἣ
1142 1631 1207 1684 τὸ
1229 1629 1511 1698 καύχημά
1529 1646 1648 1698 μου
1679 1628 1781 1681 ἵνα
1803 1645 1893 1694 τις
1923 1628 2096 1681 κενώ-

504 1735 608 1785 σῃ.
641 1711 774 1768 Εἶτα
807 1716 1011 1776 ἐκεῖνος
1043 1713 1161 1783 μὲν,
1193 1713 1281 1767 ἵνα
1325 1711 1400 1782 μὴ
1431 1709 1642 1780 κενωθῇ
1673 1709 1837 1762 αὑτοῦ
1866 1709 1928 1762 τὸ
1957 1710 2091 1763 καύ-

504 1816 680 1871 χημα,
716 1796 1008 1850 ἀποθανεῖν
1039 1794 1242 1848 είλετοο
1276 1796 1438 1866 ἡμεῖς
1477 1793 1535 1846 δὲ
1583 1793 1670 1846 ἵνα
1702 1788 1974 1847 σκάνδαλα
2001 1794 2095 1847 άν-

504 1883 735 1952 ἐλωμεν,
764 1878 884 1937 οὐδὲ
944 1880 1143 1950 μικρᾶς
1189 1875 1642 1950 καταφρονοῦμεν
1691 1875 1967 1942 ἀνέσεως;
2002 1877 2096 1930 καὶ

499 1965 624 2028 πῶς
677 1962 1020 2035 δυνησόμεθα
1077 1961 1315 2032 σωθῆναί
1368 1976 1530 2025 ποτε;
1589 1960 1783 2014 Καίτοι
1833 1960 1933 2013 οὑκ
1983 1959 2096 2015 ἴσον

504 2048 675 2111 ἐστὶν,
702 2047 823 2101 οὑδὲ
853 2046 997 2100 κατὰ
1028 2044 1223 2116 μικρὸν
1252 2044 1441 2113 ἐγγὺς,
1467 2042 1745 2114 ἐγκωμίου
1778 2060 1837 2096 τε
1866 2043 2099 2097 ἀποστε-

507 2132 741 2203 ρηθῆναι
769 2129 862 2182 καὶ
884 2128 1190 2199 κατηγορίᾳ
1221 2128 1558 2197 περιπεσεῖν.
1579 2126 1816 2189 Ἐκεῖνος
1843 2127 1940 2196 μὲν
1963 2126 2094 2198 γὰρ,

504 2218 554 2267 εἰ
604 2216 698 2269 καὶ
730 2214 888 2267 τοῦτο
914 2212 1152 2281 ἐγένετο,
1182 2211 1281 2264 οὑκ
1316 2210 1383 2264 ἂν
1426 2208 1802 2281 προσέκρουσε
1837 2209 1916 2280 τῷ
1940 2209 2060 2279 Θεῷ
2081 2227 2095 2239 ·

506 2298 669 2362 αὐτὸς
704 2297 815 2369 γὰρ
836 2294 987 2367 αὐτῷ
1021 2294 1353 2367 προσέταξεν
1377 2295 1442 2346 ἐκ
1474 2292 1567 2346 τοῦ
1597 2290 1932 2360 Εὑαγγελίου
1963 2293 2092 2364 ζῇν·

504 2383 619 2435 ἀλλ’
646 2383 795 2452 ὅμως
828 2382 1017 2453 ᾑρεῖτο
1052 2379 1252 2449 μᾶλλον
1283 2377 1574 2431 ἀποθανεῖν
1609 2377 1641 2446 ἢ
1678 2376 1737 2430 τὸ
1766 2377 2099 2450 κατόρθωμα

505 2466 797 2539 προδοῦναι
823 2456 846 2497 θ’
888 2467 1051 2536 ἡμεῖς
1101 2462 1159 2516 δέ
1204 2461 1274 2514 τὰ
1320 2459 1774 2533 προστεταγμένα
1818 2462 2098 2532 πανταχοῦ

505 2550 885 2621 ταράττοντες,
938 2546 1030 2600 καὶ
1070 2545 1273 2607 εἰδότες
1300 2545 1383 2598 ὅτι
1419 2544 1684 2615 μεγίστην
1725 2545 1866 2617 ὑπὲρ
1893 2545 2101 2599 τούτων

505 2633 730 2704 τίσομεν
756 2633 936 2702 δίκην,
968 2630 1089 2683 οὑδέ
1125 2627 1418 2699 συνηθείας
1453 2628 1687 2699 ἀκαίρου
1745 2630 1839 2683 καὶ
1885 2628 2101 2700 ψυχρᾶς

507 2715 781 2784 ὑπεριδεῖν
814 2711 1152 2783 ἀνεχόμεθα;
1188 2711 1282 2763 καὶ
1312 2711 1396 2774 τίς
1417 2711 1552 2781 ἡμῖν
1578 2710 1732 2764 ἔσται
1769 2710 2097 2781 συγγνώμη;

512 2797 660 2853 Ἔδει
692 2797 790 2866 μὲν
821 2791 935 2859 οῦν,
971 2795 1109 2865 ὅπερ
1143 2792 1317 2863 ἔφθην
1345 2788 1541 2857 εἰπὼν,
1577 2795 1626 2846 εί
1656 2793 1752 2846 καὶ
1782 2793 1953 2865 ἄνδρα
1999 2794 2098 2864 μό-

507 2900 596 2936 νον
622 2881 676 2933 αί
706 2878 900 2932 πολλαὶ
924 2876 1032 2930 τῶν
1060 2875 1261 2949 χρειῶν
1285 2873 1607 2947 ἐπεζήτουν,
1631 2875 1868 2948 τοσαύτη
1903 2876 1960 2930 δὲ
1993 2876 2101 2930 ἀπὸ

507 2964 603 3017 τοῦ
634 2962 957 3034 πράγματος
991 2960 1236 3013 ἐτίκτετο
1264 2957 1442 3030 ὕϐρις,
1476 2958 1693 3014 ἑλέσθαι
1728 2959 1931 3030 μᾶλλον
1965 2960 2101 3013 ἀπο-

507 3051 711 3113 θανεῖν,
739 3045 772 3116 ἣ
798 3045 955 3099 τοῦτο
991 3042 1283 3114 γενόμενον
1326 3042 1587 3113 περιιδεῖν
1606 3057 1622 3071 ·
1650 3044 1778 3097 ὅταν
1806 3043 1862 3096 δέ
1891 3043 1985 3096 καὶ
2012 3041 2102 3096 διὰ

507 3130 768 3202 γυναικὸς
791 3126 1157 3199 εὐκολώτερον
1245 3127 1339 3179 καὶ
1367 3126 1566 3196 ῥᾷστον
1593 3127 1769 3181 πάντα
1792 3125 1996 3192 ἀνύειν,
2018 3126 2102 3188 τίς

508 3218 640 3286 ὑμῖν
666 3213 817 3268 ἔσται
839 3211 1139 3282 συγγνώμη
1163 3210 1567 3279 θρυπτομέναις
1595 3209 1759 3272 οὑτω,
1784 3210 1879 3263 καὶ
1905 3212 1985 3273 εἰς
2003 3208 2103 3280 τὴν

507 3298 782 3369 ὑμετέραν
813 3293 1224 3366 ἐνυϐριζούσαις
1253 3291 1562 3364 σωτηρίαν;
1592 3292 1729 3346 Εἰπὲ
1752 3293 1816 3364 δή
1847 3293 2104 3363 μοι,δταν

510 3399 594 3435 σοι
646 3379 819 3435 ταῦτα
866 3381 1072 3442 ἐκεῖνος
1109 3377 1342 3451 παρέχῃ,
1402 3377 1462 3430 οὑ
1509 3376 1810 3448 παρέξειςο
1839 3376 1962 3430 τινὰ
2011 3377 2106 3430 καὶ

509 3465 650 3537 αὑτὴ
693 3464 970 3518 διακονίαν
1015 3460 1198 3531 αὑτῷ;
1234 3461 1406 3514 Παντί
1440 3477 1546 3513 που
1578 3459 1758 3530 δῆλον.
1798 3459 1910 3514 Καὶ
1953 3460 2106 3530 πόσῳ

513 3544 722 3619 βέλτιον
750 3548 888 3617 μήτε
909 3545 1234 3600 ἀντιδιδόναι
1257 3545 1326 3598 τὰ
1350 3544 1593 3607 τοιαῦτα,
1616 3546 1751 3615 μήτε
1773 3544 2108 3615 ἀντιλαμϐά-

511 3648 643 3693 νειν,
674 3628 810 3683 ἀλλά
837 3629 927 3681 τὸν
953 3627 1145 3699 καιρὸν
1166 3627 1277 3681 τῶν
1304 3628 1504 3691 πόνων,
1529 3628 1590 3681 δν
1619 3629 1700 3691 είς
1728 3626 1825 3698 τὴν
1858 3627 2108 3681 ἀνάπαυ-

516 3731 601 3766 σιν
635 3712 949 3774 ἀναλίσκεις
983 3710 1218 3775 ἐκείνου,
1244 3710 1434 3763 τοῦτον
1460 3712 1539 3772 είς
1564 3709 1662 3780 τὴν
1692 3710 1897 3781 σαυτῆς
1929 3710 2107 3764 δαπα-

515 3799 634 3868 νᾷν,
666 3796 699 3867 ἢ
723 3795 1082 3868 χαλεπώτερα
1119 3794 1462 3864 πονουμένην
1489 3793 1568 3847 ἔτι
1601 3794 1696 3847 καὶ
1724 3794 2108 3865 καταισχύνειν

513 3881 712 3952 ἑαυτῆς
740 3878 838 3951 τὴν
877 3878 1180 3950 ὑπόληψιν;
1225 3878 1364 3931 Ἀλλ’
1387 3878 1644 3949 οὐδεμίαν
1673 3876 1822 3948 αὐτῷ
1846 3877 2106 3949 παρέχεις

514 3964 810 4025 διακονίαν.
886 3962 1098 4017 Οὐκοῦν
1161 3961 1325 4014 αὑτὸν
1379 3960 1528 4031 αὑτῷ
1580 3960 1758 4014 πάντα
1815 3962 2108 4032 ὑπηρετεῖν

514 4048 751 4118 ἀνάγκη,
767 4047 860 4100 καὶ
886 4045 1240 4118 στρωννύναι,
1262 4044 1355 4097 καὶ
1375 4044 1543 4111 ἐφεῖν,
1565 4044 1657 4096 καὶ
1674 4044 1785 4116 πῦρ
1804 4044 2106 4110 ἀνακαίειν,

515 4133 610 4184 καὶ
638 4131 707 4184 τὰ
734 4130 870 4184 ἄλλα
897 4130 962 4201 δὴ
987 4129 1058 4182 τὰ
1093 4128 1320 4182 τοιαῦτα
1357 4129 1551 4181 ποιεῖν.
1585 4127 1773 4182 Ταῦτα
1807 4128 1865 4183 δὲ
1906 4128 2015 4181 οὐδ’
2041 4129 2109 4182 ἂν

515 4214 736 4284 οἰκέτης
766 4214 1055 4283 ἀνάσχοιτο
1087 4212 1254 4282 μηδὲν
1288 4210 1441 4283 παρά
1461 4209 1556 4264 τοῦ
1575 4210 1838 4264 δεσπότου
1867 4212 2110 4283 καρπού-

521 4313 684 4367 μενος
734 4297 1047 4367 ὑπηρετεῖν.
1067 4294 1205 4349 ’Δλλ’
1237 4287 1393 4358 οὗτος
1431 4294 1684 4365 ἀνέχεται
1724 4295 1922 4357 πάντα,
1950 4295 2105 4366 φησὶ,

516 4381 605 4435 διὰ
639 4383 728 4434 τὸν
766 4380 861 4433 τοῦ
896 4378 1033 4433 Θεοῦ
1086 4380 1270 4449 φόϐον,
1305 4380 1399 4433 καὶ
1441 4379 1534 4430 τὸν
1575 4377 1934 4448 ἀποκείμενον
1969 4378 2108 4449 ὑπὲρ

515 4469 614 4538 τῆς
646 4465 920 4530 διακονίας
950 4463 1156 4535 ταύτης
1181 4462 1391 4536 μισθὸν,
1421 4462 1516 4515 καὶ
1536 4462 1696 4535 χάριν
1719 4460 1923 4514 εἴσεται
1942 4461 1971 4501 1³
1992 4462 2111 4514 ἐπι-

520 4551 876 4622 ταττόμενος,
911 4548 1048 4621 πρὸς
1081 4548 1142 4608 τὸ
1173 4547 1337 4619 μηδὲν
1369 4544 1715 4615 καρποῦσθαι
1763 4544 1893 4616 παρ’
1927 4544 2106 4616 ἡμῶν.

522 4634 692 4689 Πόθεν
738 4631 833 4688 οῦν
875 4632 1063 4687 λοιπὸν
1104 4631 1458 4703 ἐμφράξομεν
1483 4628 1552 4682 τὰ
1584 4629 1692 4684 τῶν
1737 4628 2111 4699 ἀναισχύντων

525 4720 805 4789 στόματα;
846 4717 911 4770 Εἰ
953 4715 1062 4787 γὰρ
1104 4715 1377 4787 τοσαύτην
1423 4712 1573 4784 αὑτῷ
1614 4715 1909 4785 μαρτυρεῖς
1955 4711 2112 4766 εὐλά-

526 4802 698 4868 ϐειαν,
722 4803 816 4855 καὶ
840 4799 984 4854 οὑτω
1010 4800 1203 4873 τρέμει
1229 4800 1324 4853 καὶ
1345 4798 1550 4853 δέδοικε
1569 4795 1662 4850 τοῦ
1686 4795 1821 4850 Θεοῦ
1843 4794 1914 4850 τά
1942 4813 2111 4869 προσ-

524 4886 797 4955 τάγματα,
816 4884 892 4949 ὡς
919 4883 1254 4953 ἀνδραπόδου
1285 4884 1487 4946 παντὸς
1517 4880 1893 4950 εὐτελέστερον
1922 4879 2112 4933 ἐαυτὸν

522 4968 777 5039 καθορᾷν,
805 4969 901 5021 καὶ
935 4968 1112 5022 πάντα
1138 4965 1466 5038 ὑφίστασθαι
1521 4965 1686 5036 μηδὲν
1732 4962 2112 5035 καρπούμενον

525 5049 677 5121 παρά
703 5049 819 5115 σοῦ,
845 5051 953 5123 πρὸ
980 5050 1199 5116 πάντων
1240 5048 1447 5115 τούτων
1492 5048 1593 5118 τῆς
1641 5047 1800 5117 δόξης
1829 5047 1989 5101 αὑτὸν
2022 5048 2114 5100 καὶ

522 5134 623 5204 τῆς
663 5133 939 5204 εὐφημίας
982 5133 1090 5187 ἔδει
1124 5132 1409 5205 φροντίσαι
1436 5129 1530 5184 τοῦ
1558 5130 1695 5184 Θεοῦ
1719 5148 1732 5160 ·
1776 5130 1873 5184 νῦν
1917 5130 1975 5184 δέ
2012 5131 2114 5183 οὐκ

524 5218 606 5273 ἔτι
652 5217 754 5287 τῆς
795 5217 967 5288 αὑτῆς
993 5216 1173 5288 ψυχῆς
1205 5215 1340 5287 ὁμοῦ
1374 5208 1479 5270 καῖ’
1503 5213 1643 5267 κατά
1673 5213 1765 5266 τὸν
1792 5214 1957 5267 αὑτὸν
1989 5214 2115 5286 χρό-

522 5319 612 5355 νον
645 5300 913 5373 τοσαύτην
945 5299 1118 5354 πειθώ
1152 5317 1212 5352 τε
1243 5299 1338 5352 καὶ
1377 5295 1682 5369 ὑπεροψίαν
1708 5296 2113 5351 ἐπιδείκνυσθαι

524 5385 653 5456 περί
703 5385 771 5439 τά
817 5385 1218 5456 προστάγματα
1260 5381 1354 5436 τοῦ
1391 5380 1551 5444 Θεοῦ,
1592 5380 1687 5434 καὶ
1718 5378 1812 5434 νῦν
1846 5381 1944 5451 μὲν
1973 5381 2116 5435 αὑτά

522 5471 766 5541 τρέμειν,
790 5467 884 5523 νῦν
908 5467 966 5521 δὲ
994 5467 1201 5540 μηδένα
1220 5465 1376 5535 λόγον
1401 5462 1670 5519 ποιεῖσθαι
1692 5462 1858 5517 αὑτοῦ
1878 5464 1973 5518 τοῦ
1995 5464 2115 5519 θέν-

522 5569 614 5617 τος
642 5553 769 5617 τους
800 5552 999 5624 νόμους
1034 5551 1411 5622 ὑϐριζομένου.
1435 5548 1509 5603 Τὸ
1544 5546 1644 5619 μὲν
1664 5546 1773 5617 γὰρ
1801 5547 1996 5619 ἡδονῆς
2018 5565 2116 5603 κα-

525 5636 845 5711 θαρεύοντα,
868 5638 964 5691 καί
997 5635 1164 5708 μηδὲν
1192 5634 1331 5699 ὅλως
1359 5631 1698 5706 ἀνθρώπινον
1720 5631 1998 5703 πάσχοντα
2019 5632 2113 5685 κός

599 5828 795 5913 Ζὲἲῖἐλ
818 5828 1048 5891 παρέξεις»
1071 5823 1252 5886 absque
1279 5824 1540 5887 negatione
1568 5821 1642 5885 οὐ,
1672 5821 1759 5870 sed
1786 5823 1961 5870 eodem
1985 5818 2112 5870 redit

532 5892 794 5938 sem/enus.

596 5940 626 5989 δ
648 5946 796 5996 Sani].
821 5946 954 6008 χάριν
971 5947 1217 6009 ἡγήσεται.

1101 342 1158 399 S.
1195 337 1483 399 JOANNIS
1516 336 2009 396 CHRYSOSTUMI
2049 335 2366 395 ARCHIEP.
2409 336 2955 397 CONS'I‘ANTINOP.

3670 333 3783 397 ἔξω

2190 454 2441 523 πτεσθαι,
2469 458 2564 510 καὶ
2584 456 3072 528 ταλαιπωρεῖσθαι,
3102 454 3196 508 καλ⁵
3230 454 3523 508 ταπεινοῦν
3556 454 3781 522 ἑαυτὸν,

2188 538 2282 592 καὶ
2308 540 2421 602 τοῖς
2446 540 2668 603 οίκείοις
2686 539 2908 611 μόχθοις
2929 538 3136 610 ἑτέροις
3165 536 3613 608 παρασκευάζειν
3645 539 3780 593 ἀνά-

2187 638 2409 686 παυσιν,
2445 623 2733 692 φιλοσόφου
2763 621 2967 693 σφόδρα
2985 621 3162 692 ψυχῆς
3202 622 3298 674 καὶ
3346 620 3738 692 ἐπτερωμένης
3762 637 3778 650 ·

2185 704 2247 760 τὸ
2278 706 2334 759 δὲ
2361 705 2437 777 μὴ
2467 706 2707 779 ὑϐρίζειν
2730 708 2813 769 εἰς
2837 707 2937 776 τὴν
2958 705 3052 760 τοῦ
3074 706 3208 759 Θεοῦ
3239 705 3415 771 δόξαν,
3444 704 3576 775 μηδὲ
3600 705 3783 758 ταῦτα

2188 791 2383 853 ποιεῖν,
2423 788 2491 841 δι’
2521 784 2596 843 ὧν
2635 789 2700 843 ἂν
2725 788 3145 861 βλασφημηθείη
3178 786 3327 860 [257]
3359 787 3511 858 παρὰ
3537 787 3778 847 πολλῶν,

2187 872 2281 924 καὶ
2322 871 2430 925 τῶν
2474 873 2534 925 οὑ
2568 872 2772 944 σφόδρα
2821 873 3072 944 μεγάλων
3118 872 3305 926 πολλοὶ
3353 870 3777 943 κατωρθώκασι.

2189 954 2312 1019 Πῶς
2344 953 2437 1008 οὖν
2472 973 2555 1009 σοι
2594 956 2975 1027 πιστεύσομεν,
2999 957 3082 1009 ὅτι
3104 955 3262 1009 τοῦτο
3288 955 3378 1008 διὰ
3408 956 3499 1011 τὸν
3524 955 3662 1007 Θεὸν
3685 955 3782 1006 καί

2187 1039 2281 1093 τὸν
2316 1040 2419 1111 τῆς
2451 1041 2738 1112 ἀσκήσεως
2767 1041 2918 1096 τόνον
2954 1043 3147 1104 ποιεῖς,
3178 1040 3206 1092 6
3243 1038 3486 1110 μεγάλης
3519 1040 3617 1091 καὶ
3651 1054 3780 1092 vsa-

2190 1122 2345 1193 νικῆς
2374 1124 2543 1177 δεῖται
2572 1123 2773 1195 ψυχῆς,
2798 1124 2928 1178 ὅταν
2955 1126 3153 1188 ἐκεῖνο,
3185 1124 3323 1192 ὅπερ
3357 1121 3638 1184 ἐλάττονός
3663 1123 3778 1173 ἐστι

2190 1206 2286 1260 καὶ
2332 1207 2432 1278 τῆς
2475 1208 2765 1278 τυχούσης,
2795 1208 3074 1279 ὑπερορᾷν
3114 1207 3216 1260 οὑκ
3244 1205 3451 1277 ἀνέχῃ;
3491 1203 3613 1258 Οὐδ’
3644 1205 3782 1256 ἀπο-

2193 1293 2383 1362 στῆναι
2428 1289 2647 1355 τούτων.
2677 1291 2902 1355 ἐθέλεις,
2933 1291 2992 1355 ἐξ
3025 1284 3100 1344 ὧν
3133 1292 3161 1343 6
3185 1289 3318 1351 Θεὸς
3352 1288 3654 1361 ὑϐρίζεται,
3685 1289 3784 1339 καὶ

2191 1376 2253 1428 τὸ
2285 1373 2446 1445 σῶμα
2480 1375 2573 1427 καὶ
2604 1374 2781 1428 πάντα
2813 1373 3077 1445 προδίδως
3111 1372 3250 1443 ὑπὲρ
3284 1371 3390 1424 τῶν
3435 1372 3510 1442 μὴ
3561 1370 3784 1423 δοκούν-

2191 1476 2300 1511 των
2320 1470 2341 1498 ε
2379 1457 2561 1529 αὑτῷ;
2590 1459 2701 1512 Καὶ
2725 1458 2809 1521 τίς
2846 1457 2913 1511 ἂν
2937 1456 3111 1510 ταῦτα
3138 1455 3423 1526 πεισθῆναι
3451 1448 3743 1520 ἀνάσχοιτο
3765 1470 3779 1516 ;

2206 1542 2367 1596 Ἀλλά
2386 1543 2496 1615 γὰρ
2522 1544 2621 1597 οὑκ
2647 1538 2766 1596 οἶδα
2788 1541 2906 1603 πῶς
2922 1540 3030 1594 ἀπὸ
3055 1540 3163 1593 τῶν
3194 1538 3479 1610 παρθένων
3500 1538 3638 1608 πρὸς
3657 1538 3783 1599 τοὺς

2195 1625 2577 1689 συνοικοῦντας
2609 1624 2798 1690 αὑταῖς
2825 1623 3017 1693 ἐξέϐην
3038 1640 3049 1653 ·
3087 1622 3166 1676 διὸ
3184 1621 3250 1693 δὴ
3274 1621 3436 1675 πάλιν
3458 1622 3593 1693 πρὸς
3615 1619 3783 1683 αὑτὰς

2196 1710 2478 1763 ἐπανιτέον
2508 1706 2660 1781 ἡμῖν.

2264 1883 2325 1932 ε’.
2362 1876 2532 1932 Πόθεν
2550 1873 2644 1933 οῦν
2671 1880 2796 1943 τοὺς
2816 1879 2989 1932 ταῦτα
3017 1875 3454 1948 κατηγοροῦντας
3477 1875 3574 1928 καὶ
3600 1874 3784 1929 συλλο-

2194 1960 2514 2032 γιζομένους
2539 1963 2702 2032 ἡμεῖς
2728 1961 3071 2033 δυνησόμεθα
3102 1964 3285 2015 πεῖσαι
3310 1976 3324 2026 ;
3371 1961 3482 2014 Καὶ
3505 1960 3579 2030 μὴ
3602 1960 3784 2012 πειθέο

2198 2042 2435 2107 σθωσαν,
2467 2044 2621 2115 φησί.
2654 2044 2766 2098 Καὶ
2789 2043 2893 2097 ποῦ
2917 2044 3077 2098 τοῦτο
3113 2044 3294 2115 ψυχῆς
3336 2043 3636 2107 εὑλαϐοῦς;
3665 2040 3785 2095 Τῶν

2197 2125 2306 2198 γάρ
2353 2126 2540 2191 κακῶς
2593 2126 2863 2196 λεγόντων
2907 2128 3029 2181 τότε
3079 2127 3184 2198 χρὴ
3232 2130 3619 2198 καταφρονεῖν,
3659 2127 3786 2179 ὅταν

2198 2210 2359 2280 ἡμεῖς
2386 2210 2567 2274 αὐτοῖς
2603 2212 2677 2282 μὴ
2708 2211 3036 2283 παρέχωμεν
3066 2210 3237 2274 λαϐάς
3261 2226 3273 2238 ·
3312 2210 3512 2281 μᾶλλον
3564 2209 3623 2262 δὲ
3666 2208 3787 2263 οὐδὲ

2196 2293 2339 2357 τότε,
2375 2293 2594 2347 ἐπειδὰν
2637 2293 2924 2364 δυνώμεθα
2973 2293 3348 2365 ἐπιστομίζειν
3384 2292 3582 2356 αὑτούς
3607 2310 3619 2322 ·
3659 2293 3787 2345 ὅταν

2195 2376 2254 2430 δὲ
2285 2376 2345 2442 ἐξ
2374 2377 2531 2448 ἡμῶν
2558 2377 2778 2448 γίνηται
2810 2378 2872 2431 τὸ
2901 2380 3028 2444 πᾶν,
3057 2378 3151 2431 ἐπὶ
3187 2378 3288 2448 τὴν
3326 2377 3603 2448 ἡμετέραν
3634 2378 3785 2446 στρέ-

2202 2477 2360 2530 φεται
2386 2460 2631 2533 κεφαλὴν
2658 2462 2807 2515 ἅπαν
2831 2461 2891 2513 τὺ
2931 2459 3063 2532 πῦρ.
3093 2460 3257 2513 Οὕτω
3282 2462 3389 2529 γάρ
3421 2458 3788 2529 ἁμαρτάνον-

2200 2561 2320 2612 τες,
2346 2545 2531 2617 φησὶν,
2566 2547 2654 2610 εις
2683 2545 2825 2611 τοὺς
2853 2543 3176 2613 ἀδελφοὺς,
3209 2544 3309 2598 καὶ
3338 2545 3667 2609 τύπτοντες
3684 2545 3789 2597 αὑ-

2198 2626 2320 2682 τῶν
2366 2628 2482 2696 τὴν
2525 2630 2891 2695 συνείδησιν
2928 2626 3339 2690 ἀσθενοῦσαν,
3394 2629 3481 2693 είς
3532 2628 3788 2696 Χριστίν

2198 2709 2582 2780 ἁμαρτάνετε.
2615 2710 2769 2781 ’ᾙδει
2794 2710 2923 2783 γάρ,
2955 2711 3072 2781 ᾔδει
3124 2711 3333 2781 σαφῶς,
3367 2711 3451 2764 ὅτι
3497 2711 3598 2766 οὐκ
3630 2712 3791 2781 ἀρκεῖ

2200 2794 2337 2867 πρὸς
2370 2794 2668 2862 ἀπολογίαν
2701 2796 2831 2865 ἡμῖν
2879 2797 2912 2865 ἡ
2957 2794 3064 2848 τῶν
3095 2794 3487 2867 πληττομένων
3511 2796 3785 2857 ἀσθένεια,

2199 2877 2314 2929 ἀλλ’
2346 2878 2476 2931 αὐτὸ
2512 2878 2610 2948 μὲν
2642 2874 2735 2932 οῦν
2761 2877 2918 2932 τοῦτο
2944 2879 3038 2932 καὶ
3074 2879 3310 2950 μάλιστά
3338 2881 3456 2933 ἐστι
3485 2879 3546 2932 τὸ
3572 2880 3789 2933 καταδι-

2200 2959 2367 3025 κάζον
2393 2962 2718 3032 ἡμᾶς.“οσῳ
2737 2960 2847 3033 γάρ
2874 2960 2942 3016 ἂν
2970 2960 3367 3034 καθαρεύωμεν
3394 2963 3493 3035 τῆς
3526 2962 3789 3034 πληττού-

2203 3060 2302 3116 σης
2332 3045 2532 3110 αἰτίας,
2563 3045 2801 3117 τοσούτῳ
2833 3045 3027 3101 δίκαιοι
3070 3046 3267 3117 μᾶλλον
3301 3046 3367 3101 ἂν
3391 3047 3584 3118 εἴημεν
3614 3046 3789 3117 φείδε-

2203 3128 2325 3183 σθαι
2352 3129 2451 3200 τῆς
2478 3128 2763 3194 ἀσθενείας
2795 3131 2973 3184 αὑτῶν
2992 3130 3040 3185 δ.
3070 3132 3178 3185 Καὶ
3214 3130 3368 3185 οῦπω
3396 3131 3561 3201 λέγω,
3590 3132 3673 3185 ὅτι
3702 3135 3788 3184 ὲν-

2201 3211 2376 3265 ταῦθα
2405 3211 2525 3266 οὐδὲ
2555 3213 2861 3278 ἀπεικότως
2890 3212 3239 3285 πλήττονται,
3264 3214 3401 3269 ἀλλά
3434 3214 3636 3269 κείσθω
3661 3215 3787 3268 ἀλό-

2202 3313 2315 3365 γως
2341 3295 2538 3360 αὑτοὺς
2569 3296 2861 3366 ὑπομένειν
2893 3297 3081 3351 τοῦτο’
3119 3298 3241 3351 οὑδέ
3270 3298 3382 3371 γὰρ
3408 3298 3582 3363 οὕτως
3612 3299 3790 3351 αὑτῶν

2203 3379 2464 3450 περιιδεῖν
2521 3381 2652 3451 χρή.
2693 3381 2804 3433 Καὶ
2848 3380 3024 3434 ταῦτα
3062 3382 3356 3454 Ῥωμαίοις
3403 3382 3737 3436 ἐπιστέλλων
3763 3384 3794 3437 ό

2203 3461 2414 3526 Παῦλος
2463 3465 2612 3535 ἡμᾶς
2661 3463 3003 3530 ἐπαίδευσεν,
3033 3464 3176 3519 οὕτω
3206 3465 3379 3535 λέγων
3399 3481 3413 3495 ·
3447 3466 3543 3535 Μὴ
3581 3466 3792 3520 ἕνεκεν

2198 3544 2515 3616 ,ϐρώματος
2545 3546 2810 3601 κατάλυε
2834 3549 2902 3600 τὸ
2933 3540 3111 3618 ἔργον
3143 3549 3251 3604 τοῦ
3289 3549 3456 3604 Θεοῦ.
3493 3550 3690 3603 Καίτοι
3726 3566 3792 3619 γε

2205 3631 2399 3701 ἄλογος
2427 3626 2495 3702 ἦν
2540 3634 2574 3701 ἡ
2612 3632 2815 3703 πληγὴ,
2851 3631 2964 3685 ἀλλ’
2992 3635 3141 3703 ὅμως
3185 3634 3247 3686 οὑ
3290 3633 3368 3703 τῷ
3414 3633 3791 3707 πληττομένῳ,

2205 3714 2343 3768 ἀλλά
2372 3715 2450 3793 τῷ
2473 3716 2572 3787 τὴν
2602 3714 2817 3785 πληγὴν
2847 3716 3107 3784 ἐπάγοντι
3130 3717 3335 3788 ταύτην
3360 3718 3793 3790 ἐπιτιμᾷ.”οπερ

2206 3799 2313 3870 γὰρ
2338 3798 2474 3873 ἔφην
2505 3799 2628 3870 ἥδη,
2657 3798 2817 3853 τοῦτο
2844 3801 2939 3853 καὶ
2971 3801 3066 3854 νῦν
3092 3802 3201 3872 ἐρῶ
3220 3818 3234 3832 ο
3262 3803 3391 3855 ὅταν
3422 3803 3521 3874 μὲν
3545 3802 3654 3871 γάρ
3696 3805 3793 3874 μέ-

2208 3898 2278 3951 γα
2318 3899 2369 3935 τι
2413 3882 2640 3953 γένηται
2690 3883 2901 3955 κέρδος,
2928 3885 3023 3937 καὶ
3072 3886 3164 3956 τῆς
3218 3885 3434 3955 πληγῆς
3473 3886 3678 3956 μεῖζον,
3712 3888 3795 3939 δεῖ

2205 3965 2314 4019 τῶν
2361 3966 2862 4037 σκανδαλιζομένων
2909 3968 3211 4047 ὑπερορᾷνο
3261 3970 3390 4023 ὅταν
3440 3970 3497 4023 δὲ
3544 3970 3707 4040 μηδὲν

2207 4050 2389 4114 πλέον,
2420 4050 2454 4120 ἢ
2492 4052 2617 4114 τοὺς
2645 4051 2890 4115 ἀσθενεῖς
2918 4051 3369 4113 καταϐάλλεσθαι,
3403 4055 3494 4106 καὶ
3532 4054 3793 4124 μυριάκις

2208 4133 2269 4198 ἐξ
2300 4134 2524 4203 ἀλογίας
2552 4134 2712 4189 τοῦτο
2756 4137 3044 4207 πάσχωσιν
3085 4138 3305 4202 ἐκεῖνοι,
3342 4137 3616 4206 φείδεσθαι
3647 4140 3754 4209 χρή
3777 4154 3789 4175 ‘~

2210 4218 2330 4272 ἐπεὶ
2374 4219 2469 4272 καὶ
2497 4220 2525 4271 ό
2552 4218 2684 4283 Θεὸς
2728 4222 2853 4285 τοὺς
2899 4220 3173 4285 ὠθοῦντας
3218 4223 3313 4275 καὶ
3358 4221 3793 4285 καταϐάλλοντας

2212 4302 2316 4354 ὑπὸ
2350 4302 2452 4372 τὴν
2483 4303 2756 4372 ἀπόφασιν
2787 4304 2908 4373 ἄγει
2933 4303 3033 4374 τῆς
3063 4304 3354 4376 τιμωρίας.
3386 4304 3460 4357 Τὸ
3479 4305 3589 4376 γάρ
3626 4305 3795 4376 μηδὲν

2211 4384 2559 4455 κερδαίνοντα
2588 4385 2772 4457 ἕτερον
2803 4387 3083 4458 πλήττειν,
3114 4389 3213 4461 τῆς
3252 4389 3488 4461 ἐσχάτης
3528 4389 3796 4459 πονηρίας

2213 4467 2348 4521 ἐστί.
2378 4468 2487 4521 Καὶ
2516 4471 2678 4540 ἡμεῖς
2703 4470 2761 4524 δέ
2785 4470 2915 4525 ὅταν
2945 4470 3142 4543 ἴδωμέν
3180 4489 3302 4527 τινα
3330 4472 3657 4544 δυσάρεστον
3687 4474 3795 4526 ἀπὸ

2216 4553 2434 4623 μακρᾶς
2483 4553 2796 4625 ἀρρωστίας
2846 4554 3174 4626 γενόμενον,
3218 4556 3345 4621 τοὺς
3390 4548 3795 4628 παροξύνοντας

2212 4636 2375 4690 αὑτὸν
2409 4636 2651 4708 ἀκαίρως
2677 4637 2774 4709 τῆς
2796 4637 2976 4702 οἰκίας
3007 4638 3405 4711 ἀπελαύνομεν,
3418 4640 3511 4693 καί⁵
3525 4641 3626 4693 οὑκ
3647 4642 3792 4713 ἀκρι-

2213 4719 2606 4791 ϐολογούμεθα,
2640 4722 2751 4775 εἴτε
2776 4721 3019 4786 δικαίως,
3049 4724 3159 4776 εἴτε
3192 4722 3393 4786 ἀδίκως
3415 4724 3612 4777 ἐκεῖνοι
3639 4724 3796 4784 τοῦτο

2214 4803 2478 4867 ποιοῦσιν,
2507 4804 2642 4858 ἀλλά
2686 4805 2867 4877 πάσης
2896 4806 3093 4870 αὐτοὺς
3124 4805 3420 4875 ἀπολογίας
3453 4806 3792 4870 ἐκϐαλόντες,

2213 4890 2308 4941 καὶ
2352 4887 2552 4958 πολλὴν
2583 4886 2759 4959 τούτῳ
2806 4888 2988 4952 δόντες
3021 4889 3352 4962 συγγνώμην
3379 4889 3470 4944 διὰ
3497 4891 3597 4962 τὴν
3632 4890 3789 4944 ἀσθέο

2213 4988 2382 5034 νειαν.
2414 4970 2515 5025 κᾶν
2538 4971 2739 5036 ἀδίκως
2761 4973 3152 5045 παροξύνηται,
3167 4973 3447 5046 ἐλεοῦμεν.
3466 4975 3531 5028 Εἰ
3551 4974 3608 5028 δὲ
3638 4976 3796 5046 ἡμεῖς

2211 5055 2449 5130 τοσαύτῃ
2478 5055 2572 5109 καὶ
2600 5056 2726 5128 περὶ
2754 5057 2879 5119 τοὺς
2906 5057 3122 5120 οἰκέτας
3159 5058 3254 5111 καὶ
3281 5059 3409 5129 περὶ
3440 5058 3567 5122 τοὺς
3601 5058 3796 5120 παῖδας

2214 5138 2441 5211 προνοίᾳ
2466 5139 2807 5211 κεχρήμεθα,
2833 5141 2927 5193 καί
2946 5141 3059 5195 υἱὸν
3084 5140 3345 5204 πολλάκις
3369 5140 3594 5194 τοιαῦτα
3618 5140 3797 5213 πλημ-

2217 5222 2485 5293 μελοῦντα
2520 5223 2910 5294 μαστιγοῦμεν,
2939 5222 3119 5295 πολλῷ
3148 5223 3352 5296 μᾶλλον
3374 5228 3403 5278 ό
3438 5224 3646 5294 ἀγαθὸς
3668 5225 3799 5288 Θεὸς

2214 5307 2309 5361 καὶ
2341 5307 2577 5379 χρηστὸς
2623 5308 2718 5362 καὶ
2762 5307 3009 5379 ἐπιεικὴς
3046 5306 3203 5362 τοῦτο
3245 5310 3560 5381 ἐργάσεται.
3599 5310 3666 5363 Τί
3709 5309 3795 5363 λέ-

2214 5408 2365 5460 γεις;
2400 5391 2634 5462 ἀσθενής
2661 5392 2808 5444 ἐστιν
2842 5393 2870 5447 6
2895 5391 3292 5462 πληττόμενος;
3326 5393 3537 5448 Οὑκοῦν
3560 5394 3793 5462 φειδοῦς,

2214 5476 2275 5529 οὑ
2308 5475 2522 5547 πληγῆς
2556 5477 2705 5528 ἐστιν
2739 5473 2906 5540 ἄξιος.
2938 5476 3243 5548 Τραύματα
3289 5476 3435 5548 ἔχει;
3484 5477 3577 5548 Μὴ
3620 5478 3797 5529 τοίνυν

2214 5558 2618 5629 ἐπιτρίψωμεν,
2673 5557 2787 5610 ἀλλ’
2832 5558 3129 5630 ἱασώμεθα.
3161 5560 3488 5614 ’Υποπτεύει
3549 5559 3797 5630 πονηρῶς

2216 5642 2311 5695 καὶ
2349 5640 2677 5709 ἀλογίστως;
2710 5641 2917 5695 Οὐκοῦν
2961 5643 3240 5714 ἀνέλωμεν
3282 5643 3383 5714 τὴν
3422 5644 3679 5714 ὑποψίαν,
3723 5640 3799 5713 μὴ

2286 5875 2310 5938 ξ
2337 5875 2485 5938 5:1ij
2508 5875 2625 5938 ὑπὲρ
2641 5874 2736 5938 τῶν
2755 5872 3037 5938 δοκούντων,
3064 5874 3246 5938 apsque
3282 5876 3363 5935 μή.

2285 5932 2312 5976 δ
2334 5934 2481 5987 Sau'l.
2517 5932 2754 5992 ἀσθενείας
2777 5938 2933 6008 ἡμῶν,
2956 5945 3007 5986 οι
3027 5935 3147 5987 infra
3169 5932 3323 5987 αὐτῶν
3346 5936 3551 6002 ἀφειδεῖν
3567 5946 3683 6009 χρῇ.
