4060 6136
449 309 540 366 521
970 310 1149 378 QUOD
1189 311 1594 368 REGULARES
1633 309 1906 400 FEMf‘N’A‘I
1951 307 2121 365 VllilS
2159 308 2589 366 COIMBITARE
2628 310 2757 366 NON
2802 311 3133 366 DEBEANT.

451 444 568 495 quae
589 427 834 491 dicebas,
869 443 971 482 non
1003 439 1090 483 tua
1135 431 1301 499 magis
1326 438 1480 494 sunt,
1513 446 1668 499 quam
1719 445 1900 482 eorum
1933 429 2020 498 qui

454 519 828 586 turpitudinem
872 529 1012 572 tuam
1060 521 1258 574 dolent.
1313 521 1597 590 Oportebat
1638 520 1886 589 quidem,
1942 529 2020 572 ta-

452 609 605 662 metsi
651 609 935 678 plurimum
982 610 1106 663 utile
1158 621 1332 672 esset,
1368 611 1460 662 viri
1517 610 1863 663 ministerium
1903 624 2021 661 cum

457 708 603 752 tanto
631 699 870 752 convicio
899 714 1002 752 non
1026 699 1334 754 admittere:
1361 716 1480 753 nam
1510 700 1720 769 quando
1745 699 1833 752 Dei
1858 698 2022 767 gloria

449 787 714 842 dedecore
739 788 986 850 afficitur,
1025 789 1201 842 nullus
1241 798 1344 842 tam
1375 787 1702 842 neceSsarius
1722 804 1840 842 esse
1878 795 2025 856 pote-

453 880 522 931 rit
549 887 833 947 prietextus
856 919 870 942 ,
894 887 951 932 ut
976 880 1355 950 persuadeatur
1378 879 1646 933 contemni
1685 887 1885 931 tantum
1909 893 2024 931 ma-

458 966 585 1020 lum.
622 967 919 1034 Quinetiam
949 971 991 1021 si
1035 969 1224 1022 millies
1265 969 1430 1023 indie
1459 971 1528 1022 sit
1570 968 1935 1032 moriendum,
1960 983 2025 1022 ne

457 1056 558 1112 hoc
588 1060 709 1124 fiat,
741 1075 862 1114 cum
909 1061 1072 1115 multa
1094 1061 1364 1130 voluptate
1409 1060 1508 1113 hoc
1550 1061 1837 1114 sustinere'
1867 1074 2026 1128 opor-

458 1151 597 1203 tebat
617 1191 632 1212 ,
665 1151 830 1204 multo
857 1152 1029 1228 minus
1053 1152 1274 1220 quietis,
1305 1152 1386 1205 vel
1417 1150 1666 1204 mundani
1689 1165 1815 1203 usus
1835 1151 2022 1218 gratia,

456 1246 822 1315 negligendum
849 1256 962 1301 erat
989 1249 1204 1301 malum.
1234 1246 1370 1300 Audi
1398 1247 1555 1316 igitur
1585 1243 1850 1314 quomodo
1892 1244 2026 1312 idip—

454 1353 572 1392 sum
594 1341 763 1393 timuit
781 1339 972 1394 Paulus
987 1349 1039 1394 et
1055 1339 1285 1403 tremuit,
1305 1347 1520 1408 etquam
1547 1338 1906 1391 vehementer.
1925 1335 2024 1389 Bo-

465 1448 576 1484 num
603 1432 746 1486 enim
787 1432 908 1484 mihi
936 1441 1007 1485 est
1033 1432 1160 1485 mori
1181 1471 1198 1496 ,
1227 1432 1334 1496 ait,
1367 1447 1519 1500 quam
1546 1430 1758 1500 gloriam
1786 1444 1945 1482 meam
1974 1435 2025 1480 ut

458 1524 568 1592 quis
599 1533 794 1577 evacuet
813 1523 886 1594 (l.
909 1523 1022 1577 Cor.
1051 1522 1104 1576 9.
1147 1522 1254 1593 15).
1283 1522 1423 1576 Sane
1451 1523 1554 1584 ille,
1580 1533 1720 1575 utne
1743 1529 2024 1574 evacuaret

456 1627 604 1664 suam
642 1612 899 1680 gloriam,
931 1613 1062 1665 mori
1103 1612 1292 1682 elegit:
1325 1625 1423 1664 nos
1459 1621 1634 1663 autem
1683 1619 1739 1661 ut
1781 1606 2024 1661 scandala

459 1702 705 1755 tollanms
725 1743 739 1764 ,
775 1717 947 1770 neque
976 1717 1194 1770 parvum
1225 1701 1561 1755 commodum
1599 1696 2025 1753 conteimiimns?

456 1802 509 1842 et
529 1792 796 1859 quomodo
826 1793 1111 1860 poterimus
1139 1806 1384 1860 umquam
1416 1791 1636 1855 salvari,
1660 1805 1776 1844 cum
1810 1804 1912 1842 non
1959 1789 2027 1842 sit

459 1896 572 1948 par,
603 1895 773 1947 neque
812 1881 1024 1933 accedat
1065 1894 1260 1948 prope,
1287 1879 1439 1933 laude
1484 1880 1709 1946 privari,
1737 1887 1792 1932 et
1830 1877 1880 1930 in
1918 1877 2022 1930 cri-

460 1987 578 2022 men
604 1970 870 2024 incidere?
898 1970 991 2024 Ille
1017 1971 1155 2024 enim
1183 1971 1282 2024 etsi
1313 1969 1412 2023 hoc
1437 1969 1646 2024 fecisset
1665 2009 1680 2034 ,
1711 1984 1812 2020 non
1853 1966 2024 2020 011011-

458 2063 620 2114 111κ501
650 2063 848 2116 Deum:
881 2062 992 2130 ipse
1023 2077 1247 2130 namque
1268 2062 1315 2116 ei
1341 2064 1684 2116 constituerat
1709 2076 1771 2115 ex
1799 2075 2025 2129 evange-

459 2154 528 2206 lio
549 2154 755 2206 vivere:
784 2163 1013 2207 attamen
1043 2154 1269 2208 malebat
1295 2154 1455 2218 mori,
1487 2169 1643 2223 quam
1687 2161 1791 2206 tant
1829 2152 2023 2207 bonum

456 2260 587 2313 opus
609 2245 902 2314 relinquere
931 2264 943 2298 :
974 2261 1069 2299 nos
1099 2255 1273 2300 autem
1305 2246 1574 2300 turbantes
1601 2262 1661 2299 ea
1687 2261 1802 2314 qua:
1831 2245 2025 2313 ubique

393 2342 399 2347 '
457 2345 578 2388 sunt
603 2336 867 2399 ordinata,
909 2337 1030 2390 licet
1053 2338 1280 2391 sciamus
1301 2336 1440 2407 quod
1468 2337 1745 2391 maximam
1778 2347 2022 2406 propter-

467 2439 528 2478 ea
577 2425 754 2479 luituri
819 2427 982 2480 simus
1042 2442 1287 2496 poenam,
1361 2426 1529 2497 neque
1591 2427 2022 2481 consuetudinem

458 2515 698 2585 frigidam
742 2527 794 2571 et
835 2518 1252 2588 intempestivam
1291 2519 1488 2588 deSpici
1525 2519 1784 2588 patimur?
1809 2527 1862 2572 et
1906 2534 2023 2588 qua:

457 2609 666 2662 tandem
715 2609 868 2662 nobis
905 2611 1002 2664 erit
1032 2610 1219 2664 venia?
1248 2611 1534 2680 Oportebat
1582 2611 1754 2680 igitur,
1801 2611 1898 2664 etsi
1950 2611 2024 2663 vi-

457 2713 574 2752 rum
625 2715 786 2751 nuttm
841 2700 989 2753 inulti
1040 2715 1167 2754 usus
1209 2701 1657 2770 requirerent,ut
1690 2709 1844 2752 antea
1883 2699 2023 2753 dice-

457 2788 613 2851 bam,
639 2798 778 2841 tanta
809 2804 934 2844 vero
964 2790 1087 2844 inde
1117 2799 1422 2845 nasceretur
1449 2789 1765 2844 contumelia
1791 2829 1805 2852 ,
1828 2789 2021 2858 eligere

455 2891 678 2933 mortem
708 2883 881 2950 petins
902 2921 918 2946 ,
950 2897 1106 2950 quam
1139 2882 1239 2935 hoc
1277 2892 1654 2936 contemnere:
1681 2897 1800 2936 cum
1844 2893 2020 2936 autem

455 2985 549 3037 per
580 2972 855 3024 mulierem
882 2971 1210 3024 commodius
1232 2980 1286 3025 et
1317 2970 1522 3026 facilius
1549 2971 1664 3026 hare
1689 2971 1862 3026 omnia
1894 2987 2015 3041 per-

455 3063 536 3113 fici
561 3062 790 3128 possint,
819 3077 934 3130 qua:
965 3062 1110 3115 vobis
1143 3063 1243 3116 erit
1279 3063 1430 3116 venia
1459 3063 1536 3117 sic
1560 3063 1787 3118 delicate
1820 3065 2020 3132 agenti-

456 3151 552 3205 bus
577 3193 592 3214 ,
619 3161 671 3204 et
693 3159 874 3204 contra
903 3152 1126 3207 salutem
1145 3162 1373 3208 vestram
1395 3169 1491 3208 vos
1531 3153 1890 3209 foedantibus?
1921 3157 2012 3210 Dic

456 3244 580 3294 item
628 3242 1008 3310 mihi,quanto
1057 3243 1147 3296 tibi
1189 3243 1302 3297 haec
1354 3243 1444 3298 ille
1486 3243 1732 3306 exhibet,
1771 3259 1946 3298 annon
2003 3247 2017 3276 ¹

452 3331 726 3384 exhibebis
776 3332 934 3385 etiam
975 3331 1048 3384 illi
1090 3332 1319 3387 vicissim
1370 3332 1581 3402 aliquod
1629 3333 2020 3387 ministerium?

451 3420 584 3474 Nulli
634 3436 740 3474 non
783 3422 1135 3476 manifestum.
1172 3421 1236 3475 Et
1275 3431 1471 3491 quanto
1494 3423 1689 3476 melius
1730 3440 1834 3477 non
1861 3425 2019 3478 retri-

454 3513 612 3568 bnerc
666 3515 821 3578 talia,
875 3529 1044 3582 neque
1088 3513 1318 3568 vicissim
1352 3514 1623 3583 accipere,
1669 3515 1763 3569 sed
1815 3526 2021 3586 tempus

451 3606 686 3659 laborum
710 3648 725 3673 ,
754 3606 893 3676 quod
943 3607 994 3660 in
1027 3607 1163 3661 illius
1208 3608 1438 3676 quietem
1496 3607 1757 3678 impendis
1780 3649 1796 3674 ,
1829 3608 1932 3664 hoc
1964 3610 2017 3663 in

454 3705 592 3748 tuam
648 3697 948 3761 insumere,
997 3712 1154 3766 quam
1202 3697 1432 3767 graviter
1489 3698 1813 3753 laborantem
1876 3708 2018 3754 tuam

450 3788 892 3842 existimationem
922 3788 1284 3843 confundere?
1323 3788 1425 3844 Sed
1450 3789 1650 3843 nullum
1681 3789 1776 3858 ipsi
1799 3790 2019 3844 exhibes

451 3877 829 3932 ministerium.
872 3877 1012 3947 Ergo
1055 3880 1225 3947 ipsum
1253 3878 1352 3933 sibi
1381 3878 1479 3946 ipsi
1506 3879 1682 3932 omnia
1717 3879 2018 3934 ministrare

453 3969 846 4033 necessarium,
901 3979 954 4023 et
1020 3978 1261 4022 sternere
1309 3969 1504 4033 lectos,
1553 3975 1608 4022 et
1653 3983 1910 4038 coquere,
1965 3979 2019 4023 et

453 4058 626 4126 ignem
648 4059 972 4123 accendere,
1003 4069 1056 4113 et
1077 4059 1177 4112 alia
1209 4058 1258 4111 id
1281 4073 1444 4127 genus
1469 4057 1661 4113 facere.
1693 4059 1815 4113 llaec
1850 4075 2018 4128 neque

452 4147 679 4202 famulus
726 4147 886 4202 ferret
929 4148 996 4202 ita
1047 4150 1385 4214 ministrans,
1416 4157 1471 4204 et
1507 4149 1640 4203 nihil
1682 4149 1946 4204 commodi
1987 4166 2016 4204 a

456 4240 675 4294 domino
705 4241 989 4308 accipiens.
1018 4240 1119 4294 Sed
1155 4239 1238 4294 hic
1267 4239 1368 4293 fert
1416 4240 1623 4307 omnia,
1670 4240 1865 4309 inquit,
1897 4256 2018 4309 pro-

450 4330 821 4400 ptertimorem
845 4331 1048 4385 Domini
1076 4341 1128 4385 et
1152 4331 1434 4400 repositam
1460 4330 1545 4386 hic
1563 4331 1857 4388 ministerio
1874 4349 2015 4388 mer-

446 4421 664 4481 cedem,
694 4429 746 4474 et
770 4421 988 4488 gratiam
1022 4420 1233 4472 habebit
1261 4422 1346 4488 qui
1387 4420 1611 4488 imperio
1652 4422 1866 4486 subest,
1895 4437 2014 4477 cum

450 4512 578 4568 nihil
628 4513 699 4565 illi
754 4513 822 4564 sit
867 4511 1107 4564 utilitatis
1145 4526 1208 4565 ex
1247 4511 1418 4564 nobis.
1463 4510 1610 4566 Unde
1643 4512 1802 4582 igitur
1833 4524 2013 4583 postea

449 4602 831 4675 impudentiam
876 4602 1240 4657 obturabimus
1293 4603 1424 4656 ora?
1465 4602 1670 4658 Etenim
1725 4606 1769 4659 si
1817 4614 2013 4661 tantam

448 4696 559 4762 ipsa
588 4695 702 4764 ejus
731 4695 940 4748 testaris
987 4694 1232 4762 pietatem
1255 4735 1269 4759 ,
1309 4703 1362 4748 et
1396 4694 1475 4748 sic
1503 4695 1682 4749 tremit
1713 4705 1767 4750 et
1803 4708 2016 4752 veretur

447 4784 542 4840 Dei
573 4785 816 4839 mandata
836 4824 852 4851 ,
883 4793 936 4837 ut
966 4784 1196 4852 seipsum
1213 4783 1330 4855 plus
1350 4799 1507 4854 quam
1529 4785 1840 4839 vilissimum
1862 4801 2014 4840 man-

444 4876 641 4944 cipium
686 4874 969 4945 despiciat,
1006 4875 1293 4944 onmiaque
1343 4875 1437 4930 tibi
1482 4874 1762 4943 exhibeat,
1813 4877 2014 4932 nullum

443 4966 564 5025 inde
593 4967 808 5036 capiens
847 4966 1073 5021 fructum
1095 5008 1109 5032 ,
1149 4975 1272 5022 ante
1309 4969 1488 5022 omnia
1531 4970 1805 5038 oportebat
1841 4971 2012 5040 ipsum

453 5059 712 5114 rationem
751 5059 946 5114 habere
973 5059 1157 5128 gloria:
1183 5068 1238 5114 et
1265 5059 1482 5114 honoris
1501 5060 1595 5117 Dei
1624 5078 1638 5115 :
1670 5077 1808 5117 nunc
1837 5073 2012 5118 autem

442 5158 645 5207 nonest
671 5150 911 5218 ejusdem
932 5149 1121 5205 anima:
1144 5149 1300 5204 simul
1322 5159 1373 5205 et
1388 5165 1484 5220 per
1505 5151 1643 5206 idem
1675 5162 1880 5222 tempus
1898 5163 2016 5208 tan-

443 5247 548 5291 tam
575 5237 970 5307 obsequentiam
998 5238 1154 5294 simul
1175 5248 1228 5294 et
1247 5239 1554 5309 despectum
1573 5243 1855 5297 ostendere
1874 5245 2012 5299 circa

442 5327 688 5383 mandata
712 5329 826 5395 Dei,
853 5339 906 5384 et
927 5345 1067 5387 nunc
1084 5329 1295 5400 quidem
1313 5331 1422 5399 ipsa
1448 5339 1701 5397 tremere,
1727 5321 2003 5388 nuncvero

441 5421 634 5478 nullam
649 5421 903 5481 rationem
925 5420 1120 5477 habere
1146 5421 1261 5491 ejus
1281 5422 1372 5492 qui
1395 5423 1536 5493 leges
1555 5423 1718 5491 dedit,
1741 5425 1866 5478 dum
1888 5441 2013 5480 con-

441 5511 654 5570 tumelia
671 5509 916 5567 afﬁcitur.
937 5513 1142 5568 Etenim
1165 5513 1209 5568 si
1224 5529 1282 5569 se
1300 5529 1484 5584 purum
1502 5529 1715 5570 servare
1727 5531 1756 5570 a
1772 5517 2010 5588 volupta-

505 5709 517 5749 ἓ
556 5706 712 5762 and,
739 5706 979 5768 exlit'bcbis
996 5721 1015 5768 ;
1045 5708 1132 5764 sed
1161 5710 1333 5767 eodem
1364 5712 1489 5768 redit
1521 5713 1778 5771 sententia.

3582 285 3696 368 aea

2124 439 2196 480 te.
2213 437 2266 479 et
2282 428 2406 481 nihil
2426 427 2638 480 humani
2656 443 2810 497 agere
2825 469 2838 491 ,
2860 429 3089 497 seipsum
3111 428 3408 495 liumiliare,
3437 427 3695 495 afﬂigere,

2124 529 2175 570 et
2203 521 2451 572 terumnis
2476 519 2755 586 subjicere,
2785 518 2999 587 suisque
3022 519 3290 573 laboribus
3310 519 3425 572 aliis
3448 520 3680 588 quietem

2129 625 2314 677 parere
2331 649 2346 673 ,
2377 625 2497 662 vere
2524 609 2674 663 valde
2701 609 2952 678 sapientis
2980 612 3170 664 animte
3196 619 3275 664 est
3317 619 3371 665 ct
3412 611 3654 666 sublimis
3681 654 3694 676 ,

2127 716 2254 754 sane
2296 700 2516 769 gloriam
2578 701 2672 755 Dei
2716 702 3034 756 contumelia
3079 717 3183 756 non
3231 701 3476 759 afficere.
3522 719 3693 772 neque

2130 790 2242 844 haec
2272 791 2443 845 facere
2463 832 2475 854 ,
2511 801 2722 859 propter
2741 807 2858 860 (μιεο
2879 790 3275 860 blaSphematur
3301 806 3329 844 a
3353 792 3531 846 multis
3551 832 3565 858 ,
3597 792 3697 846 hoc

2127 882 2278 936 multi
2314 897 2412 935 nec
2435 881 2586 936 valde
2616 883 2790 950 magni
2820 881 2954 935 bene
2989 892 3043 935 et
3078 895 3198 935 eum
3248 881 3402 936 laude
3441 883 3699 950 praistitc-

2131 980 2274 1026 runt.
2315 972 2594 1039 Quomodo
2637 971 2794 1041 igitur
2823 971 2914 1025 tibi
2937 971 3216 1027 credemus
3244 972 3384 1042 quod
3439 974 3540 1027 hoc
3576 991 3698 1042 pro-

2128 1071 2245 1131 pter
2275 1062 2437 1116 Deum
2463 1070 2516 1115 et
2543 1077 2788 1116 asceseos
2815 1061 3044 1115 studium
3071 1061 3251 1130 facias,
3283 1063 3422 1132 quod
3450 1079 3694 1134 magnam

2127 1161 2180 1204 et
2205 1165 2514 1218 generosam
2541 1152 2770 1204 animam
2816 1152 3032 1220 requirit
3054 1193 3069 1217 ,
3100 1152 3314 1221 quando
3362 1153 3488 1207 illud
3511 1195 3526 1220 ,
3557 1155 3697 1221 quod

2127 1243 2330 1297 scilicet
2374 1245 2548 1298 minus
2577 1251 2656 1296 est
2682 1252 2735 1296 et
2761 1243 3006 1312 vulgare,
3034 1243 3308 1312 deSpicere
3357 1259 3460 1297 non
3514 1245 3702 1313 potes?

2129 1331 2306 1400 Neque
2349 1332 2604 1386 absistere
2655 1332 2733 1385 vis
2769 1332 2837 1386 ab
2884 1332 2980 1397 iis,
3039 1347 3068 1385 a
3099 1331 3289 1400 quibus
3334 1333 3442 1387 Deo
3483 1332 3705 1386 infertur

2130 1421 2352 1491 injuria,
2409 1431 2462 1476 et
2505 1436 2698 1490 corpus
2748 1430 2802 1474 et
2855 1421 3032 1476 omnia
3081 1421 3262 1490 prodis
3317 1437 3412 1490 pro
3465 1422 3529 1476 iis
3581 1438 3699 1492 qua:

2129 1527 2236 1565 non
2280 1511 2379 1580 ipsi
2417 1510 2747 1580 placent?Et
2781 1511 2865 1565 cui
2918 1509 3032 1564 haec
3075 1511 3375 1579 persuaderi
3422 1514 3704 1581 poterunt?

2127 1599 2231 1655 Sed
2260 1601 2441 1654 nescio
2467 1599 2731 1668 quomodo
2760 1615 2790 1652 a
2820 1599 3111 1669 virginibus
3136 1599 3200 1653 ad
3224 1615 3405 1654 earum
3427 1602 3700 1655 cohabita-

2128 1703 2272 1748 tores
2286 1693 2442 1747 simul
2471 1692 2803 1747 transiverim
2823 1707 2838 1756 ;
2861 1701 3142 1761 propterea
3166 1692 3348 1762 utique
3379 1691 3446 1746 ad
3487 1708 3581 1748 eas
3605 1710 3701 1747 lto-

2128 1784 2209 1840 bis
2231 1782 2578 1838 redeundum.

2199 1875 2251 1930 5.
2295 1873 2352 1927 Is
2378 1875 2466 1945 qui
2506 1874 2620 1927 aliis
2646 1871 2950 1938 offendicula
2991 1880 3083 1935 est,
3116 1871 3209 1926 hoc
3245 1872 3355 1941 ipso
3383 1883 3588 1943 peccat,
3616 1877 3705 1925 etsi

2127 1983 2228 2020 non
2258 1967 2388 2019 male
2412 1974 2549 2035 agat.
2575 1994 2646 2005 —
2671 1963 2822 2020 Unde
2853 1964 3008 2034 igitur
3040 1964 3162 2029 illis,
3189 1964 3276 2032 qui
3310 1963 3376 2016 ita
3413 1980 3506 2017 eas
3545 1980 3700 2016 accu-

2129 2067 2248 2112 sant
2289 2065 2341 2112 et
2379 2063 2834 2127 argumentantur,
2877 2070 2974 2108 nos
3019 2054 3307 2122 poterimus
3347 2054 3703 2122 persuadere?

2129 2147 2242 2202 Non
2271 2146 2705 2215 persuadeantur,
2734 2145 2824 2198 ait.
2859 2146 2939 2198 An
2969 2159 3094 2198 vero
3125 2145 3222 2213 pia:
3247 2144 3436 2197 anima:
3459 2147 3557 2197 hoc
3589 2143 3700 2198 fue-

2129 2237 2236 2291 rit?
2263 2236 2411 2290 Tunc
2455 2236 2596 2289 enim
2635 2234 2876 2289 maledici
2904 2233 3228 2304 despiciendi
3271 2242 3414 2299 sunt,
3457 2248 3576 2287 cum
3608 2248 3706 2288 nos

2129 2329 2231 2382 illis
2267 2341 2422 2381 ansas
2459 2341 2560 2379 non
2591 2325 3006 2395 pra~buerimus;
3035 2325 3142 2378 imo
3168 2339 3336 2394 neque
3377 2333 3518 2387 tunc,
3547 2339 3706 2394 quan-

2127 2418 2410 2488 doquidem
2456 2418 2688 2487 ipsorum
2731 2417 2986 2471 obturare
3015 2431 3107 2471 ora
3150 2431 3465 2486 possumus;
3493 2416 3710 2486 quando‘

2127 2523 2302 2567 autem
2333 2521 2498 2564 totum
2527 2526 2594 2564 ex
2621 2509 2772 2563 nobis
2801 2518 2901 2575 est,
2935 2509 2989 2562 in
3031 2517 3269 2562 nostrum
3297 2509 3518 2562 vertitur
3546 2519 3703 2576 caput

2128 2611 2267 2656 totus
2311 2601 2463 2670 ignis.
2497 2600 2585 2655 Sic
2624 2600 2777 2662 enim,
2810 2598 2904 2664 ait,
2933 2607 3194 2668 peccantes
3231 2598 3283 2650 in
3310 2598 3510 2666 fratres,
3552 2607 3596 2650 et
3624 2599 3701 2649 iu-

2126 2697 2326 2765 firmam
2355 2695 2577 2764 ipsorum
2616 2692 2968 2746 conscientiam
2997 2692 3345 2762 percutieutes,
3365 2691 3415 2743 in
3448 2689 3702 2743 Christinn

2125 2792 2342 2859 peccatis
2371 2790 2446 2862 (l.
2478 2788 2594 2845 Cor.
2635 2787 2689 2843 8.
2721 2787 2833 2858 12).
2862 2785 3076 2841 Sciebat
3114 2784 3278 2849 enim,
3309 2783 3508 2838 sciebat
3533 2782 3702 2835 mani-

2127 2882 2280 2946 feste,
2306 2881 2445 2948 quod
2490 2893 2596 2932 non
2639 2876 2907 2932 sufficeret
2943 2875 3010 2929 ad
3039 2874 3697 2952 defensionem.nostram,

2125 2987 2310 3027 eorum
2337 2970 2426 3041 qui
2455 2968 2792 3024 offenduntur
2824 2967 3122 3033 infirmitas,
3155 2967 3248 3022 sed
3274 2967 3376 3021 hoc
3399 2968 3568 3036 ipsum
3600 2982 3698 3036 po-

2127 3064 2386 3118 tissimum
2437 3071 2520 3117 est
2564 3059 2703 3128 quod
2756 3059 3076 3114 condemnat
3124 3073 3241 3112 nos.
3297 3057 3505 3124 Quanto
3557 3059 3698 3112 enim

2128 3159 2369 3224 puriores
2408 3167 2590 3207 sumus
2634 3167 2664 3206 a
2704 3139 2861 3206 causa
2905 3166 3024 3220 qua:
3068 3150 3374 3216 intentatur,
3420 3158 3565 3204 tanto
3603 3165 3697 3205 nos

2125 3246 2328 3316 mquius
2352 3243 2739 3314 praastabimus,
2778 3242 2822 3296 si
2867 3239 3159 3295 infirmitati
3191 3255 3374 3294 eorum
3403 3254 3700 3307 parcamus.

2125 3336 2193 3390 Et
2214 3335 2446 3390 nondum
2476 3333 2596 3388 dico
2627 3331 2768 3402 quod
2797 3331 2883 3385 hic
2911 3330 3176 3384 immerito
3202 3328 3536 3384 ofTendantur
3562 3347 3575 3394 ;
3604 3332 3697 3385 sed

2124 3437 2352 3500 ponatur
2377 3424 2516 3496 quod
2542 3425 2741 3494 absque
2767 3424 2969 3477 ratione
2997 3422 3097 3476 hoc
3123 3421 3388 3490 patiantur
3418 3439 3429 3474 :
3460 3437 3580 3475 nam
3605 3438 3701 3477 nec

2124 3520 2201 3574 sic
2247 3516 2573 3588 despiciendi
2620 3525 2765 3570 sunt.
2815 3515 2943 3581 Quae
2996 3513 3248 3568 Romanis
3291 3529 3384 3582 per
3423 3514 3699 3581 epis=olam

2123 3611 2362 3666 scribens
2392 3611 2587 3665 Paulus
2626 3608 2805 3663 docuit
2835 3621 2931 3661 nos
2970 3607 3045 3660 sic
3087 3605 3268 3660 dicens
3295 3622 3310 3658 :
3342 3603 3466 3658 Noli
3496 3615 3700 3675 propter

2123 3720 2287 3758 escam
2332 3703 2587 3756 destruere
2631 3717 2760 3770 Opus
2801 3697 2898 3752 Dei
2940 3697 3114 3768 (llam.
3164 3697 3252 3751 M.
3291 3695 3405 3765 20).
3451 3696 3700 3761 Quamvis

2123 3796 2194 3850 illi
2236 3793 2526 3863 improvide
2568 3801 2718 3847 erant
2753 3789 2962 3855 oﬂ‘eusi,
3003 3799 3234 3842 attamen
3284 3802 3388 3841 non
3438 3801 3557 3840 cum
3605 3786 3694 3855 qui

2121 3887 2426 3953 oﬂ'endilur,
2459 3884 2552 3940 sed
2582 3883 2934 3939 offendentcm
2967 3882 3222 3949 increpat.
3255 3879 3384 3933 Nam
3420 3877 3558 3948 quod
3583 3877 3693 3948 jam

2124 3979 2369 4034 videlicet
2410 3977 2648 4032 dicebam
2697 3985 2751 4030 et
2793 3988 2934 4029 nunc
2977 3972 3096 4027 dico
3130 3989 3144 4025 :
3177 3970 3399 4039 Quando
3447 3985 3697 4039 magnum

2123 4069 2336 4139 aliquod
2363 4070 2563 4122 lucrum
2603 4065 2878 4121 obvenerit
2917 4071 2970 4118 et
2993 4063 3141 4132 plaga
3186 4062 3296 4131 ipsa
3340 4059 3525 4130 majus,
3563 4074 3696 4114 con-

2125 4159 2391 4214 temnendi
2420 4168 2540 4213 sunt
2569 4159 2656 4227 qui
2684 4157 2990 4212 scandalum
3021 4155 3286 4224 patiuntur
3315 4170 3328 4205 :
3355 4151 3563 4222 quando
3599 4168 3696 4204 au—

2123 4260 2226 4305 tem
2269 4250 2468 4303 nullum
2498 4247 2656 4301 fuerit
2695 4247 2944 4315 amplius,
2985 4261 3140 4313 quam
3168 4241 3308 4314 quod
3338 4241 3529 4296 infirmi
3568 4240 3698 4309 deji-

2121 4343 2349 4405 ciantur,
2380 4340 2585 4395 etiamsi
2613 4339 2804 4392 millies
2834 4353 2894 4392 ex
2921 4335 3274 4404 imprudentia
3305 4333 3404 4388 hoc
3435 4333 3697 4402 patiantur

2121 4434 2218 4497 illi,
2253 4430 2575 4502 parcendum
2619 4431 2698 4484 eis
2733 4429 2872 4492 erit;
2900 4425 3148 4495 quoniam
3180 4435 3234 4479 et
3274 4425 3413 4477 Deus
3454 4438 3568 4489 eos,
3607 4425 3693 4491 qui

2122 4525 2400 4594 impellunt
2428 4523 2480 4576 in
2517 4522 2723 4590 lapsum
2759 4528 2813 4574 et
2837 4517 3108 4587 dejiciunt,
3146 4515 3250 4570 lata
3281 4515 3542 4568 sententia
3572 4527 3692 4580 sup-

2121 4616 2261 4685 plicii
2308 4615 2508 4684 puniet.
2551 4611 2683 4666 Nam
2727 4609 2859 4664 nihil
2898 4609 3166 4662 lucrantes
3202 4605 3361 4659 alium
3399 4602 3691 4664 oll'endere,

2120 4713 2372 4759 extrema:
2411 4703 2626 4757 malitiae
2670 4709 2770 4756 est.
2821 4698 2929 4753 Nos
2979 4706 3157 4750 autem
3204 4697 3415 4765 quando
3456 4693 3694 4746 videmus

2068 4823 2074 4826 -
2120 4796 2347 4866 aliquem
2395 4794 2686 4864 inquietum
2727 4791 2797 4845 ob
2838 4788 3140 4843 diuturnam
3182 4785 3558 4848 valetudinem,
3603 4799 3695 4836 eos

2119 4888 2210 4958 qui
2236 4887 2382 4941 illum
2408 4884 2747 4951 exacerbant,
2777 4883 2936 4937 domo
2965 4880 3243 4950 abigimus,
3274 4891 3445 4946 neque
3469 4877 3690 4930 multum

2120 4978 2467 5047 disputamus,
2497 4990 2563 5028 an
2589 4973 2731 5044 juste
2757 4973 2841 5027 vel
2878 4971 3072 5039 injuste
3111 4968 3186 5023 illi
3216 4969 3318 5023 hoc
3347 4966 3561 5030 faciant,
3590 4966 3683 5019 sed

2122 5077 2311 5140 negata
2341 5068 2448 5121 illis
2473 5067 2617 5121 omni
2643 5064 2973 5124 defensione,
2998 5070 3053 5115 et
3078 5059 3200 5114 huic
3223 5059 3343 5112 data
3373 5057 3442 5111 ob
3468 5055 3688 5110 inﬁrmi-

2121 5170 2281 5216 tatem
2310 5158 2486 5225 venia,
2511 5157 2750 5227 quamvis
2779 5154 2974 5224 injuste
3001 5150 3364 5214 exacerbetur,
3389 5148 3505 5217 ejus
3529 5145 3690 5200 mise-

2119 5267 2318 5307 remur.
2347 5249 2496 5317 Quod
2522 5248 2566 5302 si
2595 5261 2690 5301 nos
2716 5244 2815 5300 hac
2846 5259 2971 5298 cura
2993 5243 3129 5297 circa
3159 5239 3384 5294 famulos
3410 5248 3464 5293 et
3492 5249 3689 5305 pueros

2119 5343 2337 5406 utimur,
2389 5348 2443 5394 et
2479 5353 2622 5408 Stcpe
2671 5336 2834 5390 lilium
2879 5335 2949 5389 ita
2991 5342 3296 5404 peccantem
3341 5328 3688 5399 ﬂagt-llainus,

2119 5433 2286 5486 nmlto
2324 5432 2490 5500 magis
2519 5431 2686 5484 bonus
2733 5429 2871 5482 Deus
2913 5435 2967 5482 et
3016 5426 3251 5480 clemens
3292 5431 3345 5476 et
3383 5435 3563 5490 {equus
3593 5417 3694 5471 hoc

2120 5525 2295 5578 faciet.
2324 5521 2457 5590 Quid
2482 5519 2653 5575 dicis?
2676 5519 2914 5573 infirmus
2955 5526 3032 5572 est
3064 5516 3153 5585 qui
3178 5511 3500 5569 offenditur?
3531 5509 3692 5578 Igitur

2117 5611 2310 5682 dignus
2355 5621 2435 5666 est
2479 5610 2563 5665 cui
2611 5617 2876 5677 parcatur,
2926 5622 3030 5660 non
3067 5614 3124 5659 ut
3170 5602 3413 5657 lazdatur.
3456 5597 3688 5653 Vulnera

2123 5703 2314 5764 habet?
2335 5703 2408 5758 Nc
2448 5702 2604 5772 igitur
2628 5708 2937 5766 atteramus,
2970 5696 3061 5754 sed
3087 5707 3354 5750 curemus.
3380 5691 3690 5760 Suspicatur
