4060 6136
407 285 514 340 593

407 405 545 452 male
582 411 633 453 et
663 401 1057 472 imprudenter?
1086 403 1247 474 Igitur
1274 407 1575 461 auferamus
1603 409 1976 476 suspicionem,

413 505 520 544 non
543 507 826 554 augeamus
859 512 871 546 :
904 494 954 547 in
982 493 1248 548 Christum
1281 499 1421 550 enim
1450 508 1631 566 peccat
1658 513 1775 566 qum
1805 498 1870 552 de
1901 498 1983 551 his

409 583 698 638 contendit.
757 585 839 638 An
898 603 1001 640 non
1055 587 1204 642 audis
1257 589 1307 642 in
1357 589 1536 644 Veteri
1591 590 1786 644 Mosen]
1840 605 1982 659 saepe

405 672 698 738 dicentem,
728 672 862 727 Deus
891 677 1074 730 zelotes
1099 687 1168 730 est
1197 677 1387 747 (Exod.
1436 678 1526 732 ΞΟ.
1579 679 1669 750 5)?
1711 688 1764 733 et
1792 679 1980 732 iterum

403 765 580 818 Zelavi
613 763 895 818 Jerusalem
933 765 1116 839 (Each.
1151 769 1200 821 1.
1248 768 1334 838 14)
1363 786 1374 821 :
1409 770 1458 823 in
1501 768 1649 823 Novo
1676 785 1802 824 vero
1846 769 1983 824 Pau-

406 857 514 908 lum
560 857 900 921 clamantem,
951 859 1194 913 Αἴηιυίον
1235 862 1363 914 enim
1411 878 1496 915 vos
1525 861 1621 914 Dei
1668 863 1987 916 wnmlatioue

412 945 486 1012 (2.
525 944 642 1001 Cor.
674 948 759 1000 11.
782 947 860 1018 2).
895 948 1024 1009 lloc,
1057 949 1102 1003 si
1129 950 1257 1003 nihil
1278 951 1440 1015 aliud,
1474 951 1718 1007 sufficere
1734 951 1982 1018 debebat,

405 1052 472 1091 ne
514 1039 911 1094 subverteretur
946 1041 1138 1105 anima,
1171 1041 1329 1095 etiam
1371 1058 1476 1096 non
1506 1042 1656 1097 valde
1690 1042 1898 1096 infirma
1933 1051 1987 1098 et

409 1145 575 1198 :egra.
602 1127 732 1184 Cum
759 1131 899 1186 enim
935 1147 1020 1187 res
1058 1133 1192 1188 adeo
1229 1133 1296 1188 sit
1322 1134 1590 1200 terribilis,
1621 1133 1791 1189 dulcis
1820 1135 1986 1206 magis

409 1228 512 1286 est,
543 1236 699 1290 quam
730 1228 824 1278 tet.
865 1222 1000 1276 bilis.
1045 1222 1344 1292 Numquam
1381 1225 1524 1278 enim
1559 1225 1707 1280 zelus
1745 1234 1847 1292 est,
1880 1240 1986 1281 non

409 1319 680 1381 praeeunte
705 1312 922 1366 caritate
945 1313 1117 1384 aliqua
1141 1315 1310 1369 callida
1332 1324 1388 1370 et
1415 1315 1672 1382 fervente,
1706 1316 1774 1370 ita
1807 1326 1862 1370 ut
1887 1316 1988 1370 hoc

409 1404 478 1459 sit
511 1415 876 1475 argumentum
905 1407 1232 1462 vehementis
1265 1408 1604 1479 ardentisque
1631 1409 1724 1464 Dei
1751 1409 1989 1464 caritatis

407 1505 464 1550 et
487 1497 752 1551 amicitiae.
780 1495 895 1552 Non
913 1479 930 1514 ³
931 1499 1072 1552 εηὶιη
1108 1499 1318 1554 aﬂ‘ectio
1353 1509 1435 1555 est
1466 1500 1610 1554 zelus
1639 1500 1690 1553 in
1720 1501 1847 1567 Deo,
1891 1499 1987 1556 sed

411 1586 601 1640 volens
644 1587 960 1642 immensum
1004 1603 1240 1644 amorem
1278 1604 1430 1643 suum
1480 1589 1838 1660 interpretari,
1884 1591 1987 1644 hoc

409 1689 552 1745 stupe
577 1691 704 1730 usus
729 1687 811 1732 est
841 1677 1072 1732 nomine.
1104 1679 1480 1744 Attamenpnos
1501 1679 1589 1749 qui
1611 1679 1764 1734 valde
1803 1679 1985 1733 insen-

406 1767 506 1821 sati
543 1767 608 1820 ad
639 1767 895 1821 humanas
923 1767 1218 1822 decidimus
1242 1768 1568 1831 aﬂectiones,
1611 1785 1732 1824 eum
1759 1770 1848 1840 qui
1889 1784 1986 1824 nos

406 1869 610 1914 tantum
657 1870 798 1914 amat
839 1861 1158 1916 contumelia
1203 1861 1480 1928 allicimus,
1532 1877 1625 1916 eos
1668 1871 1842 1917 autem
1890 1862 1981 1932 qui

407 1951 539 2006 nihil
566 1952 718 2006 nobis
746 1952 996 2022 prodesse
1018 1961 1238 2022 possunt
1266 1952 1513 2007 omnibus
1538 1952 1712 2007 modis
1737 1951 1980 2006 colimus.

407 2043 544 2112 Quid
578 2045 720 2098 enim
768 2046 882 2112 tibi,
923 2061 956 2097 ο
1001 2045 1218 2111 misera,
1272 2052 1474 2098 tantum
1521 2044 1775 2113 prodesse
1814 2051 1985 2112 potest

404 2135 591 2206 frigida
624 2137 739 2192 haec
780 2138 1122 2205 cohabitatio,
1163 2153 1282 2193 cum
1315 2146 1460 2192 tanto
1509 2137 1760 2192 thesauro
1799 2146 1849 2191 te
1879 2138 1986 2206 pri-

410 2229 537 2283 vet?
573 2229 726 2295 Vide,
773 2246 990 2299 quaeso:
1017 2229 1232 2286 deducit
1269 2238 1319 2285 te
1360 2245 1391 2285 e
1437 2229 1603 2294 caelis,
1650 2229 1889 2284 excludit
1931 2240 1985 2283 te

405 2318 668 2386 spirituali
697 2320 948 2387 thalamo,
971 2321 1202 2391 sejungit
1230 2329 1283 2376 te
1307 2335 1336 2374 a
1359 2321 1558 2376 caelesti
1588 2334 1805 2390 sponso,
1835 2327 1985 2389 parat

405 2409 501 2464 tibi
555 2411 869 2466 immortalia
921 2413 1180 2482 supplicia
1234 2420 1289 2468 et
1338 2421 1601 2468 tormenta
1651 2412 1811 2466 ﬁnem
1877 2425 1982 2465 non

405 2501 674 2557 habentia.
715 2504 817 2557 Pro
847 2504 928 2558 his
963 2505 1008 2559 si
1037 2506 1228 2559 talenta
1261 2505 1537 2560 innumera
1566 2503 1828 2575 praeberet
1849 2519 1981 2559 con-

405 2594 698 2649 tubernalis
727 2603 870 2663 tuus,
910 2596 954 2650 si
982 2597 1274 2665 promptior
1301 2605 1445 2652 esset
1482 2595 1757 2664 mancipiis
1787 2595 1985 2650 venali—

405 2686 514 2752 tiis,
543 2688 588 2740 si
619 2697 670 2742 te
711 2688 762 2741 in
789 2688 977 2757 majori
1018 2689 1220 2743 honore
1249 2696 1301 2742 et
1330 2689 1587 2760 dignitate
1612 2688 1980 2752 constitueret,

403 2791 560 2845 quam
600 2777 667 2831 sit
690 2778 868 2846 regina
894 2794 908 2831 :
939 2793 1006 2832 an
1033 2792 1138 2833 non
1164 2789 1221 2833 ut
1249 2778 1564 2833 damnosum
1592 2787 1645 2832 et
1685 2777 1978 2840 inimicum,

402 2877 457 2920 et
502 2869 648 2935 plura
693 2868 1021 2923 auferentem
1062 2883 1219 2937 quam
1254 2868 1488 2931 dantem,
1527 2868 1604 2921 sic
1652 2868 1886 2921 aversari
1931 2877 1984 2921 et

403 2958 527 3012 odio
557 2957 749 3012 habere
778 2960 1088 3027 oporteret?
1121 2959 1438 3028 Proponitur
1469 2959 1559 3012 tibi
1587 2973 1712 3014 cura
1739 2958 1806 3014 de
1830 2958 1984 3012 bonis

400 3051 723 3115 caelestibus,
767 3050 835 3104 de
874 3066 1040 3121 regno
1083 3050 1276 3115 futuro,
1323 3050 1390 3105 de
1432 3052 1538 3105 vita
1583 3049 1888 3115 immortali,
1915 3049 1984 3104 de

403 3142 655 3197 ineffabili
695 3143 896 3212 gloria;
929 3151 981 3197 tu
1014 3158 1142 3198 vero
1171 3143 1379 3212 negotia
1424 3151 1627 3196 terrena
1658 3155 1982 3196 commemo-

403 3248 512 3299 ras,
549 3234 767 3288 ethunc
797 3233 861 3288 ad
909 3235 994 3288 illa
1026 3235 1211 3288 utilem
1241 3235 1410 3288 visum
1449 3234 1580 3289 colis
1609 3234 1760 3304 quasi
1805 3232 1982 3287 domi-

406 3339 554 3390 num,
582 3332 637 3379 et
663 3339 766 3378 non
800 3333 851 3378 te
889 3325 1140 3390 occultas,
1179 3340 1350 3394 neque
1386 3339 1507 3378 oras
1534 3334 1591 3378 ut
1624 3333 1675 3378 te
1711 3332 1852 3378 terra
1883 3323 1980 3378 ab-

402 3415 636 3478 sorbeat,
671 3425 726 3468 ut
751 3415 827 3469 sic
854 3415 974 3470 inde
1002 3416 1229 3486 migres?
1255 3414 1358 3470 Sed
1400 3415 1762 3470 infirmitatem
1790 3414 1980 3468 mulie-

403 3505 514 3559 bris
562 3515 763 3559 naturze
805 3506 934 3560 mihi
983 3507 1248 3576 prmtexis,
1291 3517 1342 3562 et
1391 3505 1743 3561 humanorum
1790 3520 1980 3560 usuum

403 3595 872 3665 dispensationem,
921 3606 975 3651 ct
1006 3599 1238 3667 quietem
1267 3597 1632 3662 domesticam,
1683 3597 1886 3666 fingens
1928 3604 2004 3651 et‘

399 3701 726 3756 componens
753 3697 1036 3756 praetextas
1066 3689 1156 3758 qui
1187 3704 1290 3742 non
1318 3690 1474 3743 sunt?
1505 3691 1572 3743 At
1598 3703 1769 3759 neque
1789 3689 1866 3744 sic
1886 3703 1982 3743 eos

401 3777 491 3845 qui
518 3793 613 3830 cor
640 3777 834 3831 habent
863 3777 1029 3832 falles.
1070 3778 1185 3832 Non
1230 3787 1315 3833 est
1356 3780 1518 3844 enim,
1564 3794 1669 3832 non
1699 3788 1781 3834 est
1805 3781 1977 3848 quies,

402 3885 521 3932 qua:
562 3869 626 3923 ad
659 3879 856 3924 tantam
889 3871 1264 3940 turpitudinem
1309 3880 1480 3940 cogat.
1521 3871 1708 3926 Mulier
1746 3872 1885 3924 enim
1931 3872 1978 3928 si

402 3959 648 4026 voluerit,
697 3976 799 4014 non
845 3961 943 4015 sibi
984 3962 1081 4030 ipsi
1123 3962 1319 4027 solum,
1364 3961 1459 4016 scd
1497 3970 1550 4016 et
1593 3963 1710 4017 aliis
1743 3963 1979 4032 pluribus

401 4049 630 4106 sufﬁciet
654 4051 718 4104 ad
755 4052 1105 4104 ministerium
1137 4068 1150 4104 :
1184 4052 1432 4120 quoniam
1471 4067 1592 4106 cum
1617 4052 1684 4106 ab
1724 4053 1873 4108 initio
1897 4055 1978 4110 vir

403 4149 574 4214 civilia
605 4142 811 4218 negotia
846 4148 1158 4218 susceperit,
1189 4141 1381 4205 mulier
1403 4143 1586 4204 sortita
1611 4150 1693 4197 est
1716 4141 1976 4197 domesti-

400 4253 520 4292 cam
566 4238 1073 4294 adminiSIrationem
1118 4249 1172 4296 et
1212 4255 1413 4296 curam.
1457 4241 1574 4296 Non
1606 4241 1763 4313 igitur
1786 4242 1979 4312 quietis

403 4328 594 4399 indiga:
623 4328 762 4384 intus
791 4331 974 4399 rapitis
998 4331 1161 4387 viros.
1190 4331 1270 4385 Ad
1299 4332 1426 4401 quid
1456 4333 1619 4402 ergo?
1651 4334 1820 4403 stupri
1861 4346 1981 4401 gra-

402 4421 476 4474 tia
509 4427 568 4476 ei.
589 4420 860 4475 libidinis?
888 4421 999 4491 Ego
1028 4422 1242 4492 quidem
1275 4436 1380 4476 non
1421 4423 1499 4477 sic
1535 4423 1781 4490 dixerim,
1819 4423 1974 4487 absit,

405 4511 512 4565 imo
539 4526 645 4566 non
669 4510 856 4567 desino
890 4511 1172 4582 obiurgare
1199 4525 1293 4567 eos
1322 4513 1411 4583 qui
1437 4513 1514 4567 sic
1540 4511 1755 4568 dicunt:
1779 4513 1978 4567 utinam

401 4611 576 4657 autem
599 4601 849 4674 possibile
876 4611 1019 4659 esset
1057 4603 1107 4657 id
1134 4603 1489 4674 persuadere!
1518 4604 1646 4671 Quis
1684 4618 1810 4674 ergo
1838 4618 1978 4674 prte-

402 4702 601 4760 textus,
641 4711 760 4764 quae
795 4709 952 4750 causa
995 4693 1158 4750 efficit
1198 4703 1257 4749 ut
1307 4710 1419 4749 rem
1461 4696 1604 4749 illam
1645 4704 1975 4765 expetamus,

405 4786 614 4856 inquit?
643 4783 817 4840 Inanis
847 4785 1036 4858 gloria;
1070 4801 1240 4842 amor.
1279 4786 1346 4840 Et
1382 4785 1828 4856 quemadmodum
1851 4786 1978 4840 viris
2004 4800 2012 4808 '

405 4875 652 4944 voluptas
679 4875 862 4930 frivola
895 4886 948 4930 et
982 4876 1208 4942 misera,
1249 4877 1326 4930 sic
1355 4877 1457 4931 illis
1485 4876 1703 4933 honoris
1730 4877 1979 4947 concupi-

403 4969 607 5024 scentia
637 4967 738 5022 hoc
765 4970 1168 5027 contubernium
1199 4969 1466 5023 conciliat.

475 5059 719 5114 Mulieres
756 5077 898 5115 eunte
922 5056 1098 5125 gloria:
1126 5063 1340 5131 cupidas.
1371 5091 1443 5102 --
1463 5061 1591 5116 Nam
1620 5078 1767 5116 vana:
1795 5063 1977 5132 gloriae

401 5153 651 5224 cupidum
697 5169 844 5222 paene
887 5169 1043 5208 o:nue
1080 5154 1353 5208 hominum
1393 5168 1562 5223 genus
1601 5161 1704 5218 est,
1749 5153 1989 5209 maxime

403 5256 578 5302 autem
607 5245 883 5300 muliebre.
908 5245 1034 5300 Nam
1057 5261 1176 5300 cum
1196 5260 1366 5315 neque
1380 5261 1513 5313 opus
1535 5244 1763 5299 habeant
1779 5245 1973 5314 quiete,

405 5341 546 5396 sicut
571 5338 895 5393 declaratum
921 5345 1021 5402 est,
1067 5352 1236 5405 neque
1265 5350 1385 5390 cum
1420 5336 1548 5404 ipsis
1583 5352 1694 5390 rem
1726 5335 1972 5402 habeant,

405 5432 741 5487 manifestum
765 5429 904 5499 quod
932 5431 1033 5483 hoc
1066 5429 1235 5482 solmn
1284 5426 1542 5496 reliquum
1575 5436 1657 5482 est
1696 5427 1970 5496 suspicari.

473 5524 526 5581 6.
567 5523 827 5592 Quoniam
870 5521 1022 5591 igitur
1049 5522 1184 5575 hanc
1226 5519 1346 5574 mali
1376 5519 1608 5575 radicem
1655 5519 1972 5586 invenimus,

402 5633 500 5687 age
522 5628 713 5672 cmtera
737 5632 842 5671 non
867 5613 1318 5688 reprehendamus
1343 5629 1356 5679 ;
1385 5613 1764 5668 admoneamus
1792 5622 1973 5668 autem

407 5717 456 5760 et
482 5708 914 5776 persuadeamus,
951 5703 1092 5778 quod
1137 5705 1272 5761 sicut
1311 5704 1411 5761 viri
1438 5706 1525 5774 qui
1560 5706 1865 5762 eobabitant
1893 5707 1970 5761 vi-

1113 289 1168 343 S.
1200 289 1476 348 JOANNIS
1517 292 1986 350 CIIRYSOSTOMI
2027 295 2341 351 ARCHIEP.
2385 294 2916 352 CONSTANTINOP.

3560 302 3665 357 5‘2!

2090 407 2282 463 dentur
2301 409 2511 478 quidem
2542 408 2810 478 voluptate
2834 407 2957 475 frui,
2982 409 3169 478 majori
3194 418 3369 464 autem
3401 420 3669 467 tormento

2090 501 2387 555 subdantur
2415 500 2634 572 (etenim
2661 501 2772 555 sola
2801 515 2927 571 pura
2959 510 3013 554 et
3051 501 3220 556 solida
3251 502 3517 571 voluptas,
3545 520 3670 574 qua:

2091 605 2184 660 per
2209 591 2682 660 sequestrationem
2702 590 2805 662 est)
2836 609 2848 644 :
2879 591 2956 645 sic
2982 592 3162 661 utique
3186 602 3239 646 et
3265 608 3424 647 causa
3451 594 3669 648 illarum

2092 683 2267 738 habet.
2312 684 2532 739 Videtur
2583 684 2817 754 quidem,
2873 692 2928 737 ut
2969 684 3097 753 ipsa:
3148 686 3451 754 opinantur,
3495 687 3670 756 gloria

2091 775 2263 845 aliqua
2292 775 2416 829 hinc
2440 783 2496 830 et
2521 776 2736 830 claritas
2762 778 2944 839 nasci;
2973 779 3016 830 si
3045 785 3220 830 autem
3247 775 3526 846 diligenter
3550 779 3674 846 quis

2091 866 2420 936 exquisierit,
2467 867 2624 938 plena
2681 877 2735 922 et
2781 867 2976 921 referta
3028 876 3111 921 est
3153 869 3282 933 risu,
3331 867 3668 926 confusione.

2091 955 2394 1025 opprobriis
2420 965 2474 1011 et
2491 965 2730 1012 extrema
2758 956 3065 1026 ignominia.
3095 957 3159 1011 Et
3183 957 3250 1012 de
3274 957 3358 1012 his
3381 958 3522 1012 dicta
3546 970 3674 1014 sunt

2093 1047 2144 1100 in
2174 1045 2430 1116 principio
2458 1063 2641 1114 pauca,
2669 1047 2912 1102 dicentur
2940 1057 3116 1102 autem
3161 1057 3216 1104 et
3261 1065 3418 1103 nunc.
3452 1050 3534 1104 Sit
3572 1051 3674 1120 igi.

2093 1146 2178 1190 tur
2197 1137 2287 1206 qui
2313 1137 2602 1203 cohabitat,
2630 1137 2674 1191 si
2701 1137 2990 1202 velis,-non
3017 1137 3207 1207 aliquis
3236 1139 3355 1192 vilis
3381 1154 3551 1208 neque
3576 1139 3676 1192 abo

2092 1226 2388 1296 jectus,sed
2408 1227 2502 1298 qui
2530 1227 2748 1282 multam
2773 1227 2824 1281 in
2847 1227 3081 1282 Ecclesia
3107 1227 3416 1297 dignitatem
3447 1227 3668 1292 habeat,

2092 1327 2147 1372 et
2187 1318 2257 1373 ob
2288 1319 2498 1388 generis
2537 1317 2927 1384 claritudinem,
2984 1327 3040 1373 et
3095 1319 3165 1374 ob
3211 1318 3566 1388 eloquentiam
3619 1330 3675 1374 et

2092 1411 2341 1481 pietatem
2370 1410 2696 1467 admirabilis
2725 1411 2794 1465 sit
2819 1410 3088 1475 omnibus,
3119 1409 3293 1479 sitque
3321 1410 3674 1481 undequaque

2090 1501 2294 1567 clarus;
2327 1514 2498 1570 neque
2539 1501 2623 1554 vel
2664 1500 2742 1554 sic
2769 1499 2962 1569 poterit
2990 1491 3139 1556 illam
3163 1498 3339 1554 facere
3368 1500 3568 1554 claram
3612 1516 3676 1554 ac

2093 1591 2385 1662 probatam.
2410 1591 2642 1646 Gloriam
2664 1590 2804 1645 enim
2828 1589 3102 1644 habiturus
3121 1590 3381 1659 quiSpiam
3401 1604 3467 1645 ex
3493 1591 3674 1646 amici-

2092 1682 2161 1736 tia
2189 1697 2312 1752 erga
2341 1683 2591 1752 aliquem,
2616 1681 2756 1736 illius
2783 1682 3004 1753 gloriam
3031 1682 3180 1751 prius
3195 1681 3465 1736 custodire
3488 1683 3674 1749 debet,

2089 1773 2177 1842 qui
2194 1773 2391 1840 praebet
2408 1781 2462 1827 ut
2478 1772 2801 1842 gloriﬁcatur
2815 1789 2829 1838 ;
2844 1786 2963 1826 nam
2979 1772 3022 1826 si
3036 1772 3173 1827 illius
3187 1772 3351 1843 gloria
3365 1772 3672 1838 oﬁ‘enditur,

2090 1864 2256 1917 multo
2271 1863 2435 1934 magis
2453 1877 2602 1917 suam
2617 1863 2780 1932 ipsius
2789 1863 3010 1933 gloriam
3023 1863 3219 1932 dejicit.
3233 1863 3365 1918 Nam
3379 1865 3517 1918 sicut
3528 1864 3674 1920 fonte

2088 1964 2356 2022 corrupto,
2387 1963 2440 2008 et
2459 1970 2576 2024 quae
2596 1954 2717 2009 inde
2734 1963 2950 2008 manant
2968 1953 3161 2009 ﬂuenta
3183 1955 3510 2023 corruptioni
3527 1972 3674 2009 com-

2089 2045 2379 2112 ntunicanl,
2407 2053 2461 2099 et
2485 2045 2662 2100 radice
2681 2053 2926 2114 corrupta
2948 2045 3117 2099 multo
3138 2045 3304 2114 magis
3329 2047 3529 2100 fructus
3548 2062 3674 2100 cor-

2088 2145 2430 2206 rumpantur:
2450 2135 2528 2190 sic
2543 2145 2596 2190 et
2615 2150 2774 2200 nunc,
2796 2135 2842 2190 si
2859 2137 2903 2190 is
2919 2136 3009 2205 qui
3023 2137 3276 2206 virginem
3295 2136 3490 2190 claram
3515 2137 3674 2190 factu-

2090 2244 2178 2281 rus
2203 2238 2284 2281 est
2310 2226 2399 2282 fiat
2425 2226 2680 2283 ridiculus
2712 2227 2782 2282 ob
2822 2227 3290 2293 cohabitationem,
3319 2227 3432 2296 ipsa
3459 2242 3674 2298 quoque

2087 2327 2211 2372 ante
2243 2317 2390 2372 illum
2418 2327 2617 2372 etcum
2650 2317 2740 2372 illo
2775 2317 3034 2372 ridebitur
3057 2333 3072 2382 ;
3099 2325 3156 2372 et
3189 2319 3234 2373 si
3271 2319 3476 2372 mulieri
3506 2329 3674 2372 antea

2086 2410 2367 2480 contigerit
2391 2410 2558 2480 gloria
2587 2410 2723 2464 bona
2744 2409 2882 2480 apud
2905 2410 3120 2475 multos,
3145 2425 3262 2466 eam
3289 2421 3463 2464 tamen
3489 2413 3670 2465 statim

2088 2501 2356 2571 ingressus
2395 2500 2484 2556 ille
2525 2501 2686 2556 domo
2731 2501 2934 2571 ejiciet;
2977 2510 3180 2556 tantum
3220 2502 3371 2556 abest
3415 2511 3470 2556 ut
3511 2502 3674 2560 aliam

2086 2605 2266 2644 secum
2293 2590 2479 2646 aﬂ'erat
2507 2609 2520 2644 :
2553 2606 2615 2646 ac
2643 2592 2766 2646 licet
2793 2591 2951 2646 etiam
2991 2593 3104 2660 ipse
3133 2592 3326 2651 habeat
3353 2592 3511 2645 talem
3539 2594 3666 2646 exi-

2087 2683 2467 2746 Stimationem,
2501 2682 2640 2737 idem
2681 2683 2758 2737 illi
2799 2683 3090 2754 continget.
3131 2683 3246 2738 Non
3279 2685 3435 2753 igitur
3472 2683 3667 2738 famam

2087 2774 2236 2828 vobis
2263 2774 2452 2828 bonam
2483 2775 2694 2831 adducit
2719 2775 2836 2830 haec
2859 2775 3209 2843 consuetudo,
3233 2777 3324 2830 sed
3348 2791 3464 2830 eam
3491 2775 3669 2830 aufert

2085 2880 2244 2936 quam
2278 2867 2570 2932 habebatis,
2599 2877 2654 2922 et
2679 2868 2872 2921 malam
2904 2867 3122 2936 insuper
3148 2866 3344 2921 conﬁat
3371 2882 3529 2936 quam
3561 2882 3670 2926 non,

2087 2957 2381 3012 habebatis.
2421 2959 2485 3012 Et
2513 2958 2654 3028 quod
2682 2958 2746 3013 de
2775 2957 2974 3013 Judteis
3000 2957 3257 3027 propheta
3291 2957 3437 3020 dicit,
3467 2972 3663 3026 oppor-

2089 3056 2270 3103 tunum
2315 3058 2399 3104 est
2434 3050 2593 3104 etiam
2641 3063 2781 3104 nunc
2827 3048 3026 3103 dicere.
3069 3047 3130 3103 Si
3172 3047 3383 3100 nmtabit
3421 3046 3665 3115 .IEtlu'ops

2087 3140 2267 3208 pellem
2308 3156 2476 3207 suam,
2513 3149 2557 3193 et
2603 3139 2791 3208 pardus
2827 3139 3053 3193 maculas
3085 3154 3204 3192 suas
3244 3136 3372 3209 (Jer.
3421 3138 3503 3191 15.
3545 3137 3664 3206 ‘25),

2085 3232 2246 3287 etiam
2272 3232 2359 3301 qui
2387 3232 2578 3286 talibus
2595 3230 2920 3296 cohabitant,
2944 3229 3201 3284 maculam
3223 3228 3358 3283 hanc
3378 3229 3664 3298 aliquando

2085 3323 2353 3390 deponent
2399 3339 2412 3375 :
2463 3323 2541 3374 sic
2589 3319 3032 3390 quemadmodum
3085 3319 3296 3387 corpori
3344 3318 3670 3384 cauterium,

2085 3414 2359 3468 amborum
2411 3411 2791 3465 existimationi
2845 3410 3094 3475 inuritur,
3139 3418 3193 3463 et
3243 3409 3382 3463 bona
3429 3409 3661 3482 ipsorum

2085 3503 2259 3559 omnia
2296 3502 2538 3557 oﬂ'uscat.
2564 3491 2668 3556 Sed
2709 3501 2842 3554 forte
2869 3500 3092 3570 gloriam
3121 3509 3308 3570 putant
3337 3499 3438 3554 hoc
3465 3499 3660 3569 ipsum,

2085 3593 2347 3664 imperare
2389 3593 2537 3647 viris.
2584 3591 2653 3645 At
2687 3589 2789 3645 hoc
2826 3597 2909 3644 est
2951 3590 3084 3644 mire
3124 3588 3422 3654 ridiculum,
3463 3599 3516 3642 et
3557 3603 3669 3656 quo

2085 3687 2312 3740 maxime
2339 3684 2630 3754 gloriantur
2658 3684 2786 3738 sola:
2817 3683 3142 3738 meretrices.
3177 3681 3451 3737 Mulierum
3480 3682 3662 3751 utique

2083 3777 2371 3834 liberarum
2400 3785 2454 3832 et
2491 3787 2753 3832 castarum
2793 3775 2894 3829 hoc
2921 3791 3024 3830 non
3052 3774 3229 3840 fuerit,
3258 3774 3312 3829 in
3341 3773 3532 3828 talibus
3571 3788 3660 3828 re-

2085 3870 2224 3925 tibus
2253 3869 2514 3924 deliciari.
2549 3869 2812 3935 Quoniam
2855 3877 2910 3923 et
2943 3868 3068 3925 hinc
3111 3869 3304 3924 iterum
3345 3867 3484 3922 aliud
3513 3869 3662 3937 igno—

2084 3963 2260 4017 minim
2287 3969 2679 4032 argumentum,
2712 3968 2768 4015 et
2793 3970 2992 4031 quanto
3019 3963 3189 4030 magis
3221 3961 3485 4031 imperant
3512 3961 3666 4025 viris,

2083 4062 2135 4108 et
2160 4053 2400 4124 graviora
2429 4054 2727 4123 iniungunt,
2752 4060 2899 4106 tanto
2925 4051 3092 4121 magis
3112 4052 3314 4120 seipsas
3333 4050 3666 4105 confundunt

2082 4162 2203 4201 cum
2232 4147 2380 4223 ipsis.
2410 4147 2524 4205 Non
2551 4147 2694 4201 enim
2727 4161 2844 4220 qui:
2885 4159 3086 4205 servire
3116 4144 3236 4204 facit
3276 4145 3416 4202 viros
3452 4148 3667 4214 mulier,

2084 4247 2174 4301 sed
2204 4263 2320 4315 qum
2343 4257 2634 4308 reveretur,
2659 4245 2905 4298 onmibns
2929 4252 3010 4297 est
3032 4241 3319 4296 reverenda
3336 4251 3391 4295 et
3409 4241 3660 4310 gloriosa.

2083 4340 2134 4392 Si
2167 4348 2340 4392 autem
2373 4353 2475 4390 non
2505 4337 2858 4392 sustinuerint
2889 4335 3002 4390 lucc
3032 4346 3212 4388 nostra
3240 4334 3419 4396 verba,
3455 4334 3543 4386 Dei
3574 4333 3663 4388 lex
3733 4385 3736 4388 .

2083 4429 2366 4484 orcludere
2399 4443 2493 4483 ora
2531 4444 2712 4483 earmn
2763 4436 2955 4498 potest,
3001 4427 3079 4480 sic
3118 4425 3303 4481 dicens
3334 4443 3347 4478 :
3379 4424 3457 4478 Ad
3499 4426 3662 4477 virum

2083 4529 2222 4573 tuum
2237 4520 2490 4572 conversio
2518 4529 2622 4586 tua,
2660 4529 2703 4572 et
2725 4518 2832 4586 ipse
2857 4517 2930 4570 tui
2957 4515 3314 4570 dominabitur.
3343 4513 3506 4583 Caput
3531 4515 3662 4567 enim

2083 4609 2305 4662 mulieris
2333 4610 2408 4662 vir
2433 4606 2581 4680 (Gen.
2606 4608 2657 4662 ’5.
2690 4608 2776 4662 16.
2810 4609 2859 4661 1.
2891 4605 3009 4662 Cor.
3042 4607 3128 4661 11.
3171 4606 3250 4676 5).
3281 4605 3348 4661 Et
3394 4603 3604 4659 aliunde
3629 4618 3664 4658 θ

2083 4699 2261 4754 multis
2297 4700 2430 4776 locis
2455 4698 2575 4769 quis
2603 4699 2704 4753 hoc
2729 4697 2963 4752 inveniet
3001 4697 3078 4752 sic
3107 4697 3311 4766 legibus
3343 4707 3578 4761 cautum,
3608 4704 3665 4748 et

2083 4789 2224 4844 hunc
2269 4791 2396 4844 olim
2435 4793 2615 4846 datum
2655 4803 2775 4844 esse
2816 4789 3082 4844 ordinem.
3131 4787 3313 4857 Itaque
3351 4800 3542 4855 magna
3580 4795 3666 4840 est

2083 4880 2313 4946 foeditas,
2343 4882 2386 4936 si
2426 4883 2701 4950 superiora
2740 4881 2868 4936 fiant
2907 4879 3158 4934 inferiora
3180 4918 3195 4945 ,
3225 4886 3384 4947 caput
3410 4878 3662 4932 deorsum

2082 4983 2136 5030 et
2155 4989 2349 5044 corpus
2373 4987 2601 5028 sursum.
2625 4972 2778 5039 Quod
2803 4973 2848 5027 si
2877 4973 2928 5026 in
2951 4971 3152 5042 nuptiis
3173 4971 3273 5025 hoc
3293 4981 3463 5038 turpe,
3497 4969 3665 5022 multo

2081 5064 2250 5135 magis
2275 5064 2328 5118 in
2352 5062 2455 5118 hoc
2475 5063 2767 5130 consortio,
2798 5061 2889 5116 ubi
2918 5076 3022 5116 non
3045 5060 3150 5116 hoc
3174 5060 3343 5116 solum
3370 5075 3533 5139 grave
3556 5067 3662 5122 est,

2080 5155 2219 5226 quod
2242 5155 2310 5209 sit
2329 5154 2679 5224 transgressio
2699 5153 2892 5232 divinae
2913 5153 3062 5222 legis,
3092 5151 3185 5207 sed
3204 5149 3351 5220 quod
3377 5150 3661 5220 pessimam

2081 5259 2135 5304 et
2161 5249 2368 5304 mulieri
2399 5258 2453 5304 et
2476 5249 2550 5302 illi
2578 5248 2764 5303 afferat
2791 5245 3003 5302 tamam.
3029 5245 3160 5300 Nam
3186 5244 3234 5301 si
3252 5243 3563 5300 cohabitare
3583 5250 3664 5296 est

2082 5348 2255 5409 turpe,
2286 5339 2452 5392 multo
2483 5339 2649 5408 magis
2669 5337 3060 5393 cohabitantem
3091 5337 3204 5391 viro
3229 5333 3513 5390 dominari.
3547 5331 3661 5386 Non

2082 5433 2221 5487 enim
2252 5432 2600 5502 undequaque
2639 5431 2901 5500 imperare
2945 5428 3156 5484 laudem
3193 5426 3371 5489 habet,
3412 5424 3505 5479 sed
3549 5423 3660 5475 fieri

2081 5535 2252 5594 potest
2290 5533 2348 5578 ut
2383 5523 2473 5594 qui
2513 5524 2803 5593 imperatur
2842 5521 3195 5588 laudabiliter,
3223 5528 3276 5573 et
3313 5517 3401 5588 qui
3433 5517 3663 5585 imperat

2083 5617 2305 5684 turpiter
2330 5625 2468 5686 agat.
2496 5614 2676 5685 itaque
2714 5615 2758 5668 si
2797 5615 2874 5668 vis
2908 5614 2959 5668 in
2988 5612 3338 5667 admiratione
3377 5625 3496 5665 esse
3522 5607 3660 5676 apud

2085 5708 2247 5777 viros,
2279 5707 2408 5761 nihil
2443 5707 2532 5762 ti'm
2560 5720 2840 5762 commune
2871 5705 3078 5760 sitcum
3101 5703 3248 5772 ipsis,
3275 5701 3505 5771 procula
3533 5714 3661 5752 coa-
