4060 6136
335 280 479 337 523
882 279 1070 348 QUOD
1104 277 1518 335 REGULARES
1553 276 1831 332 FEMINxE
1870 276 2056 334 VIRIS
2091 276 2532 334 COHABITARE
2568 277 2707 336 NON
2746 278 3081 337 DEBBANT.
3508 281 3613 339 524

328 393 744 462 ἐπιτείνωμεν·
779 393 858 454 εἰς
892 386 1259 466 γὰρ’Χριστδν
1293 392 1455 445 αὐτὸν
1505 389 1655 463 [258]
1683 389 1932 460 ἁμαρτά-

334 494 469 541 νεις
512 474 738 528 τοιαῦτα
776 475 1253 544 φιλονεικοῦσα.Ἢ
1286 477 1384 529 οὐκ
1432 473 1650 536 ἀκούεις
1697 471 1935 542 συνεχῶς

337 560 417 613 ἐν
448 559 545 630 μὲν
584 559 650 628 τῇ
692 557 904 628 Παλαιᾷ
933 557 1025 611 τοῦ
1060 558 1337 621 Μωῦσέως
1375 558 1624 624 λέγοντος
1659 557 1763 619 ὅτι,
1793 555 1936 620 Θεός

336 644 487 696 ἐστι
526 640 824 709 ζηλωτήςς
863 642 1029 695 αὐτοῦ
1059 643 1115 695 δὲ
1146 644 1249 708 ὅτι,
1267 639 1560 710 Ἐζήλωκα
1587 640 1701 708 τὴν
1730 639 1937 705 Ἰερου-

339 724 598 794 σαλήμ;
633 726 690 778 ἐν
721 725 777 777 δέ
803 728 869 796 τῇ
897 727 1070 797 Καινῇ
1104 725 1198 779 τοῦ
1228 724 1440 778 Παύλου
1468 722 1696 794 βοῶντος
1718 738 1732 752 ο
1760 717 1938 790 Ζηλῶ

341 809 468 877 γὰρ
499 808 658 877 ὑμᾶς
696 809 842 863 Θεοῦ
874 808 1051 878 ζήλῳ.
1085 808 1276 872 Τοῦτο,
1316 809 1365 861 εί
1409 808 1505 862 καὶ
1542 807 1706 878 μηδὲν
1752 804 1936 875 ἕτερον

343 890 507 957 ἄλλο,
542 891 722 946 ἱκανὸν
752 888 820 965 ἦν
851 892 950 965 τὴν
984 893 1060 964 μὴ
1099 893 1303 963 σφόδρα
1332 890 1593 945 νοσοῦσαν
1634 888 1728 943 καὶ
1759 886 1936 958 ἀπηλ-

342 977 603 1047 γημένην
651 977 976 1047 ἐπιστρέψαι
1023 977 1231 1049 ψυχήν·
1276 974 1420 1029 οὕτω
1449 975 1557 1044 γάρ
1598 971 1825 1043 φοϐερὸν
1855 970 1934 1033 ὃν,

345 1058 456 1132 ἡδὺ
493 1059 693 1131 μᾶλλόν
732 1061 901 1123 ἐστιν,
929 1061 963 1133 ἢ
997 1060 1245 1133 φοϐερόν.
1276 1060 1351 1113 Οὐ
1382 1059 1491 1130 γὰρ
1514 1058 1581 1113 ἀν
1612 1056 1771 1128 ζῆλός
1806 1071 1936 1109 ποτε

345 1143 586 1217 γένοιτο,
618 1143 692 1214 μὴ
723 1143 930 1214 θερμῆς
957 1160 1102 1207 τινος
1139 1144 1234 1197 καὶ
1271 1141 1500 1213 ζεούσης
1531 1138 1938 1213 προϋποκειμέ-

347 1243 453 1299 νης
479 1225 701 1296 ἀγάπης
720 1244 734 1257 ·
765 1225 905 1280 ὥστε
937 1226 1171 1296 σφοδράς
1214 1225 1311 1279 καὶ
1357 1223 1759 1296 πεπυρωμένης
1795 1220 1932 1291 ἀγά-

347 1325 467 1380 πης
498 1309 592 1363 τοῦ
621 1308 756 1363 θεοῦ
785 1309 880 1365 καὶ
908 1309 1089 1378 φιλίας
1123 1308 1423 1380 τεκμήριον
1456 1306 1614 1361 τοῦτό
1651 1307 1816 1359 ἐστιν.
1842 1305 1940 1358 Οὐ-

346 1392 413 1445 δέ
443 1392 554 1463 γάρ
582 1390 752 1455 πάθος
780 1392 926 1444 ἐστὶν
949 1394 979 1445 6
1003 1391 1162 1462 ζῆλος
1192 1391 1286 1445 ἐπὶ
1309 1391 1467 1453 Θεοῦ,
1509 1387 1646 1443 ἀλλά
1672 1389 1771 1458 τὴν
1794 1387 1937 1457 ἀφα-

346 1491 446 1538 τον
468 1474 632 1528 αὐτοῦ
657 1475 1034 1546 φιλοστοργίαν
1051 1473 1386 1546 ἑρμηνεῦσαι
1410 1471 1940 1544 βουλόμενος,τούτῳ

350 1557 617 1621 πολλάκις
655 1557 1030 1629 ἀποκέχρηται
1073 1556 1152 1628 τῷ
1180 1558 1424 1629 ὀνόματι.
1442 1556 1581 1609 Ἀλλ’
1604 1556 1754 1626 ὅμως
1778 1555 1939 1624 ἡμεῖς

347 1640 405 1693 οἰ
433 1639 639 1711 σφόδρα
663 1640 979 1711 ἀναίσθητοι
1007 1640 1142 1711 πρὸς
1184 1639 1282 1704 τάς
1314 1638 1659 1710 ἀνθρωπίνας
1704 1634 1939 1690 καταπί-

351 1740 567 1792 πτομεν
616 1722 980 1794 συμπαθείας,
1007 1722 1221 1777 καὶτὸν
1271 1722 1368 1794 μὲν
1404 1720 1578 1785 οὕτως
1608 1718 1767 1792 ήμῶν
1808 1737 1941 1791 σφο-

347 1805 502 1878 δρῶς
521 1805 736 1876 ἐρῶντα
755 1805 1180 1878 καθυϐρίζομεν,
1206 1807 1334 1869 τοὺς
1353 1805 1410 1858 δέ
1435 1805 1586 1859 οὐδὲν
1609 1803 1939 1874 δυναμένους

349 1889 639 1961 ὠφελῆσαι
668 1893 832 1945 παντὶ
863 1891 1051 1962 τρόπῳ
1084 1889 1484 1962 θεραπεύομεν.
1521 1889 1586 1941 Τί
1623 1887 1733 1960 γάρ
1775 1904 1853 1953 σε,
1893 1880 1940 1940 ὧ

349 1974 690 2046 ταλαίπωρε,
712 1975 967 2029 τοσοῦτον
998 1975 1187 2045 ὀνῆσαι
1214 1974 1504 2045 δυνήσεται
1528 1974 1563 2044 ή
1591 1971 1773 2044 ψυχρά
1798 1971 1936 2044 αὕτη

356 2058 688 2128 συνοίκησις,
711 2058 851 2112 ὅσων
883 2058 1135 2114 ἐκϐάλλει
1166 2076 1227 2112 σε
1261 2056 1589 2129 θησαυρῶν;
1619 2057 1819 2111 Σκόπει
1847 2056 1939 2109 δέ’

352 2140 602 2209 Κατάγει
635 2157 695 2192 σε
730 2142 793 2194 ἐκ
824 2141 933 2193 τῶν
960 2140 1224 2213 οὐρανῶν,
1256 2138 1353 2192 τοῦ
1382 2139 1668 2210 νυμφῶνος
1697 2138 1939 2194 ἀπελαύ-

352 2240 438 2276 νει
479 2222 574 2276 τοῦ
627 2223 1020 2294 πνευματικοῦ,
1052 2220 1399 2292 διαζεύγνυσί
1444 2238 1504 2275 σε
1549 2221 1645 2274 τοῦ
1684 2222 1936 2295 οὐρανίου

354 2308 618 2378 νυμφίου,
653 2307 907 2379 προξενεῖ
927 2308 1023 2379 τὴν
1048 2308 1316 2364 ἀθάνατον
1345 2310 1586 2375 κόλασιν,
1608 2307 1678 2361 τὰ
1717 2306 1939 2376 βασανι-

355 2392 558 2462 στήρια
583 2389 653 2443 τά
674 2390 828 2454 τέλος
851 2391 950 2443 οὐκ
983 2390 1194 2462 ἔχοντα.
1236 2393 1381 2446 Ἀντί
1404 2393 1630 2457 τούτων,
1658 2393 1706 2444 εἰ
1747 2390 1816 2444 τὰ
1849 2389 1940 2460 μέ-

353 2472 527 2527 ταλλα
573 2474 798 2544 χρυσίου
847 2476 1104 2545 παρεῖχεν
1146 2475 1175 2527 6
1225 2476 1488 2530 συνοικῶν
1532 2474 1722 2546 μυρία,
1754 2474 1804 2526 εἰ
1827 2472 1937 2525 τῶν

352 2557 765 2628 ἀργυρωνήτων
814 2574 896 2610 σοι
948 2557 1147 2628 μᾶλλον
1191 2559 1446 2614 ὑπέκειτο
1481 2557 1849 2629 ἀνδραπόδων,
1888 2558 1938 2608 εἰ

350 2642 457 2709 τῆς
490 2638 755 2709 βασιλίδος
778 2640 948 2711 αὐτῆς
980 2642 1037 2694 ἐν
1062 2642 1266 2696 πλείονί
1301 2661 1359 2698 σε
1390 2643 1484 2698 καὶ
1516 2646 1647 2715 τιμῇ
1674 2643 1767 2697 καὶ
1810 2643 1939 2697 ἀνα-

354 2723 559 2776 παύσει
591 2724 843 2796 καθίστη,
876 2722 984 2797 ἆρα
1009 2726 1108 2796 οὐχ
1137 2725 1212 2790 ὡς
1241 2726 1497 2798 λυμεῶνα
1517 2729 1611 2783 καὶ
1632 2727 1824 2799 ἐχθρὸν
1845 2727 1939 2780 καὶ

358 2808 584 2879 μείζονα
631 2809 1033 2884 ἀφαιρούμενον
1082 2809 1115 2881 ἢ
1162 2810 1394 2874 διδόντα,
1437 2811 1580 2866 οὕτω
1629 2813 1805 2881 μισεῖν
1848 2810 1940 2863 καὶ

334 2895 796 2967 ἀποστρέφεσθαι
825 2895 930 2947 ἔδει
954 2912 968 2960 ;
1001 2896 1138 2964 Περὶ
1165 2896 1275 2949 τῶν
1305 2897 1361 2948 ὲν
1389 2897 1503 2957 τοῖς
1534 2895 1782 2964 οὐρανοῖς
1802 2894 1938 2959 ἀγα-

355 2978 468 3031 θῶν
504 2978 533 3030 6
563 2979 721 3046 λόγος
761 2995 842 3030 σοι
871 2978 1180 3050 πρόκειται,
1210 2978 1338 3048 περί
1362 2977 1460 3049 τῆς
1486 2978 1602 3031 ἐκεῖ
1638 2975 1935 3046 βασιλείας,

356 3063 488 3133 περὶ
523 3065 620 3132 τῆς
644 3061 915 3115 ἀθανάτου
947 3061 1114 3129 ζωῆς,
1143 3061 1272 3131 περὶ
1293 3061 1392 3131 τῆς
1420 3060 1733 3131 ἀπορρήτου
1757 3058 1934 3127 δόξης·

355 3146 424 3198 σὺ
473 3143 530 3196 δὲ
574 3145 777 3213 γηΐνων
813 3142 1175 3214 μνημονεύεις
1206 3143 1571 3214 πραγμάτων,
1597 3142 1692 3195 καὶ
1740 3141 1831 3195 τὸν
1881 3142 1939 3194 ἐν

354 3227 588 3291 ἐκείνοις
635 3228 900 3298 χρήσιμον
945 3221 1082 3281 εἶναι
1109 3226 1369 3281 δοκοῦντα
1400 3224 1724 3298 θεραπεύεις
1751 3224 1940 3296 ὥσπερ

354 3311 640 3381 δεσπότην,
672 3311 766 3363 καὶ
807 3310 869 3364 οὐ
904 3310 1167 3381 καταδύῃ,
1197 3309 1319 3364 οὐδὲ
1357 3308 1494 3382 εὔχῃ
1540 3308 1822 3380 διαστῆναί
1858 3325 1939 3360 σοι

354 3395 455 3464 τὴν
495 3394 619 3464 γῆν,
655 3394 750 3447 καὶ
791 3391 966 3457 οὕτως
1012 3393 1225 3449 ἐνθένδε
1263 3393 1552 3460 ἀπελθεῖν;
1610 3393 1749 3447 Ἀλλ’
1776 3392 1939 3447 ἀσθέ-

355 3478 508 3532 νειάν
548 3494 638 3547 μοι
683 3476 962 3551 προϐάλλῃ
996 3477 1315 3547 γυναικείας
1343 3476 1580 3547 φύσεως,
1615 3477 1708 3532 καὶ
1742 3475 1939 3548 χρειῶν

355 3558 715 3631 ἀνθρωπίνων
739 3560 1073 3630 οἰκονομίαν,
1095 3561 1189 3614 καὶ
1212 3560 1519 3614 ἀνάπαυσιν
1546 3560 1644 3631 τὴν
1671 3557 1815 3614 κατά
1840 3558 1939 3630 τὴν

355 3643 551 3707 οἰκίαν,
586 3642 893 3696 πλάττουσα
920 3646 1012 3697 καὶ
1036 3644 1346 3699 συντιθεῖσα
1366 3642 1464 3707 τὰς
1490 3642 1592 3697 οὐκ
1614 3642 1781 3708 οῦσας
1806 3660 1939 3714 προ-

359 3727 569 3796 φάσεις.
588 3726 723 3779 Ἀλλ’
747 3726 857 3783 οὐδ’
886 3726 1058 3791 οὕτως
1089 3729 1273 3801 λήσεις
1296 3733 1423 3797 τοὺς
1448 3731 1573 3785 νοῦν
1602 3731 1842 3800 ἔχοντας.
1862 3729 1936 3783 ού

359 3810 466 3883 γάρ
498 3812 668 3877 ἐστιν,
695 3812 795 3866 οὐκ
822 3810 970 3866 ἔστιν
1009 3813 1319 3879 ἀνάπαυσις
1366 3817 1401 3887 ἡ
1446 3811 1938 3883 καταναγκάζουσα

358 3894 595 3950 τοσαῦτα
638 3896 988 3965 ἀσχημονεῖν.
1038 3896 1182 3967 Γυνὴ
1235 3898 1365 3968 γὰρ,
1400 3899 1450 3950 εἰ
1502 3897 1810 3967 βουληθείη,
1837 3895 1936 3966 οὐχ

360 3980 523 4048 ἑαυτῇ
561 3977 740 4047 μόνον,
769 3976 904 4031 ἀλλά
953 3978 1050 4030 καί⁵
1096 3979 1308 4049 ἑτέροις
1339 3979 1562 4050 ἀρκέσει
1592 3979 1831 4033 πλείοσιν
1856 3982 1935 4043 εἰς

355 4060 384 4121 δ
407 4059 631 4113 ακονίαν
651 4076 665 4089 ·
696 4060 819 4112 ἐπεὶ
846 4060 941 4112 καὶ
962 4057 1023 4124 ἐξ
1040 4061 1219 4131 ἀρχῆς
1243 4061 1340 4114 τοῦ
1369 4060 1559 4131 ἀνδρὸς
1589 4062 1657 4114 τὰ
1687 4061 1937 4114 πολιτικὰ

358 4143 659 4214 πράγματα
693 4141 969 4212 λαχόντος,
998 4142 1058 4195 τὸ
1102 4145 1371 4216 οἰκουρεῖν
1412 4144 1551 4217 αὐτὴ
1593 4146 1690 4198 καὶ
1732 4147 1938 4198 οἰκονο-

360 4229 480 4297 μεῖν
498 4228 567 4278 τά
590 4224 736 4279 ἔνδον
755 4225 970 4280 ἅπαντα
992 4226 1362 4299 ἐκληρώσατο.
1383 4229 1457 4282 Οὐ
1488 4230 1666 4283 τοίνυν
1693 4228 1939 4283 ἀναπαύ-

359 4326 497 4372 σεως
543 4308 794 4379 δεόμεναι
846 4307 1036 4363 ἕλκετε
1082 4312 1211 4374 τοὺς
1255 4310 1454 4383 ἄνδρας
1486 4312 1833 4366 ἐνδον.“Αλλὰ
1863 4310 1940 4383 τί;

358 4392 491 4462 φησί
512 4407 525 4419 ·
563 4392 818 4464 πορνείας
843 4392 1029 4446 ἕνεκεν
1057 4394 1152 4448 καὶ
1188 4394 1505 4463 άσελγείας;
1547 4396 1689 4465 Ἐγὼ
1721 4396 1818 4466 μὲν
1840 4397 1940 4448 οὐκ

355 4475 422 4541 ἂν
445 4474 657 4545 εἴποιμι
688 4474 867 4537 τοῦτο,
907 4475 982 4545 μὴ
1009 4474 1240 4543 γένοιτοί
1267 4477 1403 4530 ἀλλά
1430 4479 1524 4531 καὶ
1551 4481 1663 4542 τοῖς
1691 4478 1939 4546 λέγουσιν

357 4558 626 4630 ἐπιτιμῶν
645 4558 705 4611 οὐ
733 4556 1013 4628 παύομαι·
1042 4558 1154 4611 εῑθε
1180 4558 1235 4612 δὲ
1259 4560 1351 4613 καὶ
1384 4563 1567 4614 πεῖσαι
1594 4560 1818 4616 δυνατὸν
1847 4556 1934 4630 ἦν.

359 4637 454 4703 Τίς
479 4635 573 4695 οὖν
602 4641 751 4697 ἐστιν
778 4641 812 4711 ὴ
846 4640 1118 4710 πρόφασις
1145 4642 1183 4711 ή
1202 4641 1448 4695 ποθεινὸν
1475 4644 1606 4713 ἡμῖν
1626 4642 1686 4695 16
1710 4645 1940 4713 πρᾶγμα

359 4720 619 4788 ποιοῦσα;
654 4722 809 4794 φησί.
843 4722 1162 4790 Κενοδοξίας
1204 4722 1366 4795 ἐρως.
1402 4726 1512 4779 Καὶ
1551 4725 1803 4795 καθάπερ
1846 4725 1941 4778 ἀν-

357 4805 545 4877 δράσιν
575 4807 737 4879 ήδονὴ
767 4805 953 4881 ψυχρά
990 4808 1086 4863 καί
1124 4807 1490 4879 ταλαίπωρος,
1520 4809 1661 4863 οὕτω
1691 4809 1783 4862 καὶ
1808 4808 1943 4862 ταύ-

356 4909 480 4953 ταις
501 4890 815 4961 φιλοτιμίας
838 4890 1106 4962 ἐπιθυμία
1138 4889 1237 4962 τὴν
1259 4893 1595 4964 ὁμοσκηνίαν
1619 4892 1825 4962 ταύτην
1852 4893 1943 4963 ἐρ-

357 4973 605 5041 γάζεται.

430 5076 719 5142 Κενόδοξον
758 5078 855 5149 μὲν
895 5077 1064 5140 ἀπαν,
1093 5081 1171 5142 ὼς
1193 5080 1388 5143 εἰπεῖν,
1418 5078 1481 5134 16
1508 5078 1618 5132 τῶν
1639 5078 1943 5150 ἀνθρώπων

360 5159 534 5226 γένος,
569 5150 802 5231 μάλιστα
826 5161 884 5216 δὲ
912 5162 974 5215 16
1003 5165 1334 5231 γυναικεῖον·
1354 5163 1482 5225 ὅταν
1505 5164 1613 5235 γὰρ
1641 5165 1777 5233 μήτε
1811 5162 1944 5215 ἀνα-

358 5243 611 5308 παύσεως
661 5245 908 5309 δέωνται,
938 5246 1189 5318 καθάπερ
1229 5246 1625 5310 ἀποδέδεικται,
1662 5248 1798 5317 μήτε
1823 5245 1937 5299 δια.

359 5325 689 5397 φθείρωνται
735 5329 851 5398 μετ’
881 5328 1082 5393 αὐτῶν,
1116 5327 1336 5401 εὔδηλον
1378 5330 1460 5383 ὅτι
1494 5327 1649 5383 τοῦτο
1695 5328 1941 5384 λείπεται

360 5408 690 5465 ὑποπτεύειν
719 5410 900 5482 μόνον.

434 5543 511 5602 ς’.
544 5536 698 5591 Ἐπεὶ
711 5533 804 5592 οὖν
818 5537 989 5611 αὐτὴν
1004 5537 1098 5593 τοῦ
1127 5539 1297 5594 κακοῦ
1320 5540 1422 5612 τὴν
1436 5541 1592 5612 ῥίζαν
1603 5541 1814 5614 εὑρήκα
1821 5558 1941 5612 μεν,

266 5614 283 5621 ’
359 5619 495 5692 φέρε
528 5620 715 5674 λοιπὸν
757 5621 820 5676 16
863 5622 1120 5694 ἐγκαλεῖν
1161 5622 1412 5693 ἀφέντες,
1443 5625 1800 5697 παραινῶμεν
1849 5625 1944 5677 καὶ

360 5700 513 5775 [259]
549 5703 848 5776 πείθωμεν,
878 5707 959 5760 ὅτι
996 5706 1246 5777 καθάπερ
1273 5707 1382 5761 τῶν
1420 5708 1631 5781 ἀνδρῶν
1674 5711 1723 5762 οἱ
1766 5726 1940 5762 συνοι-

360 5784 581 5850 κοῦντες
638 5789 830 5852 αὐταῖς
896 5788 1111 5843 δοκοῦσι
1168 5791 1265 5861 μὲν
1315 5791 1503 5863 ἡδονὴν
1557 5793 1932 5864 καρποῦσθαι,

361 5867 564 5929 πλείονι
592 5870 645 5925 δὲ
674 5872 1084 5944 περιϐάλλονται
1111 5872 1328 5945 βασάνῳ
1359 5873 1471 5928 (καὶ
1501 5874 1606 5949 γὰρ
1630 5878 1810 5948 ἐκείνη
1843 5878 1932 5949 μό-

2037 405 2103 458 νη
2135 388 2354 461 καθαρά
2392 391 2589 460 γένοιτ’
2619 391 2685 447 ἂν
2713 392 2879 465 ήδονὴ
2921 394 3017 449 καὶ
3055 394 3300 464 μόνιμος,
3330 395 3363 466 ή
3387 395 3480 449 τοῦ
3509 414 3616 468 χωο

2038 472 2233 544 ρισμοῦ
2251 482 2292 541 ),
2320 473 2461 529 οὕτω
2500 475 2566 547 δὴ
2607 476 2701 529 καὶ
2726 476 2973 541 ταύταις.
3005 478 3163 531 Δοκεῖ
3200 477 3318 546 μὲν,
3344 478 3421 542 ὡς
3450 473 3615 537 αὗται

2035 555 2330 625 νομίζουσι,
2362 554 2489 621 δόξα
2517 575 2601 621 τις
2628 557 2877 613 ἐντεῦθεν
2924 558 3018 613 καὶ
3069 561 3394 632 περιφάνεια
3433 564 3615 619 τίκτε-

2038 638 2191 693 σθαι·
2227 640 2355 693 εἰδὲ
2380 640 2621 711 ἀκριϐῶς
2660 659 2744 706 τις
2787 642 3081 709 ἐξετάσειε,
3109 644 3343 712 γέλωτος
3385 645 3481 698 καῖ
3525 650 3609 702 αἰ·-

2038 722 2237 794 σχύνης
2259 723 2354 778 καὶ
2381 723 2598 779 ὀνειδῶν
2628 725 2723 778 καὶ
2746 725 2845 797 τῆς
2872 727 3106 798 ἐσχάτης
3134 728 3470 798 ἐμπίπλαται
3494 731 3615 785 ἀδο-

2038 805 2175 870 ξίας.
2210 808 2319 860 Καὶ
2348 807 2489 881 ὑπὲρ
2525 807 2729 862 τούτων
2762 809 2977 879 εἴρηται
3013 811 3111 881 μὲν
3139 812 3269 881 ἡμῖν
3308 814 3402 866 καὶ
3436 815 3493 868 ἐν
3522 817 3620 887 ἀρ-

2036 890 2104 959 χῇ
2133 887 2361 960 βραχέα,
2388 890 2665 961 εἰρήσεται
2696 890 2754 944 δέ
2788 890 2882 944 καὶ
2911 891 3006 945 νῦν
3038 893 3218 946 Ἔστω
3248 895 3357 966 γὰρ
3381 898 3409 949 ὁ
3442 914 3616 966 fnum-

2036 972 2170 1037 κῶν,
2198 976 2247 1027 εἰ
2287 973 2487 1044 βούλει,
2520 974 2595 1046 μὴ
2624 974 2731 1028 τῶν
2764 974 2996 1028 εὐτελῶν
3020 994 3123 1041 τις,
3156 978 3293 1048 μηδὲ·⁹
3312 964 3419 1032 τῶν
3442 964 3617 1054 άπερ·

2039 1057 2340 1129 ῥιμμένων,
2367 1057 2503 1112 ἀλλά
2544 1056 2654 1111 τῶν
2707 1057 2907 1130 πολλὴν
2950 1060 3008 1112 ἐν
3052 1059 3345 1132 Ἐκκλησία
3389 1062 3616 1134 δύναμιν

2037 1140 2288 1211 ἐχόντων,
2323 1146 2418 1196 καὶ
2452 1142 2546 1194 ἐπὶ
2575 1142 2764 1211 γένους
2791 1142 2848 1196 δὲ
2877 1142 3240 1215 λαμπρότητι,
3272 1148 3366 1198 καὶ
3405 1146 3495 1201 ἐπὶ
3532 1148 3618 1201 λό-

2036 1240 2149 1292 γων
2189 1223 2436 1295 δυνάμει,
2472 1227 2567 1279 καὶ
2600 1225 2858 1298 εὐλαϐείᾳ
2885 1226 3248 1296 θαυμαζέσθω
3281 1228 3433 1299 παρά
3461 1231 3616 1297 πᾶσι,

2038 1310 2134 1361 καὶ
2165 1308 2504 1379 πανταχόθεν
2529 1308 2668 1363 ἔστω
2699 1309 2950 1380 λαμπρός
2968 1327 2982 1342 ·
3016 1310 3139 1364 οὐδὲ
3166 1310 3307 1364 οὕτω
3330 1312 3617 1384 δυνήσεται

2037 1391 2241 1460 ταύτην
2274 1390 2499 1460 ποιῆσαι
2546 1392 2823 1462 περιφανῆ
2872 1392 2967 1447 καὶ
3015 1393 3320 1463 εὐδόκιμον.
3358 1396 3460 1449 Τὸν
3510 1398 3618 1469 γὰρ

2042 1472 2304 1542 μέλλοντα
2326 1473 2669 1546 καρποῦσθαι
2691 1472 2846 1538 δόξαν
2878 1476 2943 1530 ἐκ
2976 1477 3075 1546 τῆς
3101 1478 3236 1549 πρός
3265 1495 3387 1533 τινα
3416 1480 3617 1549 (pf/£17.,

2038 1556 2135 1629 τὴν
2167 1557 2378 1612 ἐκείνου
2409 1558 2568 1622 δόξαν
2613 1558 2879 1628 πρότερον
2907 1558 3195 1628 φυλάττειν
3230 1561 3313 1615 δεῖ
3340 1563 3433 1616 τοῦ
3481 1581 3621 1633 παρ-

2038 1640 2254 1712 έχοντος
2296 1642 2358 1695 τὸ
2407 1640 2755 1707 δοξάζεσθαι·
2791 1640 2869 1702 ὡς
2914 1640 3030 1710 εἴγε
3071 1643 3244 1715 ταύτῃ
3296 1645 3618 1714 λυμήναιτο,

2039 1724 2219 1796 πολλῷ
2246 1725 2446 1796 μᾶλλον
2480 1725 2546 1780 ἀν
2575 1725 2672 1796 τὴν
2701 1724 2896 1780 ἐαυτοῦ
2929 1725 3242 1782 καταϐάλοι.
3266 1727 3477 1802 Ὠσπερ
3513 1729 3622 1802 γὰρ

2039 1808 2222 1880 πηγῆς
2248 1809 2699 1881 διαφθειρομένης
2744 1809 2841 1863 καλ⁵
2882 1809 2951 1863 τὰ
2993 1811 3334 1882 προχεόμενα
3376 1818 3625 1868 κοινωνεῖ

2038 1891 2255 1960 νάματα
2292 1890 2386 1945 τοῦ
2431 1890 2729 1963 μολυσμοῦ,
2768 1890 2864 1945 καὶ
2897 1890 3055 1963 ῥίζης
3088 1894 3400 1966 σηπομένης
3443 1896 3623 1967 πολλῷ

2041 1973 2242 2044 μᾶλλον
2282 1975 2312 2028 6
2349 1975 2562 2046 καρπὸς
2588 1972 2746 2028 τοῦτο
2772 1974 3022 2027 πείσεται
3042 1988 3056 2004 ·
3086 1973 3230 2028 οὕτω
3253 1977 3347 2029 καὶ
3375 1976 3489 2033 νῦν.
3527 1979 3621 2032 τοῦ

2042 2055 2327 2128 μέλλοντος
2352 2055 2452 2129 τὴν
2479 2056 2748 2129 παρθένον
2785 2055 3060 2111 δεικνύναι
3089 2055 3368 2128 λαμπρὰν,
3395 2062 3624 2130 γενομέ-

2038 2156 2130 2193 νου
2181 2138 2586 2208 καταγελάστου
2635 2139 2722 2193 διά
2769 2140 2870 2211 τῆς
2917 2142 3301 2211 συνοικήσεως,
3338 2142 3476 2213 αὐτὴ
3518 2144 3626 2214 πρὸ

2038 2223 2249 2277 ἐκείνου
2274 2222 2390 2294 μετ’
2407 2223 2615 2277 ἐκείνου
2639 2224 2956 2295 κοινωνήσει
2979 2223 3074 2278 τοῦ
3091 2223 3348 2292 γέλωτος·
3366 2225 3468 2278 κᾶν
3485 2226 3623 2299 τύχῃ

2037 2324 2120 2371 τις
2143 2310 2211 2377 τῇ
2241 2307 2463 2375 γυναικί
2506 2306 2716 2378 χρηστὴ
2749 2306 2902 2378 παρὰ
2952 2307 3166 2371 πολλοῖς
3196 2310 3624 2381 προῦπάρχουσα

2037 2388 2184 2454 δόξα,
2200 2391 2295 2443 καὶ
2311 2388 2516 2460 ταύτην
2533 2389 2791 2444 εἰσελθὼν
2807 2392 3013 2455 ἐκεῖνος
3028 2391 3288 2444 ἀπελάσει
3311 2393 3404 2461 τῆς
3424 2393 3622 2459 οἰκίας,

2038 2472 2291 2526 τοσοῦτον
2340 2472 2535 2545 ἀπέχει
2586 2473 2680 2528 καὶ
2742 2473 2935 2545 ἑτέραν
2968 2473 3284 2546 προσθεῖναι
3324 2478 3484 2548 αὐτῇ·
3520 2477 3626 2531 κᾶν

2039 2555 2201 2619 αὐτὸς
2226 2555 2326 2630 ἔχῃ
2347 2556 2508 2611 πάλιν
2530 2556 2786 2628 τοιαύτην
2819 2556 3106 2627 ὑπόληψιν,
3140 2557 3298 2610 τοῦτο
3333 2560 3425 2612 καὶ
3462 2560 3624 2623 αὐτὸς

2039 2638 2306 2692 πείσεται.
2340 2640 2454 2693 Οὐκ
2487 2639 2596 2710 ἄρα
2627 2639 2784 2706 δόξαν
2827 2640 2953 2710 ὑμῖν
2998 2640 3240 2711 χρηστὴν
3273 2642 3625 2713 προστίθησιν

2038 2722 2176 2793 αῦτη
2212 2724 2244 2794 ή
2280 2723 2535 2777 κοινωνία
2560 2722 2663 2793 τῆς
2695 2724 3076 2795 συνοικήσεως,
3113 2723 3248 2777 ἀλλά
3285 2725 3373 2777 καὶ
3405 2725 3500 2795 τὴν
3533 2722 3626 2780 οὗ·

2040 2822 2139 2860 σαν
2172 2806 2404 2876 ἀναιρεῖ,
2440 2806 2533 2861 καί
2559 2807 2656 2877 τὴν
2682 2807 2781 2859 οὐκ
2809 2801 2976 2859 οὖσαν
3019 2808 3215 2875 ἐπάγει
3257 2807 3357 2878 τὴν
3384 2809 3625 2880 πονηρὰν

2039 2888 2389 2958 ἀμφοτέροις.
2440 2889 2550 2942 Καὶ
2592 2888 2620 2940 ὃ
2667 2887 2936 2960 περὶτῶν
2977 2889 3246 2943 Ἰουδαίων
3279 2893 3308 2943 6
3342 2894 3626 2963 προφήτης

2038 2967 2208 3034 εἶπεν,
2242 2969 2498 3041 εὔκαιρον
2538 2969 2633 3023 νῦν
2678 2971 2873 3022 εἰπεῖν·
2917 2971 2988 3023 El
3031 2969 3361 3035 ιἰλλάξεται
3408 2976 3627 3043 Αἰθίοψ

2038 3054 2103 3105 τὸ
2138 3051 2323 3120 δέρμα
2343 3052 2552 3117 αὐτοῦ,
2581 3051 2679 3107 καί
2706 3050 3002 3119 πάρδαλις
3030 3051 3105 3105 τὰ
3135 3055 3497 3121 ποικίλματα
3520 3059 3626 3111 at)-

2037 3134 2170 3203 τῆς.
2207 3134 2302 3188 καὶ
2326 3136 2375 3188 οἱ
2401 3134 2629 3197 ταύταις
2665 3132 3038 3197 συνοικοῦντες
3061 3133 3159 3205 τὴν
3197 3136 3385 3206 κηλῖδα
3418 3137 3615 3210 ἀποθή-

2041 3217 2223 3271 σονταί
2252 3235 2383 3272 ποτε
2414 3217 2636 3290 ταύτην·
2661 3215 2824 3281 οὕτω,
2861 3216 3115 3288 καθάπερ
3146 3236 3229 3281 τις
3273 3221 3485 3291 καυτὴρ
3516 3223 3625 3276 σὼ·-

2042 3317 2192 3372 ματι,
2218 3302 2338 3364 ταῖς
2364 3300 2688 3371 ἀμφοτέρων
2714 3299 3045 3371 ὑπολήψεσιν
3088 3301 3366 3369 ἐγκαίεται
3409 3304 3624 3358 ἐπισκο-

2037 3383 2205 3438 τοῦσα
2255 3386 2421 3438 πᾶσιν
2474 3383 2653 3438 αὐτῶν
2695 3385 2808 3447 τοῖς
2852 3384 3059 3446 καλοῖς.
3118 3385 3256 3438 Ἀλλ’
3291 3386 3420 3451 ἴσως
3467 3387 3625 3454 δόξαν

2038 3466 2296 3542 ἡγοῦνται
2331 3467 2463 3521 αὐτὸ
2500 3466 2657 3521 τοῦτο
2704 3466 2764 3520 16
2807 3468 3210 3538 κεκρατηκέναι
3251 3469 3357 3522 τῶν
3391 3470 3620 3542 ἀνδρῶν.

2050 3547 2189 3601 Ἀλλ’
2218 3540 2374 3612 οὗτός
2402 3549 2549 3601 ἐστιν
2588 3550 2618 3602 6
2656 3548 2822 3612 πολὺς
2854 3549 3047 3617 γέλως,
3079 3550 3173 3603 καί⁵
3216 3544 3261 3618 ᾧ
3292 3540 3526 3621 μάλιστα
3566 3557 3624 3606 αἱ

2037 3629 2438 3702 ἑταιριζόμεναι
2464 3630 2965 3699 ὲγκαλλωπίζονται
2995 3633 3175 3703 μόναι.
3206 3634 3341 3687 Οὐδὲ
3378 3634 3486 3705 γὰρ
3522 3653 3623 3705 γυ-

2037 3712 2239 3768 ναικῶν
2272 3713 2570 3785 ἐλευθέρων
2589 3713 2710 3768 οὐδὲ
2742 3715 3035 3784 σωφρόνων
3063 3714 3125 3768 16
3148 3715 3357 3778 τούτοις
3389 3716 3624 3789 ἐναϐρύ-

2037 3795 2224 3849 νεσθαι
2268 3798 2382 3860 τοῖς
2422 3796 2681 3861 δικτύοις.
2734 3797 2889 3852 Ἑπεί
2942 3797 3038 3853 καὶ
3083 3796 3221 3868 αῦτη
3261 3798 3422 3851 πάλιν
3463 3800 3623 3869 ἑτέρα

2037 3878 2262 3950 ἀτιμίας
2311 3880 2586 3944 ὑπόθεσις,
2627 3879 2721 3934 καὶ
2752 3880 2973 3952 ὅσῳπερ
3008 3880 3075 3934 ἂν
3102 3881 3343 3952 κρατῶσι
3382 3882 3492 3935 τῶν
3531 3885 3624 3936 ἀν-

2036 3961 2198 4034 δρῶν,
2228 3963 2321 4016 καὶ
2351 3963 2707 4036 χαλεπώτερα
2750 3965 3104 4029 ἐπιτάττωσι,
3148 3963 3387 4035 τοσούτῳ
3424 3966 3625 4034 μᾶλλον

2036 4045 2238 4108 ἑαυτὰς
2259 4048 2681 4118 καταισχύνουσι
2711 4048 2829 4119 μετ’
2863 4046 3108 4103 ἐκείνων.
3141 4048 3276 4101 Οὐδὲ
3299 4048 3407 4118 γὰρ
3442 4051 3475 4121 ή
3503 4051 3624 4103 δου-

2036 4127 2271 4199 λουμένη
2311 4131 2438 4193 τούς
2483 4130 2682 4201 ἄνδρας
2713 4131 2874 4203 γυνὴ,
2924 4130 3090 4201 ἀλλ’ή
3125 4130 3437 4203 αἰδουμένη,
3481 4132 3621 4203 αὕτη

2038 4210 2205 4263 πᾶσίν
2232 4212 2379 4263 ἐστιν
2402 4210 2680 4282 αἱδέσιμός
2711 4230 2772 4266 τε
2798 4215 2893 4267 καὶ
2912 4213 3175 4278 ἐπίδοξος.
3212 4213 3275 4267 Εἰ
3306 4213 3363 4267 δὲ
3396 4215 3495 4268 οὐκ
3529 4217 3625 4270 ἀν-

2039 4292 2246 4362 έχοιντο
2277 4293 2386 4346 τῶν
2426 4294 2687 4364 ῥημάτων
2712 4294 2821 4348 τῶν
2848 4296 3154 4366 ἡμετέρων,
3186 4297 3215 4348 6
3255 4294 3350 4348 τοῦ
3374 4294 3509 4349 Θεοῦ
3538 4299 3625 4351 νό-

2041 4393 2142 4447 μος
2190 4377 2362 4441 αὑτὰς
2408 4378 2759 4448 ἐπιστομίσαι
2819 4378 3127 4450 δυνήσεται,
3188 4378 3360 4447 λέγων
3411 4379 3618 4444 οὕτως·

2037 4457 2196 4527 Πρὸς
2217 4461 2324 4513 τὸν
2349 4458 2539 4529 ἄνδρα
2570 4475 2688 4515 σου
2717 4460 2757 4529 ἡ
2778 4459 3133 4529 ἀποστροφή
3157 4476 3292 4525 σου,
3314 4462 3412 4515 καὶ
3439 4464 3624 4529 αὐτός

2039 4556 2155 4595 σου
2184 4542 2506 4610 κυριεύσει·
2536 4542 2771 4612 κεφαλὴ
2793 4542 2904 4613 γὰρ
2926 4542 3213 4613 γυναικὸς
3245 4546 3279 4598 ό
3308 4544 3483 4612 ἁνήρ.
3510 4545 3624 4599 Καὶ

2040 4625 2303 4699 ἑτέρωθεν
2334 4625 2392 4679 δὲ
2430 4624 2580 4697 εὖροι
2606 4642 2692 4690 τις
2718 4627 2785 4681 ἂν
2812 4625 3142 4697 πολλαχόθεν
3171 4626 3330 4681 τοῦτο
3365 4627 3510 4681 οὕτω
3535 4646 3622 4681 νε-

2040 4709 2384 4781 νομισμένον,
2444 4710 2542 4764 καὶ
2585 4709 2789 4782 ταύτην
2837 4711 3043 4766 ἀνωθεν
3081 4707 3247 4765 οὖσαν
3299 4711 3400 4781 τήν
3444 4711 3617 4777 τάξιν.

2044 4794 2206 4847 Ὥστε
2235 4791 2588 4864 ἀσχημοσύνη
2625 4792 2858 4864 μεγάλη,
2885 4793 3014 4849 ὅταν
3047 4793 3115 4847 τά
3138 4794 3251 4849 ἀνω
3281 4794 3427 4848 κάτω
3454 4795 3619 4865 γένη-
3653 4832 3661 4840 -

2041 4893 2151 4941 ται,
2181 4875 2331 4930 κάτω
2364 4875 2465 4947 μὲν
2489 4878 2522 4946 ή
2553 4874 2786 4946 κεφαλὴ,
2816 4876 2877 4930 τὸ
2906 4875 2963 4931 δὲ
2993 4876 3151 4948 σῶμα
3178 4878 3308 4932 ἄνω.
3342 4878 3405 4931 Εἰ
3436 4878 3493 4931 δὲ
3527 4878 3621 4931 ἐπὶ

2041 4959 2218 5029 γάμου
2245 4958 2401 5013 τοῦτο
2438 4959 2682 5031 αἰσχρὸν,
2721 4958 2901 5032 πολλῷ
2930 4960 3128 5032 μᾶλλον
3163 4961 3485 5032 ἐπίοταύτης
3520 4961 3620 5029 τῆς

2044 5038 2324 5111 συζυγίας,
2349 5041 2479 5095 ἔνθα
2504 5042 2565 5095 οὐ
2590 5041 2747 5096 τοῦτο
2776 5042 2939 5113 μόνον
2971 5044 3089 5096 ἐστὶ
3109 5043 3171 5098 16
3196 5044 3389 5109 δεινὸν,
3421 5045 3505 5099 ὅτι
3534 5045 3621 5098 νό-

2045 5143 2147 5198 μου
2171 5125 2483 5197 παράσασίς
2514 5128 2628 5180 ἐστι
2654 5126 2716 5179 τὺ
2743 5126 3027 5196 γινόμενον
3054 5126 3219 5192 θείου,
3248 5126 3366 5181 ἀλλ’
3407 5128 3490 5181 ὅτι
3521 5143 3621 5181 πο·

2042 5210 2341 5283 νηροτέραν
2367 5211 2460 5264 καί⁵
2482 5209 2660 5281 ἐαυτῷ
2875 5211 2970 5264 καὶ
2996 5213 3060 5282 τῇ
3090 5212 3309 5279 γυναικὶ
3338 5210 3621 5282 περιτίθη-

2045 5312 2096 5348 σι
2124 5284 2297 5359 δόξαν.
2330 5295 2391 5346 El
2425 5294 2535 5364 γὰρ
2555 5292 2618 5346 16
2640 5295 2908 5347 συνοικεῖν
2936 5292 3180 5363 αἰσχρὸν,
3218 5294 3396 5363 πολλῷ
3421 5292 3620 5364 μᾶλλον

2041 5379 2100 5431 16
2149 5376 2495 5430 συνοικοῦσαν
2531 5375 2868 5430 δουλοῦσθαι·
2917 5376 3038 5430 οὐδὲ
3083 5376 3190 5446 γὰρ
3240 5376 3515 5447 πανταχοῦ
3560 5375 3622 5429 16

2045 5462 2263 5529 κρατεῖν
2320 5458 2541 5511 ἔπαινον
2577 5459 2753 5530 φέρει,
2794 5458 2908 5512 ἀλλ’
2936 5458 3174 5514 ἐστικαὶ
3209 5460 3285 5531 μὴ
3317 5458 3621 5530 κρατοῦντα

2043 5543 2367 5614 εὐδοκιμεῖν,
2438 5542 2532 5597 καὶ
2582 5541 2891 5613 κρατοῦντα
2948 5544 3297 5614 ἀσχημονεῖν.
3342 5544 3526 5605 Ὥστε,
3567 5545 3618 5595 εἰ

2045 5625 2223 5696 βούλει
2246 5624 2618 5696 θαυμάζεσθαι
2656 5625 2805 5696 παρά
2842 5624 3093 5697 ἀνδράσι,
3128 5626 3294 5697 μηδέν
3320 5642 3400 5679 σοι
3444 5624 3619 5677 κοινὸν

2047 5709 2186 5765 ἔστω
2211 5708 2347 5779 πρὸς
2370 5705 2584 5771 αὐτούς·
2619 5707 2809 5778 πόρῥω
2837 5709 2931 5762 καὶ
2969 5709 3269 5771 συνουσίας,
3302 5707 3398 5761 καὶ
3424 5707 3622 5775 ὅψεως,

2044 5792 2137 5847 καὶ
2168 5790 2530 5860 συνοικήσεως
2564 5789 2714 5858 γίνου
2742 5790 2838 5859 τῆς
2872 5791 3110 5843 ἐκείνων.
3139 5790 3271 5843 Τότε
3299 5806 3357 5842 σε
3393 5791 3487 5843 καὶ
3525 5807 3624 5857 γυ-

2043 5878 2225 5939 ναῖκες
2259 5874 2714 5943 ἐκπλαγήσονται,
2741 5876 2833 5930 καὶ
2858 5874 3047 5945 ἄνδρες
3081 5875 3451 5945 θαυμάσονται
3489 5876 3623 5931 πάν-

3840 5924 3899 5939 ’Δρ
