4060 6136
501 296 609 354 525

492 430 586 479 ’τις
616 411 750 483 ὁμοῦ
787 411 880 465 ἅτε
915 414 1176 483 παρθένον
1200 408 1383 478 οὖσαν,
1422 413 1513 465 καὶ
1546 412 1623 483 τῷ
1659 411 1875 483 νυμφίῳ
1898 430 2065 484 προσ-

494 497 821 569 εδρεύουσαν
849 494 1294 565 ἀπερισπάστως·
1325 496 1447 548 τότε
1476 512 1535 548 σε
1561 497 1661 566 οὐχ
1684 497 1733 548 οἱ
1756 498 1943 549 οἰκεῖοι
1977 495 2072 566 μό-

495 597 604 643 νον,
637 578 771 631 ἀλλὰ
816 578 908 630 καὶ
940 578 1217 646 Ἕλληνες,
1268 579 1362 630 καὶ¹
1414 578 1677 641 Ἰουδαῖοι,
1723 579 1817 632 καὶ
1857 581 1964 632 πᾶν
2013 579 2074 631 τὸ

491 661 602 714 τῶν
638 659 941 732 ἀνθρώπων
976 662 1293 727 ἀποδέξεται
1321 662 1495 729 γένος.
1523 663 1683 715 Ὥστε
1712 665 1761 714 εί
1789 662 1944 726 δόξαν
1976 663 2073 730 ζη-

498 743 632 806 λοῖς,
668 743 871 815 ταύτην
912 744 1062 796 ὅδευε
1094 745 1192 814 τὴν
1230 744 1366 809 ὁδὸν,
1409 746 1482 815 μὴ
1513 745 1611 815 τὴν
1648 745 1913 798 ἐναντίαν·
1953 745 2074 798 τότε

494 842 557 878 σε
587 826 767 879 οὐκέτι
798 826 897 895 τὴν
944 825 1038 878 τοῦ
1078 827 1246 890 δεῖνος
1284 827 1571 904 καλέσουσι
1622 829 1716 881 καὶ
1761 827 1854 881 τοῦ
1886 827 2074 892 δεῖνος,

490 908 629 961 ἀλλά
670 908 766 978 τὴν
792 908 882 960 τοῦ
907 907 1164 978 Χριστοῦ·
1204 908 1394 961 τούτου
1425 910 1482 962 δὲ
1511 911 1713 980 κόσμος
1751 912 1935 982 ἔτερος
1967 910 2079 973 ἴσος

492 994 595 1045 οὐκ
625 993 688 1046 ἄν
725 991 805 1044 σοί
834 1009 960 1044 ποτε
989 993 1211 1062 γένηται
1239 993 1366 1063 παρ’
1392 993 1623 1056 οὐδενός.
1654 989 1729 1045 Ἦ
1762 994 1931 1063 μικρά
1957 993 2079 1046 ταῦ-

491 1092 578 1127 τα.
611 1075 730 1127 εἰπέ
779 1092 886 1147 μοι,
924 1075 1045 1127 καθ’
1079 1077 1323 1147 ἑκάστην
1366 1076 1602 1146 ᾁδόμενά
1628 1093 1687 1129 τε
1723 1077 1816 1129 καὶ
1852 1093 2078 1147 περιφε-

495 1159 699 1227 ρόμενα
732 1145 829 1229 τὴν
861 1158 1091 1230 ἡμέραν,
1138 1161 1231 1213 καὶ
1281 1145 1339 1211 ὲν
1377 1145 1585 1230 ἀγορᾷ,
1617 1160 1711 1213 καὶ
1756 1163 1812 1212 ὲν
1852 1145 2073 1226 οἰκίαις,

495 1242 591 1293 καὶ
616 1242 673 1292 ἐν
697 1241 912 1310 ἑτέραις
932 1241 1168 1305 πόλεσιν,
1199 1242 1259 1294 Ἦ
1277 1241 1445 1304 δεῖνα,
1478 1243 1610 1313 κόρη
1629 1260 1688 1295 τε
1712 1238 1845 1295 οὖσα
1871 1243 1963 1295 καὶ
1982 1242 2077 1295 νέα

492 1322 691 1393 κομιδῇ
718 1324 812 1376 καὶ
846 1325 1048 1395 σφόδρα
1080 1325 1455 1395 εὐπρόσωπος,
1484 1325 1733 1388 πολλοὺς,
1765 1325 1819 1377 εἰ
1858 1321 1921 1394 γε
1950 1325 2075 1397 ἤθε-

494 1405 604 1468 λεν,
653 1407 1061 1459 ἐπισπάσασθαι
1118 1408 1388 1477 δυναμένη
1434 1409 1769 1476 προστάτας,
1814 1410 1914 1461 οὐκ
1951 1408 2077 1479 ἠθέ-

494 1486 678 1557 λησεν,
712 1489 824 1542 ἀλλ’
851 1490 1021 1542 εἵλετο
1045 1492 1153 1542 πᾶν
1181 1490 1356 1543 ὁτιοῦν
1380 1490 1668 1560 ὑπομεῖναι
1691 1492 1783 1551 καὶ
1807 1491 2015 1555 παθεῖν,
2040 1491 2073 1562 ἢ

492 1571 592 1641 τὴν
615 1571 706 1624 τοῦ
739 1573 971 1643 Χριστοῦ
999 1573 1285 1644 προδοῦναι
1312 1573 1515 1642 φιλίαν,
1544 1575 1638 1627 καὶ
1658 1575 1719 1627 τὸ
1744 1575 1845 1645 τῆς
1874 1592 2076 1644 σωφρο-

497 1655 661 1725 σύνης
683 1655 842 1718 ἄνθος
863 1657 1123 1725 ἀφανίσαι
1150 1673 1163 1721 ;
1188 1657 1448 1727 Μακαρία
1477 1653 1546 1718 εί,
1575 1659 1668 1710 καὶ
1689 1658 1790 1722 δὶς,
1820 1659 1910 1711 καὶ
1933 1661 2072 1729 τρὶς,

494 1737 590 1788 καὶ
621 1737 899 1800 πολλάκις·
940 1739 1080 1791 ὅσων
1113 1739 1479 1793 ἀπολαύσεται
1510 1740 1750 1808 ἀγαθῶν,
1784 1740 1896 1794 οἷον
1932 1741 2077 1805 δέξε-

493 1835 584 1871 ται
626 1821 907 1888 στέφανον,
944 1823 1066 1875 ὅσον
1106 1821 1459 1891 καρπώσεται
1496 1823 1706 1895 μισθὸν,
1743 1825 1878 1892 πρὸς
1907 1823 2076 1887 αύτάς

491 1901 843 1975 ἁμιλλωμένη
879 1904 977 1968 τὰς
1006 1907 1328 1976 ἀσωμάτους
1358 1905 1614 1977 δυνάμεις
1637 1908 1649 1960 Ξ
1674 1907 1855 1959 Ταῦτα
1889 1909 1982 1959 καὶ
2009 1907 2076 1959 τά

492 1985 717 2038 τοιαῦτα
766 1987 895 2058 περὶ
950 1988 1123 2058 αὐτῆς
1175 1989 1373 2051 πάντες
1426 1987 1629 2060 ἐροῦσι,
1669 1989 1760 2042 καί¹
1798 1990 1878 2052 είς
1916 1988 2075 2060 ζῆλον

491 2070 612 2131 ταῖς
657 2069 867 2122 ἑαυτῶν
919 2070 1217 2142 θυγατράσι
1270 2070 1623 2142 προθήσουσι·
1688 2072 1790 2126 κᾶν
1838 2074 2078 2143 κοσμίως

496 2150 720 2220 βιοῦσάν
753 2168 835 2216 τις
868 2153 1221 2225 προτρέψαιι,
1252 2156 1345 2207 καὶ
1373 2154 1777 2225 διεφθαρμένην
1816 2155 2078 2225 σωφρονί-

494 2251 585 2287 σαι
618 2234 925 2306 βουληθείη,
959 2236 1026 2289 τά
1054 2235 1256 2308 ταύτης
1278 2237 1532 2307 ἐγκώμια
1557 2238 1715 2292 πάλιν
1739 2239 1975 2300 ἅπαντες
1998 2239 2076 2300 εἰς

497 2316 659 2384 μέσον
712 2318 972 2371 οἴσουσιν·
1026 2320 1128 2372 οὐκ
1177 2320 1411 2374 ἐνταῦθα
1460 2320 1517 2373 δὲ
1568 2321 1747 2390 μόνον,
1791 2320 1927 2374 ἀλλά
1974 2321 2076 2374 κᾶν

491 2397 679 2463 ἁπλῶς
713 2401 841 2470 περὶ
868 2401 1166 2473 παρθενίας
1191 2404 1408 2473 γίνηται
1437 2402 1614 2471 λόγος,
1643 2404 1737 2457 καὶ
1769 2402 1940 2466 οὕτως
1982 2404 2079 2456 αύ-

490 2483 592 2553 τὴν
628 2483 867 2549 ἅπαντες
914 2487 1309 2551 ἐπαινέσονται,
1350 2487 1448 2557 οὐχ
1485 2488 1534 2540 οἱ
1586 2487 1826 2558 κοσμίως
1877 2485 2079 2550 ζῶντες

493 2566 676 2634 μόνον,
710 2567 847 2621 ἀλλά
880 2570 974 2622 καὶ
1002 2572 1197 2623 ἐκεῖνοι
1227 2572 1275 2623 οί
1309 2571 1725 2634 σπουδάσαντες,
1767 2572 1859 2624 καὶ
1900 2570 2077 2623 πάντα

493 2649 820 2718 πράξαντες,
850 2650 989 2704 ὥστε
1019 2652 1182 2720 αὐτὴν
1206 2652 1405 2715 έλεῖνι),
1426 2648 1543 2705 εἶτα
1578 2653 2077 2724 καταφρονηθέντες

494 2733 589 2784 καὶ
620 2733 1037 2804 ύπεροφθέντες.
1064 2736 1172 2789 Καὶ
1206 2734 1342 2806 αὕτη
1377 2737 1474 2805 μὲν
1503 2736 1797 2806 τοσαύτης.
1828 2739 1921 2791 καὶ
1951 2739 2079 2792 πολ-

493 2813 571 2883 λῷ
602 2814 845 2879 πλείονος
890 2817 987 2887 τῆς
1015 2818 1312 2888 εἰρημένης
1344 2818 1708 2871 ἀπολαύσεται
1744 2819 1920 2891 δόξης·
1955 2823 1987 2893 ἡ
2021 2821 2078 2875 δὲ

490 2897 691 2966 ἔχουσα
728 2900 854 2962 τοὺς
899 2900 1311 2967 συνοικοῦντας,
1352 2901 1461 2955 τῶν
1509 2904 1765 2956 ἐναντίων
1800 2906 2075 2960 ἀπάντων.

493 2981 603 3032 Καὶ
648 2981 863 3049 πρῶτον
915 2984 1035 3053 μὲν,
1086 2984 1213 3036 ὅταν
1254 2986 1629 3056 κατηγόρηται
1665 2987 1817 3057 παρά
1842 3005 2002 3042 τινων
2043 2991 2077 3060 ἡ

495 3062 761 3132 παρθενία
793 3064 1028 3136 μιαρῶν,
1056 3062 1255 3136 ἥξουσι
1275 3067 1373 3138 μὲν
1412 3070 1491 3130 εἰς
1524 3070 1742 3140 μνήμην
1772 3072 2078 3142 ἀμφότεραι

492 3147 552 3196 ὲν
579 3148 689 3210 τοῖς
720 3146 980 3210 τοιούτοις
1019 3147 1319 3217 συλλόγοις,
1358 3150 1473 3203 ἀλλ’
1503 3153 1536 3223 ἡ
1572 3153 1670 3222 μὲν
1700 3154 1766 3205 τὰ
1804 3156 1914 3208 τῶν
1945 3156 2078 3209 ἀποι

490 3227 857 3299 λογουμένων,
896 3232 928 3301 ἡ
970 3231 1027 3284 δὲ
1063 3230 1133 3283 τά
1163 3232 1272 3285 τῶν
1302 3235 1754 3305 κατηγορούντων
1791 3238 2078 3308 ἀνοίγουσα

495 3313 757 3382 στόματα.
817 3314 1067 3376 Ἔπειτα,
1128 3315 1256 3368 ὅταν
1315 3318 1745 3389 σωφρονισθῆναί
1803 3338 1924 3374 τινα
1984 3323 2078 3376 καὶ⁹

493 3394 855 3466 ῥυθμισθῆναι
892 3397 1006 3467 δέῃ,
1038 3396 1174 3468 αὕτη
1221 3399 1317 3468 μὲν
1348 3400 1597 3470 καθάπερ
1632 3402 1920 3472 φάρμακον
1960 3406 2078 3459 ἐπι-

494 3476 712 3546 στῦφον,
738 3479 833 3531 καὶ
859 3480 1125 3548 σηπεδόνα
1151 3482 1497 3535 ἀναστέλλειν
1523 3485 1840 3554 δυνάμενον,
1877 3491 1958 3551 εἰς
1988 3488 2077 3560 μέ-

494 3576 585 3611 σον
618 3561 827 3627 ἄγεται,
883 3564 976 3614 καὶ
1028 3562 1085 3615 τὸ
1142 3564 1236 3616 τοῦ
1283 3566 1602 3620 διδασκάλου
1645 3569 1817 3638 στόμα
1860 3575 2071 3642 κοσμεῖ·

492 3643 677 3713 εκείνη
706 3643 761 3696 δὲ
792 3645 929 3714 μετά
952 3646 1047 3715 τῆς
1075 3649 1560 3721 καταισχυνθείσης
1593 3652 1813 3722 ἕστηκε,
1847 3655 1952 3708 κᾶν
2002 3655 2076 3727 μὴ

496 3727 666 3809 παρῇ,
699 3727 1036 3797 κολαζομένη
1063 3730 1153 3782 καὶ
1179 3734 1666 3803 καταισχυνομένη.
1706 3735 1940 3807 Ἀνάγκη
1968 3739 2077 3809 γάρ

494 3807 619 3862 καθ’
646 3810 882 3880 ἑκάστην
910 3810 1385 3882 διαμαρτάνουσαν
1414 3817 1836 3886 κατηγορεῖσθαι
1873 3807 2076 3889 ταύτην

495 3894 589 3945 καὶ
623 3892 1080 3963 καταισχῦνεσθαι
1118 3894 1299 3947 πάλιν.
1332 3896 1439 3949 Καὶ
1466 3898 1710 3970 ὅπουπερ
1738 3899 1802 3951 ἂν
1829 3902 1957 3971 περὶ
1981 3902 2073 3955 τοῦ

495 3975 818 4046 πράγματος
845 3975 1034 4027 τούτου
1076 3977 1293 4045 γίνηται
1327 3976 1500 4046 λόγος,
1533 3978 1720 4051 ὥσπερ
1754 3982 1933 4054 ἐκείνη
1969 4002 2073 4055 μα-

494 4056 680 4128 καρία,
705 4056 879 4121 οὕτως
912 4057 1071 4134 ἀθλία
1101 4058 1237 4129 αὕτη
1271 4060 1365 4113 καὶ
1393 4060 1756 4134 ταλαίπωρος,
1778 4066 1871 4120 καὶ
1900 4068 2074 4121 πάντα

492 4140 560 4191 τά
585 4140 810 4192 τοιαῦτα
841 4130 1154 4193 ἀκούσεται·
1193 4143 1284 4195 καὶ
1307 4143 1496 4217 ῶσπερ
1522 4130 1734 4218 ἐκείνην
1755 4149 1852 4219 ούχ
1870 4151 1917 4202 οί
1940 4150 2073 4204 είδόο

491 4239 583 4284 τες
621 4224 802 4306 μόνον,
833 4222 972 4306 ἀλλά
1004 4225 1099 4277 καὶ
1140 4226 1188 4278 οἱ
1222 4227 1561 4294 ἀγνοοῦντες,
1596 4234 1687 4283 καὶ
1724 4232 1888 4302 μηδὲν
1921 4234 2074 4306 εύερ-

491 4304 812 4374 γετηθέντες
841 4305 1025 4377 ᾄδουσι
1043 4308 1134 4360 καὶ
1150 4308 1499 4379 ἀνυμνοῦσιν,
1517 4312 1765 4368 οὕτωκαὶ
1790 4317 1994 4389 ταύτην
2020 4304 2077 4372 οῗ

489 4404 550 4440 τε
567 4388 785 4453 εἰδότες,
810 4390 865 4442 οἵ
884 4407 943 4442 τε
970 4391 1311 4459 ἀγνοοῦντες,
1338 4394 1390 4446 οἵ
1412 4411 1471 4446 τε
1501 4395 1664 4467 μηδὲν
1686 4388 1956 4463 παθόντες
1975 4419 2073 4455 κα-

491 4470 593 4555 κὸν
624 4471 908 4536 κακίζουσι
941 4475 1035 4527 καὶ
1075 4474 1472 4531 διαϐάλλουσιν.
1517 4481 1581 4533 Οί
1624 4481 1722 4551 μὲν
1762 4481 1868 4554 γὰρ
1897 4483 2072 4555 ὀρθῶς

491 4552 752 4621 βιοῦντες,
780 4556 840 4609 ού
879 4556 1030 4629 παρὰ
1070 4557 1180 4612 τῶν
1213 4561 1505 4631 γνωρίμων
1560 4565 1740 4633 μόνον,
1784 4552 1943 4620 ἀλλά-
1975 4568 2070 4621 καὶ

488 4636 642 4709 παρά
664 4638 771 4693 τῶν
793 4638 1110 4707 ἀγνώστων,
1139 4641 1231 4694 καὶ
1264 4644 1393 4712 παρ’
1419 4644 1599 4698 αὐτῶν
1631 4646 1686 4699 δὲ
1717 4647 2068 4719 τῶνιὲχθρῶν

486 4720 835 4775 ἐπαινοῦνται
868 4721 1020 4795 [261]
1050 4725 1143 4777 καί⁷
1164 4724 1552 4797 θαυμάζονται·
1577 4729 1627 4781 οί
1651 4729 1708 4783 δὲ
1734 4730 2067 4803 διεφθαρμέ-

487 4819 567 4855 νοι
608 4805 702 4857 καὶ
730 4805 922 4873 φαῦλοι
961 4807 1056 4861 καὶ
1082 4810 1232 4881 παρά
1259 4808 1368 4862 τῶν
1395 4811 1564 4879 φίλων
1591 4812 1927 4878 κακίζονται.
1960 4817 2068 4869 Καὶ

485 4884 642 4939 τοῦτο
674 4887 732 4940 δὲ
758 4889 860 4959 τῆς
884 4890 976 4943 τοῦ
1007 4890 1144 4944 Θεοῦ
1172 4892 1499 4964 κηδεμονίας
1532 4893 1693 4966 ἔργον
1722 4897 1857 4959 ἐστὶ,
1895 4897 1956 4950 τὸ
1979 4915 2066 4953 το-

488 4968 693 5041 σαύτην
744 4973 872 5043 περὶ
915 4974 1014 5046 τὴν
1066 4975 1267 5047 ἀρετὴν
1300 4977 1606 5049 οἰκειότητα
1645 4981 1775 5051 ἡμῖν
1807 4981 2060 5049 ἐνθεῖναι,

484 5052 753 5123 τοσαύτην
777 5053 833 5106 δὲ
868 5057 996 5126 περὶ
1022 5057 1119 5129 τὴν
1142 5059 1339 5113 κακίαν
1370 5060 1742 5133 ἀλλοτρίωσιν,
1778 5063 1854 5127 ὡς
1881 5066 2064 5138 ἐκείνῃ

490 5133 588 5205 μὲν
610 5135 817 5218 πάντας
839 5135 1190 5209 ψηφίζεσθαι,
1211 5142 1304 5196 καὶ
1326 5144 1452 5207 τοὺς
1477 5145 1553 5215 μὴ
1574 5145 1872 5214 μετιόντας,
1896 5146 1993 5218 τὴν
2007 5133 2064 5201 δέ

486 5217 685 5271 κακίαν
714 5221 1094 5286 καταδικάζειν
1135 5225 1228 5278 καὶ
1264 5227 1391 5290 τοὺς
1433 5217 2066 5299 ἀποστρεφομένουςαύ-

485 5302 604 5374 τὴν,
640 5302 734 5356 καὶ
763 5303 889 5366 τοὺς
916 5303 1226 5371 διώκοντας.
1271 5307 1431 5361 Ὅθεν
1458 5309 1634 5381 δῆλον,
1679 5311 1760 5363 ὅτι
1787 5310 1886 5376 τὰς
1927 5315 2064 5384 ἠμε-

485 5386 722 5458 λημένας
763 5387 966 5451 ταύτας
1002 5390 1100 5460 οὐχ
1150 5392 1198 5443 οί
1241 5390 1439 5455 εἰδότες
1477 5393 1655 5463 μόνον,
1705 5393 1842 5449 ἀλλά
1881 5398 1975 5451 καὶ
2010 5399 2061 5453 οί

483 5471 803 5537 ἀγνοοῦντες
826 5471 1280 5544 ἀποστρέφονται,
1315 5475 1409 5528 καὶ
1445 5474 1679 5547 μάλιστα
1713 5477 1931 5534 πάντων
1964 5482 2062 5535 αὐ-

482 5555 566 5606 τοὶ
604 5556 654 5609 οί
686 5554 1073 5621 συνοικοῦντες.
1107 5556 1224 5613 Κᾶν
1251 5557 1361 5629 γὰρ
1403 5559 1607 5632 σφόδρα
1646 5560 1874 5631 λέγωσιν
1917 5565 2061 5634 ὑμᾶς

486 5640 658 5705 φιλεῖν
685 5641 778 5694 καὶ
807 5639 1125 5713 θαυμάζειν,
1157 5641 1436 5719 κᾶνχάριν
1460 5642 1655 5715 ἔχωσιν
1682 5645 1824 5718 ὑπὲρ
1856 5647 2060 5719 ταύτης

480 5720 580 5789 τῆς
608 5723 820 5793 ἡδονῆς,
849 5725 988 5797 ὑπὲρ
1019 5724 1198 5778 αὐτῶν
1230 5718 1306 5780 ὧν
1339 5726 1649 5799 χαρίζεσθε,
1685 5728 1843 5784 πάλιν
1884 5718 2055 5803 μισεῖ-

544 5808 573 5876 ἶι
768 5816 1101 5876 προτρέψηται.

546 5868 575 5907 δ
597 5869 743 5920 Sam.
767 5868 1107 5927 a‘z~}e).i7.v'niale.

1140 294 1197 349 S.
1238 291 1523 350 JOANNIS
1561 270 2059 351 CIIRYSOSTOMi
2100 296 2418 354 ARCHIEP.
2459 282 3009 355 CONSTANTINOP.

3645 283 3776 344 596

2184 414 2279 469 σθε
2321 415 2463 470 κατὰ
2507 413 2569 466 τδ
2610 411 2847 474 συνειδὸς
2874 408 2934 463 τὸ
2966 408 3212 472 ἐκείνων,
3246 407 3373 460 ὅταν
3413 406 3541 459 ποτε
3574 405 3792 476 μικροί

2181 498 2562 567 ἀνενεγκόντες
2594 496 2889 564 ὲννοήσωσι
2924 493 3021 563 τὴν
3060 490 3284 559 παγίδα,
3322 491 3409 559 ἐφ’
3439 486 3506 562 ἧς
3533 491 3792 560 ἑστήκα-

2182 598 2255 635 σι.
2299 580 2564 635 Τοσοῦτόν
2612 581 2759 632 ἐστιν
2805 579 2838 646 ἡ
2882 576 3049 629 κακία
3089 574 3275 628 κακόν·
3319 575 3413 627 καὶ
3441 574 3491 627 οἱ
3532 572 3791 644 μάλιστα

2182 663 2398 717 πάντων
2454 660 2878 730 θεραπευόμενοι
2934 659 3062 727 παρ’
3104 658 3279 728 ὑμῶν,
3332 653 3475 710 οὗτοι
3533 657 3797 728 μάλιστβ

2184 746 2400 799 πάντων
2443 745 2580 797 εἰσιν
2622 745 2671 796 οἱ
2717 740 3238 809 καταγινώσκοντες·
3289 741 3474 811 ἐπειδὴ
3522 741 3619 794 καὶ
3671 739 3794 811 μά-

2182 828 2337 882 λιστα
2373 828 2588 880 πάντων
2629 824 2696 878 τά
2721 824 2971 895 ,ὑμέτερα
3015 823 3215 884 ἴσασιν,
3277 825 3357 885 εἰς
3406 823 3475 875 τά
3512 823 3793 876 ὲνδότατα

2185 911 2549 982 εἰσαχθέντες,
2591 909 2684 963 καὶ
2727 907 2795 960 τά
2829 907 3116 977 ἀπόρρητα
3153 907 3307 977 ὑμῶν
3336 908 3549 959 ἅπαντα
3570 905 3790 959 διακω-

2183 994 2525 1056 δωνίσαντες.
2561 993 2669 1045 Καὶ
2703 991 2784 1042 ὅτι
2817 988 3030 1059 μισοῦσι
3055 988 3213 1058 δῆλον
3237 988 3463 1042 ἐκεῖθεν·
3493 989 3791 1058 Μυριάκις

2186 1078 2252 1130 ἂν
2278 1076 2481 1129 εἴλοντο
2509 1073 2608 1144 τῆς
2645 1073 2835 1143 ψώρας
2862 1071 3242 1142 ἀπαλλαγῆναι
3275 1071 3500 1141 ταύτης,
3541 1071 3637 1123 καὶ
3678 1072 3789 1140 τῆς

2185 1158 2344 1212 νόσου
2372 1158 2471 1228 τῆς
2503 1156 2771 1228 χαλεπῆς,
2814 1154 2876 1208 τὸ
2912 1155 2970 1207 δὲ
2999 1153 3208 1207 κωλύον
3236 1156 3270 1224 ἡ
3300 1153 3576 1225 συνήθεια,
3611 1153 3713 1205 καὶ
3741 1155 3781 1223 ἡ

2182 1241 2415 1295 δοκοῦσά
2440 1258 2524 1303 τις
2553 1237 2690 1293 εἶναι
2727 1239 2908 1309 ἡδονή·
2955 1238 3077 1290 ἐπεὶ
3110 1237 3203 1291 καὶ
3235 1238 3444 1290 ἐκείνου
3478 1236 3577 1289 τοῦ
3614 1238 3785 1306 νοση-

2187 1342 2357 1395 ματος
2389 1323 2636 1393 εὔχονται
2670 1322 2767 1392 μὲν
2793 1320 3195 1390 ἀπαλλαγῆναι,
3232 1321 3327 1374 καὶ
3364 1320 3612 1391 μισοῦσιν
3645 1320 3785 1372 αὐτὸ

2184 1408 2383 1471 πάντες
2424 1408 2474 1460 οἱ
2510 1406 2745 1476 ἔχοντες,
2796 1403 3012 1474 ἥδονται
3053 1403 3111 1455 δὲ
3153 1403 3307 1466 ὄντες
3336 1405 3392 1455 ὲν
3418 1403 3570 1473 αὐτῷ
3599 1402 3780 1456 καθά-

2184 1508 2289 1560 περ
2330 1492 2389 1543 ὲν
2426 1488 2619 1558 τούτῳ.
2646 1487 2766 1540 Κάν
2794 1486 2902 1557 γὰρ
2929 1485 3048 1539 λίαν
3078 1485 3258 1550 ἄθλιός
3287 1482 3425 1559 τιςῇ
3463 1489 3557 1539 καὶ
3591 1486 3777 1539 ταλαί.

2183 1590 2385 1644 πωρος,
2420 1573 2519 1625 ούκ
2545 1571 2690 1623 ἐστιν
2721 1568 2863 1623 οὔτω
2896 1566 3003 1621 τῶν
3036 1569 3476 1640 ἀπεγνωσμένων
3503 1569 3600 1621 καὶ
3645 1568 3778 1635 σφό-

2182 1656 2281 1726 δρα
2321 1656 2420 1726 τὴν
2451 1654 2662 1707 ἑαυτῶν
2708 1651 3092 1721 καταισχύνειν
3135 1652 3546 1722 ἐπιθυμούντων
3594 1650 3777 1715 δόξαν,

2182 1740 2258 1802 ὡς
2284 1738 2537 1807 ἐθελῆσαι
2560 1739 2617 1789 ἐν
2641 1735 2993 1806 ἀσχημοσύνῃ
3031 1735 3149 1806 ζῇν,
3177 1734 3272 1788 καὶ
3306 1737 3365 1788 ἐν
3383 1737 3494 1798 τοῖς
3518 1735 3777 1788 ἀπάντων

2183 1816 2321 1873 εἶναι
2353 1821 2632 1889 στόμασιν,
2671 1820 2762 1873 ἐπὶ
2797 1818 3108 1888 κακηγορίᾳ
3142 1819 3234 1871 καὶ
3267 1818 3465 1886 γέλωτι
3514 1818 3610 1871 καὶ
3637 1817 3777 1870 ὀνεί-

2182 1903 2315 1968 δεσι,
2367 1902 2461 1955 καὶ
2508 1902 2731 1973 θέατρον
2778 1901 2953 1955 κοινὸν
2988 1902 3080 1954 ἐπὶ
3118 1901 3219 1971 τῆς
3260 1901 3463 1971 ἀγορᾶς
3506 1900 3776 1967 γίνεσθαι,

2186 1987 2401 2040 πάντων
2432 1986 2593 2039 αὺτὸν
2627 1985 2743 2053 ἅμα
2783 1985 2860 2054 τῷ
2889 1984 3119 2054 φανῆναι
3153 1987 3264 2047 τοῖς
3297 1984 3524 2056 πλησίον
3570 1985 3778 2036 δακτυο

2183 2068 2599 2122 λοδεικτούντων
2642 2068 2734 2120 ἐπὶ
2774 2071 2887 2130 τοῖς
2917 2067 3233 2136 αἰσχίστοις.
3265 2068 3373 2121 Καὶ
3401 2068 3508 2139 γὰρ
3544 2067 3667 2120 οὐδὲ
3698 2087 3782 2137 μι-

2185 2152 2294 2223 κρά
2319 2169 2401 2214 τις
2426 2151 2534 2204 ἀπὸ
2564 2151 2664 2219 τῆς
2697 2149 2931 2218 ὑποψίας
2955 2149 3161 2221 ταύτης
3193 2150 3356 2222 ἀηδία
3377 2151 3622 2204 τίκτεται
3651 2150 3779 2202 τούο

2183 2252 2316 2297 τοις,
2344 2235 2437 2288 καὶ
2467 2233 2674 2304 ἐνοχλεῖ
2707 2232 2783 2304 τῷ
2815 2233 3077 2287 συνειδότι
3103 2233 3369 2304 διηνεκῶς
3394 2233 3781 2304 ὲγκαθημίνη,

2186 2312 2282 2372 καὶ
2332 2315 2611 2387 σκώληκος
2655 2316 2855 2379 παντὸς
2897 2315 3263 2387 μονιμώτερον
3300 2317 3635 2388 διατιτρῶσα
3676 2318 3778 2370 αύ-

2183 2400 2295 2453 τῶν
2319 2399 2417 2470 τὴν
2450 2400 2710 2453 διάνοιαν.
2746 2400 2809 2451 EE
2847 2398 2904 2451 δὲ
2941 2398 3070 2452 ἔνθα
3117 2400 3269 2471 παρά
3310 2401 3616 2471 ἀνθρώπων
3649 2400 3781 2452 ἒπε-

2183 2501 2273 2538 ται
2308 2485 2560 2555 αἰσχύνη,
2596 2481 2846 2553 φανερῶς
2892 2482 2990 2552 μὲν
3019 2483 3171 2537 οὐδὲν
3217 2484 3504 2551 λεγόντων,
3537 2485 3678 2537 οἴκοι
3722 2484 3781 2541 δὲ

2184 2568 2278 2620 καὶ
2308 2567 2429 2620 καθ’
2470 2566 2698 2641 ἑαυτοὺς
2726 2564 3123 2632 ἐγκαλούντων,
3150 2567 3388 2637 τοσαύτη
3410 2568 3620 2635 γίνεται
3654 2567 3775 2621 ὀδύ-

2183 2668 2270 2720 νη,
2295 2651 2423 2703 δταν
2449 2652 2585 2721 πρὸς
2617 2649 2777 2702 αὐτὸν
2798 2647 3123 2720 ἀπέλθωμεν
3149 2650 3240 2702 τὸν
3263 2650 3591 2722 ὑὸρισμένον
3624 2652 3751 2721 Νυμ

2184 2733 2324 2803 φίον,
2358 2734 2485 2786 ὅταν
2514 2733 2610 2785 καὶ
2640 2732 2710 2785 τά
2737 2730 2906 2802 ἄδηλα
2935 2733 3014 2796 εἰς
3052 2733 3214 2802 μέσον
3255 2733 3475 2804 ἄγηται,
3516 2735 3647 2787 ὅταν
3683 2736 3778 2787 καὶ

2185 2816 2402 2887 καρδίαι
2454 2815 2907 2871 ἀναπτύσσωνται
2962 2816 3055 2868 καὶ
3111 2815 3262 2887 ῥῆμα
3302 2818 3396 2870 καὶ
3438 2821 3626 2888 σχῆμα
3684 2822 3778 2873 καὶ

2186 2898 2405 2970 βλέμμα
2432 2900 2522 2952 καὶ
2544 2898 2721 2951 ἔννοια
2745 2908 2767 2937 ο
2794 2897 2881 2963 (τά
2912 2897 3020 2969 γὰρ
3048 2899 3253 2952 τούτων
3282 2900 3612 2971 αἰσχρότερα
3645 2919 3776 2971 παρ-

2187 2981 2353 3052 ίημιὶυ
2400 2982 2525 3035 ὅταν
2561 2977 2654 3033 οὖν
2705 2982 2883 3035 πάντα
2934 2981 3119 3045 ἁπλῶς
3164 2982 3258 3033 ἐπὶ
3299 2982 3403 3052 τῆς
3449 2982 3777 3053 οἰκουμένης

2182 3066 2400 3137 ἀπάσης
2426 3065 2610 3134 γυμνά
2640 3064 2898 3135 φαίνηται
2933 3065 3027 3118 καὶ
3063 3066 3559 3137 τετραχηλισμένα,
3598 3067 3778 3135 πόσην

2184 3147 2603 3218 ύποστησόμεθα
2640 3147 3025 3220 ἀσχημοσύνην
3077 3149 3172 3202 καὶ
3213 3150 3435 3203 κόλασιν
3468 3151 3565 3203 καὶ
3597 3167 3777 3220 τιμω-

2186 3232 2345 3303 ρίανί
2398 3231 2531 3284 Τότε
2570 3230 2698 3302 γάρ,
2732 3230 2798 3285 ἀν
2844 3231 2917 3303 μὴ
2969 3235 3221 3304 παραστῇ
3270 3231 3561 3303 λάμπουσα
3599 3231 3779 3296 οὕτως

2182 3313 2338 3385 ἡμῶν
2380 3315 2413 3385 ἡ
2445 3314 2612 3385 ψυχὴ,
2648 3313 2724 3376 ὡς
2753 3315 2898 3378 εἰκὸς
2941 3314 3040 3384 τὴν
3071 3315 3440 3386 ἁρμοσθεῖσαν
3472 3317 3672 3387 ἐκείνῳ
3695 3316 3781 3387 τῷ

2182 3397 2420 3470 νυμφίῳ,
2450 3400 2516 3451 ἂν
2547 3398 2620 3469 μὴ
2659 3397 2838 3468 πάσης
2866 3398 3082 3468 κηλῖδος
3117 3398 3210 3451 καὶ
3241 3397 3414 3473 ῥύπου
3436 3400 3529 3452 καὶ
3560 3399 3777 3469 ῥυτίδος

2184 3478 2217 3555 ᾗ
2247 3480 2485 3551 καθαρὰ,
2511 3480 2814 3545 ἀπολεῖται,
2846 3481 2943 3534 καλ⁸
2977 3480 3047 3534 τά
3072 3481 3278 3552 ἔσχατα
3320 3482 3568 3535 πείσεται
3601 3481 3772 3536 δεινά.

2185 3564 2248 3618 Εἰ
2271 3564 2380 3634 γὰρ
2404 3567 2432 3619 ό
2460 3563 2635 3635 τυχὼν
2675 3564 2864 3636 μῶμος
2896 3565 3078 3628 ἱκανὸς
3107 3565 3276 3637 αὐτὴν
3297 3565 3566 3630 ὲκὸαλεῖν,
3599 3566 3780 3620 ὅτανά

2183 3648 2351 3712 πολὺς
2381 3648 2410 3701 ό
2444 3647 2616 3719 ῥύπος
2638 3644 2694 3719 ᾖ,
2727 3647 2822 3701 καὶ
2851 3646 3089 3718 τοσαύτη
3124 3650 3156 3718 ή
3191 3648 3444 3712 δυσωδία,
3475 3651 3569 3702 καὶ
3604 3651 3776 3720 μυρία

2182 3730 2445 3785 πάντοθεν
2473 3729 2627 3800 ἕλκη,
2656 3730 2740 3794 τίς
2779 3730 2949 3801 αὐτὴν
2979 3731 3331 3803 ἐξαιρήσεται
3368 3732 3467 3803 τῆς
3494 3732 3774 3797 κολάσεως

2181 3814 2274 3865 καὶ
2292 3813 2391 3883 τῆς
2422 3812 2691 3884 τιμωρίας
2711 3813 2927 3884 ἐκείνης
2947 3830 2962 3880 ;
2987 3815 3050 3867 Et
3076 3813 3184 3885 γάρ
3204 3812 3441 3869 ἐνταῦθα
3463 3813 3606 3867 οὕτω
3635 3815 3771 3882 φαῦ-

2182 3895 2271 3949 λον
2304 3895 2415 3960 ὄξει
2457 3896 2607 3966 παρά
2646 3896 2781 3950 πᾶσι
2830 3897 2926 3950 καὶ
2964 3896 3128 3967 ἀηδὲς
3154 3897 3260 3968 τῆς
3288 3897 3543 3967 τοιαύτης
3574 3898 3603 3948 ὁ
3633 3899 3766 3969 βίος,

2181 3978 2257 4042 ὡς
2310 3978 2519 4042 πάντας
2564 3978 2736 4050 αὐτὴν
2777 3979 3220 4052 ἀποστρέφεσθαι
3280 3982 3373 4034 καὶ
3429 3980 3620 4049 φίλους
3676 3981 3775 4036 καὶ

2181 4061 2428 4132 ἐχθροὺς,
2492 4061 2611 4124 πῶς
2659 4061 2771 4115 τῶν
2821 4062 3115 4132 βασιλικῶν
3176 4063 3429 4135 ἐπιϐῆναι
3476 4065 3770 4136 δυνήσεται

2181 4143 2469 4214 προθύρων
2515 4145 2976 4216 ἀνακεχρωσμένη
3025 4144 3269 4217 βορϐόρῳ
3296 4147 3585 4217 .τοσούτῳ;
3653 4149 3767 4220 Οὐχ

2182 4229 2335 4299 ὁρᾷς,
2377 4228 2459 4281 ὅτι
2496 4227 2617 4280 οὐδὲ
2650 4228 2709 4280 ὲν
2741 4227 2889 4296 οἰκία
2923 4227 3115 4298 ἀνδρὸς
3147 4229 3356 4283 ἰδιώτου
3385 4230 3481 4284 καὶ
3511 4231 3765 4296 εὐτελοῦς

2178 4310 2463 4380 ἀνάσχοιτό
2486 4327 2570 4373 τις
2600 4309 2667 4364 ἂν
2691 4304 2754 4363 ῦν
2778 4308 2929 4383 [262]
2968 4311 3356 4379 ὲγκυλισθέντα
3383 4312 3631 4385 βορϐόρῳ
3660 4332 3761 4368 πα-

2181 4391 2504 4462 ραδέξασθαι
2553 4392 2721 4455 ἔνδον,
2774 4392 2889 4446 ἀλλ’
2919 4394 3281 4449 ἀπελαύνουσι
3337 4398 3433 4450 καὶ
3475 4397 3762 4451 διώκουσιν

2178 4475 2437 4540 ἅπαντες,
2471 4476 2565 4530 καὶ
2604 4476 2702 4540 τὰς
2750 4476 2920 4548 θύρας
2958 4477 3323 4546 ἀποκλείουσι,
3357 4480 3453 4534 καὶ
3498 4482 3763 4551 φεύγουσι

2178 4559 2395 4631 πόρρως
2448 4561 2509 4613 Et
2552 4560 2608 4613 δὲ
2655 4558 2847 4628 ἄλογον
2882 4559 3041 4625 ζῶον,
3083 4562 3177 4614 καὶ
3212 4563 3386 4617 ταῦτα
3425 4566 3484 4617 ὲν
3515 4563 3761 4636 βορὸόρῳ

2175 4643 2527 4714 τρεφόμενον,
2549 4643 2646 4713 οὐχ
2667 4643 3030 4713 ὑπομένουσιν
3054 4643 3332 4717 ἄνθρωποι
3354 4646 3759 4720 παραδέξασθαι

2175 4727 2313 4780 οίκοι
2354 4725 2492 4796 μετά
2534 4725 2770 4797 κηλῖδος,
2813 4725 2931 4789 πῶς
2965 4729 3046 4789 εἰς
3073 4728 3175 4792 τὰς
3204 4730 3489 4801 οὐρανίους
3528 4730 3755 4797 σκηνὰς.

2176 4809 2304 4863 ἔνθα
2334 4809 2572 4880 τοσαύτη
2617 4809 2958 4881 λαμπρότης,
3004 4810 3133 4866 ἔνθα
3164 4815 3341 4868 πάντα
3379 4814 3601 4885 φαιδρὰ.
3628 4814 3758 4870 ἔνθα

2175 4893 2290 4961 φῶς
2333 4893 2644 4963 ἀπρόσιτον,
2687 4891 2816 4946 ἔνθα
2850 4894 3138 4966 ἀστραπῆς
3169 4897 3350 4968 πάσης
3379 4898 3756 4971 λαμπρότερον

2174 4975 2455 5029 ἀπαντῶσι
2485 4976 2797 5029 στίλϐουσαι
2822 4979 2878 5031 αἱ
2912 4978 3191 5049 παρθένοι,
3227 4981 3346 5045 πῶς
3365 4982 3650 5053 δυνήσεταί
3673 5000 3757 5047 τις

2173 5059 2315 5114 οὕτω
2384 5059 2572 5130 ῥυπῶν
2640 5059 2936 5128 είσελθεῖν;
2998 5063 3064 5118 Αἱ
3140 5063 3214 5135 μὴ
3284 5065 3505 5138 ἔχουσαι
3576 5066 3757 5120 ἔλαιον

2172 5142 2607 5214 ἀπεκλείσθησαν
2649 5141 2744 5196 τοῦ
2778 5143 3086 5214 νυμφῶνος,
3115 5146 3210 5203 καὶ
3240 5148 3358 5210 πῶς
3399 5148 3556 5219 ὑμεῖς
3585 5167 3756 5222 προσ-

2171 5227 2363 5284 δοκᾶτε
2415 5225 2773 5297 ὲπιὸήσεσθαι
2814 5227 2922 5280 τῶν
2962 5227 3170 5284 ἀδύτων
3205 5231 3463 5293 ἐκείνωνς
3498 5233 3608 5286 Καὶ
3644 5232 3754 5305 γὰρ

2172 5311 2349 5383 πολλῷ
2377 5309 2535 5365 τοῦτο
2563 5309 2772 5363 ἐκείνου
2798 5309 3181 5385 χαλεπώτερον
3211 5314 3273 5368 τὸ
3303 5316 3524 5389 ἀμάρτη
3533 5335 3630 5387 μα.
3676 5318 3751 5372 Οὐ

2169 5396 2279 5468 γάρ
2302 5399 2468 5460 ἐστιν,
2500 5393 2601 5446 ούκ
2643 5391 2790 5445 ἔστιν
2830 5393 2943 5448 ἴσον
2967 5397 3289 5469 σωματικῆς
3320 5400 3394 5471 μὴ
3428 5400 3751 5470 μεταδοῦναι

2168 5478 2395 5549 τροφῆς,
2425 5477 2519 5531 καὶ
2562 5474 2740 5546 ψυχὰς
2770 5475 3051 5530 ⁸ἀπολέσαι
3099 5481 3319 5547 πολλάς.
3366 5485 3602 5541 Ἑκεῖναι
3654 5486 3752 5555 μὲν

2167 5562 2277 5633 γὰρ
2304 5563 2430 5624 τοὺς
2458 5560 2786 5631 πενομένους
2821 5559 3085 5631 ἠδίκησαν
3115 5565 3286 5620 οὐδέν·
3320 5567 3508 5640 ἐπειδὴ
3548 5568 3606 5626 δὲ
3641 5569 3751 5626 τῶν

2168 5645 2376 5699 ἑαυτῶν
2422 5643 2605 5705 αὐτοῖς
2661 5642 2723 5694 οὐ
2779 5643 3112 5713 μετέδωκαν,
3146 5648 3265 5702 οὐδὲ
3294 5642 3606 5721 ἀπήλλαξαν
3653 5668 3748 5705 ma

2169 5729 2307 5791 νέας,
2343 5726 2518 5780 ταῦτα
2551 5725 2769 5780 ἔπαθον·
2806 5726 2869 5778 σὺ
2912 5726 2968 5779 δὲ
3011 5729 3105 5783 καὶ
3138 5730 3400 5804 ἠδίκησας
3445 5736 3537 5790 καὶ
3577 5728 3749 5798 ὦσαςι,

2234 5825 2255 5852 ⁸⁵
2280 5821 2427 5869 Savil.
2454 5821 2533 5867 καὶ
2556 5818 2842 5882 ῥήματακαί
2869 5818 3111 5882 βλέμματα
3137 5824 3212 5870 καί
3240 5824 3410 5875 ἔννοια.

2231 5881 2261 5922 ἀ
2284 5882 2435 5932 Sani].
2461 5880 2626 5944 μῶμος
2650 5880 2886 5942 ἐκϐάὶλει,
2908 5881 3034 5932 ὅταν.
