4060 6136
265 196 409 248 522i

269 411 340 455 te
383 412 436 456 et
462 402 710 455 mulieres
740 397 1139 467 obstupescent,
1178 405 1232 451 et
1256 395 1353 450 viri
1383 410 1569 449 omnes
1602 395 1760 448 simul
1785 393 1884 448 ad-

269 495 656 556 mirabuntur,
696 499 879 561 utpote
918 489 1177 558 virginem
1218 501 1416 557 sponso
1453 486 1713 540 indivnlse
1747 484 1882 539 assi-

267 586 514 642 dentem
552 585 626 654 (l.
657 581 776 638 Cor.
818 583 871 636 7.
903 565 995 653 δέ)
1028 599 1040 633 :
1075 588 1199 634 tunc
1240 593 1344 634 non
1374 578 1647 633 domestici
1687 577 1882 643 solum,

271 678 396 733 sed
435 687 488 732 et
511 675 737 747 gentiles
761 682 815 729 et
839 673 1029 738 Judaei,
1061 681 1116 728 et
1144 686 1305 727 omne
1333 671 1608 725 hominum
1641 668 1887 740 probabit

270 785 469 840 genus
502 788 514 823 :
539 779 697 839 atque
723 767 857 822 adeo
876 767 922 821 si
946 767 1167 837 gloriam
1199 780 1368 831 amas,
1400 763 1536 818 banc
1563 761 1697 817 vade
1721 762 1881 826 viam,

270 877 406 916 non
427 857 583 916 aliam
609 877 624 916 :
658 869 782 914 tunc
809 867 860 914 te
886 873 993 912 non
1014 859 1124 927 jam
1159 857 1296 911 illius
1327 857 1408 910 vel
1432 855 1574 908 illius
1598 853 1882 915 vocabunt,

273 953 394 1008 sed
437 951 632 1007 Christi
663 967 679 1004 :
711 950 835 1004 huic
878 958 1056 1004 autem
1095 957 1316 1002 ornatus
1359 947 1493 1002 alius
1530 961 1626 1016 par
1663 960 1692 998 a
1739 944 1885 998 nullo
1922 996 1926 1000 .

273 1045 395 1099 tibi
431 1046 550 1100 erit.
581 1045 660 1097 An
691 1057 820 1098 vero
847 1043 1035 1112 exigua
1076 1050 1219 1108 sunt,
1250 1055 1452 1111 quaeso,
1499 1054 1618 1108 qua:
1652 1037 1884 1107 quotidie

277 1145 562 1190 canuntur
595 1143 650 1190 et
685 1135 736 1189 in
767 1133 902 1200 foro,
935 1143 990 1188 et
1018 1134 1069 1187 in
1109 1131 1375 1195 domibus,
1405 1139 1459 1184 et
1487 1130 1539 1184 in
1566 1129 1682 1183 aliis
1703 1129 1886 1182 civitao

279 1227 478 1280 tibus?
511 1226 688 1280 Puella
716 1225 902 1279 isthaec
931 1223 1162 1278 formosa
1189 1222 1343 1276 valde
1381 1231 1436 1276 et
1475 1221 1807 1285 adolescens,
1839 1220 1882 1274 si

283 1319 574 1380 voluisset,
606 1317 804 1371 multos
845 1324 1100 1385 patronos
1143 1313 1245 1368 sibi
1275 1313 1562 1368 conciliare
1601 1310 1880 1381 potuisset,

281 1410 394 1464 sed
441 1410 609 1463 noluit
659 1427 672 1462 :
720 1409 829 1463 imo
875 1408 1061 1463 maluit
1104 1407 1303 1477 qumvis
1352 1405 1616 1460 sustinere
1653 1417 1716 1457 ac
1752 1403 1882 1472 pati,

281 1517 458 1571 quam
483 1500 679 1556 Christi
710 1514 951 1555 amorem
982 1498 1305 1568 relinquere,
1333 1505 1387 1551 et
1415 1495 1674 1550 castitatis
1697 1493 1882 1547 liorem

280 1593 608 1647 obscurare.
658 1591 816 1646 Beata
863 1597 918 1645 et
965 1589 1047 1643 bis
1087 1598 1140 1644 et
1181 1599 1259 1642 ter
1303 1597 1357 1642 et
1398 1587 1611 1655 smpius.
1663 1585 1884 1650 Quantis

283 1683 507 1739 fruetur
529 1682 702 1747 bonis,
728 1681 937 1752 qualem
965 1680 1186 1750 accipiet
1217 1693 1492 1744 coronam,
1522 1686 1716 1747 quanta
1744 1691 1884 1730 mer-

283 1775 433 1829 cede
483 1773 787 1840 donabitur,
834 1787 953 1842 qua:
999 1787 1119 1826 cum
1171 1770 1299 1840 ipsis
1345 1769 1669 1838 incorporeis
1717 1775 1886 1821 certat

286 1863 628 1920 Virtutibus?
656 1863 779 1918 Haec
807 1871 861 1918 et
900 1862 1025 1916 talia
1053 1861 1120 1916 de
1150 1861 1250 1915 hac
1280 1875 1468 1914 omnes
1496 1859 1705 1924 dicent,
1738 1867 1791 1911 et
1812 1857 1882 1912 ad

285 1955 690 2010 aemulatioxiem
743 1953 854 2007 suis
911 1952 1119 2006 liliabus
1175 1957 1509 2022 proponent;
1566 1958 1620 2002 et
1665 1946 1711 2000 si
1764 1947 1884 2016 quis

285 2049 587 2102 admonere
616 2047 838 2101 honeSIe
863 2045 1156 2109 viventem;
1187 2052 1241 2097 et
1269 2043 1315 2098 si
1344 2043 1462 2112 quis
1489 2049 1793 2110 corruptam
1816 2039 1882 2093 ad

287 2137 614 2191 modestiam
642 2134 901 2190 reducere
928 2134 1171 2196 voluerit,
1206 2132 1321 2186 hzec
1356 2133 1429 2186 illi
1475 2133 1665 2186 iterum
1696 2145 1883 2185 omnes

286 2227 540 2281 encomia
581 2227 630 2280 in
672 2226 907 2280 medium
954 2224 1124 2279 ferent
1156 2243 1169 2278 :
1198 2239 1303 2277 non
1341 2222 1429 2277 hic
1465 2232 1642 2276 autem
1681 2221 1878 2288 solum,

287 2320 391 2374 sed
422 2328 476 2373 et
503 2321 710 2388 quoties
730 2317 796 2371 de
825 2316 1123 2387 virginitate
1146 2314 1235 2369 fiat
1263 2328 1440 2368 sermo
1470 2332 1482 2368 :
1508 2322 1562 2367 et
1589 2314 1664 2366 sic
1694 2327 1883 2366 omnes

289 2409 612 2476 laudabunt,
645 2425 749 2463 non
779 2409 950 2463 solum
975 2407 1064 2478 qui
1093 2413 1238 2462 caste
1257 2406 1459 2469 vivunt,
1491 2404 1584 2458 sed
1614 2413 1667 2457 et
1694 2404 1766 2457 illi
1792 2403 1880 2473 qui

287 2505 553 2559 studuere
584 2512 639 2556 et
673 2503 847 2556 omnia
893 2500 1131 2556 fecerunt
1164 2508 1220 2553 ut
1249 2500 1414 2568 ipsam
1451 2497 1785 2561 obtinerent,
1816 2509 1879 2550 ac

287 2594 492 2649 deinde
519 2593 806 2661 contempti
837 2601 889 2645 et
917 2591 1160 2661 despecti,
1182 2591 1412 2644 fuerunt.
1445 2589 1614 2658 Atque
1637 2589 1733 2642 ista
1763 2589 1879 2658 qui-

288 2686 418 2740 dem
452 2693 615 2750 tanta,
638 2692 692 2738 et
717 2684 884 2737 multo
910 2683 1110 2752 majore
1139 2697 1296 2753 quam
1325 2681 1522 2735 dictum
1547 2679 1882 2752 esqfruetur

287 2778 460 2849 gloria
493 2795 504 2830 :
536 2793 654 2847 quae
699 2792 824 2831 vero
863 2775 1230 2831 cohabitantes
1279 2774 1461 2840 habet,
1501 2775 1679 2827 omnia
1722 2787 1880 2828 secus

287 2869 514 2938 reperit.
558 2869 622 2922 Et
657 2868 830 2937 primo
865 2867 1076 2937 quidem
1117 2866 1330 2935 quando
1370 2866 1438 2918 ab
1476 2864 1739 2932 aliquibus
1782 2866 1882 2917 im-

291 2960 440 3029 puris
481 2968 758 3014 accusatur
789 2958 1084 3026 virginitas,
1117 2956 1184 3011 de
1224 2959 1462 3026 utrisque
1503 2956 1729 3010 habetur
1770 2971 1882 3012 me-

287 3051 463 3104 moria
494 3051 543 3102 in
577 3049 768 3104 talibus
797 3047 1179 3112 conventibus;
1217 3047 1310 3102 sed
1348 3048 1433 3101 illa
1460 3047 1674 3115 quidem
1711 3048 1882 3116 aperit

286 3155 385 3194 ora
433 3139 842 3202 defensantium,
896 3139 993 3193 ista
1042 3146 1219 3193 autem
1261 3138 1645 3192 accusantium.
1689 3137 1878 3192 Postea

287 3229 505 3300 quando
544 3229 736 3299 corrigi
777 3229 1007 3298 aliquam
1039 3239 1093 3283 et
1134 3229 1482 3297 compositam
1516 3227 1664 3282 reddi
1701 3229 1874 3294 decet,

289 3322 409 3375 haec
433 3319 641 3390 quidem
672 3328 728 3372 ut
749 3319 1092 3388 pharmacum
1114 3318 1432 3388 astringens,
1456 3328 1506 3371 et
1535 3317 1673 3386 quod
1702 3327 1878 3386 putre-

287 3411 473 3466 dinem
516 3409 776 3479 repellere
817 3416 991 3478 potest
1029 3409 1083 3463 in
1111 3407 1346 3463 medium
1373 3407 1615 3471 affertur,
1645 3418 1697 3463 et
1740 3398 1878 3477 prte-

287 3503 526 3572 ceptoris
562 3518 624 3557 os
664 3512 820 3557 ornat
849 3520 862 3556 :
896 3502 985 3556 illa
1011 3510 1190 3556 autem
1228 3515 1348 3555 cum
1379 3499 1598 3555 confusa
1625 3508 1750 3567 stat,
1795 3511 1877 3555 ta-

289 3595 448 3650 metsi
493 3609 598 3648 non
643 3593 804 3661 adsit,
851 3594 1176 3648 erubescens
1217 3602 1271 3647 et
1313 3591 1609 3662 pudefacta.
1651 3591 1878 3647 Necesse

288 3690 433 3744 enim
459 3697 541 3742 cst
569 3695 624 3741 ut
647 3687 930 3743 occasione
959 3687 1216 3756 cujusque
1245 3687 1408 3755 lapsae
1435 3686 1550 3740 haec
1577 3695 1875 3752 accusetur,

289 3788 346 3834 et
387 3779 577 3833 iterum
617 3777 1000 3844 confundatur;
1037 3787 1091 3834 et
1129 3778 1218 3833 ubi
1257 3778 1326 3833 de
1363 3793 1423 3834 re
1453 3778 1551 3833 hac
1578 3794 1757 3833 sermo
1797 3780 1874 3846 fit,

289 3873 426 3925 sicut
449 3870 536 3924 iila
561 3870 738 3936 beata,
767 3871 837 3924 ita
863 3871 959 3925 ista
991 3871 1185 3926 misera
1213 3880 1267 3926 et
1287 3871 1614 3938 calamitosa,
1643 3881 1697 3926 et
1722 3872 1876 3942 quid-

289 3964 375 4017 vis
419 3965 592 4018 simile
637 3965 902 4018 audietur.
943 3964 1010 4019 Et
1049 3967 1184 4019 sicut
1227 3965 1368 4018 illam
1411 3981 1515 4019 non
1565 3967 1654 4034 qtti
1697 3967 1878 4023 vident

287 4053 488 4118 solum,
519 4053 612 4106 sed
640 4061 694 4107 et
723 4053 811 4122 qui
842 4054 1105 4121 ignorant,
1132 4064 1188 4109 et
1215 4055 1360 4108 nullo
1388 4054 1647 4110 beneficio
1678 4056 1874 4125 affecti,

288 4147 563 4200 Celebrant
589 4153 638 4198 et
674 4143 888 4200 laudant
922 4163 935 4200 :
966 4146 1036 4200 ita
1063 4155 1116 4200 et
1146 4147 1281 4202 hanc
1310 4158 1570 4218 quotquot
1594 4149 1678 4204 vel
1705 4151 1877 4206 sciunt

289 4237 371 4289 vel
402 4236 646 4305 ignorant
673 4235 858 4305 ipsam,
890 4245 944 4291 et
969 4237 1056 4306 qui
1087 4237 1218 4291 nihil
1241 4239 1366 4293 mali
1388 4239 1454 4293 ab
1480 4255 1541 4294 ea
1562 4250 1685 4295 sunt
1709 4243 1870 4311 passi,

287 4327 530 4397 afﬂigunt
552 4338 604 4381 et
631 4329 996 4383 criminantur.
1025 4328 1156 4384 Nam
1189 4330 1220 4383 ii
1249 4331 1334 4400 qui
1366 4341 1509 4386 recte
1537 4333 1737 4396 vivunt,
1768 4347 1875 4387 non

287 4435 316 4470 a
353 4418 488 4470 notis
531 4417 724 4482 solmn,
767 4418 860 4472 sed
895 4429 949 4472 et
985 4419 1054 4473 ab
1093 4419 1304 4488 ignotis,
1351 4420 1458 4473 imo
1499 4421 1566 4474 ab
1608 4422 1736 4489 ipsis
1777 4422 1877 4476 ini-

291 4507 441 4560 micis
471 4506 750 4560 laudantur
779 4516 834 4561 et
871 4506 1206 4561 admirationi
1234 4516 1393 4563 sunt:
1418 4510 1506 4579 qui
1548 4520 1722 4565 autem
1753 4526 1874 4566 cor-

291 4597 428 4666 rupti
469 4607 524 4651 et
569 4597 816 4666 improbi,
850 4606 905 4651 et
942 4597 1008 4652 ab
1050 4597 1236 4652 amicis
1275 4597 1598 4669 affliguntur.
1643 4600 1709 4654 Et
1745 4616 1873 4657 vero

288 4693 484 4744 divina:
525 4690 626 4746 hoc
650 4690 998 4762 providentiae
1025 4705 1159 4760 opus
1185 4699 1287 4759 est,
1309 4691 1450 4762 quod
1491 4701 1685 4746 tantam
1721 4694 1874 4749 nobis

287 4799 410 4836 cum
471 4784 745 4837 virtutibus
799 4784 1166 4853 cognationem
1196 4824 1211 4850 ,
1267 4792 1323 4858 et
1373 4792 1571 4839 tantam
1621 4785 1868 4840 vitiorum

289 4875 734 4929 abominationem
775 4874 992 4941 indidit;
1027 4883 1085 4929 ut
1123 4875 1210 4929 illa
1240 4874 1451 4944 quidem
1486 4875 1722 4929 omnium
1757 4876 1871 4930 cal-

249 5025 252 5028 ,
291 4968 410 5020 culo
435 4967 706 5036 probetur,
744 4970 904 5022 etiam
935 4981 1139 5033 eorum,
1177 4967 1265 5037 qui
1303 4968 1442 5021 illam
1490 4982 1592 5020 non
1637 4968 1870 5033 adeunt;

292 5060 491 5114 malitia
557 5075 684 5113 vero
751 5059 1136 5114 condemnetur
1196 5069 1250 5114 et
1318 5061 1387 5115 ab
1448 5059 1512 5115 iis
1573 5061 1661 5129 qui
1730 5060 1873 5114 illam

295 5162 632 5220 aversantur,
675 5161 727 5208 et
773 5153 838 5208 ab
869 5153 931 5207 iis
971 5154 1062 5222 qui
1102 5153 1243 5207 illam
1287 5162 1683 5207 consectantur.
1726 5151 1876 5207 Unde

291 5248 516 5312 clarum,
557 5246 698 5316 quod
745 5247 960 5315 ignavas
1005 5246 1122 5300 illas
1165 5261 1273 5300 non
1316 5247 1426 5300 noti
1465 5230 1659 5312 solum“,
1697 5245 1789 5301 sed
1824 5254 1878 5301 et

294 5341 454 5404 ignoti
484 5349 815 5405 aversantur,
849 5349 902 5395 et
938 5340 1174 5394 maxime
1205 5342 1440 5395 omnium
1474 5341 1506 5394 ii
1538 5341 1624 5411 qui
1653 5340 1875 5395 cohabi-

295 5441 427 5484 tant.
460 5431 589 5484 Nam
631 5433 728 5486 etsi
761 5447 819 5485 se
857 5432 1034 5487 dicant
1069 5432 1222 5488 valde
1245 5447 1340 5488 vos
1367 5433 1589 5504 diligere
1613 5441 1669 5488 et
1701 5433 1874 5486 adrni-

296 5522 424 5584 rari,
468 5522 568 5576 etsi
603 5524 826 5592 gratiam
871 5522 1099 5579 habeant
1132 5540 1226 5594 pro
1265 5526 1362 5581 hac
1393 5527 1661 5596 voluptate
1697 5532 1749 5580 et
1780 5539 1876 5594 pro

298 5611 450 5667 donis
477 5613 687 5682 vestris,
719 5621 950 5669 attamen
979 5614 1103 5671 odio
1133 5617 1322 5673 iterum
1355 5618 1503 5673 eritis
1529 5616 1871 5674 eonscientiis

841 190 1024 258 QUOD
1065 189 1472 246 l‘iliGUlARliS
1513 187 1793 244 ΙἚΜΙΝΑΞ
1837 187 2012 242 VIRIS
2048 187 2485 244 COilABlTARE
2525 190 2659 246 NON
2703 189 3034 247 DEBEANT.

261 327 484 381 grrssu
513 319 564 364 et
593 317 808 379 aspectu
839 318 890 362 et
920 306 1310 361 cohabitatione
1339 305 1545 359 illorum
1573 313 1688 358 esto
1717 322 1730 358 :
1757 313 1881 359 tunc

3467 194 3568 248 526

1991 320 2196 365 eorum,
2237 305 2320 358 tibi
2354 321 2533 374 parum
2571 306 2912 377 resipuerint,
2950 317 3004 361 et
3049 308 3421 374 intellexerint,
3461 327 3567 379 quo

1990 395 2178 465 laqueo
2219 397 2412 452 fuerint
2451 399 2610 466 capti.
2637 397 2862 452 Tantum
2893 409 2974 453 est
3003 399 3234 468 nequitia
3265 400 3482 465 malum,
3511 413 3565 454 ut

1989 484 2044 548 ii,
2101 501 2233 555 quos
2277 488 2506 546 maxime
2557 488 2792 542 omnium
2842 488 3037 554 colitis,
3090 503 3182 543 vos
3235 491 3566 558 potissimum

1986 577 2387 631 condemnaturi
2409 577 2536 644 sint,
2555 580 2802 647 quoniam
2820 587 2874 633 et
2890 579 3118 633 maxime
3139 580 3372 634 omnium
3391 591 3566 635 vestra

1987 667 2161 720 sciunt
2188 668 2236 720 in
2269 669 2595 736 penitissima
2621 669 2858 737 admissi,
2884 679 2938 724 et
2961 680 3164 726 secreta
3189 682 3365 726 vestra
3390 675 3566 728 omnia

1987 756 2282 811 diﬂ‘amant.
2335 757 2400 811 Et
2445 759 2586 827 quod
2634 759 2845 814 oderint
2891 760 3013 815 hinc
3055 750 3389 816 manifestum
3429 773 3511 818 est
3553 782 3566 819 :

1988 848 2182 915 saepius
2213 849 2497 903 voluerunt
2535 849 2601 903 ab
2630 849 2728 904 hac
2767 851 2946 906 scabie
2971 861 3024 906 et
3065 853 3168 906 hoc
3203 853 3393 909 morbo
3419 857 3567 923 gravi

1991 937 2223 1002 liberari,
2254 938 2474 1008 impedit
2506 955 2632 994 vero
2667 941 3016 1010 consuetudo,
3055 952 3110 998 et
3139 944 3379 1014 voluptas
3419 961 3567 1014 quae-

1988 1026 2108 1081 dam
2138 1045 2255 1098 quze
2287 1031 2460 1085 inesse
2491 1031 2727 1097 videtur;
2754 1033 3186 1104 quandoquidem
3224 1046 3276 1090 et
3317 1037 3403 1091 illa
3435 1038 3565 1092 libe-

1989 1123 2093 1172 rari
2119 1121 2430 1190 aegritudine
2451 1131 2635 1193 optant
2657 1125 2893 1193 quidem,
2917 1141 3141 1196 eamque
3161 1143 3349 1183 omnes
3369 1131 3458 1199 qui
3483 1131 3568 1184 ilfa

1987 1210 2230 1264 laborant
2255 1213 2502 1280 oderunt;
2533 1224 2587 1268 at
2611 1214 2945 1270 delectantur
2972 1226 3145 1272 tamen
3173 1218 3298 1272 dum
3330 1235 3391 1273 ea
3419 1221 3568 1274 labo-

1989 1310 2128 1364 rant,
2171 1311 2226 1356 ut
2256 1303 2306 1357 in
2351 1305 2452 1359 hoc
2486 1320 2614 1359 casu
2647 1307 2928 1376 contingit.
2960 1307 3091 1366 Nam
3121 1308 3246 1363 licet
3270 1311 3389 1380 quis
3417 1311 3571 1367 valde

1991 1395 2154 1449 miser
2178 1405 2232 1450 et
2257 1396 2598 1452 calamitosus
2633 1399 2722 1462 sit,
2752 1414 2857 1454 non
2896 1410 2975 1454 est
3008 1409 3181 1456 tamen
3213 1402 3284 1457 ita
3313 1404 3568 1472 despera-

1989 1493 2094 1547 tus,
2124 1496 2222 1540 ncc
2254 1487 2321 1539 ita
2349 1502 2499 1541 suam
2525 1488 2673 1557 cupit
2700 1489 2962 1560 inquinari
2988 1491 3241 1559 gloriam,
3275 1502 3329 1546 ut
3359 1495 3480 1549 velit
3512 1496 3567 1548 in

1990 1577 2315 1646 turpitudine
2341 1582 2540 1647 vivere,
2570 1588 2624 1635 et
2663 1581 2714 1635 in
2753 1597 2850 1636 ore
2876 1585 3115 1638 omnium
3147 1587 3368 1649 versari,
3400 1588 3566 1641 male-

1987 1665 2144 1720 dictis
2173 1668 2388 1735 incessi,
2409 1669 2590 1735 rideri,
2625 1672 2927 1741 Opprobriis
2952 1676 3184 1740 onerari,
3210 1685 3265 1730 et
3290 1687 3569 1746 spectacu-

1989 1757 2096 1811 lum
2126 1773 2243 1817 esse
2275 1760 2325 1812 in
2356 1760 2474 1814 foro
2499 1777 2806 1827 commune,
2835 1766 3182 1835 omniumque
3213 1767 3390 1836 digitis
3421 1784 3570 1822 mon-

1986 1853 2145 1906 strari
2205 1867 2299 1920 per
2354 1854 2716 1923 ignominiam.
2773 1856 3061 1912 Enimvero
3112 1874 3219 1913 non
3274 1875 3434 1929 parva
3490 1861 3571 1914 his

1987 1942 2275 1998 insuavitas
2329 1945 2398 1999 ab
2450 1946 2751 2015 hujusmodi
2801 1949 3105 2018 suSpicione
3149 1952 3400 2018 nascitur,
3451 1969 3570 2023 quae

1985 2037 2363 2092 conscientiam
2403 2041 2613 2094 assidue
2641 2041 2895 2111 exagitat,
2932 2051 2986 2097 et
3025 2044 3168 2098 omni
3197 2060 3378 2100 verme
3417 2055 3566 2102 tena-

1985 2125 2102 2179 cius
2151 2139 2380 2181 mcntem
2429 2129 2570 2184 intus
2619 2130 2947 2200 depascitur.
2994 2132 3050 2188 Si
3098 2144 3274 2188 autem
3319 2136 3406 2190 ubi
3457 2136 3572 2190 haec

1985 2219 2123 2287 apud
2149 2221 2388 2275 homines
2415 2223 2654 2291 sequitur
2683 2222 2918 2290 infamia,
2943 2225 3067 2280 licet
3090 2225 3220 2279 nihil
3247 2227 3416 2296 palam
3445 2244 3570 2298 pro—

1987 2307 2178 2375 ferant,
2210 2309 2302 2364 sed
2332 2311 2468 2364 intra
2499 2327 2558 2366 se
2599 2313 2769 2367 solum
2808 2313 3143 2383 improbent,
3182 2326 3356 2372 tantus
3399 2320 3571 2374 oritur

1985 2399 2140 2452 dolor
2175 2418 2187 2453 :
2216 2416 2337 2455 cum
2366 2401 2432 2456 ad
2472 2402 2661 2472 injuria
2688 2403 2934 2458 atl‘ectum
2973 2420 3227 2474 sponsum
3263 2408 3557 2476 proficisce-

1986 2506 2126 2555 mur,
2153 2507 2273 2544 eum
2297 2492 2502 2546 occulta
2536 2494 2586 2547 in
2617 2494 2850 2548 medium
2879 2495 3232 2561 adducentur,
3265 2497 3476 2566 quando
3506 2510 3560 2552 et

1984 2583 2142 2636 corda
2173 2585 2567 2652 revelabnntur,
2601 2594 2654 2641 et
2684 2601 2882 2652 sermo,
2909 2597 2963 2642 et
3005 2588 3190 2658 figura,
3221 2599 3277 2643 et
3313 2590 3481 2656 visus,
3513 2601 3567 2645 et

1985 2675 2241 2744 cogitatio
2279 2676 2522 2745 (transeo
2566 2679 2709 2732 enim
2757 2693 2876 2748 qua:
2907 2677 2990 2733 his
3021 2680 3275 2751 turpiora)
3308 2699 3323 2735 :
3357 2683 3569 2750 quando

1985 2768 2144 2838 igitur
2172 2771 2349 2823 omnia
2371 2770 2684 2840 simpliciter
2709 2771 2762 2825 in
2785 2771 2914 2826 orbe
2944 2781 3056 2826 toto
3081 2772 3215 2826 nuda
3241 2773 3570 2843 apparebunt

1984 2867 2038 2912 et
2064 2869 2266 2927 aperta,
2291 2869 2540 2928 quantam
2563 2862 2942 2916 sustinebimus
2972 2863 3339 2931 ignominiam,
3369 2875 3421 2919 et
3441 2880 3570 2934 sup—

1984 2948 2220 3017 plicium,
2262 2959 2315 3002 et
2355 2949 2678 3004 vindictam?
2712 2951 2865 3005 Tunc
2903 2951 3045 3004 enim
3088 2953 3132 3005 si
3170 2968 3273 3007 non
3318 2969 3377 3009 se
3415 2955 3569 3010 sistat

1984 3037 2186 3107 fulgens
2215 3040 2492 3095 virtutibus
2515 3041 2711 3104 anima,
2737 3049 2794 3095 ut
2818 3041 2974 3096 decet
3002 3042 3305 3111 ltujusmodi
3327 3045 3564 3114 junctam

1982 3143 2198 3198 sponso;
2223 3130 2266 3184 si
2291 3145 2394 3184 non
2424 3131 2567 3185 omni
2591 3131 2726 3197 labe,
2754 3133 2956 3188 macula
2970 3144 3024 3188 et
3039 3150 3166 3205 ruga
3189 3137 3257 3190 sit
3281 3153 3425 3206 pura,
3446 3154 3572 3208 per-

1983 3222 2078 3275 ibit
2117 3230 2171 3277 et
2217 3232 2455 3278 extrema
2497 3223 2650 3279 feret.
2710 3225 2861 3294 Quod
2901 3227 2945 3280 si
2990 3229 3320 3297 quantalibet
3362 3233 3564 3286 macula

1982 3313 2178 3382 ejicere
2222 3315 2360 3370 illam
2407 3325 2599 3385 potest,
2632 3317 2846 3388 quando
2875 3319 3054 3374 multm
3098 3320 3286 3375 sordes
3323 3332 3468 3388 sunt,
3513 3333 3567 3378 et

1984 3415 2160 3461 tantus
2201 3408 2379 3474 foetor,
2427 3418 2481 3464 et
2523 3409 2749 3480 plurima
2797 3410 2995 3480 ubique
3045 3412 3242 3477 ulcera,
3287 3415 3406 3482 quis
3447 3430 3564 3470 eam

1980 3507 2130 3552 eruet
2150 3513 2180 3553 e
2205 3500 2465 3569 supplicio
2491 3512 2545 3556 et
2566 3502 2649 3560 illa
2679 3503 3022 3573 ptena?Nam
3045 3505 3089 3559 si
3113 3504 3198 3560 hic
3221 3506 3289 3560 ita
3315 3506 3564 3578 despecta

1982 3598 2036 3644 et
2065 3591 2296 3646 insuavis
2321 3593 2436 3660 ejus
2458 3602 2540 3648 est
2565 3595 2690 3660 vita,
2718 3603 2778 3650 ut
2798 3611 2986 3652 omnes
3012 3612 3128 3652 eam
3152 3610 3484 3667 aversentur,
3513 3611 3567 3655 et

1981 3685 2134 3739 amici
2166 3693 2221 3740 et
2245 3686 2467 3754 inimici,
2499 3687 2770 3758 quomodo
2802 3689 2993 3757 poterit
3024 3689 3089 3744 ad
3121 3691 3266 3761 regia
3295 3699 3564 3747 transcen-

1981 3776 2108 3831 dere
2137 3778 2415 3844 vestihula,
2458 3787 2604 3834 tanta
2633 3779 2728 3834 luti
2760 3780 3000 3836 fmditate
3030 3782 3230 3836 oblita?
3257 3783 3371 3838 Non
3413 3785 3564 3840 vides

1981 3867 2124 3937 quod
2165 3868 2216 3922 in
2256 3869 2418 3924 domo
2448 3870 2546 3925 viri
2584 3871 2775 3940 privati
2820 3881 2873 3927 et
2903 3872 3022 3927 vilis
3066 3889 3224 3928 nemo
3253 3874 3416 3930 ferret
3443 3891 3565 3948 por~

1981 3973 2100 4011 cum
2128 3959 2238 4012 luto
2266 3960 2560 4015 volutatum
2601 3960 2742 4015 intus
2771 3961 2999 4030 admitti,
3033 3963 3128 4018 sed
3170 3964 3316 4018 illum
3346 3967 3566 4036 abigunt

1981 4057 2036 4102 et
2061 4061 2450 4119 persequuntur
2474 4067 2680 4119 omnes,
2709 4063 2760 4108 et
2780 4053 2971 4124 januas
2997 4053 3274 4122 claudunt,
3303 4065 3356 4111 et
3383 4056 3566 4127 fugant

1983 4143 2200 4211 procul?
2229 4142 2282 4197 Si
2312 4154 2490 4197 autem
2521 4145 2733 4198 brutum
2767 4147 2996 4210 animal,
3029 4149 3082 4202 in
3112 4148 3228 4203 luto
3256 4150 3560 4217 educatmn,

1983 4249 2086 4288 non
2135 4233 2310 4288 ferunt
2360 4235 2602 4290 homines
2645 4237 2785 4291 intus
2823 4241 2999 4309 excipi
3043 4255 3163 4296 cum
3206 4243 3294 4296 tali
3335 4245 3562 4310 macula,

1982 4325 2250 4395 quomodo
2281 4326 2331 4379 in
2359 4326 2591 4382 carlestia
2617 4327 2986 4396 tabernacula,
3015 4332 3289 4386 ubi'tanta
3330 4335 3562 4399 claritas,

1983 4419 2070 4474 ubi
2121 4419 2298 4474 omnia
2345 4417 2560 4488 fulgida,
2607 4419 2693 4473 ubi
2743 4419 2834 4474 lux
2889 4421 3182 4488 inaccessa,
3226 4423 3315 4478 ubi
3362 4425 3565 4495 fulgure

1982 4513 2127 4567 onmi
2157 4511 2464 4582 fulgidiorcs
2494 4519 2778 4567 occurrent
2804 4513 3058 4584 virgines,
3101 4515 3297 4584 poterit
3332 4517 3451 4586 quis
3487 4518 3564 4572 sic

1981 4603 2351 4674 coinquinatus
2395 4601 2633 4673 ingredi?
2660 4604 2789 4669 Quae
2831 4619 2936 4658 non
2979 4603 3248 4659 habebant
3286 4607 3486 4673 oleum,
3533 4626 3560 4661 :l

1983 4695 2218 4750 thalamo
2245 4693 2473 4748 exclusa:
2505 4701 2649 4760 sunt,
2676 4701 2731 4748 et
2756 4694 3028 4764 quomodo
3052 4709 3146 4749 vos
3180 4696 3336 4766 adyta
3368 4697 3453 4750 illa
3487 4699 3566 4750 in-

1981 4787 2128 4856 gredi
2184 4784 2548 4854 exspectatis?
2595 4785 2804 4840 Etenim
2853 4787 3021 4842 multo
3067 4787 3168 4842 hoc
3213 4789 3304 4843 illo
3351 4791 3562 4859 gravius

1984 4887 2254 4949 peccatum
2285 4885 2386 4932 est.
2427 4877 2542 4931 Non
2571 4878 2714 4931 enim
2742 4886 2826 4932 est
2856 4893 2970 4948 par,
3010 4881 3344 4948 corporalem
3385 4883 3561 4935 cibum

1982 4987 2086 5024 non
2121 4969 2412 5038 impertire,
2436 4979 2488 5023 et
2509 4969 2700 5024 multas
2725 4970 2950 5039 perdere
2971 4971 3193 5025 animas.
3224 4971 3330 5025 Illae
3350 4973 3565 5043 quidem

1985 5078 2242 5134 pauperes
2282 5063 2426 5117 nulla
2458 5063 2509 5117 in
2541 5079 2598 5118 re
2627 5063 2918 5119 affecerant
2956 5065 3166 5134 injuria.
3200 5065 3292 5120 sed
3322 5068 3441 5135 quia
3473 5083 3565 5119 sua

1987 5158 2091 5212 illis
2116 5173 2218 5211 non
2252 5157 2534 5226 impartitte
2564 5165 2708 5224 sunt,
2737 5173 2910 5228 neque
2947 5174 3132 5214 eorum
3163 5161 3394 5225 inopiam
3424 5160 3567 5215 leva-

1981 5255 2192 5313 verunt,
2235 5247 2350 5302 haec
2389 5262 2558 5318 passa:
2598 5257 2720 5302 sunt
2752 5266 2764 5301 :
2797 5258 2848 5303 tu
2884 5257 3061 5304 autem
3103 5250 3293 5318 injuria
3321 5249 3563 5309 alTecisti,

1983 5349 2037 5394 et
2057 5339 2325 5408 expulisti,
2343 5347 2397 5393 et
2421 5355 2526 5393 non
2543 5339 2712 5394 solum
2737 5354 2842 5395 non
2867 5339 3130 5410 profuisti,
3155 5341 3248 5396 sed
3269 5350 3322 5396 et
3339 5340 3568 5394 maxime

1984 5431 2233 5485 nocuisti.
2260 5428 2414 5496 Quod
2437 5430 2482 5484 si
2507 5446 2624 5501 qua:
2650 5429 2784 5485 nihil
2811 5429 3143 5501 profuerunt,
3177 5439 3375 5484 tantam
3404 5429 3564 5483 dede-

1984 5531 2108 5577 runt
2131 5529 2366 5593 pcenam,
2390 5523 2690 5592 prmsertim
2717 5521 3018 5592 virginitate
3040 5523 3242 5577 sincera
3277 5529 3525 5574 manente
3552 5536 3564 5570 :

1983 5629 2101 5686 quae
2146 5630 2251 5669 non
2297 5614 2468 5669 solum
2510 5613 2722 5670 inutiles
2763 5612 2898 5681 aliis,
2932 5611 3025 5668 sed
3062 5622 3117 5668 et
3164 5612 3446 5684 plurimum
3494 5612 3563 5666 si-
