4060 6136
503 163 606 218 Si?

507 277 690 344 hiipsis
722 281 1035 332 nocuerunt,
1060 285 1266 322 necnon
1293 266 1766 321 contubernalibus
1786 275 1837 319 et
1866 267 1951 332 iis,
1983 265 2073 334 qni

502 365 839 423 scandalizati
868 373 1010 424 sunt,
1035 370 1088 415 et
1117 376 1227 431 piae
1256 359 1503 412 ontnibus
1532 373 1722 412 nomen
1751 358 1928 426 sponsi
1953 372 2080 411 con-

504 456 716 512 tmnclia
753 454 1068 518 alfecernnt,
1108 452 1320 521 qualem
1367 450 1706 505 sustinebunt
1751 449 2080 503 cruciatum?

505 550 585 601 An
627 546 842 600 nescitis
871 544 1082 613 qualem
1117 559 1230 598 rem
1262 557 1544 612 aggressze,
1579 541 1631 595 in
1662 557 1818 611 quem
1855 556 2079 611 agonem

502 647 774 692 Instructae
809 639 974 690 estis?
1009 651 1167 707 quam
1207 635 1370 704 pra:lii
1411 644 1616 705 partem
1650 634 1886 688 sortita}?
1929 635 2078 705 Apud

501 733 676 800 ipsum
706 730 830 784 belli
853 729 1063 791 ducem,
1092 728 1199 780 imo
1224 726 1362 796 apud
1387 727 1556 794 ipsum
1584 725 1836 780 habitatis
1861 740 2040 796 regem
2060 765 2076 792 ,

501 830 556 874 et
598 820 857 873 utilitatis.
897 817 1050 871 Sicut
1086 817 1245 885 igitur
1283 817 1332 869 in
1374 815 1527 870 bellis
1567 830 1673 869 non
1705 830 1866 868 unum
1907 815 2080 869 locum

502 911 766 964 exercitus
793 910 966 963 omnis
994 917 1236 976 occupat,
1261 907 1353 962 sed
1375 907 1464 961 alii
1493 921 1691 961 cornua
1713 908 1959 977 agminis,
1988 907 2080 962 alii

503 1001 760 1065 medium,
783 1000 870 1053 alii
896 1008 1184 1067 postrema,
1201 997 1290 1052 alii
1317 996 1547 1052 frontem
1571 998 1845 1067 phalangis
1865 1006 2097 1064 ornant,_

503 1091 592 1145 alii
615 1099 790 1144 autem
821 1091 907 1144 ubi
923 1105 1018 1142 rex
1035 1096 1313 1158 comparet
1329 1088 1522 1157 ubique
1547 1103 1665 1142 cum
1694 1088 1808 1156 ipso
1825 1095 2082 1158 apparent

504 1199 568 1238 ac
596 1197 718 1236 cum
748 1183 864 1251 ipso
893 1191 1114 1235 currunt
1146 1196 1160 1233 :
1193 1180 1271 1234 sic
1311 1194 1522 1250 quoque
1562 1179 1824 1249 virginum
1865 1179 2079 1252 chorus,

504 1275 549 1328 si
579 1289 704 1329 vere
732 1273 993 1343 virginum
1023 1272 1220 1326 chorus
1251 1273 1340 1335 sit,
1371 1272 1575 1327 nullum
1606 1271 1790 1335 alium,
1819 1272 1920 1325 nisi
1943 1271 2084 1326 hunc

505 1366 748 1420 ordinem
775 1367 996 1419 sortitus
1026 1371 1128 1418 est.
1169 1363 1285 1418 Non
1321 1364 1398 1418 sic
1426 1363 1460 1418 ii
1497 1365 1584 1433 qui
1614 1378 1804 1418 aureas
1830 1373 1978 1433 togas
2003 1362 2084 1417 in-

505 1457 637 1520 duti,
666 1466 720 1510 et
740 1457 890 1526 cquis
910 1471 1042 1510 auro
1063 1456 1265 1509 ornatis
1293 1456 1451 1519 vecti,
1479 1463 1534 1511 et
1564 1470 1725 1510 aurea
1752 1457 2083 1526 gemmisque

505 1549 750 1603 distincta
787 1548 1016 1603 ferentes
1050 1557 1223 1613 scuta,
1261 1548 1402 1617 regis
1431 1549 1772 1616 prmsentiam
1807 1547 2084 1604 declarare

505 1640 720 1706 debent,
745 1650 803 1694 ut
830 1641 976 1709 virgo
1002 1638 1218 1694 Christi.
1242 1638 1375 1693 Nam
1404 1640 1475 1694 illi
1502 1639 1717 1709 quidem
1744 1640 1882 1710 apud
1912 1641 2081 1709 ipsum

506 1747 720 1785 currum
749 1732 950 1801 regium
974 1740 1284 1798 versantur;
1313 1731 1460 1802 virgo
1481 1742 1656 1787 autem
1678 1734 1854 1803 regius
1875 1749 2084 1803 quoque

506 1836 695 1876 currus
723 1823 799 1889 lit,
824 1823 960 1876 sicut
987 1821 1293 1889 Cherubim,
1323 1823 1366 1876 si
1394 1823 1523 1887 vult,
1550 1831 1606 1878 et
1624 1823 1798 1877 adstat
1823 1823 1919 1893 ipsi
1947 1824 2084 1878 sicut

504 1913 806 1982 Seraphim'.

575 2005 628 2058 7.
661 2002 802 2058 Verre
815 2004 1017 2074 virginis
1039 2004 1587 2074 mores.â€”lgitureutn
1606 2006 1656 2058 in
1676 2005 1943 2075 publicum
1963 2021 2085 2076 pro-

502 2096 599 2158 dit,
632 2105 840 2164 oportet
878 2097 1051 2150 omnis
1083 2097 1427 2166 philosomtim
1468 2099 1740 2166 specimen
1776 2114 1884 2168 prae
1919 2115 1980 2155 se
2004 2099 2083 2154 fe-

507 2198 608 2250 rat,
635 2196 687 2241 et
710 2201 896 2240 omnes
917 2187 968 2240 in
999 2197 1270 2255 stuporem
1291 2196 1592 2255 convertat,
1615 2189 1754 2244 sicut
1782 2190 2000 2256 angelus
2037 2191 2082 2245 si

504 2294 646 2332 nunc
673 2294 704 2334 e
739 2279 870 2333 czelo
897 2278 1244 2334 descenderet
1268 2318 1284 2345 ,
1311 2288 1364 2334 et
1389 2280 1525 2334 sicut
1563 2295 1628 2334 ex
1665 2280 1938 2335 cherubim
1983 2282 2079 2335 ali-

502 2375 620 2441 quis
657 2372 700 2425 si
747 2373 798 2425 in
840 2371 998 2426 terris
1043 2379 1359 2441 appareret,
1405 2387 1593 2427 omnes
1642 2373 1884 2428 homines
1929 2374 1980 2427 in
2026 2387 2084 2428 se

506 2471 879 2517 converteret:
900 2462 978 2516 sic
1003 2471 1057 2516 et
1081 2462 1336 2531 virginem
1364 2477 1552 2518 omnes
1572 2464 1661 2534 qui
1691 2463 1891 2531 vident,
1919 2463 2086 2518 addu-

505 2567 628 2606 cere
654 2553 704 2605 in
735 2551 1142 2606 admirationem
1168 2560 1221 2607 et
1268 2561 1539 2621 stuporem
1585 2568 1697 2608 sua:
1723 2555 2084 2608 sanctimoniae

503 2654 736 2712 Oportet.
759 2642 890 2698 Nam
917 2643 1102 2697 sidum
1126 2645 1340 2708 incedit,
1363 2645 1512 2713 quasi
1536 2659 1632 2713 per
1663 2652 1931 2699 desertum
1959 2657 2079 2710 eat;

504 2734 718 2803 quando
747 2744 922 2788 autem
953 2734 1102 2789 sedet
1131 2735 1184 2789 in
1215 2735 1440 2790 ecclesia
1459 2776 1475 2802 ,
1503 2737 1914 2805 profundissimo
1952 2753 2072 2793 cum

508 2825 754 2889 silentio;
799 2825 984 2879 oculus
1014 2825 1129 2892 ejus
1168 2825 1370 2880 nullum
1401 2825 1575 2881 videat
1607 2830 2038 2895 praetereuntium
2064 2871 2078 2894 ,

504 2929 611 2967 non
632 2915 947 2978 mulierum,
975 2931 1077 2968 non
1105 2915 1338 2970 virorum
1363 2956 1379 2983 ,
1408 2917 1501 2972 sed
1542 2919 1714 2974 solum
1743 2934 1997 2989 sponsum
2026 2933 2082 2976 ut

503 3016 819 3076 prmsentem
847 3015 898 3061 et
928 3008 1270 3077 conspicuum
1306 3010 1646 3065 :conccdens
1681 3022 1856 3066 autem
1890 3013 2078 3081 iterum

499 3096 550 3148 in
581 3096 824 3162 domum,
849 3096 900 3152 ei
923 3097 974 3152 iu
1003 3099 1244 3167 precibus
1268 3100 1545 3169 loquatur,
1573 3110 1627 3156 et
1649 3101 1766 3171 ejus
1789 3104 1952 3157 solius
1976 3119 2078 3157 vo-

503 3203 618 3242 cem
666 3203 762 3258 per
806 3188 1108 3258 Seripturas
1151 3190 1374 3245 audiat:
1406 3192 1548 3247 domi
1587 3208 1714 3248 vero
1761 3210 1881 3249 eum
1922 3212 2079 3263 quem

503 3279 771 3334 desiderat
791 3287 845 3334 et
871 3289 1053 3345 amat,
1083 3281 1254 3336 solum
1282 3282 1476 3353 cogitet
1497 3323 1513 3348 ,
1531 3285 1604 3340 sit
1630 3286 1781 3355 quasi
1805 3287 2080 3357 peregrina

503 3379 556 3424 ct
584 3369 785 3424 advena
803 3413 817 3437 ,
846 3372 1129 3442 omniaque
1154 3372 1310 3428 faciat
1334 3375 1483 3444 quasi
1514 3390 1602 3430 res
1629 3387 1920 3446 prarsentes
1949 3379 2078 3432 nihil

497 3461 564 3516 ad
592 3477 706 3515 eam
748 3463 1072 3530 pertineant;
1099 3472 1284 3519 etnon
1313 3465 1484 3520 solum
1528 3468 1882 3522 masculorum
1915 3468 2079 3539 fugiat

499 3561 745 3621 aspectus
765 3592 782 3620 ,
808 3552 900 3607 sed
944 3562 1001 3608 et
1037 3567 1360 3611 conventum
1390 3558 1726 3614 saecularium
1755 3561 2034 3615 mulierum
2062 3602 2076 3624 ,

501 3651 751 3712 tantaque
778 3645 988 3713 corpori
1035 3647 1365 3715 suppeditet,
1407 3661 1603 3719 quanta
1633 3666 1852 3706 necesse
1878 3663 1958 3706 est
1979 3694 1992 3716 ,
2025 3662 2079 3708 ct

504 3735 751 3790 universa
783 3735 834 3789 in
875 3736 1066 3791 animae
1093 3738 1319 3793 salutem
1350 3739 1620 3808 impendat
1650 3759 1663 3794 :
1695 3744 1814 3812 quis
1845 3760 1948 3796 non
1981 3743 2078 3798 ad-

496 3826 752 3893 miretur,
785 3827 901 3896 quis
937 3843 1041 3880 non
1085 3829 1459 3900 Obstupescat,
1511 3831 1562 3884 in
1613 3831 1854 3886 muliebri
1887 3842 2071 3887 natura

493 3921 657 3974 vitam
689 3920 976 3990 angelicam
1000 3922 1246 3976 intuens?
1267 3923 1384 3990 quis
1412 3932 1587 3977 autem
1616 3922 1776 3977 homo
1796 3925 2072 3992 accedere,

495 4012 615 4081 quis
637 4021 852 4080 tangere
881 4011 1074 4066 audeat
1102 4021 1207 4065 tam
1236 4011 1545 4079 ï¬‚agrantem
1580 4015 1848 4068 animam?
1875 4015 2075 4085 Eapro-

495 4111 612 4168 pter
641 4115 827 4155 omnes
854 4100 1063 4170 quidem
1086 4101 1153 4155 ab
1183 4116 1245 4155 ea
1287 4101 1627 4158 abstinebunt
1650 4145 1666 4171 ,
1696 4114 1750 4160 et
1794 4114 1988 4178 sponte
2019 4117 2073 4162 et

498 4190 684 4255 inviti;
727 4204 913 4245 onmes
957 4191 1082 4245 item
1115 4192 1167 4246 in
1215 4200 1486 4262 stuporem
1531 4203 1841 4262 vertentur,
1891 4207 2075 4266 utpote

497 4294 684 4333 aurum
708 4278 914 4350 fulgens
939 4290 992 4335 ct
1011 4282 1230 4351 ignitum
1249 4283 1508 4340 videntes.
1524 4284 1654 4339 Nam
1672 4296 1724 4341 et
1745 4287 1858 4341 auri
1880 4298 2070 4342 natura

492 4369 651 4425 habet
676 4385 772 4441 per
789 4385 848 4426 se
871 4372 1091 4427 multum
1113 4372 1354 4444 fulgoris;
1378 4389 1498 4430 cum
1521 4385 1697 4431 autem
1729 4389 1783 4434 et
1805 4379 1978 4448 ignem
2017 4380 2068 4434 in

489 4475 550 4516 se
590 4469 765 4529 tenet,
795 4463 981 4532 majori
1013 4464 1272 4519 miraculo
1297 4475 1458 4521 estet
1485 4468 1790 4523 terribilior.
1825 4469 1976 4537 Quod
2022 4469 2068 4524 si

491 4549 593 4605 hoc
624 4550 674 4604 in
702 4566 947 4621 corpore,
977 4555 1189 4623 quando
1217 4555 1356 4611 idem
1385 4557 1436 4611 in
1464 4559 1637 4612 anima
1668 4561 1928 4631 contingit
1969 4575 2066 4615 au-

490 4657 603 4712 rea,
636 4658 742 4698 non
775 4652 898 4699 tunc
923 4643 1226 4702 hominibus
1255 4648 1459 4713 solum,
1491 4650 1584 4705 sed
1614 4661 1668 4705 et
1695 4652 1898 4721 angelis
1926 4651 2067 4706 desi-

489 4731 726 4789 derabile
772 4738 876 4790 erit
905 4734 1006 4790 hoc
1053 4739 1433 4806 spectaculum.
1461 4741 1636 4807 Quare
1661 4757 1790 4815 ergo
1830 4744 2067 4800 vestibus

488 4823 712 4892 teipsam
740 4840 901 4880 ornas
919 4867 935 4893 ,
963 4841 1083 4897 qure
1111 4829 1177 4883 ab
1205 4829 1302 4884 hac
1319 4829 1531 4886 ï¬‚amma
1566 4840 1768 4888 tantum
1790 4834 1953 4890 habes
1973 4851 2063 4892 or-

487 4913 710 4968 natum?
736 4915 945 4970 Etenim
973 4928 1148 4972 vestes
1174 4935 1280 4973 non
1303 4929 1428 4975 sunt
1453 4921 1588 4977 data:
1615 4934 1672 4980 ut
1691 4925 1768 4980 eis
1788 4942 2061 4996 ornemur,

481 5002 575 5056 sed
599 5012 655 5057 ut
677 5004 929 5062 nuditatis
954 5006 1247 5064 foeditatem
1273 5012 1600 5069 occultemus
1619 5056 1634 5082 ,
1665 5032 1768 5070 non
1799 5027 1854 5070 ut
1873 5019 2062 5074 talibus

483 5095 784 5160 induantur,
803 5114 922 5166 quam.
950 5114 1048 5154 nos
1077 5102 1263 5172 majori
1289 5105 1623 5174 turpitudini,
1643 5123 1803 5177 quam
1829 5111 1943 5180 ipsa
1962 5128 2062 5165 nn-

480 5187 617 5240 ditas
637 5227 653 5254 ,
682 5202 952 5258 exponant
1007 5191 1206 5249 Idcirco
1233 5203 1283 5248 et
1311 5195 1481 5250 Adam
1509 5197 1679 5252 induit
1723 5199 1862 5253 Deus
1887 5211 2062 5258 vestes

480 5279 729 5347 pelliecas
752 5278 901 5348 (Gen.
927 5283 977 5337 3.
997 5281 1090 5352 il)
1110 5325 1123 5349 ,
1149 5284 1393 5340 similiter
1414 5294 1468 5342 et
1482 5286 1598 5356 ejus
1615 5303 1831 5344 uxorem
1849 5307 1864 5356 ;
1885 5306 2060 5361 quam-

481 5387 557 5425 \â€˜lS
602 5372 643 5425 si
676 5372 963 5441 Valuisset,
998 5375 1231 5446 pulchris
1270 5393 1387 5432 eum
1422 5380 1680 5448 potuisset
1717 5383 1938 5440 induere
1972 5403 2063 5441 ve-

480 5464 681 5528 stibus;
731 5464 824 5519 sed
870 5467 1024 5522 nobis
1061 5469 1354 5538 antiquitus
1393 5479 1447 5527 et
1491 5486 1583 5541 per
1626 5472 1745 5527 illas
1792 5477 2058 5530 ostendit.

475 5570 544 5640 Î¹Ï‚Î¹Î¹
570 5559 615 5613 :d
642 5573 744 5613 non
767 5559 835 5615 sit
857 5574 1092 5632 praisens
1117 5571 1323 5634 tempus
1343 5563 1653 5621 deliciarum
1675 5607 1692 5634 ,
1717 5566 1807 5626 scd
1830 5569 2058 5640 ÎµÎ´Î¹Î¹Î¹á½¶Î¹Î¹Î¹Ï‚

1241 142 1294 209 s.
1335 129 1611 207 J0.tNNlS
1637 150 2110 208 cnnvsosrout
2143 151 2465 207 ancuznr.
2497 147 3031 210 CONSâ€˜Iâ€˜ANTINOP.

3681 156 3794 211 5â€˜28

2187 276 2241 319 et
2267 267 2530 336 planctus.
2562 267 2712 336 Quod
2744 268 2785 322 si
2824 269 3126 338 ignominize
3151 281 3231 324 cst
3274 279 3327 324 et
3359 271 3785 328 condemnatio-

2185 357 2269 412 nis
2290 399 2306 422 ,
2335 366 2388 411 et
2411 373 2477 411 ex
2504 369 2723 427 peccato
2749 360 2890 414 venit
2921 369 2978 414 Î¹Î¹Î¹
3007 362 3198 414 amictu
3232 361 3468 431 indigeas
3487 405 3502 429 ,
3529 365 3654 433 quid
3688 378 3787 419 reo

2185 448 2551 517 prehensionis
2596 451 2870 505 materiam
2919 453 3122 522 auges?
3161 467 3228 508 an
3270 469 3377 508 non
3427 456 3558 510 satis
3585 471 3784 510 casum

2185 547 2426 593 nostrum
2454 539 2650 595 indicat
2669 582 2684 605 ,
2708 541 2850 611 quod
2871 543 3110 598 vestibus
3130 546 3417 614 egeamus?
3440 563 3536 600 cur
3561 548 3783 603 crimen

2184 632 2510 700 exaggeras?
2537 646 2631 685 cur
2660 631 2946 702 indigentia
2972 635 3234 704 ampliore
3252 638 3648 693 accusationem
3681 653 3788 692 au-

2182 721 2321 790 ges?
2365 720 2657 791 Oportebat
2700 724 2841 778 enim
2872 724 3073 792 ejulare
3115 734 3171 780 et
3193 741 3407 796 gemere
3431 769 3447 794 ,
3484 738 3539 784 et
3571 739 3786 798 corpus

2184 810 2359 880 ipsum
2384 812 2673 882 castigare,
2701 813 2992 868 secundum
3020 815 3242 871 Paulum
3270 817 3346 888 (l.
3375 817 3494 873 Cor.
3532 820 3588 875 9.
3622 820 3728 892 9.7)
3765 839 3782 876 :

2185 915 2282 957 nos
2330 912 2508 958 autem
2549 904 2833 974 sedemus,
2874 915 2927 962 ct
2967 908 3261 963 velamenta
3292 910 3578 967 artificiose
3633 927 3783 969 con-

2186 1001 2448 1061 terentes,
2472 995 2608 1052 sicut
2633 997 2677 1051 si
2700 998 2819 1067 quis
2841 1006 3076 1054 tumores
3093 999 3233 1056 circa
3255 1002 3436 1058 oculos
3468 1001 3676 1060 habens
3716 1021 3784 1060 ea

2185 1093 2405 1156 cogatur
2424 1087 2673 1143 obvelare
2692 1130 2708 1156 ,
2739 1097 2792 1144 et
2833 1088 2950 1145 haec
2974 1091 3148 1146 adhuc
3175 1093 3472 1148 velamenta
3515 1105 3776 1149 exornet.

2185 1175 2470 1247 Propterea
2497 1177 2680 1234 Helias
2705 1221 2721 1246 ,
2748 1190 3030 1250 propterea
3072 1181 3306 1238 Joannes
3331 1185 3631 1254 simplicem
3671 1186 3780 1240 ha-

2185 1264 2373 1322 bentes
2411 1269 2663 1324 amictum
2690 1280 2747 1326 et
2788 1271 3039 1341 pelliceas
3081 1274 3286 1329 tunicas
3311 1316 3327 1341 ,
3355 1285 3412 1330 et
3453 1277 3694 1332 vestibus
3743 1293 3779 1332 e

2185 1358 2307 1428 pilis
2336 1359 2524 1425 induti,
2552 1361 2876 1418 anhelabant
2900 1375 2953 1418 et
2978 1367 3423 1436 concupiscebant
3451 1368 3774 1424 indumenta

2186 1449 2597 1519 ineorruptionis
2625 1455 2885 1524 accipere.
2916 1455 2994 1509 Tu
3023 1465 3198 1510 autem
3240 1459 3478 1512 scenicas
3511 1460 3774 1514 mulieres

2185 1539 2447 1607 praecellis
2484 1544 2708 1596 vestium
2749 1545 3092 1614 curiositate,
3141 1547 3331 1616 quibus
3381 1549 3602 1604 insidias
3631 1550 3772 1605 ado-

2185 1629 2508 1686 lescentibus
2552 1633 2964 1703 elegantioribus
2988 1651 3164 1706 pares.
3186 1637 3300 1692 Non
3333 1640 3410 1694 sic
3435 1649 3486 1694 te
3525 1640 3674 1695 indui
3720 1652 3778 1696 et

2187 1720 2362 1774 ornari
2393 1721 2503 1775 vult
2523 1736 2776 1792 sponsus,
2805 1724 2895 1778 sed
2925 1725 2974 1778 in
3002 1727 3176 1780 anima
3206 1735 3291 1782 tua
3314 1744 3529 1784 omnem
3554 1731 3774 1799 reposi~

2189 1817 2294 1862 tam
2320 1825 2468 1864 suam
2495 1826 2615 1866 esse
2638 1813 2856 1882 gloriam
2875 1815 3035 1885 jussit
3055 1833 3069 1883 ;
3093 1824 3146 1871 tu
3167 1827 3341 1872 autem
3360 1819 3502 1873 illam
3526 1821 3774 1890 negligis,

2186 1915 2248 1955 ac
2288 1902 2454 1956 lutum
2484 1918 2546 1959 ac
2572 1905 2808 1962 cinerem
2852 1908 2999 1964 varie
3023 1908 3245 1964 decoras
3265 1951 3280 1978 ,
3313 1920 3367 1965 et
3395 1921 3666 1967 amatores
3693 1914 3775 1968 in-

2194 1993 2535 2050 continentes
2563 1996 2716 2050 illicis
2736 2039 2750 2061 ,
2782 2009 2835 2053 et
2861 2000 3128 2056 adulteros
3157 2000 3286 2056 facis
3310 2018 3444 2072 pene
3471 2019 3660 2059 onmcs
3680 2005 3775 2074 qui

2193 2087 2242 2136 te
2265 2082 2462 2137 vident.
2490 2086 2553 2139 lit
2572 2087 2712 2156 quod
2745 2089 2965 2143 multum
2998 2091 3122 2146 hinc
3144 2092 3316 2162 ignem
3344 2109 3602 2164 congeras
3623 2137 3638 2160 ,
3670 2109 3772 2149 nec

2189 2180 2240 2228 te
2273 2185 2398 2242 puto
2427 2176 2630 2233 inficias
2672 2180 2785 2244 ire;
2818 2183 2958 2250 quod
3003 2192 3182 2240 autem
3215 2185 3335 2240 inde
3378 2187 3666 2258 ignominia
3720 2198 3776 2243 et

2188 2266 2381 2333 probra
2409 2279 2731 2338 sequantur,
2766 2271 2815 2326 id
2860 2288 2922 2327 ex
2971 2277 3298 2332 amatdribus
3329 2278 3432 2332 tuis
3459 2280 3767 2336 ostendam.

2191 2354 2321 2408 Nam
2349 2371 2469 2411 cum
2495 2374 2555 2414 ea
2585 2374 2702 2429 qutc
2731 2362 2960 2417 animam
2991 2375 3175 2431 ornat,
3213 2367 3375 2422 Deum
3403 2385 3515 2423 sua:
3533 2371 3774 2440 pulchri.

2193 2445 2389 2502 tudinis
2417 2447 2612 2504 habeat
2638 2463 2953 2520 amatorem,
2979 2463 3036 2510 tu
3059 2473 3188 2512 vero
3218 2458 3465 2515 homines
3486 2503 3502 2529 ,
3531 2462 3640 2516 imo
3667 2478 3772 2517 non

2188 2535 2431 2594 homines
2451 2579 2467 2606 ,
2489 2541 2583 2596 sed
2613 2557 2805 2612 porcos
2832 2553 2887 2599 et
2921 2561 3081 2601 canes
3101 2585 3116 2613 ,
3145 2558 3197 2603 et
3228 2549 3273 2604 si
3313 2550 3441 2620 quid
3487 2553 3659 2622 magis
3691 2560 3775 2608 est

2187 2629 2408 2683 rationis
2436 2645 2628 2699 expers
2662 2650 2675 2686 :
2709 2634 2829 2704 quis
2871 2636 2943 2690 ita
2987 2645 3070 2692 est
3106 2639 3394 2709 insipiens,
3435 2652 3494 2696 ut
3534 2652 3587 2698 te
3612 2658 3771 2697 orna-

2187 2719 2375 2774 tiorem
2405 2721 2506 2776 illis
2534 2733 2682 2792 putet
2707 2766 2721 2791 ,
2746 2743 2968 2794 quarum
3001 2729 3267 2786 desiderio
3297 2733 3436 2787 Deus
3461 2733 3675 2789 ducitur
3703 2736 3771 2791 ob

2187 2809 2451 2868 internam
2485 2813 2913 2891 formositatem?
2941 2823 3114 2892 Atque
3151 2824 3284 2879 adeo
3308 2867 3322 2888 ,
3355 2835 3555 2895 quanto
3589 2830 3768 2882 curio-

2187 2903 2329 2957 sitati
2361 2905 2477 2974 plus
2525 2922 2682 2963 vacas
2708 2951 2723 2975 ,
2773 2920 2920 2964 tanto
2962 2913 3368 2970 abominabilior
3405 2918 3542 2972 facta
3588 2934 3646 2973 es
3677 2937 3690 2972 :
3719 2929 3770 2974 et

2189 2994 2352 3048 Deum
2379 2997 2590 3066 quidem
2617 3013 2646 3053 a
2679 3009 2731 3054 te
2751 2999 2961 3058 â€˜avertis
2984 3045 2998 3068 ,
3031 3006 3128 3060 hos
3174 3016 3351 3061 autem
3398 3008 3576 3072 illicis,
3613 3010 3764 3064 hinc-

2184 3102 2288 3158 que
2316 3097 2464 3145 tanlo
2507 3094 2674 3164 magis
2721 3093 2855 3150 [teda
2885 3110 2948 3150 ac
2995 3099 3159 3165 turpis
3197 3114 3442 3168 appares.
3476 3099 3610 3154 Nam
3641 3117 3770 3170 quu-

2186 3179 2346 3234 modo
2371 3197 2476 3235 non
2511 3183 2681 3253 turpis
2700 3225 2715 3251 ,
2739 3186 2782 3240 si
2831 3187 2996 3242 Deum
3025 3188 3236 3244 allicere
3265 3205 3368 3244 non
3398 3192 3583 3259 potes?
3617 3192 3768 3258 Quod

2185 3269 2228 3322 si
2273 3287 2391 3339 qua:
2419 3287 2478 3328 se
2507 3285 2700 3341 ornat,
2746 3276 2881 3332 adeo
2931 3278 3165 3348 ingrata;
3205 3296 3322 3350 quze
3372 3282 3766 3339 cohabitantem

2185 3361 2378 3430 habet,
2411 3366 2583 3436 cogita
2608 3377 2862 3438 quantum
2887 3371 3133 3426 conciliet
3158 3373 3257 3426 sibi
3285 3373 3483 3428 odium.

2255 3454 2307 3509 8.
2338 3453 2442 3510 Sed
2473 3457 2516 3510 si
2544 3457 2778 3525 videtur,
2831 3477 2935 3516 non
2957 3463 3399 3519 cohabitationem
3422 3466 3666 3522 dicamus
3689 3484 3766 3525 so-

2185 3543 2330 3611 lum,
2377 3547 2470 3600 sed
2513 3547 2682 3618 ipsam
2721 3553 3024 3620 aperiamus
3052 3555 3254 3624 palam,
3308 3567 3364 3611 ut
3407 3560 3577 3630 magis
3625 3560 3762 3617 foeda

2182 3634 2444 3690 videatur.
2471 3637 2604 3694 Nam
2646 3644 2896 3710 quoniam
2938 3659 3044 3699 non
3079 3647 3266 3702 timent
3294 3650 3508 3705 oculum
3556 3654 3762 3723 soporis

2183 3730 2419 3783 nescium
2445 3770 2461 3797 ,
2508 3732 2602 3786 sed
2649 3735 2788 3788 oculi
2818 3735 3088 3792 hominum
3118 3742 3274 3794 timor
3322 3757 3505 3796 eorum
3538 3761 3552 3809 ;
3585 3760 3682 3816 age
3709 3756 3761 3801 et

2182 3816 2325 3887 ipsas
2353 3819 2451 3874 hac
2477 3825 2845 3882 consolatione
2876 3828 3145 3894 privemus
3164 3872 3178 3892 ,
3211 3848 3330 3902 qute
3357 3835 3560 3888 occulta
3591 3847 3648 3890 et
3676 3847 3753 3892 te-

2179 3919 2264 3963 cta
2290 3911 2584 3980 parietibus
2614 3926 2737 3970 sunt
2762 3917 2813 3971 in
2844 3920 3074 3974 medium
3104 3922 3421 3990 allâ€˜erentes;
3454 3928 3755 3996 aperiamus

2175 3998 2392 4069 januam
2422 4003 2485 4058 iis
2507 4005 2595 4075 qui
2618 4006 2797 4063 videre
2817 4025 2880 4064 ea
2903 4011 3115 4081 volunt,
3142 4029 3171 4066 a
3200 4015 3336 4070 lecto
3360 4018 3504 4087 ipsos
3533 4020 3753 4088 primum

2179 4093 2474 4150 excitantes
2499 4112 2514 4163 ;
2558 4097 2666 4152 imo
2691 4099 2734 4153 si
2768 4100 3005 4169 videtur,
3029 4105 3257 4174 primum
3281 4109 3624 4177 exquiramus
3643 4127 3752 4181 qua

2178 4181 2322 4238 domi
2347 4188 2694 4258 contingunt,
2736 4201 2787 4245 et
2811 4207 3072 4262 ponamus
3101 4198 3394 4266 parietibus
3425 4199 3569 4269 ipsos
3596 4217 3752 4272 sepa-

2177 4276 2283 4329 rari
2327 4277 2463 4331 etin
2509 4279 2769 4337 cubiculis
2798 4284 2962 4362 variis
2991 4285 3245 4344 dormire.
3278 4288 3392 4345 Non
3437 4293 3582 4346 enim
3635 4304 3754 4363 puto

2175 4362 2406 4435 aliquem
2426 4409 2442 4434 ,
2469 4369 2569 4424 etsi
2593 4371 2744 4428 Valde
2772 4373 2995 4430 fueditati
3019 4378 3088 4432 sit
3115 4381 3379 4437 obnoxius
3393 4423 3408 4446 ,
3434 4383 3502 4438 ita
3521 4362 3751 4453 seipsntn

2176 4458 2379 4514 traduci
2409 4461 2580 4528 velle,
2614 4472 2670 4518 ttt
2709 4465 2762 4518 in
2793 4481 2898 4520 uno
2939 4467 3168 4524 dormiat
3206 4473 3472 4528 cubiculo.
3502 4475 3620 4529 Sint
3664 4476 3753 4546 igi-

2174 4556 2265 4603 tur
2308 4549 2557 4620 disjuncti
2607 4554 2900 4622 parietibus
2930 4576 2942 4610 :
2972 4567 3027 4612 et
3069 4561 3196 4629 quid
3248 4562 3350 4616 hoc
3401 4564 3590 4619 fuerit?
3640 4566 3750 4620 Non

2173 4643 2315 4696 enim
2344 4643 2539 4699 sufficit
2566 4655 2621 4700 ut
2659 4661 2686 4699 a
2715 4649 3018 4718 suspicione
3046 4650 3360 4708 liberentur.
3385 4655 3584 4710 Verum
3619 4673 3751 4712 nunc

2171 4734 2240 4790 de
2255 4737 2561 4806 suspicione
2577 4738 2727 4804 nihil,
2751 4740 2872 4796 licet
2885 4741 3091 4798 ancillae
3109 4744 3347 4813 plurima:
3363 4751 3410 4801 ei
3429 4748 3748 4815 cohabitent;

2173 4827 2331 4882 aliam
2376 4838 2553 4884 autem
2603 4832 2980 4901 turpitudinem
3009 4836 3120 4905 jam
3167 4839 3532 4908 exquiramus.
3565 4841 3752 4896 Evenit

2171 4921 2312 4976 enim
2337 4937 2456 4977 eum
2485 4939 2580 4992 per
2601 4924 2740 4980 idem
2770 4935 2980 4998 tempus
3005 4939 3262 5000 surgunt,
3297 4946 3402 4986 non
3423 4932 3494 4988 ob
3526 4935 3748 5005 pervigi-

2171 5014 2237 5068 lia
2267 5015 2422 5083 (nihil
2449 5017 2590 5072 enim
2620 5019 2762 5088 pium
2785 5019 2852 5074 ab
2881 5020 2960 5074 his
2988 5022 3266 5077 animabus
3309 5026 3748 5096 expectandum),

2171 5114 2228 5159 ut
2256 5114 2527 5161 transeant
2554 5108 2619 5162 ad
2669 5123 2727 5164 se
2776 5109 3000 5164 invicem
3024 5111 3294 5180 jacentes,
3341 5125 3395 5169 et
3434 5119 3748 5185 cnmpellcnt

2169 5203 2324 5250 nocte
2357 5213 2368 5249 :
2397 5213 2500 5265 quo
2529 5198 2653 5266 quid
2681 5213 2801 5253 esse
2831 5212 2985 5270 queat
3016 5202 3255 5273 turpius?
3281 5205 3434 5271 Quod
3457 5205 3501 5261 si
3541 5209 3744 5262 contin-

2166 5294 2252 5355 gat
2275 5295 2496 5355 repente
2520 5297 2573 5342 et
2617 5287 3009 5345 cohabitantem
3055 5293 3070 5323 Â¹
3102 5302 3391 5362 mgrotare.
3427 5311 3602 5364 neque
3658 5311 3743 5366 pa-

2169 5378 2359 5431 rietum
2393 5377 2480 5432 hic
2507 5388 2692 5449 postea
2722 5381 2896 5450 aliqua
2940 5383 3171 5448 utilitas,
3205 5385 3296 5439 sed
3321 5401 3612 5457 etsnrgt-ns
3646 5404 3744 5455 pne

2165 5471 2284 5525 aliis
2309 5470 2376 5524 ad
2422 5471 2678 5543 virginem
2719 5473 2986 5543 jacentem
3030 5477 3356 5546 ingreditur,
3393 5481 3742 5536 inï¬rmitatem

2272 5580 2346 5632 Sic
2376 5580 2514 5631 Savil.
2552 5588 2599 5630 In
2623 5582 2787 5633 Morel.
2805 5584 2910 5635 hazc
2932 5599 3024 5637 vox
3051 5585 3212 5637 deest.
