4060 6136
362 168 480 224 5227

348 283 454 339 καὶ
499 281 561 333 ού
617 280 776 349 μόνον
819 278 968 332 οὐδὲν
1012 280 1249 351 ὤνησας,
1287 281 1423 335 ἀλλά
1463 284 1558 335 καὶ
1594 282 1662 336 τά
1703 289 1932 353 μέγιστα

354 363 723 432 κατέϐλαψας.
760 363 821 414 Εἰ
844 363 900 415 δὲ
931 364 987 416 αί
1020 364 1095 433 μὴ
1123 364 1471 434 ώφελήσασαι
1506 365 1774 436 τοσαύτην
1802 365 1923 418 ἔδων

356 450 461 500 καν
487 438 661 515 δίκην,
694 446 788 498 καὶ⁵
816 444 989 498 ταῦτα
1019 446 1119 516 τῆς
1147 446 1445 517 παρθενίας
1467 448 1726 521 ἀκεραίου
1753 448 1936 520 μενού-

358 547 479 599 σης·
530 530 585 582 αἱ
628 527 763 599 πρὸς
808 527 886 597 τῷ
929 528 1095 599 μηδὲν
1135 528 1413 601 ὠφελῆσαι
1450 530 1543 584 καὶ
1592 530 1662 584 τά
1703 532 1935 602 μέγιστα

356 613 684 684 ἀδικήσασαι
725 611 912 676 αύτάς.
947 611 1041 665 καὶ
1072 613 1197 676 τοὺς
1236 613 1636 679 συνοικοῦντας,
1669 616 1764 668 καὶ
1809 616 1937 679 τοὺς

358 694 860 757 σκανδαλισθέντας,
902 695 997 747 καὶ
1046 695 1152 765 πρὸ
1194 695 1397 749 τούτων
1452 697 1515 750 τὸ
1553 697 1650 751 τοῦ
1678 698 1933 768 Νυμφίου

357 777 757 849 καθυϐρίσασαι
785 777 975 847 ὄνομα,
1005 777 1164 831 ποίαν
1207 778 1603 850 ὑποστήσονται
1629 781 1931 851 τιμωρίαν;

355 857 504 932 Ἀρα
548 861 684 924 ἴστε,
719 856 829 914 οἷον
881 859 1323 931 μεταχειρίζεσθε
1365 861 1619 933 πρᾶγμα,
1656 862 1795 934 πρὸς
1821 857 1934 917 οἷον

355 944 543 1011 ἀγῶνα
593 942 955 1009 ἀπεδύσασθε,
1003 945 1153 996 ποῖον
1202 942 1425 1014 ἐλάχετε
1467 945 1702 1013 πολέμου
1747 945 1932 1016 μέρος,

354 1026 472 1078 οἵαν
512 1024 860 1097 ἐκληρώθητε
895 1025 989 1078 τοῦ
1020 1025 1252 1097 στρατοῦ
1274 1025 1460 1093 τάξιν;
1493 1028 1630 1099 Παρ’
1653 1028 1814 1082 αὑτὸν
1842 1030 1935 1083 τὸν

354 1107 449 1160 τοῦ
476 1108 716 1177 πολέμου
746 1108 1070 1180 στρατηγὸν,
1104 1107 1304 1178 μᾶλλον
1329 1108 1387 1162 δέ
1420 1109 1552 1181 παρ’
1579 1110 1740 1164 αὑτὸν
1767 1112 1934 1181 ἐσκή-

353 1190 526 1243 νωσθε
564 1189 653 1243 τὸν
693 1191 932 1260 βασιλέα,
979 1192 1074 1244 καὶ
1106 1190 1484 1263 στρατεύεσθε.
1537 1191 1806 1265 Καθάπερ
1841 1189 1935 1247 οὖν

353 1275 410 1323 ἐν
440 1276 549 1337 τοῖς
580 1273 835 1344 πολέμοις
863 1274 922 1327 τὸ
952 1273 1313 1343 στρατόπεδον
1347 1273 1492 1347 ἀπαν
1517 1275 1616 1345 οὐχ
1649 1274 1746 1327 ἕνα
1770 1275 1934 1330 τόπον

351 1355 748 1426 ἀπολαμϐάνει,
787 1355 901 1409 ἀλλ’
940 1359 988 1409 οἱ
1022 1357 1120 1427 μὲν
1147 1356 1216 1409 τά
1248 1356 1453 1426 κέρατα
1491 1355 1675 1425 ἔχουσι
1699 1356 1799 1427 τῆς
1830 1374 1928 1411 πα-

351 1438 647 1508 ρατάξεως.
679 1440 728 1492 οἱ
765 1438 821 1491 δέ
859 1439 926 1493 τά
958 1440 1119 1510 μέσα,
1156 1439 1252 1493 καὶ
1279 1440 1328 1492 οῖ
1357 1439 1455 1510 μὲν
1478 1440 1548 1492 τά
1569 1440 1766 1502 ὀπίσω,
1796 1441 1847 1492 οί
1875 1440 1931 1493 δὲ

347 1520 409 1571 τὸ
458 1522 706 1589 μέτωπον
761 1522 1168 1592 κατακοσμοῦσι
1216 1522 1313 1592 τῆς
1363 1522 1659 1591 φάλαγγος,
1700 1522 1848 1576 ἄλλοι
1874 1523 1931 1576 δὲ

346 1597 517 1672 οὗπερ
555 1602 620 1661 ἂν
650 1615 676 1643 ι
700 1604 729 1655 ὁ
765 1603 1015 1674 βασιλεὺς
1054 1605 1333 1675 φαίνηται,
1376 1604 1649 1674 πανταχοῦ
1682 1604 1799 1674 μετ’
1829 1605 1929 1658 αύ-

346 1684 441 1737 τοῦ
494 1686 773 1753 φαίνονται
818 1689 910 1739 καὶ
966 1687 1460 1759 συμπαραθέουσιν·
1506 1685 1650 1740 οὕτω
1678 1687 1742 1758 δὴ
1781 1689 1932 1742 καὶὸ

346 1767 455 1819 τῶν
503 1769 785 1839 παρθένιον
832 1768 1013 1839 χορὸς,
1049 1769 1177 1821 ὅταν
1202 1769 1486 1841 παρθένων
1576 1769 1755 1840 χορὸς,
1784 1771 1931 1823 οὐδε-

349 1850 480 1919 μίαν
525 1851 692 1925 ἀλλην
730 1851 843 1904 ἀλλ’
876 1852 908 1921 ἢ
948 1851 1154 1922 ταύτην
1197 1851 1296 1923 τὴν
1333 1852 1488 1918 τάξιν
1524 1852 1757 1923 εἴληχεν.
1817 1854 1929 1923 Οὐχ

345 1931 522 1996 οὕτως
564 1936 611 1986 οῖ
640 1933 708 1986 τά
736 1936 912 2005 χρυσᾶ
943 1934 1233 2006 φοροῦντες
1264 1936 1473 2005 ἱμάτια,
1499 1937 1595 1989 καὶ
1631 1937 1716 2006 ἐφ’
1747 1935 1928 1990 ἵππων

343 2015 819 2087 χρυσοφορούντων
849 2017 1156 2086 φερόμενοι,
1183 2018 1277 2070 καὶ
1302 2017 1535 2081 ἀσπίδας
1567 2017 1926 2088 βαστάζοντες

345 2099 556 2167 χρυσᾶς
585 2099 677 2152 καὶ¹
703 2097 1131 2168 λιθοκολλήτους,
1163 2097 1258 2152 τοῦ
1314 2099 1579 2169 βασιλέως
1598 2101 1696 2171 τήν
1726 2118 1917 2172 παρου.

344 2180 470 2232 σίαν
535 2181 821 2250 ἐμφαίνειν
876 2180 1200 2250 ὀφείλουσιν,
1268 2182 1344 2246 ὡς
1401 2184 1434 2253 ή
1498 2183 1768 2254 παρθένος
1827 2183 1924 2254 τὴν

342 2261 439 2315 τοῦ
484 2262 745 2333 Χριστοῦ.
793 2262 1019 2316 Ἐκεῖνοι
1068 2263 1165 2333 μὲν
1215 2264 1324 2336 γὰρ
1359 2263 1490 2336 παρ’
1527 2265 1661 2319 αὐτὸ
1709 2265 1921 2334 φαίνον-

341 2360 433 2396 ται
488 2346 581 2397 τοῦ
632 2344 892 2414 βασιλέως
939 2346 1000 2398 τὸ
1048 2345 1230 2417 ὸχημα
1267 2348 1329 2400 τὸ
1363 2346 1659 2417 βασιλικὸν,
1691 2347 1827 2420 αῦτη
1867 2348 1925 2401 δὲ

345 2427 438 2478 καὶ
467 2427 647 2497 ὄχημα
664 2429 871 2496 γίνεται
893 2428 1189 2498 βασιλικὸν,
1206 2430 1456 2503 καθάπερ
1479 2430 1547 2485 τὰ
1564 2449 1623 2501 χε
1632 2431 1845 2502 ρουϐὶμ,
1859 2430 1925 2484 ἀν

342 2506 523 2578 ἐθέλῃ,
560 2510 652 2561 καὶ
692 2511 1039 2580 παρέστηκεν
1075 2511 1226 2582 αὐτῷ
1266 2512 1517 2582 καθάπερ
1555 2514 1623 2566 τά
1659 2514 1918 2585 σεραφίμ.

414 2589 481 2655 ζ’.
500 2593 590 2645 Δεῖ
612 2593 789 2645 τοίνυν
806 2592 971 2663 αὐτὴν
998 2594 1078 2657 είς
1106 2595 1310 2666 ἀγορὰν
1332 2595 1722 2666 ἐμϐάλλουσαν,
1736 2595 1924 2669 ὥσπερ

340 2672 563 2742 ἄγαλμα
600 2676 915 2742 φιλοσοφίας
959 2677 1178 2748 ἀπάσης
1220 2677 1535 2747 φαίνεσθαι,
1570 2678 1664 2731 καὶ
1715 2680 1922 2742 πάντας

343 2755 695 2827 ἐκπλήττειν,
728 2758 802 2821 ὡς
836 2759 1066 2828 ἄγγελον
1094 2760 1155 2825 ἐξ
1185 2761 1411 2833 ούρανοῦ
1450 2762 1763 2816 καταϐάντα
1789 2762 1884 2815 νῦν
1904 2781 1918 2797 ·

342 2838 437 2891 καὶ
460 2838 657 2893 ὡσανεὶ
680 2840 786 2893 τῶν
814 2842 1080 2913 χερουϐὶμ
1101 2843 1278 2896 αὐτῶν
1294 2845 1350 2896 ἐν
1365 2844 1456 2896 ἐπὶ
1477 2845 1575 2914 τῆς
1604 2844 1706 2915 γῆς
1726 2846 1918 2915 ἐφάνη,

344 2920 550 2985 πάντας
577 2922 896 2993 ἀνθρώπους
928 2923 1229 2994 ἐπέστρεψε
1269 2925 1405 2995 πρὸς
1439 2925 1619 2988 ἐαυτὸ,
1658 2924 1800 2978 οὓτω
1828 2927 1921 2979 καὶ

341 3003 439 3072 τὴν
470 3003 738 3072 παρθένον
773 3005 899 3067 τοὺς
926 3004 1168 3074 ὁρῶντας
1198 3006 1444 3068 ἅπαντας
1481 3008 1560 3068 είς
1598 3006 1785 3077 θαῦμα
1827 3008 1920 3061 καὶ

342 3084 603 3155 ἔκπληξιν
629 3086 728 3155 τῆς
758 3086 1067 3158 ἁγιωσύνης
1097 3088 1265 3158 αὐτῆς
1300 3088 1587 3159 ἐμϐάλλειν
1616 3089 1713 3141 δεῖ.
1752 3089 1918 3142 ’Όταν

343 3169 452 3241 γάρ
486 3168 673 3240 βαδίζῃ
709 3170 806 3239 μὲν
840 3168 1029 3240 ὥσπερ
1059 3170 1126 3223 δι’
1155 3171 1419 3242 ἐρημίας,
1448 3171 1746 3242 καθέζηται
1771 3172 1826 3225 δὲ
1860 3174 1919 3225 ἐν

342 3250 605 3323 ἐκκλησία
633 3252 770 3322 μετά
797 3252 954 3321 σιγῆς
988 3251 1293 3323 βαθυτάτης
1313 3295 1326 3315 ,
1353 3253 1413 3307 τὸ
1438 3252 1493 3306 δὲ
1523 3253 1677 3325 ὸμμα
1712 3255 1919 3327 μηδένα

339 3331 449 3385 τῶν
482 3334 764 3405 παρόντων
803 3336 905 3405 ὁρᾷ
926 3374 940 3397 ,
979 3333 1053 3406 μή
1085 3335 1384 3404 γυναικῶν,
1415 3336 1490 3407 μὴ
1524 3336 1754 3407 ἀνδρῶν,
1801 3337 1917 3391 ἀλλ’

338 3414 373 3485 ἢ
396 3416 488 3469 τὸν
513 3416 763 3487 Νυμφίον
786 3417 966 3488 μόνον,
990 3416 1175 3490 ὥσπερ
1192 3418 1433 3490 παρόντα
1456 3421 1549 3473 καὶ
1572 3421 1913 3491 φαινόμενον·

340 3498 408 3550 ἂν
446 3502 598 3570 χωρῇ
631 3498 687 3552 δὲ
711 3499 916 3565 οἴκαδε,
949 3499 1109 3554 πάλιν
1144 3500 1319 3571 τούτῳ
1356 3500 1701 3572 διαλεχθεῖσα
1732 3505 1792 3556 ἐν
1829 3503 1918 3556 εύ-

339 3583 482 3650 χαῖς,
516 3582 609 3636 καὶ
639 3582 740 3653 τῆς
774 3583 938 3636 αὐτοῦ
974 3584 1140 3654 μόνης
1166 3582 1448 3638 ἀκούσασα
1482 3585 1663 3655 φωνῆς
1690 3584 1780 3638 διά
1810 3586 1917 3641 τῶν

338 3666 590 3735 Γραφῶν·
613 3666 877 3737 γενομένη
908 3666 967 3720 δὲ
997 3668 1088 3720 ἐπὶ
1112 3666 1214 3737 τῆς
1237 3667 1435 3732 οἰκίας,
1457 3667 1547 3720 τὸν
1581 3667 1916 3740 ποθούμενον

336 3747 722 3819 ἀναλογίζηται
756 3748 907 3822 [265]
943 3750 1130 3819 μόνον,
1174 3748 1279 3804 κάν
1310 3749 1433 3821 ξένη
1462 3751 1558 3805 καὶ
1587 3752 1851 3822 πάροικος

337 3831 432 3885 καὶ
463 3832 842 3903 παρεπίδημος
864 3872 879 3896 ,
915 3835 1008 3886 καὶ
1037 3833 1212 3887 πάντα
1245 3837 1394 3904 ποιῇ,
1423 3834 1499 3897 ὡς
1523 3833 1670 3897 εἰκὸς
1698 3834 1796 3906 τὴν
1827 3835 1915 3900 ξέ-

336 3932 434 3984 νην
453 3915 561 3968 τῶν
591 3910 825 3969 ἐνταῦθα
850 3917 1191 3986 πραγμάτων
1211 3955 1226 3978 ,
1256 3916 1347 3968 καὶ⁹
1373 3916 1445 3986 μὴ
1472 3916 1630 3985 μόνον
1666 3917 1912 3988 ἀρρένων

334 3996 484 4065 ιψεις
511 3997 708 4069 φεύγῃ,
737 3997 874 4049 ἀλλά
901 3997 1290 4065 καὶγυναικῶν
1321 3997 1604 4051 συνουσίαν
1632 3997 1744 4052 τῶν
1783 3998 1912 4070 βιω·

333 4079 667 4149 τικωτέρων,
709 4079 803 4132 καὶ
828 4079 1063 4133 τοσαῦτα
1090 4079 1166 4151 τῷ
1194 4078 1406 4151 σώματι
1431 4080 1766 4151 διακονῆται,
1808 4081 1910 4134 ὅσα

334 4164 547 4231 ἀνάγκη
591 4162 786 4232 μόνον,
818 4162 878 4215 τὸ
902 4161 957 4215 δὲ
992 4164 1100 4216 πᾶν
1131 4164 1212 4226 είς
1243 4162 1340 4233 τὴν
1372 4162 1469 4232 τῆς
1506 4162 1684 4233 ψυχῆς
1713 4163 1910 4233 ἐπιμέ-
1949 4167 1957 4175 ’

332 4243 481 4297 λειαν
504 4243 788 4316 ἀναλίσκῃ,
822 4244 905 4308 τίς
931 4246 992 4299 ού
1024 4245 1362 4312 θαυμάσεται
1389 4261 1403 4309 ;
1427 4245 1510 4308 τίς
1529 4246 1629 4298 οῦκ
1653 4248 1913 4316 ἐκστήσε-

328 4344 442 4389 ται,
469 4327 527 4379 ἐν
559 4328 845 4400 γυναικείᾳ
879 4327 1038 4396 φύσει
1086 4327 1361 4381 πολιτείαν
1390 4329 1689 4400 ἀγγελικὴν
1731 4328 1909 4399 ὁρῶν;

332 4413 413 4473 τίς
446 4410 503 4463 δὲ
537 4411 672 4474 ὅλως
725 4410 1013 4482 τολμήσειε
1053 4410 1397 4482 προσελθεῖν;
1437 4412 1519 4473 τίς
1566 4411 1623 4463 δέ
1671 4410 1911 4480 ἅψασθαι

332 4494 503 4546 ἕλοιτο
549 4493 952 4564 πεπυρωμένης
993 4492 1169 4566 ψυχῆς
1213 4491 1498 4564 ἄνθρωπος
1550 4491 1653 4559 ῶν;
1699 4494 1796 4549 Διά
1845 4494 1909 4567 δὴ

332 4576 488 4629 τοῦτο
521 4575 718 4639 πάντες
746 4575 844 4646 μὲν
864 4576 1261 4650 ἀποστήσονται
1289 4575 1509 4639 ἑκόντες
1545 4577 1639 4629 καὶ
1663 4577 1908 4645 ἄκοντες,

333 4659 531 4722 πάντες
561 4658 618 4712 δὲ
646 4658 1103 4730 ἐκπλαγήσονται,
1135 4659 1231 4714 ἀτε
1258 4658 1479 4731 χρυσίον
1512 4659 1910 4731 πεπυρωμένον

332 4743 424 4792 xz".
454 4740 777 4795 ἀποστίλϐον
815 4741 1070 4814 ὁρῶντες.
1098 4742 1251 4813 Ἔχει
1295 4741 1392 4813 μὲν
1424 4741 1533 4812 γάρ
1573 4742 1666 4796 καὶ
1697 4742 1834 4814 αὐτὴ
1873 4744 1907 4814 ή

331 4823 425 4876 τοῦ
466 4825 690 4895 χρυσίου
716 4825 878 4894 φύσις
910 4824 1108 4897 πολλὴν
1139 4826 1238 4897 τὴν
1281 4824 1602 4897 λαμπηδόνα
1626 4843 1639 4856 ·
1678 4826 1808 4880 ὅταν
1852 4826 1911 4879 δέ

334 4907 428 4958 καὶ
476 4908 575 4978 τὴν
608 4907 716 4961 ἀπὸ
750 4908 842 4961 τοῦ
872 4909 1038 4979 πυρὸς
1068 4907 1346 4980 προσλάϐῃ
1369 4948 1385 4972 ,
1419 4906 1601 4980 μεῖζον
1633 4908 1694 4962 τὸ
1727 4908 1913 4979 θαῦμα

333 4990 543 5055 γίνεται
580 4991 672 5043 καὶ
698 4991 1090 5062 φοϐερώτερον.
1129 4991 1193 5045 El
1228 4991 1285 5044 δὲ
1314 4991 1407 5044 ἐπὶ
1447 4990 1700 5062 σώματος
1730 4992 1908 5057 τοῦτο,

332 5070 460 5125 ὅταν
487 5071 578 5125 ἐπὶ
610 5074 820 5143 χρυσῆς
864 5073 1328 5153 τοῦτοσσυμϐαίνῃ
1359 5073 1557 5146 ψυχῆς,
1591 5074 1776 5128 οὐκέτι
1818 5075 1912 5128 ἀν-

334 5153 571 5223 θρώποις
622 5157 778 5226 μόνον
797 5197 812 5222 ,
852 5156 989 5210 ἀλλὰ
1037 5158 1131 5212 καὶ
1168 5157 1422 5225 ἀγγέλοις
1471 5156 1714 5210 ποθεινὸν
1758 5157 1910 5212 ἐσται

335 5236 536 5307 θέαμα.
565 5237 631 5289 Τί
664 5238 845 5293 τοίνυν
880 5241 1106 5309 κοσμεῖς
1137 5240 1367 5311 σεαυτὴν
1396 5240 1653 5312 ίματίοις,
1678 5240 1770 5293 τὸν
1802 5240 1910 5294 ἀπὸ

331 5320 433 5390 τῆς
464 5320 662 5390 φλογὸς
688 5321 894 5393 ταύτης
928 5321 1127 5392 ἔχουσα
1153 5323 1394 5395 κόσμον;
1421 5323 1532 5378 Καὶ⁸
1557 5323 1665 5394 γάρ
1692 5324 1760 5378 τά
1785 5325 1912 5395 ἱμά-

332 5485 432 5555 τῆς
454 5504 522 5555 γυ
530 5487 788 5559 μνότητος
801 5488 1063 5561 αἰσχύνην
1086 5489 1437 5562 κρύπτωμεν·
1459 5490 1557 5561 οὐχ
1575 5490 1662 5543 ἵνα
1682 5488 1908 5543 τοιαῦτα

333 5568 666 5639 ἐνδυώμεθα,
696 5570 732 5626 ἃ.
756 5571 864 5625 τῶν
885 5573 1107 5643 γυμνῶν
1139 5574 1337 5645 μᾶλλον
1368 5575 1518 5646 ἡμᾶς
1550 5572 1903 5644 καταισχῦναι

332 5651 639 5723 δυνήσεται.
681 5653 779 5707 Διά
814 5654 970 5707 τοῦτο
1000 5656 1093 5710 καὶ
1123 5657 1213 5710 τὸν
1250 5650 1424 5728 Ἆδὰμ
1449 5656 1679 5728 χιτῶνας
1704 5655 1904 5727 δερμα-

393 5754 420 5784 ⁸
442 5753 593 5805 Savil.
614 5756 821 5822 ὅπουπερ
840 5759 912 5807 ἄν.

903 166 1092 233 QUOD
1130 166 1546 225 REGULARES
1581 148 1868 225 FEMlN/E
1910 169 2091 227 ΥΠυὸ
2127 164 2569 223 ΕΟΙΙᾹΒΙΤᾹΒΕ
2610 162 2742 219 NON
2782 160 3124 217 DEBEANT.

3513 160 3619 216 5‘28

2048 284 2226 344 τίνους
2274 279 2523 332 ἐνέδυσεν
2565 280 2594 330 ὁ
2630 276 2796 342 Θεὸς,
2848 278 2944 331 καὶ
2981 276 3077 348 τήν
3108 276 3318 330 ἐκείνου
3354 282 3613 343 γυναῖκα,

2030 363 2217 416 καίτοι
2270 378 2333 430 γε
2367 361 2523 430 ἐνῆν,
2582 359 2740 430 εἴπερ
2786 358 3076 429 ἠϐούλετο,
3128 359 3266 412 καλά
3315 362 3617 430 περιθεῖναι

2040 447 2264 515 ἱμάτια·
2302 443 2416 497 ἀλλ’
2452 438 2658 495 ἀνωθεν
2689 444 2822 512 ήμῖν
2856 442 2949 494 καὶ
2986 442 3051 495 δι’
3086 442 3309 494 ἐκείνων
3346 443 3618 500 δείκνυσιν

2036 529 2118 581 ὅτι
2145 528 2207 580 οὐ
2240 525 2450 597 τρυφῆς
2478 526 2507 576 ό
2541 522 2734 595 παρὼν
2762 524 2972 595 καιρὸς,
2998 524 3134 578 ἀλλά
3163 524 3255 577 τοῦ
3284 527 3487 581 στένειν
3521 531 3617 584 καὶ

2035 609 2353 664 κόπτεσθαι.
2378 607 2444 660 El
2464 607 2520 660 δὲ
2543 606 2675 660 αὐτὸ
2701 604 2764 659 τὸ
2784 605 3041 677 δεηθῆναι
3063 607 3357 679 περιϐολῆς
3383 613 3615 687 αἰσχύνη

2036 692 2129 745 καὶ
2161 692 2498 759 κατάγνωσις
2528 689 2622 742 καὶ
2658 688 2717 755 ἐξ
2744 689 3016 760 ἁμαρτίας
3039 689 3248 758 γέγονε,
3276 692 3329 745 τί
3361 695 3459 764 τῆς
3485 713 3615 751 κατ-

2035 774 2262 847 ηγορίας
2308 772 2599 835 ἐπιτείνεις
2638 770 2701 823 τὸ
2741 770 3005 841 αίνιγμα;
3048 772 3122 843 μὴ
3163 772 3273 845 γάρ
3316 776 3415 830 οὐκ
3453 778 3616 850 ἀρκεῖ

2034 857 2203 924 δεῖξαι
2228 856 2328 928 τὴν
2356 854 2706 909 κατάπτωσιν
2744 853 2901 924 ἡμῶν
2928 854 3058 907 αὐτὸ
3089 855 3150 908 τὸ
3193 855 3451 928 δεηθῆναι
3488 862 3614 914 σκέ-

2037 955 2176 1010 πης;
2206 937 2259 991 τί
2300 935 2522 1008 μείζονα
2570 937 2745 999 ποιεῖς
2790 934 2890 1007 τὴν
2921 936 3208 1008 διαϐολήν;
3257 940 3311 992 τί
3350 942 3449 1012 τὴν
3481 960 3613 997 κατ..

2035 1021 2262 1091 ηγορίαν
2299 1019 2515 1085 αὔξεις,
2566 1018 2909 1073 ἐπιτείνουσα
2954 1021 3052 1090 τὴν
3083 1022 3303 1092 χρείαν;
3340 1026 3466 1079 Δέον
3501 1027 3610 1100 γὰρ
3644 1028 3653 1037 “

2033 1103 2316 1174 ὀδύρεσθαι
2357 1102 2452 1155 καὶ
2489 1100 2716 1164 στένειν,
2747 1102 2842 1155 καὶ
2868 1101 2930 1155 τὸ
2965 1102 3122 1173 σῶμα
3147 1105 3280 1159 αὐτὸ
3310 1107 3610 1165 ἀποθέσθαι

2033 1184 2173 1239 κατά
2203 1185 2293 1238 τὸν
2326 1182 2536 1237 Παῦλον
2556 1200 2569 1213 ·
2597 1185 2762 1254 ἡμεῖς
2795 1184 2852 1236 δὲ
2888 1185 3175 1256 καθήμεθα
3212 1190 3338 1260 περὶ
3380 1190 3447 1243 τὰ
3481 1208 3608 1245 σκε-

2035 1260 2296 1337 πάσματα
2343 1265 2509 1318 αὑτοῦ
2550 1264 3020 1335 φιλοτεχνοῦντες,
3069 1268 3258 1341 ὥσπερ
3304 1271 3370 1324 ἂν
3421 1272 3477 1324 εί
3523 1291 3608 1338 τις

2032 1350 2302 1421 οἰδήματα
2332 1347 2461 1419 περὶ
2492 1346 2588 1418 τὴν
2629 1346 2751 1416 ὄψιν
2780 1348 2940 1417 ἔχων,
2985 1352 3079 1402 καὶ
3107 1353 3187 1414 εἰς
3225 1354 3470 1425 ἀνάγκην
3507 1358 3603 1409 τοῦ

2033 1432 2257 1485 σκέπειν
2285 1430 2427 1483 αὐτά
2451 1430 2756 1492 καταστάς,
2784 1430 2862 1482 ἔτι
2895 1431 2988 1484 καὶ
3032 1432 3363 1499 καλλωπίζοι
3404 1437 3470 1490 τὰ
3506 1457 3605 1492 κα-

2029 1514 2288 1584 λύμματα
2326 1511 2519 1565 ταῦτα.
2543 1510 2643 1563 Διά
2670 1511 2829 1564 τοῦτο
2863 1513 3079 1577 Ἠλίας,
3121 1516 3208 1568 διά
3230 1518 3387 1570 τοῦτο
3426 1521 3604 1574 Ἰωάν-

2029 1613 2127 1667 νης
2163 1595 2341 1666 ἁπλῆν
2382 1588 2526 1664 εἶχον
2572 1593 2810 1664 ἐσθῆτα,
2848 1594 3201 1666 δερματίνους
3238 1601 3471 1671 χιτῶνας
3514 1605 3606 1656 καὶ

2032 1679 2221 1749 ἱμάτια
2267 1677 2485 1748 τρίχινα
2522 1676 2989 1747 περιϐαλλόμενοι·
3030 1681 3320 1750 ἠπείγοντο
3355 1688 3465 1755 γὰρ
3512 1688 3606 1740 καὶ

2028 1761 2338 1831 ἐπεθύμουν
2372 1760 2434 1812 τὸ
2473 1757 2675 1828 ἔνδυμα
2708 1759 2807 1829 τῆς
2850 1759 3161 1833 ἀφθαρσίας
3202 1763 3402 1820 λαϐεῖν.
3437 1769 3510 1822 Σὺ
3546 1768 3604 1823 δὲ

2028 1842 2243 1906 καὶτὰς
2274 1844 2330 1894 ἐν
2364 1843 2535 1911 σκηνῇ
2562 1842 2929 1913 παρατρέχεις
2948 1848 3211 1911 γυναῖκας
3244 1850 3308 1919 τῇ
3348 1849 3454 1903 τῶν
3476 1852 3606 1920 ίμα-

2025 1926 2155 1981 τίων
2187 1924 2475 1995 περιεργίᾳ
2493 1962 2507 1987 ,
2535 1922 2601 1975 δι’
2626 1925 2849 1978 ἐκείνων
2872 1929 2981 1990 τοῖς
3000 1927 3195 1983 ἀνεπτε
3205 1930 3470 2001 ρωμένοις
3495 1933 3604 1988 τῶν

2026 2009 2161 2063 νέων
2189 2007 2400 2061 τιθεῖσα
2430 2007 2528 2068 τὰς
2556 2006 2825 2077 μηχανάς.
2870 2011 2981 2079 Οὐχ
3009 2011 3151 2066 οὕτω
3176 2031 3236 2066 σε
3279 2016 3604 2086 κοσμεῖσθαι

2025 2093 2120 2145 καὶ
2157 2087 2592 2154 καλλωπίζεσθαι
2637 2088 2884 2159 βούλεται
2924 2093 2953 2144 ὁ
2995 2094 3265 2166 Νυμφίος,
3295 2097 3409 2150 ἀλλ’
3436 2099 3494 2151 ἐν
3533 2103 3599 2169 τῇ

2023 2175 2166 2245 ψυχῇ
2218 2191 2310 2226 σου
2358 2174 2539 2226 πᾶσαν
2579 2173 2903 2227 ἀποκεῖσθαι
2950 2176 3115 2230 αὐτοῦ
3147 2179 3246 2249 τὴν
3288 2180 3443 2247 δόξαν
3486 2182 3601 2233 ἐκέ·

2023 2255 2211 2308 λευσε·
2247 2256 2310 2309 σὺ
2341 2256 2398 2308 δὲ
2428 2255 2645 2327 ἐκείνης
2682 2256 2780 2326 μὲν
2816 2257 3123 2327 ἀμελοῦσα,
3164 2261 3253 2313 τὸν
3296 2262 3467 2333 πηλὸν
3506 2266 3600 2315 καὶ

2021 2339 2120 2409 τὴν
2153 2339 2354 2409 τέφραν
2393 2342 2759 2408 κατακοσμεῖς
2796 2341 3087 2406 ποικίλως,
3122 2345 3217 2397 καὶ
3249 2346 3483 2415 ἐραστὰς
3513 2348 3601 2399 ’ἐλο

2021 2439 2138 2484 κεις
2171 2421 2506 2483 ἀκολάστους
2525 2461 2540 2486 ,
2571 2422 2664 2475 καὶ
2700 2424 2918 2493 μοιχοὺς
2951 2426 3157 2496 ἐργάζῃ
3188 2428 3313 2489 τοὺς
3337 2429 3596 2498 ὁρῶντας,

2020 2504 2097 2567 ὡς
2124 2505 2330 2567 εἰπεῖν,
2364 2504 2628 2567 ἅπαντας.
2664 2506 2772 2558 Καὶ
2809 2507 2890 2558 ὅτι
2918 2506 3016 2577 μὲν
3045 2509 3179 2561 πολὺ
3224 2513 3473 2578 συνάγεις
3510 2516 3597 2565 ἐν-

2019 2587 2214 2641 τεῦθεν
2242 2587 2304 2639 τὸ
2339 2586 2470 2657 πῦρ,
2511 2586 2631 2638 οὐδὲ
2672 2588 2841 2658 αὐτὴν
2874 2586 3027 2660 οἶμαί
3060 2608 3117 2643 σε
3148 2593 3410 2663 ἀντερεῖν·
3433 2596 3515 2647 ὅτι
3541 2596 3599 2651 δὲ

2021 2672 2115 2724 κα)⁵
2164 2670 2349 2736 ἀδοξία
2383 2670 2480 2722 καὶ
2521 2669 2722 2733 ὄνειδος
2758 2671 3005 2726 ἐντεῦθεν
3046 2673 3265 2743 ἕψεται,
3305 2678 3397 2729 καὶ
3442 2678 3599 2730 τοῦτο

2020 2754 2355 2825 πειράσομαι
2377 2751 2601 2821 ποιῆσαι
2625 2752 2859 2824 φανερὸν
2883 2754 2979 2807 ἀπ’
3000 2756 3179 2809 αὐτῶν
3202 2758 3307 2811 τῶν
3330 2759 3596 2827 ἐραστῶν.

2021 2834 2190 2888 Ὅταν
2221 2835 2329 2904 γὰρ
2356 2836 2389 2903 ή
2425 2835 2525 2903 μὲν
2556 2834 2656 2904 τὴν
2679 2835 2857 2906 ψυχὴν
2886 2837 3301 2902 καλλωπίζουσα
3336 2841 3426 2894 τὸν
3465 2841 3597 2894 Θεὸν

2020 2915 2119 2989 ἔχῃ
2158 2916 2251 2968 τοῦ
2280 2916 2507 2979 κάλλους
2542 2917 2805 2986 ἐραστήν,
2842 2919 2906 2970 σὺ
2934 2919 2990 2971 δὲ
3017 2920 3367 2989 ἀνθρώπους,
3397 2924 3596 2993 μᾶλλον

2018 2998 2074 3052 δὲ
2103 2998 2225 3052 ούδέ
2250 2997 2590 3071 ἀνθρώπους,
2615 2998 2750 3052 ἀλλά
2777 3001 2992 3071 χοίρους
3018 3002 3112 3054 καὶ
3134 3002 3322 3068 κύνας,
3349 3007 3444 3057 καὶ
3465 3006 3518 3058 εί
3540 3023 3594 3060 τι

2015 3083 2221 3137 τούτων
2244 3074 2599 3153 ἀλόγώτερον,
2622 3082 2703 3146 τίς
2732 3082 2904 3147 οὕτως
2932 3083 3176 3154 ἀνόητος,
3204 3086 3280 3149 ὡς
3307 3088 3366 3140 σὲ
3395 3089 3593 3159 μᾶλλον

2017 3166 2231 3237 ἐκείνης
2269 3164 2643 3235 κεκοσμῆσθαι
2681 3166 2846 3234 φάναι
2877 3168 2975 3236 τῆς
3009 3167 3101 3220 τὸν
3129 3168 3261 3222 Θεὸν
3293 3173 3373 3234 είς
3402 3170 3593 3226 ἐπιθυ-

2019 3249 2148 3319 μίαν
2168 3249 2406 3319 ἀγούσης
2433 3248 2534 3316 τῆς
2560 3248 2858 3318 εὐμορφίας
2879 3253 2975 3316 τῆς
3002 3249 3179 3319 ένδον;
3207 3254 3366 3306 Ὥστε
3393 3255 3501 3325 ὅσῳ
3524 3254 3593 3312 ἂν

2016 3330 2288 3402 ἐπιτείνῃς
2315 3331 2413 3400 τὴν
2437 3332 2776 3401 περιεργίαν,
2796 3332 3033 3404 τοσούτῳ
3053 3333 3281 3403 γέγονας
3307 3337 3590 3410 βδελυκτὴ,

2014 3416 2107 3470 τὸν
2132 3415 2231 3486 μὲν
2265 3413 2398 3478 Θεὸν
2421 3412 2573 3486 [264]
2602 3414 3007 3486 ἀποτρέπουσα,
3028 3421 3250 3482 τούτους
3280 3420 3337 3473 δὲ
3364 3420 3591 3488 ἐφελκο⁸

2017 3501 2153 3571 μένη
2169 3540 2186 3563 ,
2219 3500 2312 3552 καὶ
2334 3496 2503 3570 ταύτῃ
2537 3498 2796 3568 μειζόνως
2821 3500 3148 3573 αἰσχροτέρα
3173 3505 3472 3575 φαινομένη
3497 3507 3594 3560 καὶ

2013 3583 2279 3653 δυσειδής.
2322 3580 2446 3644 Πῶς
2478 3581 2586 3652 γὰρ
2626 3581 2688 3634 οὐ
2722 3581 2968 3654 δυσειδής
3004 3584 3037 3654 ή
3076 3585 3152 3657 μὴ
3191 3585 3463 3660 δυναμένη
3498 3589 3593 3645 τὸν

2012 3666 2147 3721 Θεὸν
2181 3663 2714 3729 ἐπισπάσασθαιςΕἰ
2758 3663 2815 3717 δὲ
2858 3668 2892 3737 ή
2934 3666 3385 3742 καλλωπιζομένη
3418 3671 3593 3738 οὕτως

2012 3750 2183 3823 ἀηδὴς
2200 3791 2216 3814 ,
2254 3752 2287 3820 ή
2319 3749 2416 3801 καὶ
2444 3745 2796 3802 συνοικοῦντα
2818 3748 3016 3820 ἔχουσα
3040 3751 3293 3823 ἐννόησον
3318 3755 3441 3809 ὅσον
3465 3757 3591 3809 ἐπι-

2009 3832 2177 3886 τείνει
2196 3831 2256 3884 τὸ
2281 3831 2455 3902 μῖσος.

2082 3922 2154 3987 η’.
2190 3915 2348 3981 Ἀλλ’,
2363 3915 2589 3990 εἰδοκεί,
2611 3913 2686 3986 μὴ
2700 3914 2797 3986 τὴν
2820 3917 3132 3990 συνοίκησιν
3143 3918 3387 3990 εἴπωμεν
3405 3921 3585 3990 μόνον,

2011 4000 2145 4054 ἀλλά
2173 4001 2267 4053 καὶ
2291 3989 2686 4070 ἀναπτύξιιὶμεν
2709 3998 2900 4071 αὐτὴν,
2926 3989 3065 4055 ὥστε
3098 3989 3457 4076 αἰσχροτέρσω
3487 3989 3592 4075 φαὲ

2011 4085 2183 4153 νῆναι.
2213 4080 2430 4151 Ἐπειδὴ
2446 4082 2554 4151 γάρ
2581 4082 2640 4134 οὐ
2669 4080 2937 4137 δεδοίκασι
2954 4085 3045 4139 τὸν
3068 4086 3366 4158 ἀκοίμητον
3385 4086 3590 4158 ὀφθαλ-

2013 4166 2134 4237 μὸν,
2176 4163 2291 4216 ἀλλ’
2341 4164 2391 4215 οἱ
2424 4164 2696 4234 ὀφθαλμοὶ
2732 4165 2840 4218 τῶν
2879 4168 3203 4240 ἀνθρώπων,
3247 4170 3402 4224 τοῦτο
3425 4172 3589 4240 φόϐος

2009 4251 2192 4311 αὐτοῖς
2211 4286 2225 4310 ,
2258 4245 2389 4318 φέρε
2418 4249 2512 4300 καὶ
2539 4246 2742 4317 ταύτης
2774 4250 2972 4313 αὐτοὺς
3000 4253 3463 4325 ἀποστερήσωμεν
3491 4255 3589 4325 τῆς

2010 4333 2395 4406 παραμυθίας,
2442 4331 2479 4386 ἃ
2517 4332 2820 4403 κρύπτουσι
2865 4336 3031 4403 τοῖχοι
3062 4337 3156 4388 καὶ
3199 4337 3586 4401 συσκιάζουσι,

2010 4417 2180 4472 ταῦτα
2210 4419 2290 4481 είς
2324 4416 2488 4486 μέσον
2514 4415 2832 4483 ἀγαγόντες,
2866 4416 3082 4481 καὶτὰς
3118 4418 3288 4489 θύρας
3314 4422 3587 4474 ἀναπετά-

2010 4519 2203 4567 σαντες
2232 4503 2343 4566 τοῖς
2375 4498 2718 4571 βουλομένοις
2738 4499 2871 4569 όρᾷν
2890 4541 2906 4566 ,
2928 4498 3037 4553 ἀπὸ
3065 4502 3161 4572 τῆς
3195 4503 3357 4574 εὐνῆς
3387 4503 3584 4569 αὐτοὺς

2007 4586 2221 4657 πρῶτον
2246 4584 2557 4656 ἐγείραντες
2577 4599 2592 4612 ·
2624 4581 2824 4653 μᾶλλον
2842 4581 2921 4646 δὲ,
2942 4585 2992 4637 εί
3025 4585 3206 4651 δοκεῖ,
3230 4586 3300 4639 τὰ
3323 4584 3463 4640 κατά
3482 4586 3582 4657 τὴν

2007 4669 2187 4725 οἰκίαν
2209 4666 2553 4738 ἐξετάσωμεν
2581 4665 2819 4737 πρῶτον,
2843 4666 2940 4719 καὶ
2956 4665 3136 4739 δῶμεν
3162 4668 3361 4739 τοίχοις
3383 4669 3581 4732 αὐτοὺς

2006 4752 2339 4827 διείργεσθαι
2364 4751 2458 4804 καὶ
2488 4751 2751 4821 οἰκήμασι
2779 4749 3170 4815 καθεύδοντας·
3201 4751 3323 4806 οὐδὲ
3350 4750 3460 4823 γάρ
3498 4746 3580 4805 οἷ-

2011 4838 2109 4909 μαί
2132 4853 2283 4903 τινα,
2316 4834 2421 4889 κᾶν
2456 4832 2661 4906 σφόδρα
2688 4834 3015 4906 ἀσχημονεῖν
3060 4834 3266 4902 ἕλοιτο,
3303 4837 3465 4908 μέχρι
3495 4853 3584 4890 το-

2010 4921 2201 4976 σούτου
2232 4916 2749 4990 παραδειγματίζειν
2780 4918 3002 4983 ἐαυτὸν,
3035 4919 3113 4983 ὡς
3142 4919 3237 4974 καὶ
3258 4920 3315 4973 ἐν
3346 4920 3428 4973 ἐνὶ
3454 4919 3586 4975 καθ-

2008 5004 2189 5058 εύδειν
2237 5002 2520 5073 οἰκήματι.
2561 5000 2844 5055 Ἔστωσαν
2895 5001 3072 5056 τοίνυν
3108 5000 3425 5075 διῃρημένοι
3473 5004 3587 5066 τοῖς

2006 5087 2210 5157 τοίχοις
2230 5103 2245 5117 ·
2289 5086 2384 5139 καὶ⁵
2410 5083 2462 5136 τί
2490 5080 2676 5149 τοῦτος
2698 5084 2759 5136 ού
2786 5083 2895 5156 γὰρ
2932 5083 3113 5139 ἱκανὸν
3142 5086 3446 5154 ἀπαλλάξαι
3492 5088 3588 5140 ὑπ-

2007 5170 2167 5240 οψίας
2203 5165 2428 5231 αὐτούς·
2462 5165 2600 5237 πλὴν
2634 5165 2768 5220 ἀλλά
2806 5166 2970 5238 μηδὲν
3017 5167 3148 5239 περὶ
3184 5169 3418 5239 ὑποψίας
3465 5168 3584 5237 νῦν,

2012 5254 2147 5325 μηδὲ
2171 5252 2265 5306 ἐάν
2293 5249 2484 5324 μυρίαι
2514 5248 2798 5305 παιδίσκαι
2839 5252 3157 5305 συνοικῶσιν
3185 5252 3365 5323 αύτῷ·
3399 5254 3498 5323 τὴν
3526 5253 3583 5306 δέ

2007 5337 2172 5408 ἀλλην
2198 5333 2584 5407 ἀσχημοσύνην
2604 5334 2947 5405 ἐξετάσωμεν
2968 5334 3124 5399 τέως.
3152 5337 3225 5389 Συ
3233 5335 3449 5407 μϐαίνει
3474 5336 3584 5407 γὰρ

227 5400 235 5412 ⁸
332 5419 423 5488 τια
447 5403 546 5474 οὐχ
568 5405 654 5488 ἵνα
677 5404 1146 5477 καλλωπιζώμεθα
1168 5393 1397 5471 δέδοται,
1418 5405 1533 5459 ἀλλ’
1559 5393 1648 5460 ἵνα
1674 5406 1771 5478 τὴν
2008 5393 2149 5473 κατὰ
2165 5393 2361 5472 “922,3
2391 5393 2728 5480 ἀναστάντας
2748 5456 2764 5481 ,
2788 5393 2861 5469 οὐ.
2871 5393 3211 5487 παννυχίδων
3233 5393 3427 5473 ’ἐνεκεν
3455 5393 3584 5488 (οὑξ.

2005 5502 2094 5557 δέν
2131 5503 2240 5574 γὰρ
2282 5503 2389 5556 ἀπὸ
2434 5501 2545 5555 τῶν
2581 5500 2837 5555 τοιούτων
2871 5498 3060 5570 ψυχῶν
3091 5500 3315 5566 εὐλαϐὲς
3348 5501 3413 5556 ἀν
3448 5518 3581 5556 ποτε

2006 5586 2265 5655 γένοιτο),
2288 5585 2383 5638 καὶ⁷
2404 5582 2658 5638 διοδεύειν
2682 5582 2941 5654 ἀλλήλους
2965 5581 3267 5652 κειμένους,
3295 5582 3390 5636 καὶ
3414 5600 3582 5655 προσ-

2011 5667 2341 5738 φθέγγεσθαι
2395 5658 2728 5738 νύκτωρ-,οὖ
2760 5663 2812 5718 τί
2854 5662 3048 5733 γένοιτ’
3092 5661 3159 5715 ἀν
3197 5664 3582 5737 αἱσχρότερονς

2010 5752 2074 5806 Εἰ
2111 5751 2166 5804 δὲ
2217 5751 2458 5824 συμϐαίη
2512 5752 2606 5807 καὶ⁵
2653 5749 3005 5825 ἀρρωστῆσαι
3062 5747 3219 5820 ἄφνω
3265 5748 3365 5820 τήν
3408 5767 3584 5806 συνοι-
