4060 6136
303 243 430 299 529

305 362 656 424 prmtexens,
683 359 736 406 et
765 349 970 405 ancillis
1011 362 1153 417 smpe
1179 346 1379 402 tardius
1408 346 1605 416 paratis
1628 385 1642 410 ,
1670 353 1726 400 et
1765 343 1897 398 assi-

302 447 415 498 det
439 453 492 498 et
518 442 620 497 alia
641 449 790 496 curat
819 455 936 511 qua:
962 439 1236 494 mulierem
1263 436 1581 508 quandoque
1620 434 1786 490 solam
1813 436 1897 488 vix

318 533 633 588 ministrare
670 531 748 586 fas
773 540 892 596 est;
924 545 1094 598 neque
1124 530 1284 598 pudet
1330 529 1504 592 illam,
1537 526 1632 581 sed
1672 525 1895 596 gloriam

317 632 512 694 putat,
563 636 736 692 neque
765 622 878 691 ipse
907 621 1205 685 erubescit,
1235 618 1330 674 sed
1378 617 1546 688 magis
1572 616 1800 686 gaudet,
1845 624 1898 669 et

319 723 476 768 tanto
499 713 666 782 magis
687 722 885 781 quanto
911 710 1188 766 ftediorem
1217 709 1522 764 servitutem
1551 721 1660 776 pra:
1687 720 1747 760 se
1772 704 1893 760 fert.

321 803 692 874 Apostolicum
722 801 851 856 illud
883 802 1100 856 verbum
1131 800 1268 870 quod
1298 799 1455 863 dicit,
1495 798 1669 854 Gloria
1693 799 1745 852 in
1771 813 1891 850 con-

321 895 528 964 fusione
553 894 775 963 ipsorum
804 891 1061 963 (Philipp.
1092 892 1146 946 5.
1195 891 1317 962 19),
1351 901 1474 946 tunc
1501 904 1560 944 re
1601 889 1718 959 ipsa
1745 903 1897 944 mou-

321 994 546 1040 stratur.
597 983 694 1040 Ubi
747 992 920 1038 autem
970 992 1024 1037 et
1062 982 1266 1037 ancilla:
1315 981 1678 1042 surrexerint,
1727 979 1898 1048 major

323 1074 626 1144 turpitudo;
679 1089 800 1128 nam
828 1083 1091 1142 etaperto
1119 1073 1318 1142 capite,
1367 1080 1419 1126 et
1445 1087 1548 1126 una
1589 1070 1798 1135 tunica,
1845 1077 1900 1122 et

324 1167 486 1222 nudis
511 1164 756 1220 manibus
784 1173 966 1232 utpote
989 1164 1244 1230 turbatas,
1277 1172 1330 1218 et
1355 1163 1407 1216 in
1437 1171 1594 1217 nocte
1618 1169 1896 1231 surgentes

323 1259 632 1313 discurrunt
660 1255 750 1309 illo
791 1263 1083 1324 praesente,
1134 1253 1238 1306 imo
1269 1256 1322 1307 in
1369 1251 1544 1306 medio
1573 1261 1818 1306 versante
1844 1257 1898 1302 et

324 1348 484 1401 simul
527 1356 805 1411 currente,
835 1345 1012 1398 omnia
1041 1351 1298 1413 coguntur
1326 1341 1552 1411 implere
1581 1358 1594 1393 :
1621 1355 1728 1410 quo
1771 1339 1896 1408 quid

331 1438 448 1491 licri
482 1436 649 1506 possit
675 1434 904 1490 [αεόὶυεῖ
927 1433 1077 1501 Quod
1099 1434 1142 1487 si
1169 1441 1223 1488 et
1245 1432 1500 1487 obstetrix
1529 1431 1702 1496 adsit,
1726 1444 1896 1498 neque

324 1529 405 1580 sic
434 1525 632 1595 pudetit
653 1566 669 1592 ,
700 1524 794 1579 sed
820 1532 874 1578 et
900 1523 1019 1578 aliis
1045 1523 1336 1592 virginibus
1357 1520 1775 1590 ingredientibus
1795 1519 1897 1572 hoc

324 1617 426 1670 sibi
455 1615 1059 1686 gloriosnmexistimat.
1094 1614 1266 1669 Unum
1295 1615 1437 1668 enim
1464 1611 1636 1666 solum
1667 1619 1892 1680 Spectat,

322 1705 592 1778 quomodo
616 1713 876 1759 monstret
890 1706 1162 1774 aegrotanti
1180 1720 1333 1760 suum
1356 1704 1728 1768 ministerium,
1746 1704 1895 1772 igno-

323 1813 451 1853 rans
490 1796 630 1866 quod
667 1811 771 1866 quo
793 1796 960 1866 magis
990 1797 1252 1862 ostendit,
1283 1811 1347 1850 eo
1373 1795 1540 1866 magis
1566 1807 1620 1849 et
1661 1795 1895 1862 seipsum

325 1901 381 1944 et
427 1890 567 1943 illam
599 1889 932 1943 dehonestat.
964 1888 1030 1942 Et
1052 1887 1176 1958 quid
1223 1887 1451 1953 mirum,
1497 1886 1542 1940 si
1582 1893 1896 1956 prmsenlem

323 1997 432 2036 non
457 1979 772 2035 erubescat?
795 1979 947 2049 Saepe
969 1980 1112 2034 enim
1133 1979 1319 2034 mediis
1340 1978 1583 2034 noctibus
1605 1978 1783 2032 vilium
1804 1992 1898 2030 an-

322 2071 565 2126 cillarum
592 2085 724 2141 opus
749 2069 982 2126 facturus
1007 2070 1072 2125 ad
1116 2071 1281 2140 ipsam
1323 2071 1656 2125 obstetricem
1682 2083 1898 2124 currere

324 2180 434 2218 non
455 2173 722 2234 gravatur.
751 2163 971 2230 Quando
995 2172 1170 2216 autem
1197 2162 1373 2227 adest,
1406 2177 1546 2217 nunc
1567 2161 1778 2231 quidem
1818 2161 1899 2230 ip-

325 2271 442 2310 sum
481 2255 702 2324 ejiciunt
729 2253 813 2308 vel
843 2254 1065 2308 invitum
1090 2293 1106 2320 ,
1153 2253 1276 2307 licet
1297 2253 1450 2307 valde
1478 2252 1760 2321 impudens
1788 2251 1893 2316 sit;

325 2360 468 2399 nunc
492 2352 666 2399 autem
699 2343 1043 2413 permittunt,
1087 2353 1142 2398 ut
1168 2345 1356 2398 iterum
1387 2344 1713 2414 ingrediatur
1736 2351 1790 2397 et
1813 2358 1895 2398 as-

325 2437 496 2489 sideat
525 2453 536 2487 :
570 2437 808 2505 quamvis
835 2436 1086 2504 quidnam
1127 2435 1306 2490 facere
1338 2437 1598 2505 quispiam
1630 2435 1796 2504 possit
1823 2434 1890 2489 ad

327 2527 478 2580 illum
502 2525 704 2596 pudore
723 2525 1090 2590 afﬁciendum,
1123 2525 1331 2581 etiamsi
1361 2526 1522 2580 millia
1549 2534 1771 2580 conetur
1789 2566 1804 2590 ,
1832 2525 1898 2578 iis

326 2617 503 2671 simile
531 2631 648 2684 quae
677 2616 791 2684 ipse
814 2615 913 2674 sibi
936 2613 1106 2670 facit?
1135 2615 1237 2671 Ubi
1261 2625 1437 2671 autem
1466 2616 1581 2670 dies
1607 2616 1774 2670 illuxit
1798 2655 1812 2678 ,
1844 2624 1897 2670 et

326 2721 581 2778 utrosque
606 2723 636 2762 e
663 2708 799 2762 lecto
840 2722 1055 2777 surgere
1083 2717 1288 2778 oportet
1312 2750 1326 2776 ,
1358 2709 1610 2763 custodiae
1635 2718 1689 2763 et
1714 2709 1896 2762 obser-

324 2803 562 2859 vationcs
587 2807 710 2852 sunt
738 2816 752 2852 :
780 2813 952 2868 neque
979 2799 1119 2853 enim
1151 2799 1218 2853 ad
1262 2799 1577 2853 exteriorem
1603 2799 1897 2853 domuncu-

326 2891 432 2944 lam
481 2887 720 2959 progredi
765 2888 879 2942 sine
918 2887 1107 2942 timore
1136 2890 1306 2958 possit
1337 2907 1350 2942 :
1382 2904 1524 2956 saepe
1567 2897 1738 2942 autem
1769 2904 1895 2956 pro-

324 2993 505 3049 gressa
528 3019 542 3043 ,
571 2978 794 3032 fortasse
821 2987 875 3032 et
898 2978 950 3032 in
981 2978 1149 3032 virum
1177 2978 1374 3032 nudum
1419 2978 1621 3032 incidit.
1653 2977 1747 3032 llle
1769 2993 1894 3034 vero

327 3073 432 3124 hoc
469 3069 640 3137 ipsum
684 3069 993 3137 suSpicans,
1036 3068 1196 3122 modo
1231 3068 1280 3122 id
1309 3083 1532 3122 monens
1569 3068 1891 3137 ingreditur,

327 3162 487 3216 modo
517 3162 753 3215 incautus
780 3160 1193 3230 deprehenditur
1212 3200 1228 3226 ,
1258 3175 1320 3214 ao
1349 3161 1517 3214 multo
1559 3163 1668 3214 risu
1704 3160 1893 3229 dignus

325 3261 447 3315 est;
486 3249 617 3305 nihil
664 3251 803 3305 enim
847 3250 1072 3320 amplius
1127 3251 1306 3304 dicere
1357 3251 1496 3304 volo.
1545 3249 1670 3304 Haec
1716 3260 1892 3304 autem

325 3342 564 3413 quamvis
592 3355 750 3409 parva
775 3381 790 3406 ,
819 3349 994 3395 tamen
1018 3355 1221 3409 magna:
1251 3340 1482 3394 libidinis
1506 3340 1765 3394 carbones
1804 3355 1893 3395 ac-

325 3431 555 3486 cendere
581 3439 987 3485 consueverunt.
1020 3429 1087 3484 Et
1112 3430 1226 3485 hazc
1251 3429 1466 3500 quidem
1492 3430 1635 3484 domi
1661 3470 1676 3496 ,
1708 3440 1760 3485 et
1779 3446 1892 3485 ma-

321 3523 436 3591 jora
465 3522 547 3576 his
578 3540 592 3576 :
620 3521 830 3590 quando
848 3531 1026 3576 autem
1048 3523 1099 3575 in
1127 3521 1396 3591 publicum
1427 3522 1578 3576 iverit
1602 3521 1887 3588 rediturus,

324 3615 516 3668 iterum
545 3613 714 3680 major
741 3610 1028 3680 turpitudo.
1062 3611 1118 3665 l'n
1148 3612 1364 3666 domum
1397 3626 1547 3665 suam
1581 3613 1848 3681 ingressus
1872 3652 1887 3678 ,

321 3713 374 3757 et
403 3703 528 3756 dum
579 3717 683 3755 non
724 3703 929 3770 cogitur
972 3703 1356 3771 przenuntiare,
1387 3701 1616 3756 inventis
1654 3702 1890 3756 mulieri-

321 3793 422 3848 bus
447 3792 801 3846 assidentibus
827 3791 969 3845 illam
993 3792 1287 3861 pndefacit,
1321 3804 1375 3847 et
1399 3793 1509 3861 ipsa
1537 3808 1678 3862 saepe
1701 3793 1771 3846 ita
1810 3791 1891 3846 af-

323 3886 499 3940 ficitur
519 3925 534 3950 ,
568 3893 823 3954 turpeque
851 3893 1032 3938 censet
1067 3884 1110 3937 si
1137 3884 1328 3938 mulier
1355 3884 1606 3938 mulieres
1634 3876 1889 3953 excipiat,

323 3987 374 4032 et
401 3976 560 4031 ille~si
582 3976 664 4029 vir
683 3975 822 4030 viros
855 3992 868 4028 :
901 3984 1139 4028 mutuum
1164 3984 1338 4028 autem
1364 3974 1763 4029 contubernium
1787 3992 1892 4029 non

321 4074 597 4131 recusant,
630 4074 815 4120 cavent
837 4073 1010 4118 autem
1057 4079 1125 4119 ne
1164 4078 1288 4118 suos
1317 4063 1640 4118 contribules
1668 4063 1892 4133 hospitio

322 4156 587 4227 excipiant
616 4172 629 4207 :
657 4169 763 4224 quo
809 4153 932 4223 quid
958 4153 1192 4208 deterius
1215 4153 1328 4208 ﬁeri
1359 4153 1559 4222 possit?
1583 4154 1788 4208 Accidit
1813 4154 1891 4208 in-

322 4245 550 4310 terdum,
568 4253 621 4298 ut
640 4245 809 4313 ipsum
828 4242 1074 4297 mulieres
1095 4243 1360 4296 inveniant
1375 4241 1692 4297 assidentem
1711 4243 1890 4312 agglo-

321 4335 546 4390 meranti
577 4339 658 4389 vel
678 4335 850 4388 colum
884 4335 1102 4388 tenenti.
1127 4333 1262 4400 Quid
1292 4348 1426 4403 Opus
1450 4343 1532 4388 est
1570 4333 1748 4389 dicere
1772 4335 1891 4403 jur-

318 4427 400 4495 gia
429 4433 482 4479 et
508 4425 838 4493 quotidianas
861 4425 1013 4478 lites?
1037 4423 1170 4478 Nam
1197 4424 1354 4477 etiam
1385 4424 1430 4478 si
1469 4425 1632 4479 multa
1661 4425 1890 4480 amicitia

319 4519 408 4582 sit,
443 4516 556 4570 haac
582 4530 792 4584 quoque
820 4516 1127 4586 contingere
1151 4525 1232 4570 est
1257 4517 1562 4570 verisimile.
1587 4517 1772 4570 Audivi
1793 4533 1890 4570 an-

321 4617 425 4661 tem
452 4617 505 4660 et
529 4606 595 4660 de
622 4605 881 4674 aliquibus
909 4607 1046 4674 quod
1077 4607 1301 4677 zelotypi
1344 4615 1484 4661 sunt.
1507 4607 1638 4662 Nam
1670 4609 1754 4662 ubi
1783 4624 1888 4662 non

320 4707 403 4752 est
429 4697 644 4751 dilectio
669 4697 955 4765 spiritualis
976 4738 992 4762 ,
1024 4709 1078 4752 ct
1106 4698 1207 4752 hoc
1231 4713 1450 4754 necesse
1477 4709 1560 4754 est
1586 4701 1701 4755 fieri
1730 4717 1742 4753 :
1767 4699 1889 4755 inde

318 4799 373 4845 ct
425 4787 559 4843 varii
609 4802 797 4853 casus,
849 4787 973 4842 inde
1026 4790 1434 4858 corruptiones,
1487 4791 1609 4846 inde
1659 4793 1888 4863 virgines

316 4883 612 4937 redduntur
635 4882 970 4951 impudentes
989 4892 1041 4937 et
1063 4882 1379 4950 illiberalcs;
1403 4886 1498 4939 etsi
1536 4900 1758 4955 corpore
1784 4903 1886 4941 non

316 4983 755 5043 corrumpantur,
804 4974 1037 5028 moribus
1081 4983 1274 5028 tamen.
1306 4975 1527 5041 Quando
1564 4978 1703 5032 enim
1733 4979 1890 5034 discit

320 5065 486 5118 libere
514 5063 653 5133 loqui
693 5063 806 5117 viro
829 5104 843 5126 ,
875 5065 1153 5118 considere
1177 5106 1192 5131 ,
1236 5065 1286 5118 in
1326 5081 1444 5119 cum
1475 5067 1702 5134 obtueri,
1734 5077 1787 5122 et
1815 5071 1886 5123 rio

320 5156 467 5220 dere,
497 5165 550 5209 et
573 5155 738 5208 multa
765 5155 868 5208 alia
898 5153 1035 5210 fmda
1063 5171 1247 5225 agere,
1275 5171 1449 5226 neque
1478 5157 1579 5212 hoc
1606 5176 1763 5229 grave
1791 5161 1887 5214 ali-

317 5246 441 5315 quid
473 5261 591 5300 esse
635 5255 820 5315 putat,
874 5246 1074 5301 tollitur
1115 5248 1427 5317 virginitatis
1467 5250 1676 5318 velum,
1708 5261 1761 5307 et
1787 5253 1886 5309 flos

319 5335 676 5390 conculcatur.
725 5336 852 5391 Inde
883 5352 1010 5391 vero
1053 5337 1183 5391 nihil
1230 5353 1389 5407 agere
1433 5339 1706 5407 dubitant,
1753 5344 1883 5399 nihil

317 5423 666 5494 deprecantur
689 5465 704 5491 ,
731 5426 824 5480 sed
855 5436 907 5481 et
932 5426 1266 5481 internuntia:
1310 5430 1612 5498 nuptiarum
1642 5432 1770 5485 fiunt
1788 5473 1803 5498 ,
1831 5443 1886 5489 et

320 5515 634 5592 institoriatn
683 5516 907 5570 aliorum
946 5517 1275 5586 negotiorum
1309 5519 1542 5588 obeunt,
1588 5522 1884 5596 multasque

316 5606 550 5664 volentes
577 5623 696 5666 esse
721 5608 906 5664 viduas
937 5609 1256 5680 prohibent,
1299 5622 1545 5683 putantes
1580 5631 1638 5674 se
1663 5633 1880 5676 suorum

640 5708 907 5769 ΡΑΤιιοι.
957 5709 1074 5770 Gn.
1124 5713 1370 5776 XLVI].

853 234 1036 306 QUOD
1073 235 1482 292 REGULARES
1517 232 1794 290 FEMINE
1824 231 2005 288 VlBlS
2037 231 2472 288 COHABITARE
2499 234 2632 290 NON
2669 237 3008 293 DEBEANT.

3444 214 3453 223 ’
3467 245 3574 302 530

2005 342 2266 397 malorum
2302 343 2663 401 defensionem
2707 348 2974 402 invenisse
3001 367 3015 405 :
3045 350 3164 408 inde
3192 356 3436 412 omnibus
3483 358 3576 413 dc-

2007 432 2287 502 spicabiles
2307 443 2448 499 sunt,
2471 435 2592 490 inde
2617 446 2672 492 et
2696 449 2872 508 nupta:
2895 441 3125 508 ipsarum
3141 458 3296 501 causa
3323 463 3425 501 non
3453 465 3576 504 eru-

2005 523 2262 588 bescunt,
2295 535 2474 594 utpote
2517 525 2862 584 in‘omnibus
2898 531 3089 586 melius
3131 545 3364 603 agentes.
3412 538 3574 594 Multo

2004 614 2147 669 enim
2172 615 2362 670 melius
2389 633 2548 671 unum
2573 627 2626 673 et
2646 619 2868 675 alterum
2908 621 3044 677 inire
3067 625 3391 695 conjugium,
3422 645 3572 699 quam

2006 704 2120 760 haec
2141 703 2277 762 {teda
2304 722 2480 777 agere,
2499 717 2554 763 et
2578 710 2826 765 lenonum
2851 714 3209 782 suspicionem
3235 718 3371 788 apud
3393 733 3574 775 omnes

2003 799 2183 854 subire
2206 841 2221 866 ,
2252 801 2392 870 quod
2423 817 2452 855 a
2500 805 2759 860 suavitate
2801 807 3104 876 nuptiarum
3143 822 3202 864 se
3230 811 3569 877 abstraham.

2005 899 2057 942 ct
2082 891 2328 946 oneribus
2357 893 2656 962 nuptiarum
2683 909 2741 950 se
2770 895 3019 952 subdant.
3050 898 3184 966 Quid
3215 901 3354 955 enim
3381 917 3562 957 onero

2004 980 2114 1034 sius
2143 997 2295 1049 quam
2328 983 2494 1036 virum
2520 983 2715 1040 habere
2740 1029 2751 1047 .
2772 995 2821 1041 et
2845 987 3125 1057 sollicitam
3147 1003 3265 1044 esse
3287 991 3351 1045 de
3373 991 3439 1046 iis
3458 1008 3577 1061 qum

2005 1072 2144 1126 illius
2190 1074 2351 1127 sunt?
2398 1076 2713 1132 Exoneravit
2757 1087 2807 1132 te
2854 1079 2921 1134 ab
2952 1081 3048 1135 hac
3093 1083 3332 1137 molestia
3380 1085 3519 1139 Deus
3557 1104 3569 1118 ο

2002 1163 2083 1214 Ad
2116 1162 2273 1216 virum
2299 1173 2439 1218 tuum
2465 1171 2716 1223 conversio
2755 1181 2868 1237 tua,
2901 1183 2948 1225 et
2990 1173 3097 1243 ipse
3126 1175 3200 1227 tui
3238 1177 3579 1231 dominabitur

2008 1250 2155 1323 (Gen.
2178 1254 2233 1308 5.
2258 1252 2346 1325 16)
2367 1293 2384 1321 ,
2408 1256 2576 1311 soluta
2606 1273 2665 1313 es
2691 1275 2782 1327 per
2803 1263 3160 1332 virginitatem
3191 1284 3202 1319 :
3231 1269 3356 1336 quid
3385 1271 3574 1324 iterum

1990 1353 2055 1397 .te
2083 1345 2323 1399 servituti
2355 1347 2611 1415 subjicis?
2638 1349 2883 1406 Liberam
2933 1364 2982 1410 te
3011 1354 3185 1410 effecit
3211 1356 3455 1414 Christus
3473 1402 3489 1426 ,
3521 1371 3576 1416 tu

2003 1445 2178 1487 autem
2209 1434 2298 1489 tibi
2331 1436 2428 1505 ipsi
2455 1439 2627 1493 nectis
2667 1444 2874 1510 negotia
2908 1462 2922 1499 :
2949 1445 3018 1500 ab
3039 1447 3186 1502 omni
3217 1449 3577 1508 sollicitudine

2003 1523 2222 1578 liberam
2253 1533 2303 1580 te
2326 1527 2476 1592 fecit,
2513 1537 2567 1583 tu
2587 1539 2763 1585 autem
2788 1548 2941 1589 curas
2960 1539 3252 1608 excogitas.

2073 1617 2123 1671 9.
2153 1615 2256 1670 Sed
2287 1620 2534 1697 quoniam
2561 1621 2925 1680 sollicitudinis
2954 1631 3154 1684 mentio
3194 1631 3405 1699 incidit,
3438 1642 3575 1691 tem-

2003 1710 2204 1777 pestive
2240 1708 2355 1764 haec
2380 1709 2574 1766 dicenti
2601 1716 2859 1770 succurrit
2892 1721 3237 1787 apostolicum
3266 1723 3410 1779 illud.
3440 1727 3573 1781 Nam

2001 1799 2045 1852 si
2070 1799 2372 1855 cohabitare
2401 1803 2526 1857 viris
2551 1806 2799 1862 mulieres
2838 1817 2891 1861 et
2920 1810 3228 1864 mulieribus
3256 1813 3395 1867 viros
3421 1831 3576 1872 curas

2002 1891 2241 1955 tolleret,
2295 1893 2360 1946 ad
2409 1896 2783 1952 continentiam
2839 1900 3170 1956 adhortando
3221 1902 3413 1961 Paulus
3471 1923 3574 1963 non

2001 1979 2221 2035 dixisset
2254 2000 2266 2035 :
2308 1982 2430 2038 Volo
2448 1996 2612 2039 autem
2637 2003 2722 2041 vos
2741 1988 2848 2043 sine
2869 1991 3208 2046 sollicitudine
3236 2010 3343 2048 esse
3362 1995 3435 2069 (Ι.
3454 1996 3572 2052 Cor.

2003 2070 2054 2123 7.
2079 2069 2191 2141 52),
2226 2081 2278 2125 ut
2320 2081 2374 2126 ct
2415 2073 2513 2129 hac
2539 2076 2742 2132 ratione
2783 2093 2881 2132 nos
2905 2080 3235 2138 admoneret.
3265 2082 3398 2151 Quid
3431 2087 3574 2145 enim

2003 2161 2201 2216 vultis?
2223 2161 2326 2216 ait:
2344 2163 2584 2230 Quietem
2603 2177 2654 2222 ct
2681 2168 3018 2224 libertatem?
3047 2171 3242 2227 Deinde
3263 2190 3367 2229 non
3389 2176 3574 2233 videtis

2000 2253 2322 2306 contrarium
2353 2256 2586 2322 evenire,
2610 2259 2916 2314 servitutem
2939 2269 2992 2315 et
3015 2263 3227 2319 labores
3250 2274 3303 2320 et
3335 2267 3575 2324 miserias

2001 2343 2212 2409 multas,
2259 2343 2382 2398 dum
2431 2346 2560 2401 viris
2605 2348 2980 2405 cohabitatur?
3019 2351 3197 2409 Multa:
3241 2355 3397 2424 igitur
3425 2371 3575 2427 ,szepo

1998 2433 2210 2486 amissis
2239 2433 2362 2488 viris
2387 2436 2457 2491 ob
2483 2435 2584 2492 hoc
2626 2454 2732 2493 non
2759 2441 2948 2496 iterum
2979 2443 3200 2508 nubunt,
3234 2461 3299 2499 ne
3328 2447 3428 2500 sub
3449 2448 3574 2520 jugo

2000 2523 2269 2576 servitutis
2289 2523 2478 2578 iterum
2505 2527 2631 2580 sint.
2663 2527 2886 2584 Prorsus
2908 2543 3084 2586 autem
3113 2534 3156 2588 si
3186 2535 3238 2588 in
3267 2546 3574 2606 paupertate

2002 2615 2138 2669 vivis
2167 2624 2220 2670 et
2239 2617 2380 2670 omni
2409 2619 2699 2684 patrocinio
2724 2635 2895 2689 cares,
2919 2621 3164 2679 virtutem
3191 2627 3310 2680 vita:
3331 2628 3570 2698 ostende,

2000 2715 2053 2759 ct
2074 2721 2194 2760 cum
2211 2706 2323 2759 viro
2350 2708 2479 2762 nihil
2509 2707 2646 2764 habe
2675 2724 2954 2767 commune
2980 2731 2992 2765 :
3020 2715 3280 2785 conjunge
3305 2725 3357 2772 te
3381 2718 3571 2774 mulie-

1999 2797 2144 2850 ribus
2171 2812 2287 2865 quae
2316 2796 2538 2854 honeste
2566 2801 2830 2863 vixerunt,
2859 2813 2911 2856 ct
2935 2820 3104 2873 neque
3135 2816 3277 2861 tuam
3322 2823 3571 2865 coronam

1998 2885 2292 2953 disperdes,
2320 2897 2373 2941 et
2407 2889 2552 2942 omni
2582 2889 2868 2957 perfrueris
2891 2895 3192 2950 securitate.
3220 2895 3369 2964 Quod
3398 2900 3444 2954 si
3473 2900 3573 2956 hoc

1999 2974 2218 3030 difficile
2243 2990 2365 3030 esse
2391 2986 2562 3045 putas,
2587 2994 2768 3048 quaere
2789 2981 3085 3052 diligenter,
3109 2994 3163 3039 et
3187 2988 3402 3043 omnino
3429 2989 3573 3044 inve-

2001 3065 2149 3129 nies;
2178 3065 2285 3119 imo
2327 3081 2430 3121 non
2470 3070 2822 3124 necessarium
2866 3084 2948 3126 est
2989 3088 3249 3142 qurerere.
3278 3076 3409 3133 Nam
3439 3080 3571 3136 sicut

1997 3153 2062 3207 ad
2091 3153 2259 3207 lucem
2290 3156 2616 3220 occurrimus
2642 3174 2846 3226 omnes,
2871 3164 2969 3229 sic,
3002 3166 3048 3220 si
3077 3165 3414 3236 refulgebunt
3439 3171 3571 3227 radii

1998 3243 2118 3296 vitm
2165 3252 2286 3308 tuae,
2321 3260 2507 3300 omnes
2534 3261 2816 3305 accurrent
2845 3261 2896 3308 te
2923 3253 3220 3324 diligentes,
3249 3273 3574 3331 unaquaeque

1997 3335 2089 3389 tibi
2121 3350 2337 3392 munere
2383 3337 2690 3409 fungeretur
2739 3345 3014 3412 ministra},
3044 3356 3096 3401 ct
3141 3358 3193 3406 to
3233 3349 3418 3406 domus
3459 3368 3573 3409 sua!

1995 3429 2333 3483 securitatem
2376 3431 2576 3498 putabit
2618 3447 2755 3499 esse,
2785 3444 2858 3490 'et
2883 3443 3126 3492 ornatum
3154 3436 3276 3494 vitae
3317 3447 3373 3495 et
3415 3455 3574 3500 coro-

1995 3536 2118 3573 nam
2181 3521 2470 3574 sccuudum
2522 3523 3078 3602 sermo-*"A-‘i‘sti.
3125 3531 3347 3597 Quwrite
3388 3534 3570 3602 enim,

1995 3610 2087 3674 ait,
2121 3625 2328 3678 regnum
2355 3609 2468 3674 Dei,
2493 3613 2761 3694 £1!le
2949 3609 3188 3694 terentur
3204 3621 3341 3676 vobis
3358 3623 3569 3690 (Manli.

1996 3698 2049 3754 6.
2080 3698 2190 3770 55).
2219 3699 2370 3754 Nunc
2396 3711 2572 3755 autem
2600 3711 2654 3756 et
2671 3698 3045 3776 'noMs
3069 3726 3273 3776 sumus,
3303 3721 3362 3765 ut
3385 3728 3448 3767 ex
3475 3714 3572 3770 hac

2640 3631 2676 3662 IL

2748 3662 3017 3750 ἕλιξ

1996 3791 2234 3844 εωουιεηιί
2280 3792 2530 3847 felicitate
2574 3793 2880 3850 excidamus
2906 3791 3048 3866 quod
3075 3802 3304 3854 caelestia
3337 3804 3570 3874 negliga-

1995 3898 2133 3937 mus.
2161 3882 2270 3937 Nos
2297 3893 2472 3938 autem
2502 3885 2712 3954 quando
2738 3886 2878 3952 dico,
2910 3902 3016 3940 non
3042 3888 3184 3944 viros
3212 3892 3384 3946 solum
3429 3894 3566 3959 dico,

1996 3979 2090 4032 sed
2118 3987 2171 4031 et
2215 3993 2326 4040 vos,
2360 3986 2414 4032 et
2455 3993 2550 4033 vos
2589 3980 2758 4049 magis
2801 3995 2957 4049 quam
3005 3981 3168 4037 viros.
3219 3983 3476 4050 Quoniam
3505 3988 3572 4043 ab

1995 4069 2144 4123 initio
2169 4069 2237 4122 ob
2268 4069 2366 4123 hoc
2409 4070 2703 4139 graviorem
2733 4086 2941 4140 pinnam
2970 4074 3173 4142 accepit
3201 4076 3387 4130 tnulier
3406 4118 3421 4144 ,
3449 4077 3568 4146 quia

1996 4159 2323 4226 deceptionis
2367 4159 2534 4228 major
2570 4175 2728 4215 causa
2775 4160 2893 4229 fuit,
2941 4173 3156 4232 propter
3196 4165 3293 4219 hoc
3334 4177 3388 4221 et
3430 4167 3572 4222 deci-

1996 4250 2225 4318 pieutem
2272 4250 2438 4318 magis
2466 4265 2622 4318 quam
2649 4251 2926 4320 deceptum
2975 4253 3180 4322 punivit
3224 4256 3359 4310 Deus
3388 4275 3400 4311 :
3429 4258 3568 4327 quod

1994 4351 2048 4394 et
2077 4353 2216 4393 nunc
2235 4341 2353 4402 erit,
2385 4340 2427 4394 si
2450 4354 2554 4394 non
2584 4341 2852 4396 volueritis
2878 4343 3089 4410 corrigi,
3115 4354 3166 4397 et
3196 4345 3259 4397 ad
3305 4349 3568 4414 propriam

1995 4431 2166 4486 redire
2215 4431 2556 4484 nobilitatem.
2590 4431 2811 4500 Propter
2836 4431 2938 4486 hoc
2981 4432 3120 4486 enim
3150 4443 3202 4487 et
3231 4434 3420 4488 mulier
3448 4445 3570 4492 tunc

1994 4523 2314 4592 reprehensa
2341 4521 2488 4594 (Gen.
2533 4522 2612 4594 3),
2640 4523 2779 4592 quod
2825 4538 2953 4578 vero
2979 4523 3211 4579 dedisset
3253 4525 3319 4579 de
3357 4526 3523 4583 fructu
3550 4517 3578 4594 ,'

1995 4629 2098 4669 non
2139 4613 2367 4668 audebat
2406 4611 2584 4668 dicere
2628 4613 2946 4681 Oportuisse,
2993 4629 3113 4667 cum
3147 4614 3229 4669 vir
3255 4623 3420 4679 esset,
3464 4633 3566 4673 non

1994 4705 2299 4776 persuaderi
2350 4720 2520 4774 neque
2566 4703 2758 4773 decipi,
2807 4705 2900 4760 sed
2949 4708 3084 4759 hanc
3129 4707 3341 4775 quidem
3386 4717 3568 4777 utpote

1994 4797 2231 4866 frigidam
2277 4795 2637 4851 defensionem
2679 4795 2860 4862 tacuit,
2910 4795 2974 4849 ad
3017 4797 3173 4850 aliam
3219 4807 3394 4852 autem
3425 4801 3570 4854 venit

1993 4890 2253 4943 infirmam
2283 4886 2492 4956 quidem
2520 4894 2574 4940 et
2601 4885 2789 4955 ipsam,
2820 4894 3048 4939 attamen
3082 4887 3196 4954 plus
3239 4887 3338 4941 hac
3366 4888 3566 4944 haben-

1993 4991 2097 5036 tem
2139 4979 2377 5033 rationis.
2428 4976 2576 5032 Unde
2617 4977 2790 5046 palam
2820 4985 2903 5032 est
2938 4977 3104 5046 magis
3133 4977 3294 5032 licere
3331 4978 3566 5048 deceptis

1993 5073 2043 5126 in
2073 5063 2382 5139 deceptdres
2409 5068 2618 5139 culpam
2660 5067 2902 5136 rejicere,
2933 5083 3089 5138 quam
3115 5069 3483 5138 deceptoribus
3513 5072 3561 5126 iit

1990 5163 2259 5232 deceptos.
2290 5159 2535 5215 Scortum
2564 5157 2790 5213 accersit
2813 5172 2932 5212 eum
2961 5159 3051 5227 qui
3095 5159 3414 5214 contumelia
3440 5175 3557 5215 cor«

1990 5269 2089 5324 pus
2117 5267 2268 5306 suum
2313 5249 2493 5314 afﬁcit,
2538 5257 2593 5303 et
2634 5257 2914 5318 postquam
2952 5263 3071 5302 cum
3118 5249 3206 5303 illo
3250 5248 3550 5310 dormierit.

1991 5344 2178 5396 iterum
2209 5339 2455 5404 dimittit;
2485 5347 2540 5393 tu
2564 5347 2740 5393 autem
2767 5337 2853 5392 ubi
2879 5339 3086 5392 vocaris
3111 5354 3230 5393 eum
3257 5338 3345 5409 qui
3373 5341 3561 5410 injuria

1989 5435 2148 5490 afficit
2171 5441 2227 5489 et
2254 5432 2544 5502 corrumpit
2568 5431 2797 5486 animam
2840 5440 3003 5494 tuam,
3034 5444 3245 5501 semper
3270 5431 3441 5501 ipsum
3479 5433 3555 5488 in-

1989 5528 2194 5591 cludis,
2243 5533 2299 5582 et
2345 5540 2451 5580 non
2499 5521 2762 5594 permittis
2807 5522 2972 5589 exire,
3026 5522 3338 5594 vinculaque
3383 5526 3559 5594 gravia

1992 5619 2162 5689 injicis
2208 5616 2527 5684 adulatione,
2558 5629 2684 5671 cura
2713 5621 2766 5670 et
2808 5612 2928 5669 aliis
2956 5613 3203 5684 operibus
3247 5623 3300 5669 et
3330 5624 3479 5685 putas
3509 5625 3562 5673 te

3137 5716 3211 5775 31
