4060 6136
550 217 649 273 551

546 326 833 398 gloriﬁcari
876 340 999 383 cum
1045 326 1268 397 tci-psam
1311 326 1391 382 ita
1426 329 1743 387 confundis?
1771 330 1886 386 Non
1932 332 2130 402 cogitas

546 429 628 487 tu,
656 419 741 476 dic
763 420 918 486 mihi,
958 429 1275 489 praesentem
1314 420 1495 488 vitam,
1525 436 1682 492 quam
1724 423 1921 488 brevis,
1951 435 2008 478 ut
2043 437 2129 477 so-

546 515 705 571 mniis
730 513 1073 579 assimiletnr,
1102 522 1155 567 ct
1196 512 1430 569 ﬂosculis
1454 514 1927 577 marcescentibns,
1949 523 2131 569 ctum-

544 605 656 661 brte
683 604 1067 675 prtetereunti?
1097 604 1204 660 Cur
1228 604 1310 658 vis
1353 604 1588 659 deliciari
1618 618 1761 661 nunc
1785 606 1836 658 In
1875 604 2083 660 somnio
2108 643 2129 672 ,

546 704 601 750 et
629 694 806 764 puniri
837 703 962 749 tunc
990 694 1042 749 in
1082 693 1351 749 veritate?
1372 692 1625 760 Quamvis
1653 708 1750 748 nec
1777 693 1991 749 delicias
2017 694 2131 749 hmo

545 803 635 843 res
667 788 864 842 habet:
896 786 1164 857 quomodo
1206 786 1369 850 cnim,
1400 786 1489 840 ubi
1536 785 1908 841 condemnatio
1952 795 2007 840 et
2042 801 2130 841 re-

544 878 929 949 prehensiones
970 885 1027 932 et
1070 876 1309 931 convicia
1354 884 1409 931 et
1460 875 1751 930 scandala?
1792 874 1988 930 Verum
2032 875 2132 930 etsi

550 968 754 1024 deliciae
782 976 984 1035 essent,
1016 967 1142 1038 quid
1169 977 1253 1045 est
1280 982 1442 1038 parva
1467 982 1616 1037 aqua:
1641 975 1784 1036 gutta
1811 966 1878 1021 ad
1910 967 2134 1020 immen-

550 1076 666 1120 sum
693 1065 877 1119 mare?
903 1064 1057 1129 Audi,
1088 1066 1219 1134 ﬁlia,
1246 1074 1294 1119 et
1324 1066 1455 1132 vide,
1486 1074 1533 1120 et
1558 1066 1749 1119 inclina
1768 1075 2095 1119 auremtuam
2115 1107 2130 1131 ,

548 1164 596 1211 et
624 1155 908 1211 obliviscere
950 1153 1194 1225 papulum
1242 1166 1414 1229 tuum,
1446 1166 1493 1211 et
1522 1157 1728 1210 domum
1765 1156 1923 1225 patris
1960 1157 2052 1221 tui,
2088 1166 2135 1210 et

550 1247 864 1315 concupiscet
890 1262 979 1301 rea:
1015 1246 1252 1301 decorem
1287 1255 1427 1301 tuum
1461 1245 1628 1316 (Psal.
1677 1248 1765 1302 M.
1799 1247 1912 1318 i2),
1945 1247 2010 1302 ad
2041 1262 2133 1302 or-

549 1336 672 1391 bem
724 1346 881 1391 terra:
926 1336 1210 1406 aliquando
1254 1336 1394 1392 male
1431 1336 1673 1391 all‘cctum
1703 1338 1910 1391 dicebat
1949 1337 2133 1391 David.

548 1427 663 1485 Hoc
685 1427 841 1498 igitur
861 1443 959 1483 nos
983 1428 1075 1483 tibi
1095 1429 1420 1492 occinemus,
1437 1428 1601 1483 breve
1620 1428 1837 1484 verbum
1864 1428 2135 1497 prophetae

553 1519 1001 1574 subimmutantes
1024 1560 1039 1584 ,
1085 1530 1140 1574 et
1178 1518 1416 1573 dicemus
1458 1533 1580 1573 cum
1624 1518 1879 1587 propheta
1911 1536 1925 1572 :
1955 1517 2133 1584 Audi,

548 1610 680 1677 lilia,
708 1618 763 1665 et
787 1609 927 1675 vide,
969 1619 1024 1664 et
1048 1609 1240 1664 inclina
1282 1623 1468 1664 aurem
1510 1617 1675 1672 tuam,
1710 1618 1766 1663 et
1806 1609 2126 1665 obliviscere

549 1701 708 1759 mala:
746 1699 1144 1754 consuetudinis
1173 1707 1228 1755 et
1273 1714 1459 1755 eorum
1496 1699 1586 1768 qui
1614 1679 1710 1753 tibi
1756 1698 1896 1754 male
1925 1697 2141 1753 cohabi-

549 1799 685 1854 tant,
719 1798 775 1845 et
812 1790 1150 1859 concupiscet
1189 1804 1283 1845 rex
1325 1788 1772 1859 pulchritudinem
1811 1797 1974 1844 tuam.
2000 1787 2137 1854 Quid

551 1881 649 1937 tibi
675 1881 777 1936 hoc
799 1880 1006 1950 majus?
1031 1880 1157 1950 quid
1181 1880 1309 1934 item
1336 1894 1432 1949 par
1456 1878 1745 1948 poterimus
1761 1878 1956 1944 dicere,
1978 1894 2137 1947 quam

550 1980 614 2027 ut
653 1971 805 2038 caeli,
852 1980 1010 2025 terra:
1049 1979 1102 2026 et
1143 1970 1450 2041 angelorum
1503 1978 1557 2025 et
1601 1970 2038 2040 archangelorum
2083 1977 2139 2026 et

550 2077 903 2134 supernarum
940 2062 1203 2118 Virtutum
1245 2062 1528 2117 Dominum
1576 2069 1868 2116 amatorem
1911 2062 2093 2115 sortita
2118 2102 2134 2129 ,

550 2156 797 2212 libereris
824 2171 855 2211 a
880 2154 1075 2210 vilibus
1118 2155 1412 2221 conservis,
1445 2164 1587 2209 tuam
1626 2154 2013 2225 notabilitatem
2043 2154 2140 2212 de-

550 2246 1005 2303 honestantibus?
1035 2246 1258 2316 Propter
1298 2246 1442 2316 quod
1478 2262 1509 2301 e
1550 2260 1609 2301 re
1649 2246 1807 2300 fuerit
1860 2245 1946 2300 hic
1989 2245 2141 2301 ﬁnire

486 2404 489 2409 ι
550 2353 856 2394 sermonem
886 2356 902 2395 :
934 2338 1066 2394 nihil
1089 2338 1233 2394 enim
1276 2338 1455 2394 dicere
1496 2337 1789 2408 poterimus
1835 2336 1978 2405 quod
2016 2335 2141 2391 huic

543 2426 744 2487 .ltonori
771 2429 843 2484 sit
887 2443 1002 2499 par.
1032 2427 1165 2484 Nam
1196 2428 1244 2485 si
1281 2443 1400 2499 quae
1426 2442 1680 2498 sponsum
1719 2427 1774 2482 in
1802 2433 1942 2481 terra
1983 2440 2139 2481 acce-

556 2518 699 2584 perit
739 2533 944 2598 regem,
988 2519 1239 2576 omnibus
1279 2533 1338 2575 se
1365 2526 1517 2588 putat
1557 2532 1677 2574 esse
1722 2517 2054 2574 beatiorem:
2087 2525 2140 2570 ιιι

1295 214 1354 273 S.
1393 215 1670 274 JOANNIS
1694 216 2169 277 CHRYSOSTOMI
2206 223 2523 279 ARCHIEP.
2552 175 3089 281 CON'STANTINOP.
3765 227 3859 282 532

2236 351 2358 390 cum
2384 336 2580 392 habeas
2606 351 2715 392 non
2755 346 3042 400 terrenum,
3077 350 3177 392 nec
3202 350 3584 403 conservum,
3619 336 3720 393 sed
3747 344 3859 395 eum

2236 427 2325 496 qui
2370 427 2425 481 in
2445 427 2617 491 cmlis,
2648 442 2769 483 eum
2812 428 2900 500 qui
2937 442 3099 497 super
3136 442 3362 485 omnem
3412 429 3791 498 principatum
3813 440 3863 485 et

2237 524 2553 585 potestatem
2581 526 2636 573 et
2657 518 2906 573 virtutem
2934 528 2989 572 et
3012 534 3170 574 omne
3194 534 3408 574 nomen
3438 519 3597 588 quod
3628 519 3862 576 nomina-

2237 616 2342 671 tur,
2386 621 2507 661 eum
2553 607 2644 677 qui
2695 622 2857 676 super
2905 607 3190 665 Cherubim
3241 609 3441 674 sedet,
3505 611 3605 678 qui
3635 612 3864 665 concutit

2236 704 2455 762 terram,
2482 697 2573 766 qui
2603 697 2841 752 extendit
2862 700 3076 765 cmlnm,
3120 699 3209 768 qui
3237 698 3523 753 terribilis
3550 708 3646 755 est
3662 697 3860 754 Cheru.

2235 786 2393 851 binis,
2442 786 2743 842 inaccessus
2790 787 3122 857 Seraphinis,
3170 805 3274 844 non
3310 805 3603 859 sponsum
3651 791 3860 859 solum,

2237 878 2330 932 sed
2359 887 2650 934 amatorem
2691 880 2877 948 quovis
2905 880 3119 935 homine
3144 880 3562 945 ardentiorem,
3594 880 3862 949 quomodo

2237 984 2343 1023 non
2371 970 2548 1025 omnia
2593 971 2867 1041 relinquis,
2912 988 3030 1041 qua:
3066 972 3153 1028 hic
3181 982 3331 1036 sunt,
3366 973 3601 1033 etiamsi
3635 974 3859 1027 animam

2238 1061 2409 1129 ipsam
2457 1063 2759 1132 relinquere
2801 1064 3081 1132 oporteat?
3123 1064 3399 1129 Quoniam
3454 1064 3629 1133 igitur
3677 1063 3861 1117 sufﬁcit

2240 1152 2343 1207 hoc
2371 1154 2589 1208 verbum
2618 1155 2790 1208 solum
2816 1155 2881 1208 ad
2912 1155 3127 1224 plumbo
3152 1156 3297 1209 omni
3331 1154 3666 1225 graviorem
3699 1155 3860 1209 corri-

2238 1242 2467 1312 gendum
2493 1253 2546 1299 et
2586 1244 3002 1313 promovendnm
3032 1244 3099 1300 ad
3141 1260 3449 1314 supernam
3494 1244 3862 1299 conversatio-

2238 1348 2384 1398 ncm,
2430 1342 2483 1388 et
2522 1350 2619 1388 nos
2662 1334 2767 1389 huc
2816 1335 3130 1401 desinimus,
3178 1345 3343 1404 teque
3398 1334 3772 1389 admonemus
3809 1344 3858 1388 ut

2239 1425 2393 1494 quasi
2436 1424 2672 1480 divinum
2723 1426 2935 1496 aliquod
2965 1427 3229 1482 canticum
3272 1427 3600 1491 concinas;
3628 1442 3696 1481 ac
3725 1426 3856 1480 domi

2241 1522 2297 1570 et
2320 1515 2372 1569 in
2398 1514 2535 1580 foro,
2564 1525 2618 1571 et
2641 1516 2728 1571 die
2748 1526 2802 1572 ct
2829 1527 3003 1582 nocte,
3030 1526 3084 1572 et
3111 1518 3164 1572 in
3211 1518 3297 1571 via
3327 1526 3389 1572 et
3445 1517 3502 1571 in
3557 1516 3794 1572 thalamo
3820 1518 3852 1582 ',

2241 1615 2296 1661 et
2322 1622 2455 1662 voce
2493 1616 2549 1662 et
2577 1615 2754 1663 mente
2800 1609 3053 1663 continue
3094 1609 3333 1677 loquaris
3383 1608 3600 1663 anima:
3639 1608 3854 1661 dicens:

2242 1695 2402 1761 Audi,
2448 1697 2644 1762 anima,
2698 1704 2755 1751 et
2795 1697 2950 1764 vide,
2999 1706 3053 1752 et
3098 1698 3292 1755 inclina
3348 1712 3554 1752 aurem
3606 1706 3771 1761 tuam,
3810 1705 3855 1751 et

2244 1785 2557 1841 obliviscere
2601 1785 2754 1842 malm
2796 1786 3216 1852 consuetudinis,
3262 1796 3321 1842 et.
3365 1787 3735 1855 concupiscet
3770 1801 3853 1840 rex

2245 1873 2689 1943 pulchritudinem
2744 1885 2909 1932 tuam.
2957 1877 3026 1932 Et
3074 1877 3119 1930 si
3165 1877 3267 1932 hoc
3310 1878 3596 1933 continue
3645 1876 3851 1930 verbum

2244 1963 2459 2031 dixeris,
2503 1981 2634 2021 auro
2662 1968 2807 2021 omni
2832 1968 3105 2038 puriorem
3135 1967 3298 2022 iacies
3341 1968 3622 2022 animam.
3658 1966 3851 2019 Dictum

2244 2055 2386 2111 enim
2414 2054 2517 2111 hoc
2556 2056 2677 2125 igne
2705 2056 3074 2112 vehementius
3102 2064 3155 2111 et
3183 2056 3478 2111 efﬁcacius
3525 2054 3719 2109 amare
3746 2063 3850 2108 tuas

2244 2144 2592 2214 cogitationes
2616 2153 2670 2199 et
2706 2159 2893 2200 omnes
2923 2154 3025 2199 tute
3064 2146 3259 2199 mentis
3282 2144 3543 2200 maculas
3568 2158 3849 2212 expurgare

2244 2235 2461 2302 valebit,
2491 2235 2546 2290 in
2571 2234 2782 2291 Christo
2805 2236 2930 2291 Jesu
2974 2237 3198 2292 Domino
3224 2246 3446 2304 nostro,
3479 2237 3571 2293 cui
3615 2236 3777 2306 gloria
3802 2234 3844 2287 in

2247 2327 2445 2385 saecula
2468 2327 2805 2382 somniorum.
2831 2326 3022 2382 Amen.

2313 2500 2330 2533 ι
2365 2498 2504 2551 savii.
2530 2499 2705 2562 habet,
2720 2504 2765 2552 et
2780 2498 2829 2551 in
2851 2498 2992 2551 mari.

1884 3291 2057 3372 FLle
2091 3290 2255 3361 TOMI
2291 3292 2500 3350 pan".
