4060 6194
852 572 2926 736 SUPPLEMENTUM

1544 852 1716 937 AD
1796 848 2243 938 OPERA

138 1061 378 1284 S.
585 1059 1376 1285 ΑΗΒ.

1579 1014 3630 1319 AUGUSTINI,

1396 1397 1948 1455 HIPPONENSIS
2003 1398 2392 1471 EPISCOPI.

1004 1727 1674 1833 NOTITIA
1802 1729 2793 1853 LITTERABIA

901 1912 966 1959 IN
1002 1910 1174 1971 VITA,
1226 1909 1516 1959 SCRIPTIS
1550 1910 1630 1959 ET
1662 1910 2078 1959 EDITIONIBUS
2116 1910 2381 1960 OPERUM
2419 1910 2469 1960 S.
2518 1910 2884 1961 AUGUSTINI.

1317 2046 1332 2107 (
1350 2043 1765 2094 Schanemanni
1793 2043 2042 2094 Biblioth.
2072 2044 2279 2107 Lipsia.
2311 2044 2482 2107 1794.)

715 2379 941 2435 CAPUT
979 2377 1275 2432 PRIMUM.

706 2503 835 2559 Vita
869 2503 933 2556 S.
973 2500 1301 2573 Augustini.

212 2633 395 2686 Natus
428 2632 514 2683 est
539 2629 823 2698 Tagasta,
847 2626 1086 2680 obscuro
1115 2625 1318 2678 Africa
1348 2624 1579 2694 oppido,
1622 2623 1681 2677 in
1722 2640 1847 2679 me-

138 2721 477 2775 diterranea
526 2715 810 2770 Numidia
852 2718 1035 2784 parte,
1086 2714 1238 2767 haud
1274 2713 1529 2782 procula
1570 2708 1851 2766 Madauris

141 2814 201 2863 et
274 2808 541 2877 Hippone
618 2802 798 2875 Regio
874 2803 1004 2868 sito,
1076 2802 1265 2856 idibus
1322 2801 1650 2855 Novembris
1702 2818 1850 2855 anno

141 2913 349 2963 cccuv,
402 2896 447 2949 i.
513 2911 562 2947 e.
614 2892 1012 2949 trecentesimo
1078 2890 1559 2962 quinquagesimo
1624 2895 1847 2959 quarto,

143 2984 491 3057 parentibus
532 2980 781 3035 honestis
843 2980 910 3033 de
963 2978 1298 3043 Curialium,
1358 2994 1456 3031 seu
1506 2993 1705 3031 eorum
1752 2978 1851 3048 qui

149 3074 353 3128 munia
385 3070 615 3142 publica
656 3068 1040 3139 procurabant
1086 3066 1147 3120 in
1192 3065 1543 3136 municipiis,
1590 3082 1851 3132 numero,

152 3171 211 3216 ut
262 3161 445 3215 tradit
494 3158 802 3212 Possidius.
854 3158 1019 3210 Pater
1062 3161 1185 3210 erat
1232 3154 1529 3221 Patricius,
1580 3154 1851 3209 mediocri

145 3253 409 3315 fortuna,
446 3248 544 3303 sed
591 3246 817 3301 liberali
859 3250 916 3299 et
964 3262 1252 3317 propenso
1290 3244 1352 3298 in
1389 3261 1587 3298 omnes
1637 3244 1849 3308 animo,

152 3341 329 3395 simul
367 3344 561 3392 tamen
592 3335 900 3391 iracundus
930 3340 990 3388 et
1016 3335 1195 3401 ferox,
1224 3339 1289 3387 ut
1314 3333 1504 3403 ipsum
1532 3332 1717 3403 pinxit
1742 3334 1853 3387 Au-

152 3429 422 3501 gustinus
450 3427 519 3496 (a)
545 3444 559 3493 ;
586 3426 762 3480 ﬁdem
794 3423 1172 3479 Christianam
1204 3423 1308 3476 sub
1363 3422 1537 3477 ﬁnem
1579 3422 1711 3476 vita
1754 3421 1850 3475 de-

151 3534 317 3573 mum
356 3516 696 3585 amplexus;
750 3517 935 3566 mater
978 3510 1216 3578 Monica,
1265 3509 1646 3564 clarissimum
1702 3509 1853 3564 inter

153 3606 512 3661 Christianos
539 3618 772 3668 nomen,
805 3618 934 3673 qua
960 3598 1171 3654 liberos
1201 3616 1333 3653 suos
1376 3600 1446 3653 ab
1489 3597 1850 3653 incunabulis

151 3694 359 3749 statim
389 3694 672 3763 religionis
704 3689 1039 3746 Christiana
1068 3705 1237 3743 sensu
1285 3692 1339 3742 et
1383 3704 1574 3742 amore
1623 3687 1848 3742 imbuit.

155 3789 235 3841 De
280 3784 520 3838 infantia
563 3800 685 3849 sua,
748 3781 935 3853 prima
991 3779 1349 3847 educatione,
1395 3783 1453 3833 et
1496 3778 1855 3832 institutione

151 3874 363 3929 deinde
392 3872 627 3944 puerilis
656 3870 841 3926 atatis
871 3869 991 3940 ipse
1011 3869 1177 3940 plura
1204 3866 1403 3921 retulit
1438 3867 1498 3920 in
1537 3867 1854 3922 Confessio-

152 3966 347 4029 nibus,
376 3978 552 4033 quam
572 3962 648 4015 ad
680 3959 977 4030 sequentia
1007 3957 1136 4012 vita
1169 3958 1291 4027 ejus
1341 3959 1465 4011 acta
1520 3956 1857 4011 illustranda

154 4070 299 4124 opus
340 4057 464 4105 erat
501 4054 559 4104 et
604 4047 987 4103 conducibile.
1043 4045 1304 4100 Vividum
1353 4045 1462 4099 fuit
1504 4046 1717 4099 scilicet
1762 4049 1859 4099 aut

152 4142 443 4197 fervidum
472 4140 664 4211 potius
690 4138 857 4209 pueri
884 4142 939 4191 et
984 4134 1353 4190 adolescentis
1382 4134 1701 4206 ingenium,
1732 4151 1859 4205 par-

154 4233 261 4287 tim
305 4248 338 4285 a
385 4227 667 4299 sanguine
709 4226 981 4298 parentis,
1027 4224 1240 4296 partim
1286 4224 1414 4277 coeli
1458 4228 1685 4277 natura.
1734 4225 1858 4277 Jam

154 4327 321 4392 pater
347 4319 561 4374 liberos
603 4333 754 4382 suos,
796 4321 861 4370 ut
902 4331 969 4368 ex
1006 4312 1177 4368 variis
1221 4313 1421 4378 elucet,
1469 4328 1599 4383 qua
1644 4328 1859 4366 memo-

156 4410 257 4464 ria
288 4410 359 4463 de
392 4424 458 4462 eo
480 4405 833 4477 Augustinus
864 4402 1141 4474 prodidit,
1168 4400 1499 4456 medullitus
1530 4401 1759 4456 amabat
1804 4406 1862 4455 et

158 4499 217 4551 in
252 4496 387 4551 sinu
421 4494 706 4565 gaudebat
736 4494 805 4547 de
845 4486 1304 4565 quibuscumque
1353 4494 1450 4543 aut
1494 4488 1715 4561 ingenii
1764 4492 1864 4544 aut

158 4585 423 4656 corporis
451 4601 592 4654 quas
628 4585 954 4636 exsererent
980 4580 1196 4634 viribus
1220 4599 1236 4647 ;
1266 4579 1451 4633 mater
1479 4578 1575 4647 pia
1601 4595 1733 4632 sane
1757 4593 1862 4633 nec

157 4675 355 4730 minus
397 4674 673 4744 prudens,
711 4670 1028 4743 plurimum
1073 4674 1269 4723 tamen
1298 4667 1537 4722 indulsit
1578 4667 1862 4737 appetitui

159 4764 290 4830 ﬁlii,
323 4762 447 4834 qui,
480 4762 527 4815 si
554 4767 783 4816 strenue
817 4760 1033 4813 litteras
1060 4758 1322 4824 disceret,
1357 4756 1491 4810 satis
1524 4756 1669 4809 bene
1715 4756 1861 4812 edu-
1906 4762 1911 4769 '

162 4852 286 4907 cari
318 4851 638 4905 videbatur.
681 4851 824 4904 Hinc
864 4847 1083 4903 semina
1133 4846 1457 4919 ingentium
1478 4845 1749 4900 vitiorum
1779 4844 1861 4898 si-

1881 2364 1925 2416 A
1954 2360 2318 2432 eloquentia,
2349 2377 2466 2432 qua
2503 2361 2623 2415 sola
2663 2364 2800 2415 tunc
2843 2361 3173 2417 hominibus
3223 2362 3499 2418 mediocri
3536 2363 3657 2418 loco

1957 2450 2107 2504 natis
2131 2450 2201 2504 ad
2251 2449 2495 2520 gloriam
2527 2454 2583 2505 et
2626 2466 2764 2520 opes
2810 2455 2906 2505 aut
2935 2452 2995 2505 in
3029 2451 3155 2506 foro
3201 2457 3299 2506 aut
3354 2452 3417 2506 in
3465 2453 3659 2507 acade-

1957 2539 2089 2593 miis
2132 2540 2558 2609 consequendas
2614 2540 2847 2610 patebat
2876 2541 2988 2609 via,
3036 2540 3290 2596 studium
3342 2543 3653 2610 excoleret;

1958 2644 2132 2698 quem
2162 2627 2223 2681 in
2253 2627 2453 2695 ﬁnem,
2492 2632 2555 2682 ut
2583 2628 2705 2698 ipse
2745 2634 2959 2695 narrat,
2996 2634 3157 2700 pater
3185 2630 3385 2701 gloria
3420 2631 3661 2701 cupidus

1957 2717 2087 2786 plus
2125 2720 2481 2787 sumptuum,
2526 2733 2699 2787 quam
2741 2718 3066 2773 domestica
3106 2724 3442 2789 paterentur
3482 2720 3659 2774 facul-

1957 2808 2121 2871 tates,
2162 2804 2215 2858 ei
2266 2805 2685 2876 suppeditabat.
2722 2805 2804 2859 Ibi
2843 2812 2966 2861 tum
3011 2807 3208 2876 ﬁebat,
3259 2814 3340 2871 ut,
3384 2824 3515 2862 cum
3557 2808 3659 2862 ali-

1959 2893 2292 2963 quantisper
2320 2899 2374 2947 et
2411 2894 2569 2947 urbis
2600 2900 2655 2947 et
2687 2894 3145 2949 commilitonum
3177 2897 3448 2966 exemplis
3479 2897 3660 2964 pelle-

1960 2987 2083 3035 ctus
2115 2986 2170 3035 et
2200 2985 2398 3051 suapte
2431 2986 2634 3036 natura
2672 2984 2958 3052 proclivis,
3002 3001 3107 3038 nec
3138 2985 3428 3055 angustias
3470 2986 3657 3039 fortu-

1959 3086 2161 3124 narum
2194 3071 2465 3138 sentiens,
2501 3072 2849 3126 dissolutiori
2884 3072 3015 3126 vita
3066 3089 3185 3127 sese
3234 3074 3504 3142 dedisset,
3557 3090 3657 3128 an-

1961 3177 2101 3213 num
2132 3159 2223 3213 vix
2256 3160 2540 3213 decimum
2574 3167 2835 3215 octavum
2868 3164 3039 3215 hatus
3086 3163 3429 3216 Adeodatum
3476 3162 3661 3217 ﬁlium

1961 3263 2025 3300 ex
2057 3245 2373 3300 concubina
2402 3248 2735 3318 susciperet,
2768 3265 2940 3319 quem
2972 3265 3215 3319 puerum
3246 3249 3397 3319 frugi
3432 3254 3488 3303 et
3518 3249 3663 3303 acris

1961 3334 2180 3404 ingenii
2209 3351 2325 3389 non
2357 3338 2531 3389 semel
2560 3337 2621 3391 in
2654 3337 2877 3408 scriptis
2896 3336 3010 3390 suis
3050 3338 3243 3391 laudat
3264 3342 3320 3392 et
3354 3338 3664 3391 immatura

1961 3430 2145 3479 morte
2176 3425 2235 3478 in
2266 3426 2411 3495 ipso'
2435 3427 2831 3481 adolescentiae
2862 3427 3003 3482 ﬂore
3034 3427 3142 3481 sibi
3174 3432 3431 3497 ereptum
3461 3428 3659 3482 doluit.

1962 3513 2069 3568 Sed
2099 3518 2405 3585 antequam
2436 3513 2488 3568 ei
2518 3516 2612 3569 hic
2642 3532 2786 3586 puer
2824 3520 2992 3570 natus
3025 3520 3193 3585 esset,
3225 3522 3387 3586 patre
3431 3517 3661 3571 orbatus

1964 3607 2065 3669 est,
2126 3619 2233 3657 nec
2280 3608 2473 3658 tamen
2534 3620 2807 3675 magnam
2861 3604 2995 3659 inde
3049 3605 3367 3659 studiorum
3424 3622 3660 3660 suorum

1957 3691 2243 3761 jacturam
2316 3692 2448 3745 fecit
2509 3692 2794 3765 siquidem
2862 3697 2918 3747 et
2961 3698 3147 3747 mater
3208 3694 3662 3766 quibuscumque

1962 3784 2157 3851 posset
2185 3780 2369 3835 modis
2399 3782 2720 3835 necessaria
2769 3781 2823 3836 ei
2872 3781 3189 3853 prospexit,
3221 3788 3278 3837 et
3322 3783 3663 3838 Romaniani

1964 3869 2281 3938 cujusdam,
2324 3886 2497 3940 quem
2544 3870 2751 3925 idcirco
2800 3871 2961 3925 enixe
3009 3872 3304 3942 pradicet,
3353 3872 3664 3926 liberalitas

1966 3957 2173 4027 effecit,
2207 3975 2277 4012 ne
2307 3959 2360 4012 ei
2411 3958 2728 4030 quidquam
2765 3976 2882 4014 non
2910 3961 3096 4014 solum
3131 3960 3200 4014 ad
3247 3960 3664 4028 necessitatem,

1966 4047 2063 4101 sed
2108 4052 2167 4101 et
2206 4048 2621 4118 jucunditatem
2664 4048 2795 4102 vita
2849 4049 3087 4103 deesset.
3141 4049 3298 4103 Circa
3338 4049 3399 4103 id
3440 4053 3666 4121 tempus

1967 4134 2169 4206 agebat
2208 4152 2342 4189 vero
2389 4135 2572 4189 atatis
2623 4151 2840 4189 annum
2891 4135 3413 4205 undevigesimum,
3460 4136 3531 4189 ad
3577 4152 3670 4189 sa-

1966 4223 2199 4294 pientia
2249 4239 2347 4277 seu
2396 4222 2777 4293 philosophia
2826 4208 3213 4293 cognitionem
3264 4240 3322 4277 se
3370 4223 3665 4294 applicuit,

1967 4311 2238 4366 incitatus
2277 4311 2465 4365 subito
2496 4311 2644 4365 libro
2678 4311 2985 4381 Ciceronis,
3033 4311 3134 4383 qui
3172 4300 3512 4367 Hortensius
3548 4317 3671 4367 erat

1968 4400 2276 4471 inscriptus
2306 4405 2361 4454 et
2394 4400 2466 4455 ad
2513 4400 2854 4472 sapientiam
2902 4401 3358 4473 amplectendam
3394 4402 3666 4456 hortaba-

1968 4494 2257 4561 tur;qua
2286 4489 2553 4560 cogitatio
2593 4489 2672 4544 sic
2718 4495 2902 4544 totum
2945 4506 3077 4545 eum
3107 4490 3258 4560 cepit
3302 4494 3358 4544 et
3402 4490 3473 4545 ad
3517 4494 3670 4545 tem-

1970 4596 2078 4650 pus
2101 4580 2307 4645 tenuit,
2340 4584 2403 4633 ut
2445 4578 2709 4650 sepositis
2751 4580 3037 4651 extemplo
3085 4579 3348 4633 oratoriis
3392 4579 3668 4633 exercita-

1971 4666 2244 4736 tionibus,
2274 4683 2471 4721 omnes
2494 4684 2623 4736 spes
2643 4668 2930 4722 rationum
2962 4684 3215 4734 suarum,
3240 4684 3369 4739 qua
3402 4684 3520 4722 non
3538 4683 3669 4721 cum

1972 4756 2070 4811 illa
2109 4756 2382 4827 conjungi
2410 4773 2596 4827 posse,
2630 4762 2685 4811 et
2716 4774 2781 4811 ex
2814 4772 2877 4810 ea
2910 4757 3072 4827 quasi
3116 4757 3269 4811 nasci
3317 4757 3667 4822 viderentur,

1974 4843 2242 4915 abjiceret
2294 4849 2351 4898 et
2392 4845 2708 4909 fastidiret;
2742 4846 2999 4921 tamestsi
3043 4845 3529 4900 deliberabundus
3573 4844 3671 4897 ad-

164 4939 291 4995 mul
324 4957 457 4994 cum
515 4943 681 4993 atate
727 4943 1148 4993 maturescente
1188 4940 1604 5005 succreverant,
1657 4951 1785 5005 qua
1816 4934 1863 4988 si
1901 4954 1940 5010 C
1971 4935 2084 4989 huc
2114 4934 2268 4987 velut
2293 4934 2443 4987 inter
2475 4933 2760 4988 anfractus
2792 4939 2847 4987 et
2873 4934 3209 5005 confragosa
3246 4935 3508 4998 hareret,
3542 4948 3678 5002 qua-

159 5046 285 5084 non
312 5023 507 5101 ipsum
539 5027 769 5099 penitus
803 5026 1204 5099 perdidissent,
1243 5025 1583 5080 videbantur
1610 5029 1804 5079 tamen
1832 5042 1866 5078 a

158 5120 280 5174 ﬁde
309 5116 626 5173 christiana
673 5116 998 5171 abstrahere
1029 5120 1087 5170 et
1112 5116 1282 5185 plane
1306 5114 1549 5168 reddere
1588 5113 1859 5167 alienum.

154 5210 473 5277 Postquam
502 5202 787 5259 Madauris
816 5203 1166 5275 aliquamdiu
1199 5201 1412 5257 Latinis
1441 5201 1726 5272 imprimis
1763 5200 1864 5255 lit-

156 5294 301 5351 teris
334 5298 394 5347 et
421 5293 689 5347 oratoria
736 5291 871 5347 artis
910 5292 1208 5347 elementis
1249 5295 1513 5351 vacasset.
1547 5306 1679 5344 nam
1711 5290 1865 5344 Gra-

157 5398 370 5439 carum
402 5381 723 5438 litterarum
759 5384 884 5436 tum
922 5397 1055 5436 eum
1103 5380 1355 5435 tadebat
1382 5382 1440 5435 et
1480 5382 1677 5449 postea
1715 5394 1864 5432 non-

155 5471 279 5529 nisi
322 5469 528 5527 leviter
571 5486 666 5525 eas
702 5468 929 5541 attigit:
977 5469 1379 5542 Carthaginem
1423 5468 1633 5523 missus
1670 5470 1773 5535 est,
1806 5469 1869 5520 ut

228 5588 314 5653 (a)
348 5583 503 5637 Conf.
538 5584 576 5634 1.
607 5599 679 5644 ix,
708 5598 764 5634 n.
795 5585 824 5635 9
853 5587 905 5634 et
931 5585 1009 5634 l9.

488 5685 765 5752 PATROL.
814 5682 1061 5751 XLVII.

203 5767 401 5917 Vi”)

126 5900 231 5982 Ὗ)

1972 5022 2043 5078 lis
2070 5022 2160 5076 via
2182 5021 2289 5076 sibi
2319 5021 2696 5092 ingredienda
2726 5026 2891 5077 esset.
2925 5024 3000 5076 Ex
3031 5039 3147 5076 una
3194 5025 3353 5093 parte
3401 5020 3675 5074 interiore

1974 5110 2224 5183 quadam
2271 5110 2480 5164 mentis
2522 5110 2858 5180 agitatione,
2903 5126 3077 5182 quam
3120 5108 3416 5178 religionis
3469 5108 3677 5180 aliquis

1974 5215 2172 5255 sensus
2198 5216 2264 5254 ex
2299 5199 2487 5270 prima
2524 5200 2793 5269 pueritia
2838 5197 3206 5270 perceptione
3246 5197 3509 5252 residuus
3547 5198 3674 5252 teti—

1974 5290 2055 5361 git
2086 5294 2143 5344 et
2172 5288 2334 5361 quasi
2364 5288 2600 5355 afﬂavit,
2635 5289 2707 5343 ad
2738 5287 3120 5344 Christianam
3165 5286 3485 5341 doctrinam
3526 5287 3673 5341 fere-

1975 5379 2167 5446 batur,
2200 5393 2268 5432 ex
2300 5377 2477 5431 altera
2500 5382 2665 5449 parte
2704 5378 2876 5431 varia
2927 5391 2990 5429 ac
3018 5375 3365 5447 multiplices
3418 5379 3680 5430 veterum

1976 5467 2301 5522 Gracorum
2354 5469 2412 5522 et
2457 5468 2849 5522 Romanorum
2903 5463 3247 5536 sapientium
3294 5465 3501 5520 schola
3544 5479 3679 5519 eum

3333 5684 3362 5742 1
