4044 6190
373 278 428 330 ll
1373 276 1929 334 SUPPLEMENTUM
1971 276 2060 330 AD
2099 275 2334 332 OPERA
2372 278 2426 332 S.
2471 273 2860 330 AUGUSTlNl.
3811 277 3876 328 12

365 397 701 452 invitabant.
729 399 835 453 Sed
865 415 994 453 cum
1045 401 1221 454 semel
1255 400 1404 454 inter
1441 400 1564 454 haec
1605 401 1921 472 Scripturas
1970 417 2056 454 sa-
2093 405 2136 459 A
2167 400 2506 472 Symmacho
2547 400 2866 471 petiissent,
2921 404 2983 452 ut
3030 398 3138 454 sibi
3187 397 3485 453 rhetoricae
3527 399 3872 470 magistrum

363 500 485 541 cras
508 486 696 558 legere
726 487 1006 558 coepisset,
1038 494 1253 543 tantam
1285 489 1472 543 subito
1503 505 1636 544 eum
1667 491 1819 561 cepit
1867 490 2058 544 humi-

361 575 434 628 lis
490 593 688 630 earum
741 583 798 631 et
846 577 988 644 vilis,
1041 582 1101 631 ut
1156 577 1284 647 ipsi,
1344 579 1663 632 Tullianam
1722 578 2062 649 dignitatem

361 663 621 736 spiranti,
667 666 982 732 videbatur,
1034 666 1300 720 dictionis
1329 668 1584 731 taedium,
1641 672 1702 721 ut
1732 684 1846 722 non
1878 668 2061 737 magis

359 754 671 808 declinasse
699 771 873 825 quam
893 755 1170 826 refugisse
1218 756 1363 810 hanc
1408 758 1668 810 semitam
1721 757 1831 811 dici
1858 757 2058 828 possit.

365 841 618 896 Tradidit
648 861 782 914 ergo
817 859 874 897 se
923 845 1136 914 alteris,
1176 862 1289 900 non
1337 851 1530 900 tamen
1579 845 1834 917 magistri
1883 847 2058 900 alicu-

357 929 453 999 jus
508 931 856 985 institutioni
912 931 1222 1000 conﬁdens,
1267 935 1362 988 sed
1407 941 1609 1004 suopte
1644 935 1853 990 studio.
1903 925 2059 988 Arri;

363 1018 490 1087 puit
530 1020 780 1089 primum
824 1020 1144 1076 Aristotelis
1192 1023 1540 1092 Categorias,
1583 1040 1722 1093 quas
1762 1041 1795 1076 a
1831 1023 2059 1076 rhetore

365 1107 795 1177 Carthaginensi
860 1110 1134 1179 magistro
1202 1127 1303 1164 suo
1372 1112 1611 1164 miriﬁce
1671 1110 2060 1165 commendari

363 1195 639 1259 audierat,
674 1185 883 1268 easque
915 1200 1068 1251 solus
1116 1215 1234 1252 non
1264 1199 1449 1252 solum
1479 1200 1636 1270 legit,
1669 1201 1767 1254 sed
1807 1200 2060 1270 percepit

363 1284 569 1351 etiam,
625 1291 684 1339 ut
729 1303 794 1339 ex
844 1287 1203 1340 sermonibus
1251 1305 1381 1341 cum
1431 1288 1522 1355 iis,
1578 1289 1676 1359 qui
1725 1290 1950 1342 easdem
1998 1288 2061 1341 in

363 1372 554 1426 schola
584 1389 713 1428 cum
741 1392 894 1441 voce,
936 1382 1059 1430 tum
1093 1376 1292 1447 ﬁguris
1333 1377 1392 1430 in
1431 1379 1664 1448 pulvere
1691 1378 1927 1448 depictis
1975 1377 2060 1431 di-

363 1463 637 1530 dicerant,
668 1464 942 1518 institutis
995 1471 1257 1537 expertus
1297 1471 1401 1520 est.
1451 1467 1530 1519 Ab
1562 1483 1628 1520 eo
1670 1471 1928 1538 tempore
1959 1484 2059 1536 pa-

360 1551 500 1606 riter
553 1569 751 1607 omnes
800 1555 1119 1609 liberalium
1169 1555 1380 1610 artium
1428 1556 1598 1609 libros
1630 1572 1731 1627 per
1762 1573 1818 1610 se
1869 1557 2059 1626 ipsum

361 1639 522 1709 legit,
581 1646 638 1694 et
692 1641 972 1695 intellexit
1027 1659 1417 1713 quoscumque
1473 1643 1663 1712 legere
1714 1648 1954 1714 poterat,
2003 1648 2060 1697 et

2168 490 2515 560 provideret,
2560 488 2914 559 Augustinus
2960 489 3107 542 hanc
3149 487 3504 558 provinciam
3544 489 3780 544 ambivit
3809 497 3873 545 et

2171 579 2416 634 dictione
2447 579 2738 648 proposita
2787 577 3058 647 probatus
3109 577 3491 632 Mediolanum
3541 579 3611 632 ab
3637 595 3703 632 eo
3739 579 3874 634 mis-

2170 686 2266 723 sus
2292 675 2375 723 est
2396 685 2545 723 anno
2572 667 2796 721 circiter
2819 668 2940 721 384.

2241 757 2340 810 Hic
2369 773 2500 811 vero
2527 757 2680 810 locus
2709 756 2838 821 fuit,
2874 755 3021 808 unde
3063 753 3238 808 totius
3290 754 3421 809 vita:
3469 754 3590 825 ejus
3637 771 3874 808 conver-

2169 844 2255 898 sio
2304 851 2360 900 et
2397 845 2765 900 commutatio
2808 844 3094 913 originem
3150 843 3331 898 duxit.
3371 845 3512 898 Nam
3559 861 3689 898 cum
3736 848 3870 897 Am-

2167 930 2343 984 brosii
2410 931 2562 985 urbis
2622 931 2774 984 illius
2833 931 3081 1000 episcopi
3133 947 3462 997 sermones,
3522 947 3665 1000 quos
3703 931 3866 984 statis

2167 1018 2367 1073 diebus
2395 1021 2466 1073 ad
2496 1022 2775 1090 populum
2819 1020 3031 1072 habere
3061 1019 3297 1081 solebat,
3331 1020 3489 1073 nulla
3534 1019 3764 1089 quidem
3792 1019 3866 1072 ab

2169 1108 2332 1162 initio
2380 1109 2490 1162 alia
2540 1109 2609 1162 de
2657 1125 2845 1175 causa,
2892 1124 3066 1178 quam
3123 1109 3194 1162 ob
3244 1108 3456 1179 eloquii
3501 1109 3860 1172 suavitatem,

2166 1197 2598 1268 frequentasset,
2634 1198 2846 1250 sensim
2884 1213 3012 1250 cum
3057 1196 3242 1250 verbis
3293 1213 3381 1250 res
3415 1197 3553 1266 ipsae
3603 1197 3864 1250 animum

2169 1287 2290 1356 ejus
2323 1274 2708 1357 penetrarunt,
2751 1291 2806 1340 et
2837 1285 3087 1357 primum
3143 1285 3377 1356 quidem
3420 1286 3865 1339 Manichaeorum

2171 1375 2457 1445 dogmata,
2494 1393 2623 1447 quae
2654 1377 2753 1442 diu
2782 1376 3016 1446 quidem
3055 1374 3180 1428 falsi
3227 1375 3560 1428 convincere
3609 1375 3864 1445 optabat,

2169 1470 2614 1531 concusserunt;
2644 1481 2774 1517 mox
2806 1463 2904 1517 ubi
2945 1463 3064 1534 ipse
3105 1463 3340 1517 tandem
3378 1463 3642 1518 omnibus
3692 1463 3864 1534 inge-

2169 1551 2250 1606 nii
2281 1553 2572 1624 animique
2603 1553 2816 1606 viribus
2856 1551 3039 1605 obniti
3069 1551 3349 1622 coepisset,
3401 1552 3659 1606 funditus
3710 1568 3868 1605 ever-

2169 1647 2381 1696 terunt.
2419 1643 2546 1695 Fuit
2571 1642 2673 1695 sub
2697 1647 2985 1695 recentem
3016 1643 3162 1694 hanc
3207 1642 3273 1695 de
3307 1641 3512 1695 haeresi
3561 1658 3664 1694 sua
3710 1641 3866 1694 inve—

363 1702 642 1798 quidquid
665 1730 733 1783 de
766 1737 884 1783 arte
918 1702 1192 1800 loqiiendi
1223 1736 1277 1784 et
1308 1702 1642 1797 disserendi,
1683 1702 1958 1802 quidquid
1989 1733 2058 1786 de
2098 1702 2138 1756 Β
2169 1735 2348 1784 terata
2378 1730 2691 1796 victoriam,
2721 1746 2851 1783 cum
2887 1735 3068 1799 mater
3099 1730 3240 1800 ejus,
3281 1746 3409 1800 quae
3451 1747 3484 1783 a
3529 1729 3720 1799 prima
3759 1728 3864 1782 lilii

363 1812 815 1867 dimensionibus
834 1815 1150 1884 ﬁgurarum
1182 1821 1238 1868 et
1268 1815 1336 1869 de
1359 1816 1587 1868 musicis
1610 1821 1665 1868 et
1686 1817 1752 1869 de
1778 1815 2054 1882 numeris,

361 1897 488 1953 sine
514 1917 723 1972 magna
763 1903 1093 1956 diflicultate
1133 1909 1189 1958 et
1228 1905 1385 1957 nullo
1432 1903 1733 1958 hominum
1774 1904 2053 1958 tradente.

359 1990 467 2043 Per
495 1990 642 2043 hanc
670 1991 853 2060 ipsam
891 1993 960 2046 de
1001 1993 1281 2062 sapientia
1330 1992 1735 2062 consequenda
1783 1991 2055 2044 sollicitu-

361 2078 557 2133 dinem
623 2079 825 2134 incidit
890 2081 950 2134 in
1026 2081 1384 2149 Mauichaeos,
1459 2097 1598 2151 quos
1651 2084 1865 2149 postea,
1927 2095 2056 2132 cum

357 2168 536 2238 probe
575 2167 704 2222 illos
735 2169 1112 2238 cognovisset,
1143 2175 1273 2239 apte
1311 2174 1473 2223 vocat
1521 2170 1787 2222 homines
1830 2169 2058 2237 superbe

361 2257 671 2324 delirantes,
724 2259 966 2312 carnales
1034 2264 1082 2312 et
1139 2261 1403 2328 loquaces.
1475 2259 1617 2312 Nam
1671 2274 1802 2311 cum
1866 2257 2056 2311 nescio

363 2360 537 2414 quam
584 2347 939 2400 reconditam
990 2352 1045 2400 et
1092 2347 1408 2401 abstrusam
1457 2347 1892 2401 assectatoribus
1943 2346 2057 2400 suis

358 2432 652 2487 initiandis
695 2435 1098 2504 pollicerentur
1145 2435 1526 2506 sapientiam:
1577 2452 1760 2506 nugas
1809 2440 1864 2488 et
1911 2452 2058 2489 vana

361 2523 625 2576 acumina
683 2524 1067 2592 venditabant,
1099 2530 1182 2596 .et
1209 2525 1576 2579 sobrietatem
1625 2525 2055 2595 castitatemque

361 2610 420 2664 in
447 2627 542 2664 ore
573 2617 834 2682 gerentes
863 2611 1037 2666 vitam
1069 2613 1227 2666 omni
1269 2613 1656 2688 nequitiarum
1704 2616 1760 2666 et
1813 2613 2058 2683 turpitu-

361 2699 508 2753 dinis
539 2716 746 2770 genere
787 2702 1299 2756 cominaculabant.
1343 2702 1478 2764 Quae
1531 2716 1881 2772 quamquam
1938 2703 2054 2754 Au-

358 2789 575 2857 gustini
641 2790 1020 2860 perspicacem
1063 2791 1319 2844 animum
1367 2791 1564 2860 fugere
1596 2806 1711 2844 non
1769 2794 2052 2860 poterant,

358 2892 476 2930 non
505 2877 783 2948 impedire
817 2883 1012 2933 tamen
1059 2882 1390 2950 potuerunt,
1444 2879 1752 2949 quominus
1799 2895 1904 2948 per
1952 2895 2054 2931 no-

2166 1817 2227 1871 in
2294 1819 2515 1872 Italiam
2567 1817 3033 1872 transfretatione
3069 1818 3350 1871 consolari
3397 1834 3516 1872 non
3556 1817 3856 1888 potuisset,

2167 1907 2543 1961 Mediolanum
2585 1907 2913 1975 accederet;
2962 1922 3134 1976 quam
3183 1906 3425 1960 miriﬁca
3465 1906 3534 1960 de
3583 1923 3729 1960 novo
3781 1922 3868 1959 re-

2164 2011 2295 2049 rum
2326 2001 2474 2048 statu
2508 1995 2707 2049 laetitia
2748 1995 2915 2066 cepit.
2966 1995 3074 2049 Sed
3123 1995 3228 2049 etsi
3267 1995 3426 2048 illam
3475 1995 3704 2066 quidem
3751 1995 3865 2048 hae-

2164 2084 2316 2137 resin
2348 2083 2595 2138 exuisset
2647 2089 2703 2138 et
2733 2085 3028 2138 catholicae
3077 2084 3210 2138 ﬁdei
3249 2084 3508 2137 redditus
3552 2082 3858 2148 videretur,

2165 2172 2414 2226 incertus
2457 2177 2671 2238 tamen,
2709 2186 2882 2242 quem
2931 2173 3057 2226 vitas
3089 2176 3145 2225 et
3187 2171 3508 2225 studiorum
3544 2187 3770 2224 cursum
3800 2172 3864 2225 in

2165 2268 2455 2332 posterum
2497 2267 2736 2327 teneret,
2787 2262 3093 2316 dubiorum
3141 2261 3350 2315 aculeis
3388 2267 3445 2316 et
3487 2261 3862 2315 consiliorum

2165 2351 2335 2404 celeri
2378 2351 2746 2404 ﬂuctuatione
2791 2355 3021 2404 vexatus
3073 2367 3137 2404 ac
3175 2351 3420 2420 jactatus
3452 2355 3554 2403 est.
3584 2350 3855 2404 Animum

2163 2440 2336 2494 modo
2369 2440 2522 2505 huic,
2572 2441 2744 2495 modo
2781 2439 2865 2493 illi
2914 2439 3140 2509 adjicit;
3185 2455 3312 2509 qua:
3362 2439 3531 2492 modo
3579 2438 3864 2508 coepisset,

2165 2528 2356 2582 medio
2395 2545 2563 2599 opere
2611 2545 2807 2581 rursus
2857 2528 3072 2582 dimisit
3105 2533 3161 2581 et
3198 2529 3256 2580 in
3305 2527 3430 2580 aliis
3469 2527 3621 2580 viam
3665 2527 3756 2580 vix
3786 2527 3867 2580 in-

2165 2633 2390 2688 gressus
2421 2617 2693 2671 substitit.
2737 2619 2869 2671 Erat
2887 2633 3020 2670 vero
3061 2618 3250 2670 nullus
3281 2622 3404 2670 tum
3438 2633 3553 2669 non
3585 2616 3768 2669 solum
3802 2615 3862 2668 in

2164 2707 2333 2760 rebus
2359 2706 2494 2770 suis,
2528 2707 2624 2760 sed
2656 2710 2710 2760 et
2740 2706 2799 2760 in
2832 2705 3031 2759 alienis
3057 2722 3218 2760 casus
3248 2711 3367 2759 tam
3397 2705 3683 2769 fortuitus,
3720 2705 3866 2774 quin

2165 2809 2309 2846 nova
2367 2793 2559 2864 aliqua
2611 2793 2996 2847 sollicitudine
3051 2793 3311 2846 animum
3355 2793 3474 2862 ejus
3545 2799 3865 2846 maceraret

2164 2887 2262 2934 aut
2309 2897 2456 2934 novo
2508 2881 2701 2951 aliquo
2753 2881 3046 2952 proposito
3089 2881 3441 2934 accenderet.
3489 2881 3612 2933 Non
3649 2896 3857 2950 parum

358 2981 484 3020 vcm
519 2967 772 3037 integros
801 2983 1002 3035 annos,
1044 2968 1265 3038 ingenti
1312 2967 1512 3021 matris
1569 2968 1785 3030 dolore,
1833 2983 1929 3020 eos
1974 2983 2057 3020 se-
2097 2998 2136 3053 ρ
2167 2967 2340 3021 etiam
2360 2968 2500 3026 aluit
2529 2975 2586 3022 et
2615 2970 2770 3022 auxit
2799 2969 2944 3022 hanc
2995 2969 3174 3022 animi
3218 2968 3656 3022 concitationem
3690 2973 3747 3022 e‘t
3791 2985 3857 3022 ex

359 3060 650 3124 queretur.
717 3057 900 3120 Quare
965 3057 1114 3126 quod
1179 3057 1370 3126 ipsum
1433 3055 1492 3109 in
1531 3056 1813 3110 consortio
1863 3071 2060 3109 eorum

359 3144 615 3211 retinuit,
654 3145 796 3198 nihil
833 3161 978 3215 pene
1017 3145 1174 3199 aliud
1204 3145 1376 3198 fuisse
1417 3145 1659 3210 videtur,
1709 3159 1882 3214 quam
1933 3159 2060 3213 spes

352 3231 625 3300 jucunda,
695 3234 852 3300 fore,
905 3239 970 3288 ut
1029 3235 1311 3303 superatis
1361 3233 1636 3287 auditoris
1695 3233 1935 3302 aliisque
1981 3232 2062 3286 di-

359 3321 640 3374 scentium
687 3323 1129 3393 docentiumque
1171 3322 1461 3393 gradibus,
1511 3323 1583 3375 ad
1624 3321 1894 3392 mysteria
1940 3326 2060 3374 tan-

359 3409 490 3463 dem
538 3416 884 3481 pcnetraret.
945 3410 1143 3465 Docuit
1199 3411 1420 3465 interea
1471 3411 1746 3481 temporis
1804 3410 2057 3480 primum

358 3499 636 3570 Tagastae,
691 3516 802 3570 quo
850 3501 920 3554 ad
964 3505 1192 3570 tempus
1231 3517 1289 3554 se
1341 3501 1676 3566 contulerat,
1726 3499 2058 3570 grammati-

359 3602 503 3653 cam,
547 3593 603 3640 et
649 3593 954 3659 postquam
1003 3589 1136 3643 inde
1187 3589 1594 3660 Carthaginem
1627 3589 1928 3657 ,rcdiisset,
1978 3588 2056 3642 ibi

359 3675 702 3730 rhetoricam
734 3677 1022 3748 professus
1049 3683 1150 3733 est.
1186 3678 1425 3750 Scripsit
1453 3683 1574 3732 tum
1608 3694 1856 3748 quoque,
1907 3693 2058 3732 anno

359 3764 540 3818 aetatis
603 3765 870 3820 vicesimo
932 3770 1088 3820 sexto
1145 3772 1242 3821 aut
1287 3767 1551 3838 septimo,
1603 3767 1819 3837 primos
1879 3765 2056 3820 libros

357 3869 490 3907 suos
515 3854 579 3908 de
606 3855 752 3923 Apto
777 3861 824 3909 et
863 3856 1109 3921 Pulchro,
1137 3857 1234 3910 sed
1265 3856 1363 3926 qui
1389 3857 1510 3927 jam
1540 3862 1686 3923 tum,
1729 3871 1860 3909 cum
1909 3856 2057 3909 Cou-

355 3942 627 3997 fessiones
657 3943 947 4011 scriberet,
993 3943 1423 4000 interciderent.
1469 3945 1622 3998 Inter
1667 3944 1790 3998 haec
1830 3943 2051 4009 accidit,

358 4036 423 4084 ut
484 4033 654 4087 amici
701 4033 935 4105 quidam
999 4032 1142 4104 ejus,
1186 4033 1288 4104 qui
1357 4035 1598 4088 Romam
1661 4032 2054 4103 proﬁciscendi

357 4120 660 4175 consilium
691 4126 978 4193 ceperant,
1004 4121 1113 4193 ipsi
1143 4139 1388 4194 quoque,
1430 4128 1486 4178 et
1539 4123 1771 4177 honoris
1815 4121 2052 4193 majoris

356 4213 412 4263 et
441 4211 739 4281 amplioris
770 4211 1143 4266 emolumenti
1171 4211 1230 4265 in
1261 4228 1326 4266 ea
1357 4211 1515 4281 urbe,
1567 4227 1695 4282 quae
1735 4211 2051 4266 litterarum

2170 3057 2367 3109 crebro
2415 3073 2685 3110 sensuum
2731 3057 2982 3128 impulsu
3041 3062 3096 3110 et
3138 3057 3441 3110 affectuum
3499 3057 3864 3110 vehementia

2171 3145 2536 3199 conflictuum
2571 3146 2990 3200 Platonicorum
3021 3147 3208 3214 lectio,
3241 3146 3332 3200 cui
3379 3146 3690 3216 plurimum
3719 3149 3862 3199 tem-

2168 3248 2276 3301 pus
2319 3234 2625 3289 tribuebat.
2664 3233 2899 3288 Addidit
2935 3234 3020 3287 his
3072 3235 3232 3288 Pauli
3282 3235 3570 3306 epistolas,
3613 3250 3861 3305 quarum

2169 3323 2461 3377 obscurior
2490 3341 2686 3377 sensus
2711 3340 2838 3377 cum
2870 3324 3144 3394 gravitate
3175 3326 3511 3395 coniunctus
3563 3324 3727 3378 facile
3781 3325 3866 3378 in-

2168 3411 2347 3482 telligi
2393 3416 2599 3482 potest,
2662 3419 3017 3483 quantopere
3064 3413 3324 3467 animum
3373 3413 3523 3466 inter
3571 3419 3760 3467 metus
3808 3419 3866 3467 et

2167 3507 2409 3554 terrores
2458 3501 2759 3572 omnisque
2797 3503 3024 3572 generis
3073 3503 3470 3573 phantasmata
3519 3519 3862 3573 suspensum

2167 3591 2473 3659 percellere
2506 3591 2784 3644 debuerit.
2824 3590 2918 3643 llis
2949 3591 3286 3644 accedebant
3324 3590 3676 3660 quotidiana».
3727 3605 3862 3642 con-

2164 3679 2542 3734 fabulationes
2590 3696 2720 3734 cum
2782 3679 2986 3749 Alypio
3033 3685 3090 3734 et
3136 3679 3404 3733 Nebridio
3454 3679 3860 3740 familiaribus,

2166 3783 2409 3837 quorum
2436 3768 2528 3820 hic
2557 3767 2895 3838 Carthagine
2927 3768 3308 3824 Mediolanum
3340 3769 3557 3822 nullam
3583 3768 3758 3821 aliam
3783 3767 3855 3820 ob

2164 3872 2394 3909 causam
2428 3873 2485 3910 se
2534 3857 2873 3923 contulerat,
2908 3873 3082 3928 quam
3123 3863 3187 3912 ut
3230 3857 3342 3928 ipsi
3392 3858 3684 3911 adhaerere
3734 3873 3864 3926 pos-

2165 3948 2266 4012 set,
2289 3943 2384 3997 ille
2407 3945 2508 3999 diu
2545 3950 2828 4015 noctuque
2876 3946 3112 4000 consilia
3151 3947 3219 4000 de
3271 3944 3863 4001 vitae-communione

2153 4037 2218 4086 et
2253 4038 2530 4104 perpetua
2575 4033 2819 4088 invicem
2862 4035 3130 4090 societate
3174 4035 3523 4090 instituenda
3571 4034 3853 4105 agitabat.

2159 4122 2316 4176 Adde
2346 4123 2542 4176 matris
2573 4124 2729 4177 nullo
2771 4140 2890 4178 non
2921 4128 3181 4195 tempore
3227 4125 3617 4196 quiescentem
3662 4123 3866 4178 sollici-

2160 4211 2438 4275 tudinem,
2472 4211 2721 4283 gemitus
2766 4218 2823 4267 et
2853 4230 3072 4284 preces,
3117 4229 3258 4284 quas
3299 4213 3580 4268 indefessa
3617 4229 3749 4266 cum
3799 4212 3862 4265 in

356 4299 545 4352 studia
582 4300 832 4368 praemiis
879 4299 1184 4353 uberrimis
1226 4299 1402 4354 aleret
1432 4305 1489 4353 et
1529 4300 1629 4354 ubi
1667 4300 1906 4370 juvenes
1935 4315 2051 4354 ma-
2088 4296 2132 4351 D
2161 4301 2408 4370 templis,
2439 4305 2562 4355 tum
2593 4301 2768 4365 domi,
2800 4318 2906 4372 pro
2936 4302 3041 4356 lilii
3074 4302 3254 4357 salute
3297 4302 3362 4356 ad
3393 4302 3573 4356 Deum
3607 4300 3865 4354 effunde-

355 4387 669 4456 gistrorum
708 4387 976 4441 subsellia
1024 4389 1454 4458 frequentantes
1497 4404 1725 4442 morum
1772 4387 2051 4442 modestia

357 4480 415 4528 et
444 4474 762 4528 studiorum
797 4475 1047 4546 quodam
1076 4475 1275 4529 ordine
1307 4477 1473 4546 longe
1504 4493 1538 4530 a
1564 4475 1771 4530 ferocia
1811 4476 2050 4530 Cartha-

357 4563 684 4634 ginensium
725 4563 1115 4632 abhorrerent,
1150 4564 1549 4628 ostentatione,
1597 4569 1664 4619 ut
1707 4580 1899 4619 secum
1941 4563 2051 4618 iter

355 4651 568 4706 faceret
608 4653 1035 4722 persuaderent.
1085 4654 1182 4708 Vix
1229 4658 1421 4708 autem
1469 4671 1498 4708 e
1536 4652 1732 4708 matris
1779 4652 2050 4724 amplexi-

356 4739 463 4794 bus
505 4745 626 4794 arte
673 4742 921 4811 quadam
967 4760 1024 4796 se
1070 4743 1321 4810 extorsit,
1373 4748 1430 4798 et
1477 4759 1606 4797 cum
1653 4743 1888 4798 tandem
1937 4743 2049 4796 Ro-

355 4845 511 4885 mam
557 4829 889 4900 appulisset,
957 4831 1114 4902 gravi
1156 4827 1376 4899 morbo’,
1449 4831 1548 4903 qui
1596 4833 1769 4886 morti
1814 4831 2047 4902 propin-

357 4936 537 4990 quum
566 4920 720 4986 fecit,
752 4919 1078 4990 implicatus
1109 4926 1213 4990 est,
1239 4938 1304 4976 ex
1334 4938 1447 4993 quo
1477 4921 1647 4976 simul
1674 4939 1735 4976 ac
1754 4921 2046 4993 paulisper

355 5009 748 5076 convaluisset,
781 5008 1001 5062 scholas
1033 5010 1217 5080 aperit
1261 5016 1317 5064 et
1364 5010 1673 5080 discipulos
1715 5010 1884 5080 longe
1925 5011 2048 5080 qui-

356 5097 482 5151 dem
515 5115 548 5152 a
589 5098 1123 5169 Carthaginensium
1163 5099 1390 5154 licentia
1424 5099 1640 5153 alienos
1684 5099 1894 5166 sensit;
1948 5101 2046 5154 sed

356 5187 512 5256 quod
537 5187 708 5241 iidem
747 5187 992 5259 pessime
1038 5187 1304 5243 audirent
1340 5189 1412 5243 ob
1460 5188 1900 5258 turpitudinem,
1934 5205 2046 5258 qua

353 5273 414 5327 in
444 5273 704 5329 fraudem
725 5277 1002 5348 magistri,
1045 5278 1137 5332 cui
1179 5278 1499 5332 mercedem
1548 5278 1839 5343 deberent,
1884 5278 2048 5348 quasi

354 5363 768 5433 conspirarent,
831 5383 1098 5439 eumque,
1145 5367 1243 5422 ubi
1313 5368 1669 5438 aliquamdiu
1712 5367 2040 5435 audiissent,

354 5453 682 5508 desererent
728 5459 784 5509 et
829 5457 899 5510 ad
939 5459 1114 5513 alium
1157 5458 1504 5525 transirent;
1543 5462 1600 5512 et
1643 5458 1766 5512 haec
1813 5456 2041 5528 sprevit.

354 5544 732 5614 Posteaquam
783 5543 962 5616 igitur
1006 5547 1451 5604 Mediolauenses
1503 5564 1536 5601 a
1575 5547 1846 5617 praefecto
1885 5545 2045 5602 urbis

2159 4394 2268 4458 ret,
2311 4395 2368 4444 et
2411 4407 2542 4461 quas
2598 4392 2984 4462 Augustinum
3045 4391 3222 4446 latere
3280 4392 3520 4448 minime
3572 4395 3858 4462 poterant,

2157 4477 2336 4533 immo
2367 4485 2424 4533 et
2452 4479 2629 4550 ipsius
2658 4497 2787 4534 cum
2817 4497 2882 4534 eo
2923 4480 3362 4534 conversationis
3403 4485 3629 4551 partem
3676 4481 3860 4550 pluri-

2157 4583 2314 4622 mam
2372 4567 2726 4633 efﬁciebant;
2770 4563 3025 4636 itemque
3078 4567 3360 4622 Ambrosii
3407 4567 3628 4621 monita
3659 4573 3719 4621 et
3764 4584 3862 4620 co-

2157 4656 2509 4712 hortationes
2567 4660 2666 4709 aut
2723 4655 2932 4709 amicas
2974 4656 3486 4725 reprehensiones:
3534 4661 3592 4711 et
3641 4655 3856 4708 intelli-

2158 4762 2278 4816 ges,
2327 4761 2536 4817 paucos
2583 4745 2805 4798 futuros
2858 4744 3052 4810 fuisse,
3090 4762 3233 4816 quos
3292 4750 3465 4799 tanta:
3511 4744 3689 4798 animi
3725 4760 3859 4815 per-

2155 4834 2509 4890 turbationes
2543 4850 2658 4887 non
2697 4832 3000 4904 fregissent
3044 4839 3100 4887 et
3141 4833 3365 4904 penitus
3421 4833 3858 4903 oppressissent.

2155 4923 2334 4977 Aliter
2390 4927 2581 4977 tamen
2639 4923 2955 4993 Augustino
3017 4939 3122 4992 pro
3176 4920 3396 4991 ingenii
3461 4921 3732 4976 felicitate
3806 4937 3862 4989 et

2155 5012 2324 5083 ignea
2370 5012 2797 5082 imaginationis
2837 5013 2958 5084 ejus
3005 5015 3210 5065 natura
3245 5009 3466 5064 accidit.
3525 5011 3666 5064 Nam
3726 5021 3858 5059 cum

2155 5101 2276 5174 ipse
2319 5106 2375 5156 et
2407 5102 2640 5173 Alypius
2675 5119 2707 5155 a
2748 5101 3072 5156 Pontitiano
3115 5099 3386 5171 quodam,
3439 5098 3572 5153 Afro
3617 5111 3851 5166 genere,

2156 5191 2216 5245 in
2262 5189 2472 5262 palatio
2540 5190 2920 5244 Valentiniani
2964 5189 3266 5245 Mediolani
3321 5187 3624 5251 militante,
3674 5183 3854 5239 vitam

2155 5279 2210 5333 S.
2260 5277 2493 5332 Antonii
2521 5278 2777 5332 enarrari
2801 5278 3095 5345 audiisset,
3128 5283 3320 5332 tantus
3355 5291 3417 5330 ex
3448 5290 3515 5327 ea
3553 5273 3852 5328 auditione

2157 5367 2350 5422 omnia
2380 5366 2586 5422 mentis
2615 5381 2780 5422 sensa
2832 5371 2889 5421 et
2941 5367 3099 5421 ideas
3143 5364 3430 5439 superavit
3477 5363 3723 5435 pectoris
3768 5368 3854 5416 tu-

2156 5457 2373 5511 multus
2425 5461 2480 5511 et
2525 5462 2846 5511 exaestuans
2891 5456 3146 5524 affectus,
3186 5461 3248 5511 ut
3287 5454 3514 5510 excluso
3563 5451 3721 5508 omni
3768 5466 3855 5506 re-

2153 5561 2283 5601 rum
2337 5551 2701 5602 externarum
2744 5546 3017 5617 impulsu,
3058 5546 3266 5602 coelum
3310 5545 3467 5602 velut
3510 5541 3851 5624 cogitatione

3665 5763 3698 5796 .’
