4060 6194
214 335 283 384 t3
1245 290 1519 389 NOTiTlA
1562 335 1982 393 LITTERARIA
2023 339 2090 392 IN
2130 340 2186 393 S.
2229 339 2696 396 AUGUSTINUM.
3667 349 3729 400 14

209 459 453 527 peteret,
503 459 561 509 et
604 471 824 509 numen
861 456 1050 527 ipsum
1081 456 1243 527 quasi
1272 458 1621 514 intercedere
1646 460 1779 514 huic
1808 461 1922 515 fre-
1961 462 2004 515 A
2040 464 2180 518 duos
2220 462 2341 532 jam
2388 466 2683 535 presbyter
2730 464 2965 535 addidit)
3008 466 3197 536 attigit
3242 467 3617 537 quaestionem
3666 469 3731 523 de

210 544 385 597 mitui
441 550 693 614 cogeret.
731 546 872 598 Nam
918 546 1106 600 subito
1140 547 1430 615 divinitus,
1464 554 1528 602 ut
1561 550 1668 619 ipsi
1700 550 1924 604 videba-

212 640 327 699 tur,
380 634 579 688 audita
621 651 775 701 voce,
810 636 996 689 omnis
1035 636 1127 690 hic
1158 637 1316 691 furor
1343 639 1556 693 resedit
1603 644 1658 693 et
1688 640 1926 693 leniori-

207 723 319 777 bus
383 723 454 776 de
506 723 638 776 vitae
690 724 909 778 ratione
962 725 1369 780 conformanda
1421 727 1926 783 deliberationibus

208 814 410 865 locum
445 812 597 865 fecit.

285 900 547 954 Primum
600 899 778 969 igitur
812 900 1035 966 (accidit
1070 918 1203 955 vero
1247 920 1303 957 a.
1359 903 1482 975 386)
1514 904 1779 958 omnibus
1810 908 1925 958 ter-

209 990 500 1042 restribus
546 989 693 1041 curis
740 989 1055 1043 valedicere
1109 990 1320 1057 statuit,
1371 993 1580 1062 refugit
1625 994 1927 1048 consilium

212 1078 375 1148 quod
432 1077 539 1147 ipsi
571 1078 796 1131 sederat
824 1078 1218 1145 novissimum,
1250 1080 1444 1133 uxoris
1475 1081 1768 1141 ducendae,
1803 1084 1926 1153 glo-

211 1164 322 1218 rim
374 1164 516 1218 item
547 1181 613 1217 ex
643 1166 847 1219 litteris
886 1166 1173 1236 capienda:
1204 1167 1491 1221 fastidium
1524 1169 1717 1233 subiit,
1750 1174 1805 1223 et
1834 1171 1926 1223 in—

214 1253 435 1305 secutis
464 1270 595 1306 mox
644 1254 1086 1309 vindemialibus
1126 1255 1282 1309 feriis
1312 1257 1642 1326 magisterio
1674 1275 1775 1311 suo
1808 1276 1927 1312 sese

213 1340 543 1407 abdicavit;
588 1346 757 1411 atque
788 1342 866 1395 sic
897 1343 1245 1412 gravissimis
1280 1345 1532 1397 muneris
1564 1351 1617 1399 et
1647 1346 1926 1415 cupidita-

216 1436 346 1486 tum
406 1431 645 1485 vinculis
693 1432 1000 1498 exsolutus,
1059 1432 1121 1485 in
1172 1449 1269 1485 rus
1330 1434 1541 1501 (villam
1596 1436 1927 1505 Cassiacum)

215 1522 525 1587 concessit,
559 1527 615 1575 et
642 1521 703 1575 in
743 1521 940 1574 matris
973 1521 1402 1593 amicorumque
1432 1525 1928 1593 congressionibus

217 1612 292 1664 de
342 1610 759 1681 quaestionibus
799 1609 1033 1663 utilibus
1084 1627 1185 1663 nec
1233 1628 1363 1664 raro
1411 1613 1713 1666 subtilibus
1744 1614 1926 1667 otium

218 1705 488 1752 sanctum
513 1703 568 1751 et
597 1700 707 1751 Deo
740 1702 924 1751 totum
950 1698 1198 1752 dicatum
1229 1701 1443 1769 exegit.
1486 1701 1673 1770 Varia,
1703 1720 1830 1772 quae
1859 1720 1923 1755 ex

217 1788 377 1841 illius
424 1804 555 1841 cum
600 1788 798 1840 amicis
845 1787 1143 1857 colloquiis
1171 1804 1274 1857 per
1304 1788 1453 1842 idem
1485 1791 1731 1859 spatium
1761 1797 1927 1845 enata

224 1884 281 1930 et
314 1878 386 1930 ab
418 1892 483 1929 eo
516 1876 669 1929 edita
692 1881 823 1929 sunt
847 1876 1138 1945 opuscula,
1163 1876 1324 1929 facile
1356 1893 1419 1929 ex
1450 1878 1724 1946 temporis
1755 1894 1927 1948 quam

221 1964 454 2034 singula
499 1964 560 2017 in
593 1980 832 2018 recensu
864 1965 1177 2034 praeferunt
1207 1972 1342 2018 nota
1373 1968 1639 2035 cognosci
1668 1972 1924 2037 possunt.

223 2056 302 2107 Ex
332 2055 444 2107 hoc
474 2070 699 2107 recessu
724 2054 953 2107 tandem
984 2053 1365 2107 Mediolanum
1396 2054 1577 2117 rediit,
1614 2060 1674 2108 ut
1705 2072 1929 2108 sacrum

218 2142 577 2212 baptismum
608 2158 714 2212 per
740 2142 1107 2195 Ambrosium
1140 2142 1477 2212 susciperet;
1508 2144 1659 2213 quod
1690 2144 1931 2215 contigit

218 2233 285 2285 in
359 2230 653 2285 Paschatis
702 2231 1031 2301 pervigilio,
1077 2237 1243 2284 nocte
1292 2236 1421 2284 ante
1471 2234 1537 2284 25
1587 2232 1826 2302 aprilem
1876 2251 1925 2288 a.

218 2324 347 2375 387.
386 2321 567 2373 Paulo
611 2325 738 2390 post
763 2320 875 2389 ipsi
920 2325 975 2373 et
1020 2319 1215 2373 amicis
1254 2320 1455 2390 Alypio
1488 2326 1544 2373 et
1573 2322 1798 2387 Evodio,
1831 2323 1931 2375 Ta-

218 2408 481 2479 gastensi
509 2409 729 2476 eodem,
765 2425 893 2461 cum
920 2408 1090 2462 simul
1123 2410 1237 2462 Deo
1269 2409 1479 2463 servire
1509 2425 1739 2480 unaque
1772 2410 1927 2463 habi-

216 2502 347 2551 tare
400 2497 851 2567 proposuissent,
898 2514 1212 2568 eorumque
1260 2499 1520 2551 omnium
1566 2515 1761 2553 curam
1812 2501 1928 2555 Mo-

215 2588 373 2652 nica,
433 2586 672 2656 perinde
735 2602 797 2639 ac
843 2586 889 2639 si
940 2587 1297 2657 singulorum
1356 2604 1562 2658 parens
1608 2588 1926 2657 exstitisset,

218 2679 477 2746 gereret,
522 2674 581 2727 in
636 2674 882 2729 Africam
928 2692 1182 2729 remeare
1213 2675 1409 2747 ibique
1438 2677 1625 2731 locum
1658 2678 1783 2731 vitae
1813 2693 1928 2732 sua:

220 2763 492 2818 instituto
526 2768 726 2833 aptum
750 2766 1027 2834 :quzerere
1074 2765 1307 2835 placuit.
1342 2767 1483 2820 Cum
1512 2783 1579 2819 eo
1611 2772 1732 2820 erat
1764 2767 1928 2820 Navi-

218 2852 354 2921 gius
405 2851 581 2904 frater
634 2855 690 2903 et
737 2852 1062 2905 Adeodatus
1099 2851 1251 2905 ﬁlius
1299 2869 1312 2906 :
1362 2852 1460 2906 sed
1506 2868 1634 2906 cum
1675 2854 1743 2907 ad
1776 2852 1931 2908 Ostia

223 2940 502 2994 Tiberina
558 2940 932 3009 pervenisset,
984 2945 1165 2994 mater
1213 2941 1429 3011 optima
1486 2941 1670 2995 subito
1727 2942 1927 2996 morbo

2035 555 2219 618 gratia
2252 553 2375 615 Dei,
2423 570 2531 620 qua
2579 568 2700 607 suos
2742 554 2925 607 electos
2954 556 3031 607 sic
3060 555 3513 623 praedestinasset,
3554 562 3615 611 ut
3639 573 3729 612 eo—

2034 657 2173 707 rum,
2207 644 2303 708 quz'
2312 642 2433 709 jam
2458 644 2512 693 in
2543 644 2617 695 eis
2646 647 2923 696 uterentur
2947 645 3110 697 libero
3141 646 3390 712 arbitrio,
3426 650 3540 715 ipse
3570 649 3732 701 etiam

2033 736 2302 799 praparct
2373 732 2690 798 voluntates,
2748 733 3019 801 quoniam
3068 734 3124 787 id
3165 736 3353 787 solum
3401 736 3731 805 quaestionis

2036 825 2175 885 crat,
2226 819 2366 871 unde
2398 821 2599 871 malum
2654 836 2666 872 :
2702 837 2813 872 non
2860 822 3001 874 unde
3037 822 3290 875 redeatur
3321 824 3395 877 ad
3434 827 3731 893 pristinum

2033 909 2115 961 vel
2145 908 2217 960 ad
2246 908 2425 975 majus
2464 912 2813 976 perveniatur
2858 910 3048 963 bonum
3088 912 3183 981 (ὁ).
3232 914 3303 966 At
3348 930 3498 983 saepe
3536 922 3730 984 postea

2036 1014 2068 1049 a
2107 997 2426 1065 Pelagianis
2474 998 2543 1051 ad
2592 998 2693 1050 hos
2736 998 2889 1067 ipsos
2928 1000 3122 1066 libros,
3171 1002 3333 1072 quasi
3365 1019 3565 1057 eorum
3596 1020 3728 1058 cau-

2037 1102 2155 1138 sam
2184 1085 2243 1138 in
2275 1086 2341 1137 iis
2372 1086 2598 1155 egisset,
2624 1092 2996 1156 provocatum
3031 1094 3133 1152 est,
3167 1106 3268 1143 nec
3300 1107 3504 1159 parum
3541 1093 3730 1163 ipsum

2038 1175 2343 1229 sollicitum
2376 1176 2576 1229 habuit
2606 1177 2665 1229 in
2699 1178 3188 1232 Retractationum
3221 1181 3404 1250 libris,
3439 1188 3501 1235 ut
3530 1199 3733 1237 eorum

2036 1281 2164 1335 qum
2198 1270 2331 1317 tunc
2357 1264 2720 1332 disputasset,
2747 1282 2877 1319 cum
2904 1267 3212 1321 serioribus
3233 1269 3596 1339 opinionibus
3617 1271 3731 1324 suis

2036 1371 2248 1408 nexum
2295 1360 2353 1409 et
2405 1356 2565 1425 quasi
2616 1357 3019 1425 cognationem
3068 1360 3404 1413 ostenderet.
3439 1361 3618 1414 Roma
3647 1361 3732 1415 di-

2038 1460 2264 1513 gressus
2335 1460 2527 1497 mense
2581 1447 2836 1514 Augusto
2885 1447 2970 1499 vel
3030 1447 3362 1516 Septembre
3416 1449 3550 1502 anni
3607 1451 3729 1503 388.

2036 1534 2283 1587 Africam
2333 1540 2573 1587 exeunte
2619 1535 2809 1587 hieme
2847 1536 3067 1605 appulit
3106 1541 3160 1590 et
3200 1553 3304 1607 per
3334 1538 3735 1607 Carthaginem

2036 1624 2332 1692 'l‘agastam
2381 1622 2568 1691 petiit,
2601 1623 2702 1675 ubi
2746 1624 2887 1692 ruri,
2919 1624 2973 1677 id
3007 1630 3109 1691 est,
3154 1626 3304 1696 agris
3331 1628 3604 1695 paternis,
3639 1627 3735 1698 qui

2037 1710 2402 1764 haereditario
2424 1712 2553 1780 jure
2586 1712 2692 1781 ipsi
2726 1713 3051 1781 obtigerant
3076 1716 3164 1784 (c),
3198 1715 3385 1768 vivere
3413 1716 3731 1782 constituit;

2040 1817 2102 1853 ac
2152 1800 2431 1869 transegit
2478 1799 2558 1852 ibi
2606 1800 2722 1853 fere
2768 1801 3081 1855 triennium
3125 1805 3323 1872 procul
3366 1804 3434 1857 ab
3471 1805 3736 1858 omnibus

2039 1888 2230 1941 saeculi
2274 1888 2445 1956 curis,
2498 1888 2964 1943 meditationibus
3012 1896 3066 1943 et
3104 1892 3381 1945 exercitiis
3430 1894 3602 1946 sacris
3641 1910 3736 1946 va-

2039 1994 2193 2045 cans,
2224 1994 2286 2031 ac
2316 1977 2459 2031 nihil
2490 1993 2638 2046 pene
2670 1995 2702 2030 a
2748 1979 3025 2031 monacho
3068 1979 3359 2034 differens.
3398 1987 3735 2051 Assumpse-

2038 2072 2126 2120 rat
2156 2083 2288 2119 vero
2338 2066 2409 2120 ad
2457 2066 2610 2119 idem
2660 2066 2789 2120 vitta
2836 2066 3178 2135 institutum,
3230 2070 3379 2139 quod
3410 2070 3617 2140 ipsum,
3651 2073 3739 2125 vel

2038 2155 2228 2208 locum
2277 2154 2374 2208 ubi
2421 2155 2726 2226 degebant,
2760 2160 3141 2210 monasterium
3179 2158 3427 2227 appellat
3459 2158 3555 2228 (ἀ),
3592 2158 3737 2211 ami-

2038 2260 2132 2297 cos
2175 2243 2475 2313 quosdam,
2523 2260 2767 2314 quorum
2816 2261 3120 2298 numerum
3175 2246 3373 2315 augeri
3402 2245 3555 2299 haud
3584 2262 3737 2315 mgre

2040 2332 2378 2403 patiebatur.
2414 2332 2649 2386 Interim
2682 2338 2737 2386 et
2763 2334 3105 2403 scriptorum
3136 2350 3392 2402 suorum,
3421 2351 3548 2404 quae
3580 2334 3738 2388 iden-

2037 2422 2213 2476 tidem
2263 2426 2348 2475 sat
2393 2422 2707 2491 grandibus
2780 2422 3167 2475 voluminibus
3208 2422 3420 2489 emisit,
3467 2427 3522 2476 et
3566 2423 3738 2493 hujus

2038 2510 2305 2580 speciosa:
2336 2509 2463 2563 vita:
2509 2511 2659 2563 fama
2692 2527 3102 2581 usquequaque
3138 2512 3279 2565 adeo
3311 2510 3735 2581 percrebuerat,

2036 2604 2101 2653 ut
2130 2603 2185 2653 et
2213 2616 2463 2653 secessus
2493 2600 2614 2669 ejus
2644 2605 2957 2667 resonaret,
3005 2604 3059 2653 et
3104 2600 3225 2670 ipse
3257 2617 3323 2654 ea
3354 2601 3497 2667 loca,
3527 2599 3737 2671 quibus

2039 2688 2337 2757 episcopus
2401 2688 2640 2755 deesset,
2692 2688 2955 2742 accedere
2999 2693 3239 2755 caveret,
3300 2695 3580 2757 metuens,
3640 2706 3735 2756 ne,

2039 2776 2085 2828 si
2116 2776 2215 2846 qui
2235 2781 2629 2845 agnoscerent,
2647 2776 2856 2830 invitus
2884 2778 2951 2831 ad
2975 2777 3365 2846 episcopatum
3392 2779 3733 2832 traheretur.

2036 2865 2214 2918 Tanto
2288 2865 2470 2935 magis
2537 2865 2911 2935 improvisum
2971 2866 3022 2919 ei
3077 2866 3297 2931 accidit,
3359 2868 3534 2937 quod,
3606 2883 3739 2920 cum

2038 2952 2203 3007 amici
2248 2953 2544 3024 cujusdam
2584 2953 2785 3023 gratia,
2838 2969 3008 3023 quem
3061 2954 3174 3007 Deo
3223 2970 3280 3006 se
3330 2954 3537 3007 lucrari
3573 2971 3739 3024 posse

216 3034 485 3100 correpta
557 3029 770 3098 (paucis
838 3033 898 3082 ut
954 3029 1307 3083 Beuedictini
1361 3035 1675 3099 supputant
1730 3030 1819 3084 die

2130 3043 2294 3108 tabat,
2349 3047 2415 3095 ut
2468 3058 2659 3095 secum
2710 3041 2770 3095 in
2818 3042 3167 3097 monasterio
3219 3047 3387 3112 esset,
3425 3044 3529 3097 sub
3561 3044 3733 3098 ﬁnem

220 3124 353 3172 ante
405 3118 533 3171 idus
583 3116 932 3170 Novembres
981 3134 1030 3170 a.
1083 3118 1202 3186 387)
1246 3117 1507 3171 decessit.
1568 3118 1834 3171 Dolorem
1863 3133 1928 3171 ex

220 3209 341 3279 ejus
390 3208 553 3260 obitu
603 3206 709 3259 sibi
758 3206 1040 3260 inflictum
1078 3206 1387 3259 verissimis
1414 3206 1599 3260 verbis
1631 3206 1923 3277 expressit,

221 3298 363 3351 dum
399 3297 562 3363 quasi
586 3295 917 3348 dilaniatum
939 3295 1046 3348 sibi
1072 3296 1264 3353 vitam,
1295 3310 1412 3364 quw
1442 3311 1553 3348 una
1578 3298 1731 3362 facta
1755 3297 1930 3362 fuerit

219 3402 287 3439 ea“
333 3400 439 3438 sua
471 3388 521 3437 et
549 3383 697 3437 illius
743 3382 953 3437 diceret
1000 3383 1095 3453 (α).
1139 3384 1262 3436 Jam
1300 3399 1434 3437 vero
1481 3384 1588 3440 hac
1628 3386 1742 3436 tam
1776 3382 1929 3437 dulci

222 3473 455 3529 itineris
502 3472 707 3526 comite
757 3472 1007 3538 orbatus,
1041 3472 1216 3525 dilato
1246 3472 1314 3527 ad
1343 3476 1568 3543 tempus
1598 3472 1657 3525 in
1682 3472 1928 3526 Africam

220 3563 441 3627 reditu,
486 3563 727 3615 Romam
766 3560 1085 3615 divertitur.
1134 3560 1238 3616 Ubi
1277 3577 1407 3615 cum
1451 3566 1617 3615 antea
1659 3577 1788 3615 cum
1823 3562 1931 3615 Ma—

226 3651 464 3707 nichaeis
540 3650 982 3704 familiarissime
1062 3649 1309 3717 vixisset,
1385 3649 1674 3720 iidemque
1753 3649 1928 3703 inter-

223 3746 453 3813 ceptam
505 3739 753 3793 discessu
784 3739 907 3809 ejus
952 3739 1429 3793 consuetudinem
1460 3754 1723 3793 revocare
1757 3754 1929 3809 cupe-

228 3836 375 3895 rent,
427 3828 524 3883 ille
554 3845 684 3882 vero
716 3829 1002 3898 refugeret
1032 3828 1214 3898 iisque
1244 3844 1463 3882 errores
1494 3844 1625 3881 suos
1655 3832 1711 3881 et
1740 3826 1928 3896 pravi-

225 3925 405 3973 tatem
454 3917 588 3971 vitaa
633 3916 781 3970 serio
833 3916 1222 3986 exprobraret,
1272 3920 1402 3985 post
1444 3916 1627 3969 varias
1664 3916 1732 3969 ab
1763 3915 1927 3970 initio

223 4005 605 4069 velitationes,
653 4003 887 4057 tandem
938 4003 998 4056 in
1046 4007 1310 4071 apertum
1354 4003 1496 4057 illud
1527 4004 1795 4058 adversus
1836 4021 1929 4059 eos

222 4098 460 4149 cunctos
508 4109 572 4146 ac
621 4092 877 4161 singulos
917 4091 1131 4145 bellum
1160 4092 1447 4161 prorupit,
1480 4094 1631 4164 quod
1664 4094 1786 4149 sine
1814 4094 1929 4148 ulla

221 4184 434 4238 virium
486 4186 543 4235 et
587 4180 765 4235 animi
810 4180 1158 4234 relaxatione
1206 4180 1279 4234 ad
1317 4181 1537 4236 obitum
1565 4198 1746 4253 usque
1774 4199 1927 4237 acer-

222 4274 370 4327 rime
421 4287 559 4326 voce
607 4275 662 4325 et
712 4270 932 4341 scriptis
980 4270 1171 4341 gessit.
1220 4270 1458 4341 Scripsit
1486 4272 1700 4343 itaque,
1734 4275 1930 4327 Romae

221 4362 597 4429 constitutus,
642 4360 766 4413 sine
812 4360 1235 4430 intercapedine
1264 4360 1465 4427 libros,
1498 4378 1745 4433 quorum
1774 4362 1927 4416 fama
1966 4356 2008 4410 Ι)

222 4468 355 4505 mox
393 4464 630 4503 omnem
655 4446 903 4501 Africam
932 4452 1017 4502 est
1046 4453 1370 4519 pervagata,
1404 4450 1466 4503 de
1498 4452 1736 4505 Moribus
1759 4453 1931 4505 Eccle-

220 4540 315 4594 sia:
344 4539 629 4593 catholicae
676 4541 733 4590 et
770 4536 835 4590 de
862 4536 1112 4590 Moribus
1154 4538 1592 4603 Manichazorum,
1623 4538 1684 4592 in
1723 4539 1931 4610 quibus

216 4628 562 4699 jactantiam
608 4641 807 4679 eorum
851 4625 920 4678 de
966 4624 1108 4678 falsa
1144 4629 1201 4679 et
1234 4625 1421 4679 fallaci
1452 4642 1553 4680 sua
1582 4628 1932 4681 continentia

224 4717 551 4788 reprimere
600 4700 1224 4784 studuit;iibidemque
1273 4730 1417 4784 opus
1448 4714 1517 4769 de
1546 4716 1737 4770 Libero
1782 4716 1930 4770 arbi-

230 4810 329 4860 trio
399 4808 603 4857 contra
653 4801 1065 4872 disputationes
1121 4817 1320 4855 eorum
1368 4803 1437 4855 de
1494 4803 1714 4873 origine
1773 4805 1929 4871 mali,

230 4894 381 4965 quod
415 4893 500 4947 illi
532 4892 603 4945 ab
634 4889 983 4944 immutabili
1014 4891 1261 4961 quadam
1292 4897 1347 4945 et
1380 4892 1494 4945 Deo
1524 4897 1805 4946 coaeterna
1836 4910 1933 4946 na-

226 4988 356 5036 tura
404 4980 788 5045 deducebant,
834 4979 955 5050 ipse
1004 4995 1073 5034 ex
1124 4980 1304 5033 libero
1347 4980 1655 5035 voluntatis
1699 4982 1932 5036 arbitrio

224 5070 546 5133 derivabat,
598 5068 906 5122 inchoavit.
960 5069 1225 5122 Nondum
1278 5072 1470 5124 autem
1512 5070 1574 5123 in
1625 5070 1714 5125 his
1769 5071 1930 5125 libris

221 5160 506 5231 (quorum
534 5157 793 5228 primum
818 5161 1043 5212 tantum
1072 5158 1269 5212 Roma:
1296 5159 1651 5231 conscripsit,
1684 5160 1935 5232 reliquos

297 5329 379 5397 (α)
415 5327 691 5395 Confess,
724 5328 769 5382 1.
810 5344 886 5393 1x,
920 5344 967 5382 c.
996 5330 1080 5393 12,
1112 5344 1170 5382 n.
1200 5330 1288 5385 30.

292 5402 373 5469 (ὸ)
410 5400 682 5464 Retract,
714 5400 751 5452 l.
784 5415 822 5465 ι,
857 5414 977 5469 cap.
1011 5402 1063 5465 9,
1097 5402 1124 5467 §
1153 5402 1204 5454 2.

292 5476 365 5541 (c)
414 5470 707 5525 Possidius
748 5470 808 5524 in
858 5471 985 5525 Vita
1012 5470 1339 5540 Augustini,
1383 5484 1431 5525 ο.
1482 5473 1534 5537 3,
1582 5473 1773 5525 narrat
1803 5486 1935 5526 eum

225 5558 395 5614 agros
447 5557 605 5614 suos,
637 5541 819 5614 simul
866 5558 930 5614 ac
970 5543 1276 5614 Tagastam
1301 5541 1583 5614 rediisset,
1614 5541 1935 5614 vendidisse

227 5612 284 5670 et
307 5612 579 5687 pretium
624 5612 975 5668 distribuisse
1021 5612 1394 5684 pauperibus.
1434 5612 1593 5687 Quod
1630 5612 1675 5666 si
1705 5629 1834 5667 vere
1864 5614 1935 5668 ab

2038 3131 2175 3185 anni
2226 3135 2321 3185 391
2378 3131 2699 3201 Hipponem
2736 3132 2998 3201 Regium,
3055 3148 3307 3201 securus,
3350 3132 3485 3202 quia
3514 3132 3736 3203 episco-

2038 3236 2177 3290 pum
2207 3219 2362 3272 locus
2392 3219 2648 3287 haberet,
2693 3221 2938 3281 adiisset.
2978 3222 3170 3293 ibique
3205 3223 3410 3275 Valerii
3442 3222 3740 3276 interesset

2039 3306 2432 3375 concionibus,
2480 3308 2665 3361 subito
2715 3308 2788 3361 ad
2834 3310 3122 3363 monitum
3152 3309 3306 3363 illius
3336 3311 3404 3364 de
3432 3309 3739 3364 ordinandi

2037 3394 2356 3466 presbyteri
2404 3396 2759 3462 necessitate,
2797 3413 3007 3468 magno
3063 3415 3192 3452 cum
3222 3400 3476 3452 tumultu
3518 3403 3576 3453 et
3622 3400 3734 3451 cla—

2039 3500 2197 3538 more
2239 3482 2498 3537 omnium
2529 3489 2827 3554 raperetur
2875 3491 2932 3540 et
2975 3486 3340 3557 quantumvis
3367 3491 3732 3557 repugnaret,

2039 3578 2330 3626 crearetur
2374 3573 2689 3644 presbyter.
2743 3575 2956 3627 Ferunt
2984 3580 3119 3629 tunc
3148 3575 3447 3645 quosdam,
3488 3591 3618 3629 cum
3648 3574 3737 3628 la-

2040 3677 2259 3731 crymas
2301 3678 2433 3716 eum
2474 3661 2766 3716 eifuudere
2805 3662 3096 3730 vidissent,
3130 3663 3463 3731 suspicatos,
3496 3680 3590 3717 eas
3614 3678 3736 3733 p03-

2041 3751 2300 3805 nitentiaa
2331 3750 2547 3817 deberi,
2588 3751 2743 3821 quod
2780 3767 2897 3805 non
2926 3752 3200 3806 continuo
3232 3752 3532 3822 episcopus
3558 3752 3737 3805 factus

2040 3845 2207 3907 esset,
2257 3839 2537 3893 studuisse
2581 3840 2861 3894 consolari
2904 3842 3288 3911 suggerendo,
3318 3840 3737 3911 presbyterium

2040 3928 2276 3999 quidem
2323 3926 2472 3981 infra
2521 3927 2863 3998 dignitatem
2910 3930 3033 3998 ejus
3072 3946 3212 3996 esse,
3259 3929 3514 3999 proxime
3544 3933 3738 3982 tamen

2040 4017 2113 4071 ad
2142 4017 2535 4087 episcopatum
2568 4017 2861 4071 accedere.
2899 4019 2968 4071 At
2998 4018 3109 4071 alia
3138 4023 3193 4071 et
3222 4018 3451 4088 dignior
3481 4017 3590 4087 ipsi
3620 4020 3741 4070 erat

2039 4105 2421 4176 lacrymarum
2450 4122 2641 4172 causa,
2676 4110 2737 4158 ut
2763 4122 2880 4158 non
2909 4107 3083 4158 semel
3116 4106 3179 4159 in
3204 4106 3425 4174 scriptis
3455 4105 3572 4158 suis
3602 4121 3735 4175 pro-

2038 4192 2219 4248 fessus
2266 4197 2367 4246 est.
2418 4193 2642 4262 Quippe
2692 4193 2864 4261 longe
2912 4192 3206 4262 augustior
3252 4197 3308 4246 et
3354 4191 3582 4262 gravior
3628 4191 3738 4262 ipsi

2039 4297 2214 4352 quam
2260 4281 2431 4351 vulgo
2474 4279 2765 4350 plerisque
2813 4295 2939 4333 eam
2977 4279 3362 4335 ambientibus
3400 4279 3587 4334 omnis
3616 4279 3740 4334 haec

2041 4385 2333 4424 sacrorum
2385 4368 2708 4423 ofﬁciorum
2756 4369 3051 4440 provincia
3081 4368 3398 4437 videbatur,
3438 4372 3494 4424 et
3519 4372 3736 4423 metue-

2039 4460 2155 4526 bat,
2206 4476 2276 4513 ue
2310 4462 2534 4513 tantum
2565 4474 2684 4513 non
2710 4458 2770 4512 in
2804 4475 2862 4512 se
2891 4457 3145 4529 praesidii
3173 4458 3429 4526 haberet,
3464 4460 3637 4528 quam
3667 4457 3739 4512 ad

2041 4564 2167 4601 eam
2196 4548 2303 4601 rite
2349 4547 2675 4602 obeundam
2704 4563 2850 4617 opus
2879 4551 3050 4601 esset.
3090 4546 3445 4617 Quapropter
3479 4546 3650 4599 etiam
3680 4545 3739 4599 id

2039 4637 2336 4707 temporis,
2381 4636 2531 4707 quod
2570 4635 2870 4689 interesset
2899 4635 2969 4688 ab
3000 4634 3359 4688 ordinatione
3397 4649 3499 4688 sua
3540 4633 3611 4687 ad
3641 4635 3741 4687 Pa—

2042 4726 2249 4780 schatis
2300 4725 2509 4779 festum
2567 4740 2615 4778 a.
2670 4726 2792 4790 392,
2847 4722 2972 4777 dari
3020 4723 3126 4777 sibi
3176 4723 3247 4777 ad
3294 4721 3738 4793 praeparandum

2042 4814 2271 4884 optavit,
2302 4817 2356 4865 et
2385 4828 2517 4866 cum
2547 4812 2993 4882 impetrasset,in
3023 4811 3387 4865 solitudinem
3418 4827 3476 4863 se
3502 4810 3734 4879 recepit.

2045 4903 2223 4972 Igitur
2242 4901 2494 4955 muneris
2512 4900 2666 4954 illius
2686 4899 3003 4971 primordia
3023 4916 3090 4953 ex
3103 4901 3211 4954 hoc
3231 4900 3461 4954 demum
3483 4903 3739 4968 tempore

2037 4994 2187 5063 juste
2213 4992 2394 5063 repeti
2423 5007 2588 5061 posse
2616 4990 2909 5045 videntur.
2960 4990 3150 5044 Prima
3178 4995 3369 5043 autem
3396 4987 3574 5058 ipsius
3604 5004 3742 5041 cura

2042 5081 2171 5149 fuit,
2212 5086 2276 5135 ut
2306 5081 2566 5151 Hippone
2604 5096 2833 5151 quoque
2866 5078 3275 5133 monasterium
3307 5077 3648 5146 institueret,
3680 5076 3742 5130 in

2045 5186 2159 5241 quo
2209 5175 2340 5225 vota
2370 5171 2493 5241 ejus
2541 5170 2762 5240 adjuvit
2788 5169 3067 5236 Valerius,
3104 5168 3267 5223 horto
3313 5165 3571 5221 Ecclesiae
3602 5165 3741 5237 Hip-

2045 5400 2146 5454 illo
2180 5398 2470 5470 proditum
2508 5399 2636 5460 fuit,
2683 5415 2911 5453 necesse
2948 5402 3050 5465 est,
3090 5413 3223 5451 eum
3260 5398 3348 5452 vel
3381 5397 3443 5452 in
3480 5394 3741 5470 alienatis

2049 5475 2148 5542 aut
2180 5466 2387 5524 alienis
2434 5472 2602 5542 plane
2641 5470 2883 5540 degisse,
2914 5474 3013 5523 aut
3042 5470 3242 5525 saltem
3278 5474 3503 5541 partem
3530 5466 3600 5521 de
3625 5467 3741 5520 suis

2048 5541 2369 5597 retinuisse.

2119 5613 2199 5683 (ἀ)
2231 5614 2429 5667 Sermo
2460 5615 2584 5679 335,
2612 5627 2661 5667 c.
2697 5615 2746 5677 1,
2781 5626 2837 5663 n.
2860 5613 2915 5664 2.
