4044 6190
375 316 436 366 15

1360 301 1915 361 SUPPLEMENTUM
1952 302 2042 356 AD
2078 301 2312 358 OPERA
2351 301 2406 356 S.
2448 299 2834 357 AUGUSTINI.

3804 303 3874 355 16

368 431 641 505 ponensis
670 432 741 487 ad
768 431 923 486 hunc
954 445 1124 485 usum
1157 429 1209 483 ei
1236 443 1518 482 concesso.
1551 425 1738 481 Aliam
1770 425 1976 480 deinde
2007 427 2066 478 et
2100 426 2143 480 A
2169 422 2488 494 presbyteri
2534 422 2852 489 celebritas,
2913 437 3017 476 nec
3072 420 3228 493 ipsos
3282 419 3575 492 episcopos
3625 420 3879 493 puderet

367 521 706 592 praeclaram
735 520 803 575 de
831 518 1073 574 Ecclesia
1101 519 1249 572 bene
1279 515 1538 571 merendi
1567 520 1622 570 et
1651 515 1820 569 simul
1851 530 2065 568 nomen

372 628 539 665 suum
586 610 908 664 illustrandi
939 608 1294 663 occasionem
1324 611 1521 660 nactus
1555 610 1639 659 est
1665 621 1769 676 per
1795 603 2064 659 eumdem

371 699 678 767 Valerium,
737 716 802 754 eo
845 698 998 769 quod
1042 695 1152 766 ipsi
1197 712 1389 750 coram
1433 711 1490 749 se
1539 693 1914 748 concionandi
1959 709 2062 764 po-

369 793 633 843 testatem
681 787 906 842 faceret.
959 785 1121 850 Quod
1171 784 1404 855 quidem
1435 784 1674 838 antehac
1713 800 1745 836 a
1769 781 2064 853 presbyte-

371 878 448 931 ris
494 877 619 931 ﬁeri
660 876 947 929 insolitum
978 875 1038 927 in
1069 873 1328 928 Ecclesiis
1359 872 1594 938 Latinis,
1626 888 1756 926 mox
1787 870 1888 925 ubi
1915 885 2064 940 prae-

370 965 564 1020 ivisset
619 963 894 1031 Valerius,
947 944 1184 1019 Graecus.
1225 961 1455 1016 natione
1512 961 1727 1015 scilicet
1773 964 1830 1014 et
1882 957 2067 1014 Latini

371 1053 648 1108 sermonis
693 1069 802 1107 usu
844 1051 1081 1116 tardior,
1133 1051 1336 1121 plures
1374 1066 1479 1120 per
1522 1049 1770 1104 Africam
1815 1046 2068 1118 episcopi

370 1142 580 1198 imitati
629 1147 779 1197 sunt.
828 1143 941 1195 Nec
991 1157 1123 1195 vero
1178 1140 1345 1194 desiit
1381 1139 1530 1193 inter
1579 1139 1703 1192 haec
1754 1142 1811 1192 et
1866 1142 2068 1192 caetera

371 1231 628 1286 muneris
666 1235 1034 1284 avocamenta
1082 1229 1302 1300 scriptis
1340 1228 1659 1298 insigniora
1703 1227 1837 1282 ﬁdei
1882 1227 2067 1297 capita

372 1328 471 1377 aut
515 1322 801 1376 illustrare
847 1326 903 1374 et
955 1319 1106 1390 apud
1150 1335 1280 1372 suos
1322 1317 1710 1381 corroborare,
1744 1320 1841 1370 aut
1871 1321 2068 1369 contra

369 1411 533 1465 aliter
579 1427 641 1463 ac
680 1424 848 1480 prave
887 1407 1196 1461 sentientes
1240 1411 1492 1460 astruere
1523 1409 1578 1458 et
1607 1404 1908 1459 defendere
1935 1423 1950 1471 ;
1977 1420 2065 1458 as-

368 1498 599 1552 siduum
631 1497 864 1567 insuper
888 1496 998 1566 ipsi
1017 1513 1146 1550 cum
1178 1494 1374 1548 amicis
1403 1499 1519 1547 tam
1552 1493 1889 1566 propinquis
1917 1494 2063 1560 loco,

367 1603 541 1659 quam
614 1585 1010 1640 remotissimis
1076 1584 1398 1656 permultis,
1464 1582 1571 1636 fuit
1631 1581 2062 1636 commercium.

366 1678 544 1730 Tanta
586 1692 720 1730 vero
769 1674 877 1728 fuit
921 1675 1091 1744 hujus
1135 1671 1453 1744 presbyteri
1483 1671 1635 1742 apud
1663 1688 1862 1725 omnes
1893 1671 2065 1725 etiam

365 1765 571 1819 Africae
647 1764 942 1835 episcopos
1012 1762 1152 1816 citra
1217 1761 1493 1814 invidiam
1571 1758 1935 1827 existimatio,
2005 1764 2068 1813 ut

365 1869 591 1907 summa
622 1852 897 1922 dignitate
940 1850 1091 1904 inter
1121 1865 1217 1902 eos
1246 1847 1373 1914 viri,
1403 1846 1577 1901 veluti
1607 1845 1893 1914 Aurelius,
1939 1863 2070 1900 con-

366 1939 492 1992 silia
517 1940 639 2010 ejus
661 1939 924 1992 lubenter
945 1937 1339 2003 admitterent,
1369 1942 1426 1990 et
1454 1935 1644 1990 cuncti
1675 1936 1810 1990 adeo
1842 1935 1902 1990 in
1932 1952 2067 1990 con-

365 2026 496 2080 cilio
531 2025 882 2098 Hipponensi
910 2043 970 2080 a.
1013 2028 1134 2092 393,
1161 2025 1282 2078 sine
1313 2025 1577 2094 exemplo
1617 2040 1806 2078 coram
1836 2023 1975 2095 ipsis
2004 2023 2070 2078 de

363 2115 469 2184 ﬁde
495 2123 544 2170 et
581 2117 820 2186 symbolo
869 2130 1192 2168 sermonem
1225 2113 1408 2166 facere
1439 2129 1571 2166 eum
1605 2112 1896 2182 juberent.
1929 2111 2066 2176 Qui-

362 2203 470 2258 bus
514 2203 779 2256 omnibus
821 2202 891 2256 de
937 2201 1119 2256 causis
1158 2202 1606 2272 haudquaquam
1638 2217 1773 2254 sane
1799 2201 2066 2254 inanibus

365 2296 628 2346 metuens
678 2291 950 2355 Valerius,
993 2307 1086 2356 ne,
1140 2289 1320 2344 sicubi
1365 2290 1663 2360 episcopus
1711 2290 1947 2356 deesset,
1997 2289 2067 2344 ad

363 2380 666 2434 Ecclesiam
714 2380 873 2433 illam
917 2379 1228 2450 regendam
1277 2379 1463 2433 subito
1507 2383 1854 2447 evocaretur,
1901 2377 2068 2448 petiit

362 2469 432 2522 ab
488 2468 720 2522 Aurelio
781 2468 1141 2539 Carthaginis
1192 2467 1459 2538 episcopo
1517 2468 1805 2538 totiusque
1862 2469 2066 2522 Atricae

362 2557 615 2629 primati,
649 2563 710 2611 ut
740 2558 848 2612 sibi
877 2558 1075 2612 liceret
1112 2573 1242 2611 eum
1274 2557 1553 2627 collegam
1584 2562 1639 2610 et
1664 2556 2065 2627 coepiscopum

364 2662 532 2699 suum
575 2647 776 2700 facere.
804 2646 964 2709 Quod
997 2645 1096 2698 ubi
1123 2643 1505 2714 impetrasset,
1537 2660 1669 2697 mox
1702 2645 1852 2697 clero
1879 2649 1936 2696 et
1965 2658 2066 2712 po-

361 2735 500 2805 pulo
547 2751 649 2788 suo
698 2734 1075 2804 pluribusque
1115 2732 1396 2805 episcopis
1429 2732 1807 2803 praesentibus
1837 2731 2064 2801 signiti-

364 2821 510 2876 cavit
559 2827 615 2876 et
655 2839 865 2891 magno
931 2839 1059 2876 cum
1109 2821 1371 2876 omnium
1415 2837 1700 2876 consensu
1746 2837 1779 2874 a
1829 2820 2064 2890 Megalio

363 2910 629 2981 episcopo
680 2910 999 2964 Calamensi
1029 2910 1310 2964 Numidiae
1346 2910 1600 2981 primati,
1632 2909 1792 2980 cujus
1819 2909 1909 2963 hae
1941 2925 2064 2979 par-

2103 1721 2146 1778 B

2174 513 2297 583 ejus
2370 511 2608 566 consilia
2659 516 2717 566 et
2767 514 2900 565 vota
2951 509 3206 581 exsequi,
3268 509 3428 564 nulla
3492 515 3687 564 tamen
3750 514 3880 565 erat

2175 601 2483 656 auctoritas
2526 601 2648 672 ejus
2693 600 2915 671 legibus
2953 599 3345 654 ecclesiasticis
3373 598 3727 666 conﬁrmata,
3761 600 3878 654 cir-

2174 690 2628 762 cumscripteque
2693 688 2902 760 agendi
2953 687 3184 744 licentia
3235 688 3422 743 alieno
3478 688 3732 743 arbitrio.
3794 689 3880 743 Ex

2174 795 2287 849 quo
2336 795 2468 834 vero
2518 779 2693 832 semel
2751 777 2824 832 ad
2862 777 3172 848 regendam
3204 776 3504 830 Ecclesiam
3541 777 3876 847 Hipponen-

2173 884 2292 922 sem
2338 873 2560 922 evectus
2590 871 2692 933 est,
2724 883 2793 921 ex
2839 867 2963 937 ejus
2993 869 3138 920 nutu
3167 870 3337 936 atque
3369 865 3726 919 ordinatione
3754 879 3878 918 non

2175 957 2362 1010 solum
2432 955 2686 1010 Valerius
2749 954 3138 1025 coepiscopus,
3210 954 3308 1008 sed
3367 953 3632 1007 Aurelius
3695 953 3876 1008 etiam

2177 1044 2638 1116 Carthaginensis
2684 1043 2980 1116 episcopus
3036 1048 3092 1096 et
3142 1042 3317 1097 totius
3371 1042 3576 1096 Africa:
3631 1041 3870 1113 primas,

2175 1138 2570 1204 totaque‘cum
2610 1149 2676 1187 eo
2707 1133 2951 1187 Ecclesia
2979 1131 3263 1198 Africana,
3302 1131 3442 1202 quin
3474 1131 3654 1185 immo
3685 1135 3874 1185 trans-

2175 1222 2415 1276 marina:
2456 1221 2712 1276 Ecclesiae
2754 1237 2861 1291 per
2906 1226 3090 1275 totum
3143 1220 3529 1290 Occidentem,
3578 1220 3875 1292 plurimae—

2177 1327 2288 1382 que
2319 1310 2381 1364 in
2409 1311 2653 1366 Orientis
2684 1311 2942 1382 partibus
2969 1310 3386 1381 pependerunt.

2248 1399 2514 1452 Nostrum
2569 1397 2804 1470 quidem
2858 1399 2921 1452 in
2987 1399 3259 1469 praesenti
3305 1414 3422 1452 non
3477 1401 3562 1452 est
3607 1397 3874 1452 omnium

2177 1488 2300 1558 ejus
2369 1488 2652 1542 factorum
2726 1493 3136 1559 gestorumque
3198 1487 3496 1542 historiam
3551 1493 3870 1553 contexere,

2177 1577 2389 1649 quippe
2443 1593 2570 1647 qua
2628 1593 2759 1631 cum
2809 1576 3076 1634 universa
3129 1581 3457 1647 temporum
3511 1575 3741 1630 illorum
3807 1591 3876 1630 ac

2177 1671 2486 1720 eventuum
2529 1665 2675 1719 serie
2705 1671 2821 1719 tam
2849 1671 2998 1719 arcte
3028 1665 3335 1734 cohaerent,
3368 1670 3430 1720 ut
3456 1665 3578 1719 sine
3609 1669 3876 1719 accurata

2175 1753 2415 1808 istorum
2472 1753 2833 1808 enarratione
2903 1769 3112 1823 parum
3160 1753 3436 1807 concinne
3495 1751 3622 1806 ﬁeri
3669 1751 3870 1824 possit,

2173 1859 2299 1910 nec,
2351 1842 2398 1896 si
2447 1843 2601 1897 locus
2647 1841 2839 1896 minus
2881 1846 3030 1896 esset
3058 1841 3298 1908 alienus,
3337 1844 3593 1895 nostram
3633 1855 3874 1910 operam

2174 1937 2303 2003 post
2347 1936 2433 1986 tot
2462 1947 2823 1986 summorum
2859 1931 3117 1984 virorum
3161 1929 3520 2001 diligentiam
3549 1930 3869 2000 requirant.

2173 2019 2571 2091 Expectabitur
2613 2036 2745 2073 vero
2775 2021 2966 2089 imago
2998 2018 3124 2085 viri,
3157 2018 3341 2090 qualis
3377 2019 3445 2073 ab
3475 2019 3581 2073 hoc
3609 2023 3872 2088 tempore

2172 2109 2365 2179 fuerit,
2413 2125 2480 2163 ex
2527 2108 2752 2179 scriptis
2805 2110 2927 2178 ejus
2968 2112 3376 2178 gestorumque
3433 2107 3712 2161 memoria
3767 2121 3870 2161 ex-

2171 2215 2389 2270 pressa,
2423 2199 2484 2253 in
2521 2215 2654 2270 qua,
2685 2197 2732 2251 si
2766 2197 2956 2251 minus
2987 2202 3150 2252 acute
3179 2197 3444 2261 viderim,
3479 2196 3578 2267 qui
3609 2197 3871 2250 colorum

2171 2284 2422 2340 delectus
2470 2293 2618 2341 esset
2671 2286 2990 2356 habendus,
3044 2285 3102 2340 id
3156 2285 3503 2358 reprehendi
3558 2301 3674 2338 non
3715 2300 3872 2355 aegre

2171 2373 2373 2444 patiar.
2431 2378 2510 2429 Ac
2564 2375 2818 2446 primum
2863 2374 3098 2446 quidem
3142 2359 3255 2428 huc
3291 2374 3425 2428 facit
3470 2373 3598 2428 vita:
3627 2373 3870 2443 privata:

2173 2463 2294 2533 ejus
2342 2464 2743 2519 consideratio.
2799 2465 3010 2518 Natura
3055 2464 3362 2518 vehemens
3397 2469 3539 2532 erat,
3588 2462 3870 2534 facileque

2172 2553 2432 2607 sensibus
2479 2554 2968 2621 commovebatur,
3014 2553 3093 2606 ita
3138 2558 3204 2607 ut
3231 2569 3609 2624 quaecumque
3651 2552 3867 2623 objice-

2171 2648 2388 2708 rentur,
2439 2643 2628 2697 subito
2676 2643 3172 2713 complecteretur,
3212 2643 3560 2712 modumque
3591 2658 3709 2695 non
3738 2658 3868 2696 raro

2169 2731 2232 2785 in
2309 2731 2552 2786 fruendo
2619 2732 2936 2786 excederet.
2995 2730 3281 2786 Exercitiis
3336 2748 3471 2802 ergo
3519 2731 3869 2802 quotidianis

2171 2820 2307 2875 huic
2345 2820 2526 2874 animi
2551 2821 2749 2875 morbo
2779 2837 2842 2874 ac
2865 2820 3242 2875 imbecillitati
3273 2819 3490 2874 mederi
3520 2821 3864 2886 instituerat,

2169 2925 2380 2980 nempe
2438 2909 2920 2979 contemplatione
2968 2909 3056 2964 sui
3097 2909 3386 2980 ipsius,ac
3431 2909 3868 2980 investigatione

362 3003 447 3053 tes
478 3003 661 3063 erant,
705 2999 1030 3070 postulavit,
1067 3004 1132 3053 ut
1159 3000 1491 3071 episcopum
1533 2999 1845 3053 ordinaret.
1879 2999 2059 3052 Inter-
2091 3016 2130 3072 ο
2168 2998 2460 3064 vitiorum,
2517 3014 2685 3069 prece
2733 3014 2905 3069 porro
2952 2998 3226 3052 continua
3271 3003 3327 3052 et
3369 2997 3556 3052 studio
3610 3013 3867 3052 amorem

361 3087 602 3143 cedebat
641 3089 878 3160 quidem
908 3090 1030 3159 ejus
1061 3088 1427 3156 ordinationi,
1458 3087 1715 3141 criminis
1743 3087 1931 3141 nescio
1961 3103 2058 3140 cu-

355 3177 451 3247 jus
480 3194 613 3232 eum
655 3179 996 3232 insimulans
1043 3178 1342 3246 Megalius;
1386 3178 1484 3231 sed
1529 3177 1625 3232 ubi
1665 3164 1874 3230 falSum
1917 3174 2060 3229 illud

362 3281 505 3332 esse,
547 3265 608 3319 in
650 3267 758 3320 hoc
807 3266 932 3336 ipso
979 3265 1163 3336 litigio
1213 3265 1590 3336 cognovisset,
1624 3264 1896 3335 paenituit
1927 3279 2058 3317 eum

361 3355 683 3421 calumnias,
732 3370 835 3408 nec
876 3353 1090 3408 diutius
1127 3353 1188 3408 in
1217 3353 1640 3407 ordinationem
1671 3354 1792 3424 ejus
1821 3369 2058 3407 consen-

361 3459 488 3497 sum
535 3442 811 3497 cohibuit.
869 3442 982 3497 Sed
1019 3449 1076 3497 et
1114 3443 1235 3514 ipse
1280 3442 1631 3513 Augustinus
1677 3441 2061 3497 rellictabatur

362 3536 420 3586 et
466 3547 583 3586 non
624 3532 735 3586 nisi
779 3532 1016 3603 prolatis
1056 3531 1244 3599 variis,
1281 3548 1400 3586 non
1429 3531 1706 3590 Africanis
1735 3531 1929 3598 modo,
1963 3531 2059 3586 sed

360 3621 761 3675 transmarinis
798 3620 1092 3692 exemplis,
1140 3637 1270 3692 quas
1321 3621 1390 3674 ab
1451 3620 1711 3675 Ecclesiis
1754 3623 2060 3675 c'onsuetu-

361 3710 496 3764 dine
547 3727 667 3764 non
732 3710 1037 3765 abhorrere
1092 3710 1422 3781 probarent,
1479 3715 1542 3764 ut
1595 3709 1816 3765 vivente
1874 3710 2060 3764 adhuc

361 3799 628 3870 episcopo
688 3799 831 3853 alius
884 3798 1070 3853 eidem
1127 3799 1387 3853 Ecclesiae
1435 3798 1839 3868 praeﬁceretur,
1908 3798 2059 3852 vinci

359 3889 564 3960 potuit.
619 3890 763 3961 Apte
807 3889 918 3943 hoc
963 3888 1088 3942 loco
1133 3887 1205 3942 ad
1245 3888 1542 3958 ingenium
1590 3887 1840 3942 hominis
1871 3887 2058 3942 decla-

357 3979 604 4033 randum
660 3978 729 4032 de
777 3977 1131 4032 recusatione
1175 3979 1297 4047 ejus
1344 3977 1555 4032 excidit
1602 3976 1980 4032 Benedictinis
2042 3993 2056 4032 :

356 4069 477 4125 Non
522 4070 696 4122 minor
737 4072 854 4122 erat
884 4067 1000 4137 ejus
1037 4067 1300 4122 modestia
1345 4071 1396 4120 et
1440 4067 1649 4135 religio,
1689 4082 1853 4135 quam
1886 4071 1962 4121 tot
1989 4067 2060 4120 il-

356 4156 607 4211 lustrium
655 4159 916 4225 uirorum,
967 4158 1064 4225 qui
1098 4161 1254 4211 aetate
1290 4157 1408 4224 illa,
1456 4161 1518 4210 ut
1545 4157 1850 4225 episcopum
1886 4157 2057 4211 susci-

347 4251 558 4316 perent,
586 4248 751 4300 sicuti
775 4246 966 4299 scribit
998 4245 1096 4315 (a),
1129 4245 1447 4299 tenebantur
1474 4246 1660 4311 inviti,
1680 4245 2053 4314 perduceban-

2172 3086 2272 3141 Dei
2303 3086 2365 3141 in
2407 3103 2466 3141 se
2505 3087 2775 3158 augendi.
2805 3089 2885 3140 Ac
2913 3087 3021 3141 hoc
3049 3092 3404 3158 postremum
3425 3085 3655 3156 quidem
3685 3085 3864 3155 potis-

2169 3176 2380 3231 simum
2422 3176 2529 3231 fuit
2557 3175 2910 3246 praesidium,
2951 3192 3065 3247 quo
3106 3180 3305 3229 contra
3346 3174 3719 3246 cupiditatum
3750 3174 3865 3229 im-

2168 3272 2334 3337 petus
2403 3283 2467 3323 ac
2511 3266 2748 3321 insidias
2799 3267 2880 3321 uti
2923 3267 3148 3321 soleret.
3198 3265 3482 3320 Nimirum
3533 3269 3598 3319 ut
3651 3264 3865 3320 celeres

2168 3355 2308 3410 istos
2335 3372 2606 3410 sensuum
2634 3360 2825 3410 motus
2859 3359 2915 3410 et
2945 3355 3172 3410 crebras
3197 3354 3544 3409 vibrationes
3573 3358 3673 3409 aut
3699 3353 3864 3408 siste-

2167 3449 2256 3499 ret
2284 3449 2382 3500 aut
2411 3446 2609 3500 saltem
2648 3445 3013 3516 praepediret,
3065 3444 3176 3499 alio
3222 3447 3550 3498 convertere
3585 3459 3728 3514 opus
3757 3443 3865 3497 ha-

2167 3534 2295 3591 buit
2331 3535 2557 3589 interna
2591 3535 2836 3606 quadam
2865 3533 3231 3590 contentione
3261 3532 3557 3603 animique
3585 3532 3658 3586 ad
3690 3531 3864 3587 subli-

2170 3623 2380 3678 miores
2428 3625 2799 3696 cogitationes
2841 3623 3132 3679 evectione
3178 3626 3274 3676 aut
3315 3622 3505 3692 potius
3535 3627 3722 3692 raptu,
3752 3637 3866 3693 quo

2167 3714 2482 3785 plurimum
2513 3713 2672 3768 omni
2702 3719 2963 3784 tempore
2993 3730 3056 3767 ac
3087 3713 3147 3766 in
3177 3711 3334 3766 omni
3363 3710 3866 3782 contemplationis

2167 3819 2377 3873 genere
2418 3803 2685 3858 homines
2728 3803 2900 3857 vividi
2937 3801 3157 3872 ingenii
3204 3801 3456 3873 potuisse
3502 3805 3866 3870 compertum

2167 3896 2270 3947 est.
2305 3893 2418 3946 Nec
2445 3909 2577 3947 vero
2607 3893 2712 3947 iste
2743 3892 2900 3946 nisus
2945 3891 3280 3945 inﬁrmioris
3325 3893 3449 3943 erat
3476 3888 3715 3954 cerebri,
3764 3894 3866 3943 aut

2167 3985 2421 4035 mentem
2445 3981 2569 4051 ejus
2597 3981 2666 4034 de
2698 3985 2847 4034 statu
2877 3979 3237 4046 deturbabat,
3269 3977 3367 4032 sed
3391 3975 3658 4031 utebatur
3687 3976 3866 4031 etiam

2166 4068 2227 4123 in
2255 4068 2344 4122 his
2375 4067 2803 4124 ratiocinatione
2844 4068 3094 4140 quadam
3122 4066 3242 4139 ipsi
3270 4064 3502 4138 propria
3525 4069 3580 4120 et
3610 4067 3767 4120 velut
3796 4083 3867 4122 ex

2165 4158 2414 4228 perfecta
2461 4158 2788 4228 cognitione
2836 4162 2892 4211 et
2937 4156 3195 4229 propiori
3238 4159 3470 4227 aspectu
3516 4154 3864 4210 inﬂammari

2165 4246 2480 4302 videbatur.
2535 4247 2672 4302 Hinc
2716 4246 3063 4318 querebatur
3110 4245 3260 4317 apud
3307 4262 3366 4300 se
3415 4244 3485 4299 de
3531 4243 3863 4300 lassitudine

356 4311 464 4403 tur,
520 4311 953 4402 iucludebantur,
1007 4311 1462 4403 custodiebantur,
1505 4311 1861 4403 patiebantur
1901 4341 2055 4390 tanta
2084 4311 2127 4366 D
2165 4353 2287 4405 sua,
2317 4354 2447 4408 quae.
2474 4311 2802 4408 impediret,
2850 4311 3165 4408 quominus
3198 4336 3399 4400 Deum,
3439 4337 3612 4404 prout
3671 4334 3861 4400 vellet,

355 4437 474 4490 quae
520 4421 792 4488 nolebant,
827 4421 988 4474 donec
1039 4423 1115 4475 eis
1168 4422 1375 4475 adesset
1431 4423 1680 4476 voluntas
1722 4425 2057 4492 suscipiendi

355 4511 531 4579 operis
593 4509 735 4563 boni.
792 4508 1045 4578 Contigit
1093 4509 1377 4563 ordinatio
1435 4509 1557 4579 ejus
1607 4514 1847 4564 exeunte
1902 4527 2053 4566 anno

355 4601 456 4654 395
504 4601 601 4651 aut
650 4597 755 4652 sub
804 4595 1034 4651 initium
1084 4598 1394 4668 sequentis.
1451 4599 1515 4651 In
1560 4597 1706 4653 hanc
1760 4614 1894 4653 vero
1933 4604 2054 4654 tam

351 4686 641 4756 insignem
682 4685 1018 4756 dignitatem
1063 4685 1186 4756 ipse
1235 4690 1458 4741 tantum
1500 4687 1570 4742 de
1599 4703 1703 4742 suo
1747 4688 2053 4744 transfudit

351 4776 632 4831 honorem
663 4779 832 4845 atque
862 4775 1280 4840 claritudinem,
1314 4782 1380 4830 ut
1412 4777 1639 4830 nullum
1670 4793 1737 4831 eo
1777 4775 2051 4833 illustrio-

351 4882 474 4921 rem
530 4864 860 4938 episcopum
904 4864 1148 4919 Ecclesia
1202 4864 1401 4919 Latina
1450 4865 1689 4920 noverit.
1745 4866 1889 4920 Nam
1943 4867 2051 4922 etsi

345 4955 469 5025 jam
534 4959 666 5010 ante
734 4958 1061 5024 susceptum
1128 4953 1520 5024 episcopatum
1599 4970 1826 5010 summa
1904 4959 2052 5012 esset

423 5079 504 5147 (a)
530 5079 714 5147 Ipsius
744 5078 917 5133 verba
941 5077 1000 5132 in
1031 5094 1114 5147 ep.
1138 5078 1212 5131 ad
1235 5081 1503 5134 Donatum
1535 5081 1654 5146 173,
1687 5094 1744 5133 n.
1779 5081 1831 5134 3.

420 5151 500 5218 (ὁ)
545 5149 796 5206 Confess.
837 5151 874 5206 l.
911 5166 1029 5214 xm,
1062 5166 1110 5203 c.
1143 5152 1198 5217 8,
1229 5165 1288 5203 n.
1321 5153 1352 5204 9
1396 5167 1408 5204 :
1445 5169 1473 5201 (ι
1505 5151 1587 5204 Da
1614 5149 1759 5203 mihi
1789 5155 1866 5218 te,
1898 5152 2048 5207 Deus

348 5235 532 5284 meus,
575 5222 750 5292 redde
780 5227 833 5275 te
864 5221 1006 5275 mihi
1038 5237 1051 5274 :
1099 5225 1152 5274 te
1185 5221 1336 5274 enim
1364 5237 1514 5292 amo,
1547 5225 1604 5275 et
1628 5221 1675 5274 si
1703 5237 1907 5290 parum
1938 5228 2043 5292 est,

347 5291 820 5363 amem_va_lidius.
859 5294 981 5347 Non
1009 5307 1244 5363 possum
1284 5293 1492 5358 metiri,
1536 5296 1598 5345 ut
1625 5293 1819 5354 sciam,
1853 5309 2041 5363 quan-

346 5365 474 5434 tum
523 5360 671 5414 desit
698 5362 840 5434 mihi
882 5360 1089 5418 amoris
1119 5363 1189 5416 ad
1218 5362 1277 5416 id
1307 5363 1461 5434 quod
1501 5368 1588 5417 sat
1617 5368 1715 5428 est,
1762 5369 1825 5417 ut
1851 5360 2043 5420 currat

344 5432 460 5487 vita
513 5447 642 5486 mea
696 5431 786 5504 in_
821 5437 1112 5504 amplexus
1159 5431 1468 5499 tuosfnec
1515 5439 1806 5488 avertatur
1861 5435 2040 5491 donec

344 5504 725 5559 abscondatur
771 5501 833 5557 in
880 5501 1216 5561 abscondito
1264 5505 1452 5560 vultus
1493 5504 1598 5560 tui.
1654 5506 1769 5560 Hoc
1812 5509 2040 5562 tantum

343 5574 481 5646 scio,
528 5575 665 5646 quia
704 5575 844 5629 male
882 5581 960 5631 est
987 5582 1196 5646 praeter
1243 5581 1321 5646 te,
1369 5591 1484 5632 non
1514 5576 1702 5631 solum
1732 5581 1892 5632 extra
1918 5593 2034 5648 me,

2163 4429 2398 4480 amaret.
2451 4425 2702 4480 Metuens
2748 4424 2960 4478 scilicet
3005 4421 3259 4493 corporis
3304 4420 3619 4490 imaginem
3655 4419 3717 4474 in
3748 4420 3863 4475 Deo

2161 4511 2480 4582 concipere,
2527 4529 2698 4567 sensu
2735 4518 2930 4566 tamen
2977 4511 3243 4582 amplecti
3281 4509 3567 4580 cupiebat,
3601 4523 3732 4580 qua
3771 4523 3861 4560 so-

2160 4600 2270 4655 lius
2311 4601 2634 4656 intellectus
2664 4606 2843 4656 erant.
2872 4602 3012 4655 Nam
3045 4599 3532 4672 pulchritudinem
3562 4601 3620 4651 et
3660 4596 3855 4650 dulce-

2160 4689 2354 4744 dinem
2403 4690 2502 4745 Dei
2546 4690 2740 4746 laudat
2785 4694 2840 4744 et
2886 4691 2947 4744 in
2993 4689 3291 4758 amplexus
3339 4687 3468 4758 ejus
3489 4686 3666 4740 vitam
3696 4701 3862 4739 suam

2157 4794 2386 4834 currere
2443 4779 2581 4834 dicit
2638 4784 2693 4834 et
2739 4796 2868 4834 cum
2917 4779 3015 4833 illo
3060 4778 3222 4850 quasi
3272 4775 3454 4831 amico
3498 4779 3554 4830 et
3590 4773 3863 4830 familiari

2155 4866 2366 4923 blando
2396 4884 2682 4938 sermone,
2712 4868 3141 4940 colloquebatur
3172 4866 3272 4939 (b).
3305 4867 3417 4921 Nec
3446 4868 3640 4920 tamen
3669 4879 3862 4918 emen—
3941 4863 3950 4870 ’

2155 5079 2254 5134 sed
2285 5082 2340 5133 et
2367 5077 2428 5133 in
2457 5095 2550 5134 me
2581 5079 2729 5150 ipso,
2759 5084 2814 5135 et
2836 5079 3024 5134 omnis
3049 5077 3192 5133 mihi
3210 5078 3378 5149 copia
3409 5093 3541 5148 quae
3571 5077 3860 5150 Deus‘non

2154 5156 2259 5211 est,
2291 5154 2509 5220 egestas
2541 5145 2653 5205 esti
2692 5145 2722 5204 ii
2748 5151 2890 5206 Ibid.
2923 5153 3024 5206 lib.
3058 5151 3181 5205 eod.
3217 5145 3338 5221 cap.
3373 5145 3463 5215 29,
3501 5153 3558 5203 et
3584 5163 3668 5218 sq.
3702 5145 3804 5221 fin.
3845 5163 3859 5202 :

2157 5244 2178 5272 α
2238 5224 2299 5276 Et
2334 5219 2564 5276 attendi
2608 5226 2674 5276 ut
2711 5222 3052 5286 invenirem,
3083 5219 3638 5291 utrum—septicsvel
3673 5219 3860 5291 octies

2150 5292 2380 5359 videris,
2414 5293 2550 5364 quia
2575 5292 2727 5347 bona
2756 5298 2888 5347 sunt
2930 5309 3104 5364 opera
3152 5297 3274 5362 tua,
3319 5290 3449 5345 cum
3487 5290 3595 5344 tibi
3625 5290 3858 5360 placue-

2149 5369 2288 5418 runt
2323 5381 2337 5418 :
2369 5370 2424 5418 et
2447 5365 2510 5417 in
2539 5368 2635 5417 tua
2660 5365 2876 5418 visione
2906 5363 3022 5418 non
3043 5363 3236 5418 inveni
3265 5368 3546 5432 tempora,
3581 5376 3860 5432 perque:

2148 5433 2552 5506 intelligerem,
2621 5437 2775 5506 quod
2830 5434 2994 5490 toties
3048 5433 3280 5504 videris,
3339 5431 3470 5505 quae
3526 5431 3759 5487 fecisti.’
3791 5433 3861 5486 Et

2149 5505 2288 5572 dixi,
2340 5505 2382 5562 Ο
2431 5505 2693 5572 Domine,
2742 5522 2935 5562 nonne
2973 5506 3086 5562 ista
3125 5507 3406 5572 scriptura
3446 5509 3549 5559 tua
3579 5519 3717 5558 vera
3741 5507 3858 5570 est,

2149 5577 2428 5648 quoniam
2475 5582 2534 5633 tu
2567 5594 2735 5634 verax
2782 5582 2839 5634 et
2878 5577 3087 5635 veritas
3117 5573 3346 5634 edidisti
3374 5574 3541 5633 eam?
3567 5573 3684 5630 Cur
3713 5589 3858 5646 ergo
