4060 6194
221 328 285 380 17
1291 325 1570 383 NOTITIA
1607 325 2028 382 LITTERARIA
2064 328 2132 383 IN
2171 330 2226 385 S.
2269 330 2734 387 AUGUSTINUM.
3670 337 3731 390 18

215 450 349 504 dare
377 448 535 503 inter
572 465 638 503 ea
667 448 925 516 cessavit,
959 452 1244 520 quotquot
1279 449 1340 503 in
1368 466 1427 503 se
1470 450 1924 522 deprehenderet
1951 453 1995 507 A
2032 452 2159 523 bus,
2188 455 2277 509 vel
2307 456 2375 511 de
2407 457 2680 519 moribus,
2730 457 2820 511 vel
2863 458 3132 530 denique,
3177 460 3334 531 quod
3380 461 3729 532 frequentis-

213 538 369 603 vitia,
403 538 505 591 sed
554 537 656 605 ita,
688 542 754 591 ut
784 554 896 591 non
936 538 1045 591 sibi
1076 538 1219 592 illud
1258 545 1571 609 arrogaret,
1612 540 1705 594 sed
1739 542 1916 594 Deum

213 630 406 699 ipsum
440 628 667 698 operari
704 627 766 681 in
801 645 859 682 se
895 633 1144 698 putaret,
1179 644 1290 699 quo
1334 629 1517 699 magis
1547 645 1679 683 eum
1708 628 1767 682 in
1799 628 1918 683 dies

210 716 466 771 vicissim
516 732 711 770 amore
759 717 1260 787 complecteretur;
1310 717 1561 788 indeque
1607 722 1774 771 enata
1820 715 1921 771 illa

210 806 280 859 de
321 806 661 876 operatione
692 806 794 859 Dei
830 806 891 860 in
920 806 1154 859 homine
1189 822 1285 859 seu
1319 807 1502 877 gratia
1525 805 1717 860 divina
1746 806 1919 860 effec—

210 894 351 947 trice
405 894 642 965 opinio,
693 911 823 966 qua
862 895 1179 964 plurimum
1218 911 1323 965 per
1365 899 1545 949 totam
1582 894 1755 948 vitam
1796 894 1918 964 ejus

211 983 516 1038 dominata
547 988 651 1038 est.
695 984 978 1039 Caterum
1031 988 1152 1036 erat
1180 982 1423 1037 affabilis
1473 987 1529 1037 et
1574 983 1837 1051 blandus,
1865 987 1920 1037 et

208 1076 329 1127 tam
362 1072 626 1143 singulis,
660 1088 835 1143 quam
863 1071 969 1126 toti
1001 1071 1258 1125 Ecclesia
1287 1088 1426 1138 sua,
1458 1072 1600 1126 bene
1629 1072 1914 1142 cupiebat.

209 1162 396 1216 Mores
447 1162 751 1215 emendare
798 1160 949 1215 haud
994 1165 1279 1231 postrema
1330 1161 1451 1230 ejus
1500 1165 1620 1214 erat
1666 1176 1820 1221 cura,
1864 1164 1918 1214 et

208 1250 361 1304 nihil
416 1250 621 1303 fucata
674 1250 933 1303 tribuens
985 1249 1280 1320 religioni,
1336 1248 1482 1302 bene
1537 1248 1913 1311 discernebat,

208 1356 343 1410 qua
397 1356 466 1393 ex
513 1343 666 1393 recto
712 1338 890 1393 animi
933 1338 1246 1409 proposito,
1290 1353 1484 1409 quave
1537 1354 1602 1391 ex
1647 1353 1917 1391 momen—

205 1434 383 1483 tanea
423 1427 809 1482 commotione
851 1431 947 1482 aut
985 1427 1211 1481 levitate
1254 1427 1448 1497 aliqua
1485 1427 1915 1497 proﬁcisceren-

204 1522 306 1571 tur
350 1534 366 1571 :
411 1515 469 1569 id
502 1516 656 1588 quod
684 1519 770 1569 tot
799 1516 921 1587 ejus
953 1532 1053 1569 seu
1076 1515 1146 1569 ad
1178 1515 1410 1582 amicos,
1443 1532 1544 1569 seu
1572 1515 1712 1569 alios
1740 1532 1916 1587 quos-

204 1622 485 1678 cumque,
535 1606 796 1671 consilia,
848 1606 1068 1661 monita
1112 1611 1282 1676 atque
1338 1607 1759 1661 cohortationes
1813 1623 1917 1677 per

204 1696 482 1766 epistolas
524 1694 943 1749 communicata
990 1695 1302 1750 declarant.
1345 1697 1457 1749 Nec
1500 1712 1634 1749 vero
1665 1694 1912 1766 discipli-

208 1802 344 1839 nam
400 1784 664 1839 Ecclesia
704 1784 915 1838 severis
943 1784 1165 1855 legibus
1212 1785 1529 1849 exercebat,
1564 1790 1619 1838 et
1644 1784 1914 1856 parcissi-

203 1892 340 1930 mus
370 1874 583 1928 eratin
626 1874 940 1944 puniendo.
981 1874 1138 1928 Idem
1175 1892 1280 1929 nec
1319 1890 1521 1928 avarus
1561 1874 1620 1927 in
1651 1874 1915 1944 augendo

205 1963 473 2019 Ecclesia
526 1962 898 2034 patrimonio,
959 1961 1173 2034 quippe
1228 1963 1328 2033 qui
1379 1961 1742 2017 hareditates
1797 1979 1915 2016 non

204 2056 532 2122 appeteret,
574 2052 851 2122 quasdam
897 2067 1030 2105 vero
1085 2051 1192 2105 sibi
1243 2051 1459 2105 oblatas
1512 2056 1802 2106 recusaret
1860 2056 1915 2106 et

204 2141 506 2205 redderet;
539 2156 713 2211 quam
751 2141 824 2194 ob
855 2156 979 2194 rem
1015 2158 1046 2195 a
1074 2141 1368 2194 nonnullis
1398 2139 1569 2194 etiam
1599 2141 1913 2211 reprehen-

208 2229 484 2294 debatur,
546 2229 699 2300 quod
764 2228 955 2282 minus
1011 2229 1273 2283 Ecclesia
1331 2229 1495 2283 bonis
1524 2228 1905 2301 prospiceret.
1952 2244 1953 2247 ‘

209 2318 318 2373 Sed
349 2318 485 2373 vita
524 2317 794 2372 solitaria
844 2322 908 2371 ut
951 2323 1121 2372 antea
1165 2317 1587 2389 cupidissimus,
1641 2334 1771 2373 cum
1812 2334 1916 2388 per

208 2408 468 2478 episcopi
512 2406 745 2477 negotia
783 2410 841 2461 et
870 2405 1058 2460 ofﬁcia
1086 2405 1477 2473 humanitatis,
1511 2422 1639 2477 qua
1669 2405 1779 2476 ipsi
1808 2423 1911 2460 no-

205 2513 343 2551 vum
394 2512 610 2551 munus
653 2512 788 2564 erga
832 2496 1082 2566 hospites
1132 2495 1490 2566 injungebat,
1547 2495 1709 2567 sequi
1754 2495 1913 2549 illam

206 2586 451 2640 minime
481 2590 691 2655 posset,
728 2601 943 2640 novum
989 2584 1405 2639 monasterium
1448 2584 1507 2638 in
1540 2585 1665 2654 ipsa
1696 2584 1911 2655 episco-

208 2675 323 2746 pali
373 2675 551 2729 domo
580 2674 895 2740 constituit,
926 2675 1078 2729 unde
1102 2674 1364 2744 juniores
1397 2675 1663 2728 alumnos
1694 2674 1765 2728 ad
1795 2673 1913 2727 mi-

209 2764 452 2819 nisteria
498 2764 874 2818 ecclesiastica
918 2764 1155 2818 subinde
1203 2765 1521 2834 provehere
1562 2764 1800 2818 solebat.
1834 2764 1913 2816 Ac

209 2871 342 2909 sane
370 2853 822 2908 multifariarum
850 2868 1041 2907 rerum
1063 2853 1475 2907 administratio
1504 2869 1636 2906 cum
1661 2851 1911 2923 episcopi

208 2942 333 2997 talis
365 2941 478 2996 loci
508 2958 747 2996 munere
780 2942 841 2996 in
872 2942 1061 2997 Africa
1090 2947 1211 2996 erat
1253 2942 1576 3011 conjuncta,
1611 2940 1671 2994 in
1701 2940 1910 3011 quibus

207 3036 402 3085 tamen
452 3030 723 3084 omnibus
771 3029 1135 3101 expediendis
1188 3030 1269 3083 ita
1315 3045 1374 3083 se
1421 3029 1613 3100 gessit,
1647 3034 1709 3082 ut
1738 3045 1910 3083 num-

210 3136 381 3191 quam
428 3118 825 3173 ﬂorentiorem
870 3118 1129 3173 Ecclesia
1172 3118 1454 3172 Africana
1495 3121 1708 3171 statum
1738 3117 1909 3171 fuisse

208 3209 541 3263 existiment
581 3223 755 3280 quam
804 3224 933 3263 cum
976 3209 1075 3263 ille
1117 3224 1359 3263 summa
1400 3223 1598 3261 rerum
1640 3223 1755 3261 non
1796 3207 1907 3261 loci

201 3297 349 3367 jure,
383 3298 483 3351 sed
513 3314 617 3368 per
661 3311 947 3352 summam
996 3297 1393 3352 auctoritatem
1431 3300 1720 3367 praesset.
1766 3297 1909 3350 Nam

206 3389 257 3438 et
288 3384 745 3440 concionabatur
782 3401 899 3440 non
928 3387 1113 3440 solum
1156 3386 1315 3439 statis
1345 3385 1545 3440 diebus
1575 3384 1788 3456 absque
1818 3384 1907 3438 in-

205 3472 606 3535 termissione,
653 3474 749 3528 sed
808 3479 863 3528 et
916 3474 1055 3528 alias
1103 3473 1445 3528 creberrime
1503 3476 1560 3527 et
1608 3488 1909 3542 nunquam

205 3562 325 3615 sine
355 3561 587 3633 ingenti
616 3562 916 3616 hominum
947 3560 1212 3616 confluxu
1240 3565 1298 3615 et
1318 3560 1525 3615 studio.
1559 3561 1686 3630 Ipse
1718 3564 1909 3614 autem

203 3665 433 3704 summo
464 3648 666 3703 ardore
713 3666 777 3703 ac
805 3650 1172 3704 contentione
1204 3650 1273 3704 ad
1305 3647 1700 3720 fatigationem
1730 3664 1910 3719 usque

203 3737 256 3791 id
287 3737 529 3808 agebat,
572 3741 636 3791 ut
683 3738 856 3792 verba
883 3754 985 3792 sua
1017 3738 1077 3792 in
1118 3738 1337 3792 animos
1384 3741 1776 3808 penetrarent,
1808 3753 1907 3790 au-

202 3827 424 3881 dientes
464 3827 857 3898 percellerent,
900 3831 1344 3893 commoverent,
1388 3825 1760 3881 incenderent
1798 3825 1898 3897 (a).

204 3916 494 3969 Praterea
525 3914 906 3984 respondebat
933 3913 1189 3985 quotidie
1210 3913 1301 3981 iis,
1334 3913 1433 3985 qui
1463 3914 1549 3967 vel
1576 3917 1906 3984 prasentes,

206 4004 289 4057 vel
320 4004 397 4057 de
427 4003 668 4075 privatis
696 4003 889 4069 rebus,
920 4004 1007 4057 vel
1039 4003 1109 4057 de
1134 4002 1395 4057 Ecclesia
1419 4006 1477 4057 et
1505 4002 1639 4056 ﬁdei
1668 4002 1908 4056 rationi-

214 4115 270 4163 tu
302 4109 454 4164 mihi
495 4108 655 4175 dicis,
700 4124 817 4162 non
864 4124 985 4162 esse
1014 4108 1076 4162 in
1118 4113 1219 4162 tua
1266 4107 1485 4162 visione
1534 4113 1821 4178 tempora;
1854 4111 1910 4161 et

207 4181 314 4235 ista
347 4179 638 4250 scriptura
665 4184 763 4233 tua
793 4179 933 4233 mihi
962 4179 1097 4233 dicit
1115 4195 1220 4250 per
1249 4180 1502 4249 singulos
1526 4180 1668 4248 dies,
1692 4195 1757 4232 ea
1778 4194 1909 4248 qua

204 4251 403 4306 vidisti
450 4258 508 4305 te
538 4251 745 4305 vidisse
776 4251 923 4304 bona
951 4252 1120 4305 sunt?
1164 4251 1230 4305 Et
1259 4267 1389 4304 cum
1425 4267 1491 4304 ea
1518 4265 1905 4312 numerarem,

2028 542 2169 599 sime
2218 544 2344 599 ﬁeri
2376 546 2608 611 solebat,
2662 546 2730 599 de
2778 547 2917 600 locis
2947 548 3166 602 biblicis
3214 549 3402 621 ipsum
3443 552 3731 606 consulta-

2026 631 2181 685 bant.
2219 632 2289 687 Ut
2320 632 2464 686 nihil
2495 634 2564 686 de
2607 632 2673 685 iis
2700 632 2905 700 dicam,
2939 635 3037 705 qui
3069 653 3229 691 more
3253 639 3375 709 jam
3418 639 3643 710 pridem
3667 640 3727 694 in

2029 720 2285 774 Ecclesiis
2336 721 2550 775 inoleto
2608 720 2669 774 in
2726 723 2909 776 causis
2957 724 3243 796 litigiosis,
3303 732 3611 800 antequam
3666 729 3729 783 in

2019 808 2151 878 jure
2197 809 2443 880 desuper
2487 808 2933 878 contenderent,
2984 811 3284 867 arbitrium
3333 816 3585 887 episcopi
3624 818 3727 871 de-

2024 912 2256 966 poscere
2315 899 2600 965 solebant;
2677 897 2996 966 cujusmodi
3065 900 3552 972 interpellationes
3608 922 3727 960 non

2025 985 2231 1056 exiguo
2256 986 2366 1056 ipsi
2387 987 2659 1057 temporis
2682 987 2977 1057 impendio
2999 990 3347 1045 constabant.
3374 992 3725 1056 Quastiones

2026 1079 2215 1128 autem
2242 1075 2378 1143 illa,
2424 1092 2564 1146 quas
2594 1075 2845 1129 diximus
2889 1076 3087 1130 crebro
3132 1078 3200 1131 ad
3239 1095 3371 1132 eum
3400 1080 3608 1134 deferri
3634 1098 3727 1134 so-

2024 1163 2175 1230 litas,
2206 1180 2271 1217 ex
2302 1165 2610 1219 momentis
2656 1165 2773 1218 fere
2804 1165 3024 1219 levibus
3074 1170 3236 1219 erant
3274 1169 3533 1238 repetita
3578 1171 3727 1224 etab

2025 1249 2183 1304 inani
2233 1256 2288 1303 et
2332 1251 2529 1305 frivola
2574 1251 2971 1305 Africanorum
3011 1254 3308 1308 sedulitate
3340 1256 3629 1325 profecta,
3658 1259 3728 1313 de

2025 1339 2231 1409 quibus
2261 1356 2391 1393 vere
2431 1340 2478 1393 si
2510 1340 2648 1411 quid
2676 1357 2953 1411 umquam
2989 1343 3250 1395 Erasmus
3288 1346 3677 1413 pronuntiavit
3712 1365 3724 1401 :

2029 1427 2302 1481 Uberiores
2341 1430 2555 1494 fructus
2588 1429 2737 1483 nobis
2784 1430 3017 1485 dedisset
3059 1432 3197 1485 illud
3242 1435 3537 1500 ingenium,
3589 1438 3639 1489 si
3668 1438 3729 1489 in

2021 1518 2187 1571 Italia
2238 1518 2480 1573 Galliave
2513 1518 2596 1571 vel
2636 1519 2807 1581 nasci,
2847 1519 2931 1571 vel
2975 1520 3153 1571 vivere
3197 1523 3524 1589 contigisset.
3555 1524 3726 1579 Rudis

2022 1610 2139 1659 erat
2169 1606 2388 1673 Africa,
2423 1608 2766 1675 voluptatum
2796 1607 2984 1672 avida,
3015 1607 3321 1661 studiorum
3351 1612 3591 1677 inimica,
3628 1628 3726 1667 cu-

2020 1695 2293 1752 riosarum
2318 1711 2499 1749 rerum
2527 1700 2808 1766 appetens.
2847 1696 2994 1750 Unde
3030 1698 3343 1766 frequenter
3372 1700 3526 1753 illum
3566 1717 3726 1755 emer-

2022 1788 2138 1839 cent
2186 1785 2569 1855 quaestionibus
2598 1786 2837 1850 frivolis,
2888 1801 2980 1838 nec
3012 1787 3241 1840 multum
3279 1788 3608 1853 facientibus
3654 1793 3728 1847 ad

2017 1876 2277 1944 pietatem
2306 1892 2322 1927 :
2355 1878 2405 1926 et
2426 1874 2500 1927 ad
2519 1889 2628 1927 suae
2656 1876 2831 1939 gentis
2863 1874 3089 1941 affectus
3120 1890 3257 1943 saepe
3287 1880 3497 1943 cogitur
3526 1885 3726 1934 attem-

2016 1976 2212 2030 perare
2256 1961 2540 2015 calamum.
2593 1964 2789 2015 Verum
2835 1963 2937 2015 tali
2984 1963 3268 2016 excolendo
3317 1969 3568 2021 senticeto
3624 1970 3727 2023 tali

2021 2064 2154 2118 opus
2197 2055 2313 2104 erat
2342 2052 2602 2118 agricola.
2657 2051 2995 2119 Quamquam
3034 2052 3289 2117 digniora
3320 2054 3458 2106 lectu
3481 2058 3724 2124 scriptu-

2021 2153 2115 2192 rus
2154 2142 2289 2205 erat,
2323 2140 2374 2191 si
2413 2140 2496 2192 vel
2540 2138 2613 2191 ad
2642 2139 3013 2192 Romanorum
3047 2144 3144 2194 aut
3176 2142 3479 2196 Gracorum
3502 2143 3725 2210 judicia

2021 2242 2075 2280 se
2105 2230 2504 2295 composuisset,
2534 2229 2617 2281 vel
2662 2230 2841 2282 minus
2885 2228 3205 2282 indulsisset
3254 2232 3584 2298 simplicium
3614 2235 3721 2286 im-

2014 2318 2247 2384 pmitia.
2295 2316 2402 2371 Sed
2448 2317 2763 2372 Christiana
2810 2318 3053 2371 Charitas
3086 2320 3245 2386 prius
3287 2319 3444 2373 habet
3470 2320 3725 2389 prodesse

2022 2405 2461 2475 quamplurimis,
2498 2421 2660 2472 quam
2685 2405 2915 2473 probari
2940 2409 3252 2475 pracipuis,
3284 2409 3545 2473 fraterna
3573 2413 3721 2465 salu-

2020 2497 2111 2559 tis,
2145 2510 2309 2563 quam
2341 2509 2451 2547 sua
2489 2495 2676 2560 gloria
2714 2495 3006 2549 sitientior.
3039 2496 3309 2561 Quosdam
3342 2502 3540 2565 autem,
3569 2516 3720 2568 pra—

2021 2586 2175 2653 cipue
2221 2584 2564 2637 mulierculas
2610 2586 2707 2651 pia
2759 2584 3004 2653 quaedam
3055 2586 3285 2639 habebat
3313 2587 3559 2655 ambitio,
3588 2591 3722 2657 pul-

2021 2672 2209 2726 chrum
2239 2687 2348 2725 esse
2385 2672 2655 2737 ducentes,
2690 2674 3075 2741 qualecumque
3112 2676 3375 2742 scriptum
3406 2677 3724 2743 impetrasse

2021 2760 2089 2811 ab
2136 2760 2402 2827 episcopo.
2434 2759 2521 2811 Ita
2556 2759 2766 2823 factum
2808 2764 2903 2825 est,
2955 2763 3016 2812 ut
3059 2759 3185 2812 dum
3216 2763 3303 2812 vir
3329 2763 3454 2829 pius
3484 2764 3722 2816 omnium

2019 2850 2159 2901 votis
2189 2847 2520 2915 obsequitur,
2552 2850 2731 2901 minus
2757 2848 2960 2901 alicubi
2986 2850 3301 2913 satisfaciat
3332 2850 3518 2902 lectori
3545 2852 3720 2915 fasti-

2019 2937 2168 2990 dioso
2202 2936 2294 3006 (b).
2328 2936 2626 2988 Enimvero
2659 2951 2775 2988 non
2805 2936 2955 2988 inter
2984 2936 3229 2989 Africam
3258 2937 3443 2990 solum
3474 2937 3594 2990 hac
3622 2938 3719 2991 in—

1939 3046 1979 3102 c
2019 3024 2179 3077 sauia
2210 3028 2331 3078 erat
2360 3022 2696 3089 domestica;
2738 3023 2836 3077 sed
2865 3024 2924 3076 in
2955 3024 3117 3077 Italia
3147 3023 3318 3078 etiam
3349 3025 3589 3097 aliisque
3620 3027 3720 3082 Oc-

2019 3113 2258 3167 cidentis
2301 3112 2607 3184 provinciis
2652 3116 2833 3179 erant,
2893 3112 2992 3183 qui
3050 3129 3248 3167 omnes
3304 3114 3372 3167 ab
3415 3130 3482 3168 eo
3538 3113 3718 3167 veluti

2020 3202 2250 3256 oraculo
2318 3202 2564 3272 quodam
2630 3201 2974 3272 quastiones
3022 3201 3163 3254 solvi
3225 3206 3394 3272 atque
3447 3201 3717 3272 explicari

2016 3307 2181 3362 posse
2224 3294 2514 3361 putarent,
2546 3290 2754 3361 quibus
2793 3306 2908 3343 non
2950 3290 3154 3344 litteris
3184 3292 3388 3356 solum,
3422 3292 3518 3345 sed
3568 3291 3714 3344 inte-

2018 3380 2135 3450 gris
2173 3379 2563 3434 voluminibus
2594 3396 2743 3450 sape
2774 3380 3121 3450 respondere
3151 3396 3295 3450 opus
3323 3379 3544 3447 habuit,
3577 3380 3715 3434 dum

2017 3467 2237 3522 nemini
2283 3484 2402 3521 non
2433 3468 2753 3522 satisfacere
2782 3484 2899 3521 non
2928 3470 3111 3539 magis
3140 3484 3243 3539 per
3268 3485 3551 3522 summam
3582 3470 3713 3522 cha-

2016 3557 2260 3620 ritatem,
2297 3572 2471 3627 quam
2501 3556 2683 3611 laudis
2713 3574 2777 3611 ac
2806 3557 3039 3610 honoris
3069 3574 3259 3626 causa,
3289 3558 3451 3627 cujus
3482 3557 3716 3628 quidem

2016 3646 2087 3699 ad
2122 3646 2299 3699 ﬁnem
2340 3645 2471 3699 vita
2514 3646 3015 3718 appetentissimus
3052 3645 3282 3713 mansit,
3316 3650 3566 3717 cuperet.
3601 3647 3713 3699 Pu-

2016 3733 2163 3787 blica
2191 3733 2396 3787 deinde
2440 3735 2698 3789 Ecclesia
2747 3751 2879 3789 cura
2922 3752 3070 3807 sape
3112 3751 3243 3788 eum
3290 3735 3360 3789 ad
3389 3733 3628 3789 concilia
3659 3740 3716 3788 et

2018 3821 2267 3893 synodos
2323 3824 2592 3891 vocabat,
2651 3824 2710 3877 in
2762 3824 2968 3894 quibus
3019 3824 3228 3895 partim
3290 3823 3359 3877 de
3416 3822 3715 3894 disciplina

2018 3920 2189 3987 atque
2233 3917 2625 3972 moderatione
2676 3918 2935 3972 Ecclesia
2992 3918 3053 3971 in
3109 3918 3438 3971 universum
3503 3917 3717 3971 tuenda

2018 4006 2436 4075 reparandave,
2484 4012 2583 4059 aut
2629 4007 2698 4060 de
2742 4005 2982 4076 singulis
3034 4005 3543 4060 consuetudinibus
3596 4003 3711 4058 dis—

2017 4114 2102 4175 ut,
2133 4110 2233 4175 qui
2276 4126 2369 4163 me
2400 4109 2580 4175 audit,
2620 4110 2940 4179 intelligat;
2992 4114 3049 4163 et
3091 4110 3295 4170 sentio,
3341 4124 3433 4162 me
3478 4125 3595 4161 non
3633 4109 3714 4162 ita

2018 4182 2195 4250 loqui,
2227 4184 2291 4233 ut
2318 4181 2427 4233 hoc
2455 4181 2728 4243 efﬁciam;
2780 4180 3046 4245 maxime,
3092 4180 3225 4249 quia
3263 4179 3359 4250 ille
3388 4179 3713 4250 intellectus

2019 4248 2182 4323 quasi
2229 4250 2431 4323 rapida
2472 4250 2860 4323 coruscatione
2912 4248 3209 4323 profundit
3250 4248 3555 4323 animum:
3590 4249 3713 4323 _ill_a

203 4323 400 4401 inveni
450 4322 719 4393 quoties?
757 4322 1011 4401 Aduhac
1052 4327 1116 4376 tu
1157 4321 1299 4401 dicis
1343 4321 1504 4401 mihi,
1539 4321 1814 4401 quoniam
1846 4327 1905 4374 tu
1946 4346 1991 4401 ι)
2020 4319 2216 4401 autem
2264 4321 2681 4401 locutiotarda
2710 4326 2766 4401 et
2812 4322 2980 4401 longa
3009 4325 3112 4387 est,
3144 4321 3432 4401 longeque
3466 4319 3713 4401 dissimi-

204 4410 260 4448 es
292 4392 677 4461 Deus’meus,
727 4397 783 4446 et
826 4392 964 4446 dicis
995 4409 1129 4447 voce
1169 4392 1303 4447 forti
1349 4392 1409 4445 in
1458 4409 1594 4446 aure
1637 4393 1909 4446 interiore

204 4482 368 4519 servo
399 4470 504 4519 tuo
533 4480 908 4534 perrumpens
937 4480 1124 4517 meam
1156 4463 1513 4529 surditatem,
1539 4469 1594 4517 et
1618 4466 1868 4517 clamans
1892 4479 1905 4516 :

204 4537 244 4591 Ο
275 4538 486 4600 homo,
522 4550 727 4604 nempe
756 4534 912 4604 quod
942 4535 1237 4605 Scriptura
1265 4551 1393 4587 mea
1424 4534 1580 4597 dicit,
1614 4549 1718 4604 ego
1748 4535 1901 4589 dico.

204 4608 267 4662 Et
314 4615 523 4661 tamen
571 4606 666 4659 illa
696 4606 1089 4675 temporaliter
1127 4605 1284 4669 dicit,
1331 4606 1513 4659 Verbo
1557 4611 1749 4658 autem
1782 4621 1910 4659 meo

204 4682 439 4748 tempus
488 4692 604 4730 non
647 4676 867 4743 accidit,
910 4676 1044 4747 quia
1078 4676 1557 4748 aqualirmecum
1596 4676 1912 4748 aeternitate

206 4747 488 4802 consistit.
542 4748 628 4801 Sic
658 4764 744 4813 ea,
795 4764 924 4818 qua
962 4765 1058 4801 vos
1085 4763 1189 4818 per
1230 4747 1499 4817 spiritum
1533 4763 1726 4801 meum
1755 4747 1910 4800 vide-

206 4820 300 4882 tis,
328 4836 437 4889 ego
470 4818 664 4883 video;
699 4820 843 4872 sicut
871 4835 957 4878 ea,
1006 4834 1134 4889 qua
1160 4835 1255 4871 vos
1283 4833 1387 4888 per
1422 4818 1686 4889 spiritum
1718 4832 1912 4871 meum

208 4890 415 4950 dicitis.
475 4905 584 4956 ego
630 4890 776 4945 dico.
826 4892 1014 4960 Atque
1063 4889 1143 4943 ita
1192 4904 1324 4942 cum
1360 4904 1477 4942 Vos
1522 4889 1915 4960 temporaliter

205 4977 302 5016 eas
342 4961 608 5028 videatis,
641 4977 758 5014 non
804 4976 910 5032 ego
952 4960 1341 5032 temporaliter
1384 4976 1459 5032 ea
1496 4960 1681 5013 video.
1726 4962 1915 5032 Etau-

204 5032 344 5094 divi,
378 5033 624 5086 Domine
658 5033 804 5085 Deus
841 5030 1025 5099 meus,
1058 5030 1116 5086 et
1151 5031 1326 5085 elinxi
1354 5031 1559 5085 stillam
1595 5030 1914 5086 dulcedinis

203 5120 269 5157 ex
300 5109 407 5156 tua
432 5103 691 5157 veritate.
735 5122 764 5153 ι)
1907 5124 1912 5130 ·

275 5174 357 5245 (a)
406 5175 587 5244 Digna
615 5178 749 5227 sunt
776 5173 948 5255 verba
976 5173 1120 5245 ejus,
1148 5189 1278 5245 qua
1308 5188 1342 5226 a
1364 5172 1626 5298 pluribus
1657 5189 1719 5226 ac
1739 5174 1913 5252 vulgo

275 5246 355 5298 let
402 5245 672 5298 legantur
717 5260 783 5298 ex
838 5245 985 5298 libro
1039 5245 1109 5298 de
1165 5245 1361 5298 cathec
1382 5244 1623 5298 uzandis
1676 5244 1913 5297 rudibus

202 5243 355 5299 solet
402 5243 672 5315 legantur
717 5260 783 5298 ex
838 5243 1109 5299 libro'de
1165 5243 1623 5298 cathechizandis
1676 5244 1914 5297 rudibus

202 5332 332 5387 cap.
388 5318 444 5381 2,
495 5331 552 5369 n.
600 5319 631 5371 3
691 5331 787 5387 :7:
841 5315 975 5387 Mihi
1020 5329 1203 5386 prope
1247 5328 1472 5385 semper
1523 5331 1709 5369 sermo
1756 5331 1917 5387 meus

204 5386 499 5458 diSplicet.
537 5386 785 5441 Melioris
814 5386 968 5440 enim
1011 5387 1213 5441 avidus
1243 5402 1392 5453 sum,
1424 5401 1538 5457 quo
1575 5402 1725 5456 sape
1760 5386 1918 5458 fruor

202 5456 476 5525 interius,
512 5464 821 5583 antequam
866 5471 999 5512 eum
1031 5458 1313 5528 explicare
1364 5456 1552 5511 verbis
1581 5456 1916 5511 sonantibus

202 5544 440 5583 cancro
476 5543 490 5583 :
523 5546 636 5583 auo
708 5528 809 5583 ubi
836 5528 1050 5583 minus.
1071 5544 1243 5583 quam
1261 5528 1405 5583 mihi
1428 5532 1618 5582 motus
1647 5533 1752 5583 est.
1773 5528 1916 5582 evol-

202 5544 440 5600 eapero
476 5543 490 5583 :
523 5528 678 5599 quod
708 5528 809 5583 ubi
836 5528 1050 5598 minus,
1071 5544 1243 5599 quam
1261 5528 1410 5600 mihi
1428 5532 1618 5582 motus
1647 5533 1752 5596 est,
1773 5528 1919 5582 evol-

203 5599 366 5669 vere,
400 5600 716 5655 contristor
754 5600 1016 5671 linguam
1047 5615 1237 5654 meam
1283 5599 1452 5671 cordi
1489 5615 1620 5671 meo
1668 5615 1786 5654 non
1815 5615 1917 5671 po-

204 5672 388 5727 tuisse
434 5671 720 5727 sufﬁcere.
763 5669 970 5727 Totum
1022 5670 1179 5726 enim
1227 5670 1383 5742 quod
1439 5669 1720 5743 intelligo,
1766 5669 1918 5739 volo,

2023 4394 2121 4459 lis;
2169 4398 2225 4447 et
2272 4394 2409 4447 dum
2439 4393 2547 4445 ista
2583 4393 2844 4457 volvitur,
2894 4390 3013 4461 jam
3045 4408 3103 4445 se
3142 4390 3241 4444 illa
3264 4390 3341 4444 in
3368 4395 3583 4445 secreta
3611 4407 3714 4444 sua

2019 4464 2300 4529 condidit;
2351 4469 2542 4517 tamen
2588 4464 2724 4533 quia
2768 4464 3005 4534 vestigia
3039 4463 3303 4532 quadam
3352 4462 3713 4534 miroimodo

2019 4534 2310 4605 impressit
2354 4536 2667 4601 memoria,
2708 4533 3023 4603 perdurant
3070 4534 3168 4586 illa
3207 4549 3337 4587 cum
3364 4533 3713 4605 syllabarum

2020 4604 2290 4672 morulis;
2337 4612 2509 4675 atque
2565 4622 2632 4659 ex
2682 4605 2886 4659 iisdem
2936 4604 3189 4676 vestigiis
3236 4605 3500 4657 sonantia
3549 4604 3713 4673 signa

2020 4677 2369 4748 peregimus.
2416 4679 2524 4731 Nos
2563 4681 2741 4731 autem
2766 4678 3081 4748 plerumque
3106 4678 3166 4728 in
3192 4676 3463 4748 auditoris
3492 4676 3714 4748 utilita—

2021 4745 2124 4803 tem
2154 4745 2490 4801 vehementer
2518 4748 2785 4813 ardentes,
2818 4747 2897 4800 ita
2931 4746 3088 4817 loqui
3124 4747 3409 4810 volumus,
3443 4745 3717 4816 quemad-

2021 4818 2805 4888 modumtuncintelligimus,
2830 4834 2957 4871 cum
2988 4833 3091 4887 per
3120 4817 3302 4887 ipsam
3333 4817 3714 4888 intentionem

2021 4890 2179 4960 loqui
2208 4905 2321 4942 non
2352 4887 2679 4959 possumus,
2720 4889 2951 4960 Etrquia
2981 4904 3098 4941 non
3127 4888 3392 4960 succedit,
3422 4887 3710 4960 angimur,

2023 4966 2079 5014 et
2094 4955 2262 5014 Velut
2288 4955 2496 5013 frustra
2524 4955 2759 5029 operam
2790 4955 3166 5025 insumamus,
3216 4959 3396 5029 tadio
3414 4955 3713 5010 marcesci—

2021 5047 2181 5095 mus;
2210 5036 2380 5101 atque
2428 5048 2492 5084 ex
2523 5027 2630 5084 isto
2674 5030 2845 5085 tadio
2880 5030 3206 5100 languidior
3244 5029 3311 5101 ﬁt
3346 5027 3495 5101 idem
3526 5043 3713 5101 sermo

2023 5107 2081 5157 et
2105 5097 2386 5167 hebetior,
2437 5117 2608 5171 quam
2654 5106 2777 5155 erat
2820 5097 3284 5171 unde'perduxit
3320 5097 3576 5171 tadium.
3609 5097 3716 5152 Sed

2022 5175 2160 5228 mihi
2187 5188 2325 5242 sape
2366 5168 2575 5226 indicat
2614 5188 2793 5226 eorum
2837 5168 3096 5235 studium,
3132 5172 3228 5237 qui
3272 5184 3352 5221 me
3381 5168 3576 5222 audire
3611 5184 3713 5242 cu-

2023 5247 2201 5314 piunt,
2236 5239 2342 5298 non
2368 5246 2450 5297 ita
2492 5244 2765 5310 frigidum
2803 5258 2912 5298 esse
2953 5244 3218 5310 eloquium
3247 5255 3440 5303 meum,
3472 5244 3533 5293 ut
3560 5239 3715 5314 vide-

2026 5310 2115 5370 tur
2138 5310 2311 5384 mihi;
2340 5320 2389 5369 et
2408 5330 2491 5369 eos
2512 5315 2638 5369 inde
2668 5315 2882 5384 aliquid
2901 5315 3032 5366 utile
3060 5326 3267 5381 capere,
3284 5326 3365 5388 ea;
3404 5326 3597 5388 eorum
3614 5310 3714 5388 de-

2026 5381 2305 5442 lectatione
2350 5401 2635 5455 cognosco:
2684 5381 3024 5455 mecumque
3070 5398 3176 5455 ago
3206 5381 3539 5455 sedulo,_ut
3583 5381 3717 5455 huic

2026 5457 2349 5512 exhibendo
2383 5451 2700 5511 ministerio
2752 5472 2867 5510 non
2899 5451 3206 5520 desim,'in
3252 5470 3367 5524 quo
3396 5453 3522 5507 illos
3550 5451 3713 5505 video

2024 5529 2170 5602 bene
2200 5529 2468 5602 accipere
2492 5528 2643 5602 quod
2665 5526 2980 5602 exhibetur.
3012 5544 3039 5577 »
3185 5596 3196 5602 _
3598 5596 3608 5602 Δ
3658 5592 3669 5602 ⁸

2099 5600 2172 5668 (b)
2214 5601 2279 5654 In
2319 5596 2656 5669 prafatione
2702 5596 2952 5669 epistolis
2996 5596 3317 5669 pramissa,
3357 5610 3487 5666 qua
3534 5596 3617 5648 est
3654 5596 3714 5646 in

2026 5667 2181 5727 tomo
2210 5672 2265 5724 II
2295 5667 2447 5742 Opp.
2482 5670 2675 5724 statim
2698 5667 2761 5722 in
2782 5684 2979 5723 aversa
3000 5667 3162 5724 tituli
3190 5667 3419 5740 pagina.
3728 5690 3729 5693 η
