4044 6190
272 249 334 302 19
1271 237 1354 293 SU
1363 235 1493 292 PPL

2007 230 2241 288 OPERA
2277 231 2334 286 S.
2375 224 2740 285 AUGUSTINI
2754 270 2766 284 .
3245 291 3252 294 _
3701 227 3774 281 20

268 368 619 441 ceptabatur,
666 369 764 421 aut
807 365 877 420 de
912 363 1026 418 vita
1071 366 1128 416 et
1173 358 1429 415 moribus
1470 356 1811 412 clericorum
1849 354 1963 410 sin-
2001 357 2042 412 A
2077 353 2396 409 difﬁdentia
2425 369 2497 407 ne
2527 351 2759 424 quidem
2791 363 3052 421 unquam
3079 346 3390 403 rescribere
3419 347 3729 402 voluerunt
3761 363 3776 402 :

268 458 537 530 gulorum
572 453 858 526 judicium
901 452 1094 518 ﬁebat,
1128 452 1226 504 aut
1269 446 1518 518 denique
1568 462 1673 517 pro
1703 442 1964 500 doctrina

269 545 659 602 conﬁrmanda
695 540 1182 610 custodiendaque
1212 536 1450 591 consilia
1485 534 1754 589 salutaria
1785 532 1964 602 agita-

269 639 497 701 bantur,
532 649 594 688 ac
643 631 1042 687 haereticorum
1082 643 1146 681 ac
1175 624 1662 680 schismaticorum
1696 623 1965 693 dogmata

274 729 537 794 artesque
579 719 998 776 damnabantur
1044 721 1102 770 et
1144 715 1649 786 impugnabantur.
1704 710 1968 767 Interfuit

271 813 449 884 igitur
493 807 761 874 conciliis,
795 806 866 861 de
909 804 1118 877 quibus
1172 803 1406 874 quidem
1449 802 1807 872 exploratum
1862 801 1964 863 est,

274 895 875 969 Carthaginiensibus,
938 897 1143 965 quarto
1201 909 1252 946 a.
1309 895 1449 955 398,
1510 889 1710 961 quinto
1766 888 1967 942 eodem

273 1006 442 1054 anno,
479 991 632 1041 sexto
664 989 720 1038 et
737 983 981 1054 septimo
1015 998 1067 1036 a.
1101 983 1204 1035 419
1236 980 1297 1034 in
1325 995 1492 1033 causa
1521 975 1970 1048 appellationum

272 1077 507 1143 habitis;
559 1075 824 1131 Africano
873 1071 1042 1126 tertio
1086 1086 1137 1124 a.
1198 1070 1322 1133 401,
1379 1071 1435 1121 et
1485 1069 1688 1137 quarto
1735 1079 1786 1117 a.
1836 1065 1968 1129 407;

275 1164 574 1221 Collationi
624 1163 890 1218 adversus
935 1158 1254 1214 Donatistas
1299 1173 1347 1210 a.
1379 1157 1512 1220 4H;
1567 1149 1806 1208 Cirtensi
1838 1164 1972 1202 con-

276 1263 363 1311 tra
405 1255 633 1309 eosdem
666 1269 717 1309 a.
754 1253 881 1319 412,
929 1255 987 1304 et
1031 1247 1354 1304 Milevitano
1395 1247 1592 1298 contra
1639 1240 1975 1311 Pelagianos

277 1361 328 1398 a.
377 1345 503 1398 418.
555 1344 738 1411 Atque
780 1344 846 1392 ut
890 1338 1049 1391 nulla
1095 1337 1299 1390 harum
1331 1333 1680 1405 synodorum
1711 1333 1831 1383 acta
1861 1328 1973 1381 cla-

276 1431 428 1485 riora
455 1436 604 1494 sunt,
634 1443 807 1499 quam
838 1441 967 1496 quae
1013 1425 1081 1478 ad
1126 1423 1433 1478 haeresium
1480 1417 1976 1490 impugnationem

281 1522 624 1592 spectarunt,
658 1516 736 1570 ita
761 1513 1065 1586 Augustini
1095 1529 1322 1584 quoque
1343 1511 1502 1565 nulla
1531 1510 1619 1563 vel
1661 1508 1721 1562 in
1751 1506 1975 1572 iisdem,

279 1608 368 1660 vel
397 1610 597 1677 suopte
628 1603 865 1658 consilio
896 1605 1054 1671 gesta
1095 1598 1427 1666 illustriora,
1479 1601 1630 1664 sunt,
1681 1610 1856 1667 quam
1885 1592 1979 1647 ad-

280 1711 475 1749 versus
507 1709 624 1747 sua:
656 1690 838 1744 aetatis
867 1689 1184 1742 haereticos.

354 1785 455 1837 Hic
481 1783 949 1843 Schzenemannus,
990 1791 1100 1831 suae
1136 1779 1288 1830 sectae
1325 1773 1500 1828 indoli
1522 1774 1752 1827 nimium
1789 1771 1981 1826 indul-

283 1888 430 1942 gens,
459 1873 515 1926 S.
561 1870 862 1937 Augustini
897 1871 1085 1920 contra
1136 1866 1379 1919 haeresim
1432 1863 1793 1917 nobilissimos
1847 1876 1982 1927 ago—

284 1977 376 2017 nes
405 1965 560 2016 tanta
587 1957 804 2012 invidia
818 1957 1169 2027 prosequitur
1198 1958 1258 2007 ut
1279 1954 1457 2007 minus
1482 1953 1799 2005 historicum
1821 1964 1983 2018 quam

285 2051 675 2119 sycophantam
718 2061 876 2113 agere
920 2045 1192 2098 videatur.
1230 2044 1356 2109 Qua:
1394 2044 1565 2109 igitur
1594 2042 1741 2094 illius
1770 2040 1985 2095 Notitiae

288 2142 628 2208 supererant,
678 2137 985 2202 nostrisque
1029 2136 1251 2200 fuerant
1297 2134 1461 2185 nimis
1503 2131 1729 2200 ﬁdenter
1781 2130 1988 2182 inserta

289 2229 564 2294 columnis,
598 2225 941 2290 succidimus,
975 2227 1136 2290 atque
1167 2237 1234 2275 ea:
1275 2220 1538 2286 Possidio,
1589 2221 1781 2272 charta
1811 2217 1989 2271 medi-

290 2317 454 2372 cabili
500 2313 770 2379 adhibita,
818 2311 1146 2380 supplemus,
1195 2309 1330 2364 alibi
1376 2309 1524 2363 dicta
1565 2312 1799 2378 repetere
1828 2321 1991 2374 quam

295 2406 545 2459 heretica
570 2404 819 2471 proferre
849 2401 1120 2467 eligentes.
1151 2399 1298 2453 Enn.

370 2512 397 2540 ((
423 2489 687 2548 Docebat,
714 2489 895 2557 inquit
924 2486 1222 2554 Possidius,
1247 2489 1301 2539 et
1324 2483 1668 2555 prazdicabat
1697 2481 1793 2537 ille
1815 2481 1995 2553 priva-

293 2579 399 2633 tim
431 2583 487 2632 et
508 2577 755 2648 publice,
787 2575 847 2629 in
874 2575 1043 2628 domo
1066 2578 1121 2627 et
1150 2574 1211 2627 in
1241 2573 1497 2638 ecclesia,
1531 2571 1727 2625 salutis
1756 2571 1995 2625 verbum

296 2684 427 2723 cum
462 2665 622 2720 omni
655 2663 866 2718 ﬁducia
894 2663 1164 2717 adversus
1193 2661 1485 2716 Africanas
1514 2661 1774 2723 haereses,
1810 2658 1995 2713 maxi-

297 2773 506 2826 meque
537 2759 731 2808 contra
765 2752 1106 2818 Donatistas,
1140 2751 1477 2806 Manichacus
1516 2755 1570 2804 et
1599 2752 1876 2820 Paganos,
1919 2748 1994 2801 li-

299 2846 418 2900 bris
469 2842 738 2898 confectis
770 2884 783 2909 ,
833 2846 890 2896 et
940 2840 1255 2912 repentinis
1295 2838 1676 2902 sermonibus,
1733 2836 1996 2892 ineffabi-

2073 444 2168 498 sed
2193 442 2323 496 irati
2372 440 2589 496 furiosa
2634 439 3046 513 loquebantur,
3097 441 3267 508 atque
3315 436 3672 491 seductorem
3719 439 3779 490 et

2073 533 2436 602 deceptorem
2468 530 2792 585 animarum
2821 526 3204 598 Augustinum
3235 540 3376 591 esse,
3411 527 3467 578 et
3502 523 3773 595 privatim

2076 627 2133 677 et
2159 621 2382 694 publice
2423 619 2878 684 conclamabant;
2931 622 2988 671 et
3037 619 3100 669 ut
3129 615 3334 684 lupum
3389 613 3771 668 occidendum

2077 728 2197 765 esse
2236 710 2298 764 in
2347 710 2734 765 defensionem
2782 705 2971 778 gregis
3009 703 3118 770 sui,
3153 703 3415 758 dicebant
3463 706 3520 756 et
3566 706 3777 755 tracta-

2076 799 2246 863 bant;
2281 795 2589 867 omniaque
2620 799 2850 865 peccata
2886 809 2920 846 a
2950 794 3062 846 Deo
3095 790 3487 845 indubitanter
3517 805 3636 843 esse
3662 805 3774 842 cre-

2080 887 2328 941 dendum
2355 900 2522 956 posse
2561 882 2773 938 dimitti
2806 881 2875 935 iis
2918 881 3017 952 qui
3050 881 3156 934 hoc
3193 879 3377 933 facere
3408 895 3471 932 ac
3499 878 3776 949 perﬁcere

2079 975 2415 1047 potuissent,
2461 989 2565 1027 nec
2607 974 2789 1026 Deum
2833 971 3121 1034 timentes,
3179 985 3283 1022 nec
3336 968 3599 1022 homines
3648 983 3776 1021 eru-

2080 1066 2386 1121 bescentes.
2426 1063 2491 1116 Et
2538 1065 2604 1115 ut
2636 1075 2839 1115 eorum
2868 1074 3051 1112 causae
3083 1056 3402 1112 difﬁdentia
3449 1055 3665 1110 cunctis
3695 1055 3782 1109 in-

2082 1155 2417 1219 notesceret,
2463 1148 2772 1205 elaboravit
2811 1165 2823 1202 :
2873 1152 2930 1201 et
2983 1145 3228 1217 publicis
3271 1144 3444 1216 gestis
3485 1142 3780 1208 .conventi,

2084 1259 2200 1297 non
2231 1245 2366 1295 sunt
2403 1239 2525 1294 ausi
2556 1237 2835 1293 conferre.
2871 1236 3165 1290 Habebant
3195 1233 3367 1288 etiam
3397 1232 3572 1287 iidem
3607 1233 3784 1286 Dona-

2083 1331 2231 1385 tista:
2272 1345 2376 1400 per
2417 1343 2546 1382 suas
2593 1343 2740 1398 pene
2779 1341 2978 1380 omnes
3027 1323 3301 1378 Ecclesias
3329 1322 3654 1376 inauditum
3685 1321 3786 1375 bo-

2087 1421 2311 1474 minum
2357 1435 2537 1488 genus
2585 1430 2918 1488 perversum
2966 1429 3030 1467 ac
3078 1412 3412 1474 violentum,
3473 1411 3628 1465 velut
3679 1410 3787 1465 sub

2088 1509 2440 1582 professione
2487 1503 2905 1560 continentium
2957 1501 3338 1567 ambulantes,
3391 1499 3493 1572 qui
3531 1499 3786 1554 Circum-

2091 1598 2358 1654 celliones
2394 1595 2748 1650 dicebantur.
2783 1594 2846 1647 Et
2886 1595 3047 1646 erant
3075 1591 3136 1644 in
3183 1587 3406 1661 ingenti
3437 1605 3679 1655 numero
3737 1591 3796 1642 et

2089 1687 2274 1743 turbis
2320 1702 2422 1757 per
2455 1701 2653 1739 omnes
2680 1699 2830 1753 pene
2859 1681 3147 1737 Africanas
3178 1680 3442 1750 regiones
3473 1677 3791 1733 constituti.

2091 1777 2199 1842 Qui
2229 1775 2394 1829 malis
2424 1773 2632 1828 imbuti
2669 1772 3015 1838 doctoribus,
3064 1769 3298 1824 audacia
3330 1769 3576 1840 superba
3605 1772 3662 1821 et
3705 1771 3792 1821 te-

2091 1865 2352 1920 meritate
2381 1862 2600 1930 illicita,
2643 1877 2747 1916 nec
2782 1861 2919 1927 suis,
2962 1876 3065 1914 nec
3098 1858 3299 1913 alienis
3330 1857 3638 1928 aliquando
3667 1872 3796 1927 par-

2092 1954 2315 2018 cebant,
2349 1956 2546 2006 contra
2583 1951 2678 2022 jus
2719 1950 2918 2020 fasque
2948 1949 3008 2002 in
3037 1947 3220 2002 causis
3251 1946 3655 2001 interdicentes
3687 1944 3792 1998 ho-

2093 2045 2348 2099 minibus
2397 2061 2410 2098 :
2461 2047 2514 2097 et
2560 2041 2668 2095 nisi
2697 2041 3044 2106 obedissent,
3089 2038 3311 2094 damnis
3342 2036 3693 2108 gravissimis
3740 2039 3799 2091 et

2095 2133 2342 2187 caedibus
2376 2131 2721 2197 afﬁciebant,
2767 2128 2971 2183 armati
3003 2128 3235 2183 diversis
3278 2127 3426 2193 telis,
3457 2127 3799 2180 bacchantes

2096 2238 2200 2294 per
2231 2237 2399 2292 agros
2442 2220 2738 2290 villasque,
2785 2234 2967 2288 usque
3011 2217 3080 2271 ad
3127 2215 3421 2287 sanguinis
3457 2214 3799 2269 effusionem

2099 2311 2366 2365 accedere
2396 2325 2510 2362 non
2555 2311 2888 2362 metuentes.
2939 2306 3048 2360 Sed
3097 2306 3235 2359 dum
3273 2305 3511 2359 verbum
3561 2304 3661 2358 Dei
3709 2319 3798 2356 se-

2100 2401 2234 2455 dulo
2277 2398 2701 2469 praedicaretur,
2750 2402 2807 2450 et
2856 2411 2986 2449 cum
3036 2394 3123 2448 his
3169 2395 3268 2465 qui
3311 2394 3548 2448 oderant
3575 2409 3794 2463 pacem,

2099 2488 2256 2560 pacis
2311 2487 2456 2541 ratio
2513 2486 2850 2548 haberetur,
2908 2482 2994 2537 illi
3051 2484 3382 2554 loquentem
3435 2482 3798 2537 debellabant

2104 2576 2297 2649 gratis.
2334 2578 2556 2630 Etcum
2599 2575 2868 2629 adversus
2898 2589 3097 2627 eorum
3139 2573 3349 2644 dogma
3398 2571 3602 2626 veritas
3633 2572 3804 2625 inno-

2103 2668 2362 2730 tesceret,
2428 2664 2527 2734 qui
2581 2663 2850 2716 volebant
2902 2667 2956 2716 et
3013 2666 3292 2733 poterant,
3355 2676 3474 2714 sese
3528 2661 3660 2715 inde
3716 2659 3806 2712 vel

2107 2754 2424 2826 eripiebant
2447 2753 2534 2806 vel
2565 2752 2976 2818 subducebant,
3011 2757 3067 2805 et
3097 2751 3220 2821 paci
3253 2754 3422 2821 atque
3456 2749 3659 2804 unitati
3711 2751 3807 2803 Ec-

2107 2844 2292 2898 clesiae
2335 2859 2465 2896 cum
2507 2841 2624 2896 suis
2680 2841 2886 2912 quibus
2917 2845 3183 2911 poterant
3226 2839 3609 2893 cohaerebant.
3647 2838 3808 2892 Unde

299 2934 430 2988 liter
485 2931 902 2986 admirantibus
945 2928 1278 2984 Christianis
1327 2931 1382 2982 et
1436 2927 1881 2991 collaatantibus,
1943 2930 1998 2980 et
2034 2952 2074 3007 ο
2112 2933 2194 2987 illi
2225 2933 2312 2986 sui
2353 2931 2562 2985 erroris
2611 2930 3079 3001 congregationes
3107 2929 3291 2982 minui
3316 2928 3588 2992 videntes,
3631 2932 3811 2998 atque

301 3021 410 3076 hoc
449 3019 642 3090 ipsum
688 3018 785 3072 ubi
815 3022 1082 3088 poterant
1127 3034 1242 3070 non
1290 3017 1630 3082 tacentibus,
1678 3015 1777 3069 sed
1826 3015 1996 3069 diffa-

305 3109 614 3163 mantibus.
647 3107 866 3177 Sicque,
902 3106 1202 3176 adjuvante
1230 3105 1487 3170 Domino,
1514 3105 1698 3158 levare
1723 3104 1784 3158 in
1813 3104 2002 3158 Africa

307 3197 553 3254 Ecclesia
603 3195 883 3249 catholica
911 3210 1112 3247 exorsa
1141 3196 1226 3246 est
1262 3198 1454 3262 caput,
1486 3209 1615 3264 qua:
1641 3194 1824 3247 multo
1856 3198 2000 3246 tem-

307 3301 444 3358 pore
503 3283 620 3338 illic
676 3281 1193 3337 convalescentibus
1239 3281 1544 3351 haereticis,
1597 3283 2002 3352 praecipueque

309 3372 696 3443 rebaptizante
765 3370 969 3425 Donati
1023 3376 1181 3442 parte
1239 3371 1515 3441 majorem
1571 3371 2006 3426 multitudinem

311 3464 597 3526 Afrorum,
661 3461 892 3515 seducta
940 3465 996 3514 et
1043 3477 1313 3531 Oppressa
1354 3461 1597 3531 jacebat.
1658 3463 1723 3516 Et
1751 3463 1857 3515 hos
1887 3462 2008 3531 ejus

311 3553 487 3607 libros
518 3551 634 3604 sive
684 3554 955 3604 tractatus
1005 3549 1254 3603 mirabili
1298 3549 1396 3604 Dei
1427 3551 1612 3621 gratia
1641 3551 2008 3622 procedentes

313 3659 377 3696 ac
406 3640 776 3712 proﬂuentes,
804 3640 1112 3694 instructos
1156 3638 1394 3693 rationis
1437 3640 1617 3711 copia,
1669 3644 1837 3711 atque
1877 3655 2008 3693 auc-

312 3729 541 3784 toritate
572 3731 895 3781 sanctarum
940 3727 1383 3798 Scripturarum,
1443 3727 1552 3798 ipsi
1607 3743 1834 3799 quoque
1890 3728 2010 3781 hae-

314 3817 475 3871 retici
528 3821 931 3870 concurrentes
989 3832 1120 3870 cum
1178 3815 1475 3870 Catholicis
1531 3816 1763 3886 ingenti
1813 3816 2012 3870 ardore

318 3908 630 3962 audiebant
669 3899 774 3962 z'et
815 3907 1091 3979 quisquis,
1121 3911 1181 3960 ut
1209 3907 1406 3973 voluit,
1439 3911 1493 3961 et
1521 3907 1729 3977 potuit,
1761 3906 2014 3961 notarios

319 3998 612 4061 adhibens,
675 3997 849 4073 etiam
907 4013 973 4050 ea
1046 4013 1173 4068 qua:
1230 3995 1564 4050 dicebantur
1612 3999 1846 4067 excepta
1895 3995 2016 4051 des-

319 4086 535 4158 cripsit.

397 4197 420 4225 ι
466 4170 602 4247 Ejus
623 4174 772 4230 dicta
802 4180 973 4246 atque
1007 4179 1256 4247 excepta,
1308 4175 1555 4230 maxime
1599 4174 1909 4230 Donatista
1956 4174 2017 4228 in

2110 3019 2430 3092 augmentis
2498 3019 2753 3073 Ecclesia:
2802 3019 3160 3086 invidentes,
3207 3017 3427 3072 accensi
3482 3016 3813 3070 exardesce-

2108 3112 2248 3166 bant
2298 3110 2383 3163 ira
2429 3109 2786 3180 gravissima,
2837 3113 2892 3162 et
2940 3107 3331 3162 intolerabiles
3381 3106 3811 3178 persecutiones

2109 3198 2318 3252 unitati
2357 3195 2615 3251 Ecclesiae
2645 3196 2929 3267 compecti
2971 3196 3282 3264 faciebant;
3330 3195 3582 3266 ipsisque
3623 3210 3811 3248 sacer-

2113 3286 2338 3341 dotibus
2388 3285 2675 3339 catholicis
2719 3291 2775 3339 et
2818 3284 3093 3339 ministris
3145 3284 3541 3355 aggressiones
3577 3283 3814 3337 diurnas

2113 3380 2284 3447 atque
2317 3379 2636 3438 nocturnas,
2673 3374 3135 3444 direptionesque
3168 3390 3361 3427 rerum
3384 3372 3644 3427 omnium
3672 3372 3816 3426 infe-

2114 3466 2342 3521 rebant.
2382 3465 2525 3518 Nam
2572 3469 2627 3518 et
2664 3464 2872 3517 multos
2920 3463 3016 3516 Dei
3045 3479 3232 3517 servos
3262 3462 3511 3516 caedibus
3545 3462 3818 3516 debilita-

2115 3557 2336 3608 verunt.
2384 3552 2682 3624 Aliquibus
2724 3552 2895 3606 etiam
2937 3553 3149 3605 calcem
3187 3568 3317 3606 cum
3347 3556 3506 3606 aceto
3534 3551 3592 3605 in
3619 3551 3820 3605 oculos

2117 3643 2444 3709 miserunt,
2503 3641 2757 3713 aliosque
2819 3641 3168 3695 occiderunt.
3224 3641 3382 3695 Unde
3451 3641 3630 3694 etiam
3699 3639 3822 3693 suis

2117 3733 2293 3788 iidem
2344 3731 2649 3786 Donatistae
2687 3730 3126 3800 rebaptizatores
3168 3729 3230 3783 in
3260 3729 3455 3784 odium
3489 3729 3820 3783 veniebant.

2196 3844 2215 3871 ε
2260 3820 2572 3892 Aliquoties
2599 3836 2732 3874 vero
2764 3819 2936 3873 etiam
2970 3819 3088 3873 vias
3119 3819 3324 3873 armati
3362 3819 3535 3872 iidem
3561 3818 3823 3874 Circum-

2121 3910 2390 3965 celliones
2436 3912 2631 3963 contra
2671 3908 2953 3962 famulum
3003 3908 3103 3961 Dei
3143 3907 3529 3978 Augustinum
3579 3907 3825 3962 obsede-

2123 4002 2275 4061 runt,
2332 3998 2471 4052 dum
2526 3997 2670 4051 forte
2733 3996 2842 4050 iret
2895 4001 3129 4067 rogatus
3188 3996 3260 4050 ad
3313 3995 3621 4050 visitandas
3652 4037 3669 4059 ,
3737 3995 3821 4049 in-

2125 4087 2422 4143 struendas
2452 4090 2508 4141 et
2536 4086 2917 4140 exhortandas
2947 4085 3250 4140 catholicas
3279 4084 3511 4155 plebes;
3542 4084 3828 4156 quotipse

2127 4174 2588 4247 frequentissime
2620 4174 2879 4229 faciebat.
2925 4175 2988 4227 Et
3015 4174 3324 4245 aliquando
3357 4174 3614 4244 contigit,
3647 4178 3712 4226 ut
3739 4172 3827 4226 illi

323 4265 520 4320 eadem
567 4264 918 4334 Hipponensi
962 4265 1050 4317 vel
1095 4265 1280 4318 vicina
1319 4269 1614 4318 manentes
1663 4264 1904 4331 civitate,
1947 4264 2016 4318 ad
2057 4250 2097 4304 D
2131 4265 2530 4320 succenturiati
2567 4266 2840 4320 hactenus
2882 4264 3185 4335 perderent
3228 4264 3553 4335 captionem
3589 4280 3602 4317 :
3635 4261 3831 4317 evenit

323 4368 456 4405 suos
503 4351 796 4420 episcopos
840 4350 1189 4404 deferebant.
1233 4352 1369 4414 Quae
1421 4367 1551 4404 cum
1603 4352 1915 4419 audissent,
1967 4355 2022 4405 et

324 4443 524 4494 contra
568 4439 714 4492 forte
759 4437 974 4508 aliquid
1023 4439 1298 4507 dicerent,
1330 4443 1427 4492 aut
1473 4455 1503 4492 a
1543 4439 1658 4492 suis
1689 4440 2022 4493 refelleban-

327 4533 442 4594 tur,
488 4530 586 4581 aut
629 4527 826 4582 eadem
881 4543 1154 4597 responsa
1207 4527 1278 4582 ad
1334 4533 1595 4582 sanctum
1635 4528 2021 4599 Augustinum

328 4616 750 4683 deferebantur,
791 4614 985 4686 eisque
1014 4617 1336 4686 compertis,
1367 4617 1652 4687 patienter
1697 4633 1761 4671 ac
1797 4617 2018 4684 leniter,

329 4709 404 4772 et,
435 4708 501 4759 ut
533 4703 806 4776 scriptum
836 4709 940 4771 est,
991 4721 1122 4758 cum
1165 4705 1368 4760 timore
1418 4710 1473 4760 et
1504 4710 1751 4760 tremore
1782 4707 2023 4760 salutem

329 4794 590 4850 omnium
639 4792 981 4865 operabatur
1028 4795 1293 4865 (Philipp.
1357 4812 1416 4863 ιι,
1469 4797 1550 4864 l2)
1603 4812 1616 4850 :
1674 4797 1977 4850 ostendens
2007 4837 2022 4863 ,

330 4900 504 4956 quam
533 4883 676 4938 nihil
706 4882 790 4937 illi
821 4883 1077 4938 refellere
1104 4883 1470 4939 voluerint’ac
1499 4885 1798 4955 valuerint,
1831 4901 2028 4957 quam-

331 4989 441 5043 que
485 4989 683 5028 verum
744 4972 1226 5043 manifestumque
1278 4972 1351 5026 sit
1401 4973 1556 5044 quod
1612 4973 1870 5028 Ecclesiae
1926 4973 2028 5027 Dei

331 5060 471 5115 ﬁdes
515 5066 674 5116 tenet
703 5077 767 5115 ac
813 5061 995 5116 docet.
1042 5062 1106 5115 Et
1143 5062 1265 5115 hinc
1312 5061 1512 5116 diebus
1555 5078 1619 5116 ac
1668 5062 1927 5116 noctibus
1957 5063 2027 5117 ab

332 5149 536 5202 eodem
576 5149 786 5219 jugiter
834 5151 1168 5219 agebantur.
1211 5151 1348 5206 Nam
1397 5157 1453 5206 et
1482 5152 1750 5222 epistolas
1778 5152 2027 5222 privatas

333 5236 402 5290 ad
432 5252 690 5307 quosque
722 5238 977 5307 ejusdem
1007 5239 1214 5294 erroris
1253 5239 1564 5311 episcopos,
1615 5245 1672 5294 et
1710 5241 2028 5296 eminentes

333 5324 547 5379 scilicet
577 5325 748 5380 laicos
778 5327 951 5392 dedit,
991 5327 1212 5384 ratione
1253 5329 1474 5383 reddita
1512 5330 1830 5384 admonens
1858 5335 2028 5401 atque

335 5414 654 5481 exhortans,
709 5418 773 5469 ut
823 5416 909 5468 vel
963 5418 1034 5472 ab
1079 5419 1178 5473 illa
1222 5435 1280 5472 se
1317 5417 1599 5488 pravitate
1651 5418 2026 5490 corrigerent,

334 5504 422 5558 vel
447 5509 597 5559 certe
650 5504 722 5560 ad
771 5502 1212 5578 disputationem
1257 5506 1537 5563 venirent.
1584 5508 1657 5562 At
1707 5507 1790 5562 illi
1842 5523 2029 5564 causae

2128 4355 2280 4409 enim
2314 4355 2415 4409 Dei
2463 4355 2698 4426 quidem
2741 4353 3118 4425 providentia,
3153 4353 3251 4408 sed
3292 4353 3583 4408 ducatoris
3635 4352 3828 4406 homi-

2128 4443 2215 4496 nis
2243 4458 2455 4510 errore,
2499 4447 2565 4496 ut
2619 4458 2721 4513 per
2751 4441 2922 4496 aliam
2952 4441 3103 4496 viam
3150 4457 3282 4495 cum
3336 4442 3451 4495 suis
3497 4439 3829 4507 comitibus,

2129 4531 2392 4586 sacerdos
2419 4548 2532 4602 quo
2559 4531 2825 4586 tendebat
2854 4531 3120 4598 venisset,
3141 4535 3311 4603 atque
3342 4547 3445 4602 per
3474 4531 3628 4585 hunc
3656 4545 3832 4600 quem

2130 4624 2329 4690 postea
2367 4620 2630 4690 cognovit
2661 4635 2934 4686 errorem,
2968 4635 3170 4673 manus
3200 4619 3404 4691 impias
3435 4618 3727 4674 evasisset.
3764 4617 3836 4672 Et

2131 4723 2260 4762 cum
2287 4709 2346 4761 in
2366 4708 2631 4766 omnibus
2652 4707 2946 4762 liberatori
2970 4709 3084 4764 Deo
3107 4709 3315 4780 gratias
3337 4708 3563 4778 egisset,
3593 4704 3836 4760 omnino

2132 4814 2234 4852 suo
2291 4813 2450 4851 more
2504 4797 2588 4851 illi
2644 4813 2749 4852 nec
2801 4797 2956 4852 laicis
3009 4814 3115 4852 nec
3155 4798 3374 4852 clericis
3425 4800 3834 4868 pepercerunt,

2133 4887 2278 4941 sicut
2305 4887 2537 4958 publica
2574 4891 2965 4942 contestantur
2993 4891 3171 4958 gesta.

2209 4999 2228 5024 α
2269 4977 2424 5030 Inter
2462 4992 2528 5031 ea
2557 4975 2844 5031 silendum
2884 4993 3001 5032 non
3032 4979 3134 5042 est,
3172 4975 3328 5047 quod
3363 4974 3438 5028 ad
3475 4973 3708 5028 laudem
3736 4973 3840 5027 Dei

2133 5081 2236 5137 per
2256 5064 2411 5119 illius
2437 5069 2554 5119 tam
2585 5065 2801 5136 egregii
2831 5065 2891 5119 in
2916 5064 3159 5119 Ecclesia
3188 5064 3295 5118 viri
3326 5063 3582 5116 studium
3609 5063 3844 5116 domus-

2135 5173 2244 5227 que
2270 5155 2366 5209 Dei
2393 5156 2578 5209 zelum
2608 5155 2876 5209 adversus
2917 5154 3219 5224 praedictos
3251 5152 3698 5224 rebaptizatores
3728 5153 3842 5206 Do-

2135 5244 2374 5299 natistas
2399 5247 2623 5316 gestum
2655 5249 2711 5298 et
2745 5242 3062 5314 perfectum
3102 5248 3207 5298 est.
3242 5244 3381 5299 Cum
3409 5241 3562 5295 forte
3589 5256 3739 5294 unus
3771 5257 3843 5294 ex

2136 5331 2206 5385 iis
2230 5348 2371 5403 quos
2404 5333 2473 5386 de
2501 5347 2602 5385 suo
2647 5332 2993 5386 monasterio
3035 5337 3090 5386 et
3126 5333 3278 5387 clero
3323 5330 3625 5402 episcopos
3653 5329 3840 5383 Eccle-

2137 5419 2233 5475 siae
2261 5424 2693 5492 propagaverat,
2725 5420 2798 5475 ad
2824 5436 2987 5477 suam
3025 5437 3222 5476 curam
3260 5419 3650 5492 pertinentem
3682 5418 3844 5472 Cala-

2137 5509 2348 5565 mensis
2379 5508 2637 5566 Ecclesiae
2665 5508 2957 5567 dioecesim
2985 5510 3262 5577 visitaret,
3302 5513 3358 5563 et
3391 5524 3520 5580 quae
3563 5506 3846 5563 didicerat
