4044 6190
182 310 239 360 21
1228 305 1503 361 NOTITIA
1546 304 1963 360 LITTERARIA
2002 304 2073 359 IN
2113 305 2168 359 S.
2209 304 2679 361 AUGUSTINUM.
3330 336 3349 363 ι
3420 348 3425 351 λ
3644 315 3713 367 22

187 444 278 499 pro
305 443 450 497 pace
483 427 755 482 Ecclesiae
777 432 978 482 contra
1010 427 1167 482 illam
1210 427 1476 484 haeresim
1526 428 1882 498 praedicaret,
1925 429 1967 483 Α
1998 442 2123 481 rore
2148 426 2608 496 frequentissime
2638 428 2953 501 disputans.
2982 432 3045 485 Et
3065 432 3341 503 quoniam
3366 433 3541 489 iidem
3572 453 3702 507 per-

185 518 390 571 factum
428 521 519 570 est
548 520 614 570 ut
647 516 843 571 medio
884 516 1086 571 itinere
1129 532 1330 571 eorum
1362 516 1596 571 insidias
1627 516 1898 571 incurris-

184 609 277 669 set,
309 608 371 658 et
392 620 711 675 pervasum
743 620 876 659 cum
900 604 1165 658 omnibus
1192 604 1276 657 illi
1324 604 1747 668 comitantibus,
1804 620 1898 656 su-

183 694 344 750 blatis
376 694 736 749 animalibus
781 698 838 748 et
866 695 1059 760 rebus,
1089 692 1315 763 injuriis
1345 698 1401 747 et
1425 694 1577 748 caede
1605 710 1734 747 eum
1768 708 1899 763 gra-

180 784 411 838 vissima
439 783 792 838 aﬂ‘ecissent.
828 784 908 837 De
937 799 1050 854 qua
1079 799 1156 847 re,
1192 799 1262 836 ne
1295 782 1450 852 pacis
1482 782 1732 836 ecclesiae
1783 798 1899 835 am-

180 875 325 945 plius
366 873 761 943 impediretur
790 872 1097 943 profectus,
1149 872 1412 926 defensor
1460 871 1719 926 Ecclesiae
1752 871 1901 925 inter

180 967 329 1033 leges
359 979 487 1016 non
523 962 702 1017 siluit.
750 963 818 1015 Et
846 969 1161 1031 praeceptus
1192 966 1275 1014 est
1310 960 1621 1032 Crispinus,
1659 960 1757 1031 qui
1785 960 1901 1013 eis-

177 1053 303 1106 dem
350 1050 676 1105 Donatistis
707 1051 769 1104 in
811 1049 1129 1104 Calamensi
1157 1049 1380 1103 civitate
1425 1053 1479 1103 et
1510 1049 1744 1119 regione
1784 1048 1901 1118 epi-

178 1156 385 1211 scopus
416 1140 551 1205 fuit,
587 1138 932 1209 przedicatus
963 1139 1173 1193 scilicet
1204 1141 1269 1201 ﬁet
1316 1138 1483 1192 multi
1512 1137 1807 1208 temporis,
1846 1140 1902 1190 et

177 1230 383 1283 doctus
410 1230 485 1283 ad
516 1228 797 1291 mulctam
838 1227 1021 1281 teneri
1051 1226 1337 1281 aurariam
1384 1227 1623 1297 publicis
1680 1226 1901 1296 legibus

180 1322 377 1370 contra
424 1315 737 1369 haereticos
766 1314 1153 1368 constitutam.
1204 1313 1309 1378 Qui
1350 1315 1631 1367 resultans
1677 1313 1900 1383 legibus

180 1410 575 1477 prasentatus
602 1421 733 1458 cum
754 1404 904 1475 apud
938 1404 1342 1457 Proconsulem
1365 1418 1423 1456 se
1456 1406 1691 1471 negaret
1714 1402 1898 1455 haere-

181 1497 378 1559 ticum,
424 1494 637 1548 oborta
685 1498 769 1548 est
800 1492 1124 1559 necessitas,
1170 1497 1233 1546 ut
1272 1491 1357 1545 illi
1385 1491 1684 1546 recedente
1712 1491 1896 1545 Eccle-

182 1586 275 1639 siae
331 1584 664 1648 defensore,
736 1599 769 1636 a
826 1581 1102 1635 catholico
1177 1581 1444 1652 episcopo
1517 1579 1897 1646 resisteretur,

186 1678 236 1726 et
264 1673 713 1727 convinceretur
742 1687 873 1725 eum
908 1687 1048 1737 esse,
1082 1670 1234 1741 quod
1264 1686 1322 1723 sc
1358 1670 1526 1723 fuisse
1553 1672 1895 1739 negaverat:

188 1762 461 1833 quoniam
498 1760 546 1814 si
577 1761 651 1815 ab
682 1760 884 1814 eodem
907 1759 1383 1825 dissimularetur,
1408 1760 1555 1813 forte
1587 1757 1904 1812 catholicus

188 1853 487 1923 episcopus
555 1849 628 1902 ab
691 1848 1091 1919 ignorantibus
1149 1848 1457 1901 haereticus
1536 1847 1902 1913 crederetur,

190 1943 282 1995 illo
312 1957 371 1994 se
401 1939 566 2011 quod
601 1944 726 1992 erat
747 1942 1013 2009 negante.
1044 1942 1211 2008 atque
1241 1937 1319 1990 ita
1338 1953 1405 1990 ex
1431 1937 1539 1990 hac
1570 1936 1802 1990 dissidia
1823 1935 1907 1990 in-

191 2031 365 2086 ﬁrmis
409 2029 756 2083 scandalum
802 2032 1153 2081 nasceretur.
1202 2028 1266 2080 Et
1309 2025 1665 2080 memorabili
1702 2028 1904 2095 Augu-

191 2121 328 2173 stino
362 2119 627 2172 antistite
668 2115 1013 2170 omnimodis
1042 2116 1308 2182 instante,
1344 2115 1414 2169 ad
1458 2114 1905 2169 controversiam

191 2210 353 2263 ambo
382 2209 469 2261 illi
504 2208 867 2263 Calamenses
897 2204 1144 2276 episcopi
1176 2209 1455 2258 venerunt
1483 2210 1540 2258 et
1569 2204 1637 2258 de
1660 2204 1782 2275 ipsa
1813 2204 1906 2257 di-

191 2314 345 2351 versa
388 2296 808 2349 communione
836 2293 1003 2347 tertio
1041 2292 1371 2347 conﬂictum
1416 2309 1608 2346 secum
1640 2296 1903 2363 egerunt,

190 2402 393 2456 magna
424 2385 782 2456 populorum
824 2382 1271 2437 christianorum
1304 2381 1675 2437 multitudine
1721 2398 1907 2435 causae

192 2476 424 2538 exitum,
461 2480 521 2527 et
547 2473 699 2543 apud
750 2472 1170 2541 Carthaginem,
1207 2477 1262 2525 et
1288 2488 1392 2542 per
1431 2475 1612 2524 totam
1658 2470 1907 2524 Africam

192 2568 591 2635 exspectante:
628 2567 797 2631 atque
822 2561 917 2615 ille
950 2560 1243 2630 Crispinus
1292 2560 1688 2631 proconsulari
1732 2565 1787 2613 et
1835 2558 1905 2612 li-

193 2652 389 2707 bellari
429 2651 722 2704 sententia
752 2655 835 2703 est
864 2649 1267 2720 pronuntiatus
1298 2649 1617 2704 haereticus.
1654 2651 1759 2703 Pro
1793 2664 1906 2719 quo

196 2743 283 2796 ille
315 2741 471 2811 apud
502 2740 873 2808 Cognitorem
907 2738 1213 2792 catholicus
1241 2738 1543 2809 episcopus
1566 2738 1904 2800 intercessit,

197 2848 259 2885 ne
282 2831 514 2884 auraria
546 2830 762 2882 mulcta
783 2829 1140 2899 exigeretur;
1176 2832 1231 2881 et
1252 2828 1303 2880 ei
1333 2833 1416 2880 est
1436 2827 1781 2880 beneﬁcium
1805 2827 1907 2881 im-

196 2926 500 2992 petratum.
565 2918 727 2972 Unde
772 2933 901 2971 cum
954 2916 1208 2987 ingratus
1250 2917 1321 2971 ad
1370 2915 1697 2986 piissimum
1746 2916 1904 2970 Prin-

2009 514 2155 569 versi
2186 515 2319 571 Sedi
2349 517 2673 586 apostolicae
2702 534 2801 589 per
2830 535 2992 573 suam
3026 521 3398 577 ambitionem
3444 526 3705 581 eamdem

2011 604 2312 676 perﬁdiam
2340 606 2683 675 persuadere
2702 607 3073 675 conabantur,
3096 610 3508 666 instantissime
3538 612 3712 667 etiam

2010 692 2267 748 conciliis
2322 693 2601 748 Africanis
2642 701 2967 750 sanctorum
3025 698 3427 769 episcoporum
3483 705 3707 772 gestum

2010 787 2113 848 est,
2156 787 2218 837 ut
2254 786 2447 836 sancto
2476 800 2638 854 papas
2671 784 2852 850 Urbis,
2887 791 2941 839 et
2970 787 3130 855 prius
3164 790 3478 843 venerabili
3528 793 3709 846 Inno-

2010 871 2216 931 centio,
2250 876 2305 926 et
2348 877 2549 941 postea
2581 876 2773 926 sancto
2802 874 3021 927 Zosimo
3054 868 3176 945 ejus
3230 879 3539 933 successori
3576 896 3711 949 per-

2009 960 2365 1027 suaderetur,
2398 977 2569 1031 quam
2594 961 2692 1014 illa
2717 966 2865 1015 secta
2896 980 2927 1016 a
2956 964 3068 1017 ﬁde
3099 965 3373 1019 catholica
3400 972 3456 1020 et
3486 968 3710 1022 abomi-

2008 1049 2197 1102 nanda
2227 1049 2628 1104 etdamnanda
2668 1051 2886 1105 fuisset.
2928 1056 3000 1106 At
3026 1052 3109 1107 illi
3139 1059 3309 1109 tantae
3350 1056 3500 1110 sedis
3541 1057 3710 1111 antis-

2010 1137 2159 1204 tites,
2184 1137 2300 1191 suis
2325 1139 2561 1192 diversis
2590 1142 2945 1211 temporibus
2977 1143 3203 1197 eosdem
3226 1149 3511 1211 notantes,
3540 1151 3710 1217 atque

2010 1244 2040 1281 a
2073 1227 2343 1280 membris
2392 1228 2651 1282 Ecclesiae
2703 1230 3099 1301 praecidentes,
3149 1232 3294 1286 datis
3323 1234 3526 1287 litteris
3557 1240 3612 1289 et
3642 1236 3710 1290 ad

2009 1314 2304 1370 Africanas
2354 1317 2689 1385 Occidentis,
2735 1324 2789 1372 et
2820 1320 2887 1373 ad
2935 1320 3181 1374 Orientis
3210 1323 3386 1391 partis
3420 1324 3711 1395 Ecclesias,

2011 1421 2109 1458 eos
2137 1405 2592 1459 anathemandos
2627 1410 2682 1460 et
2722 1408 3055 1463 devitandas
3096 1410 3165 1463 ab
3208 1410 3473 1465 omnibus
3512 1413 3714 1467 Catho-

2011 1493 2132 1547 licis
2163 1499 2535 1549 censuerunt.
2602 1497 2665 1548 Et
2691 1496 2813 1567 gtale
2845 1498 2911 1551 dc
2942 1497 3053 1551 illis
3087 1500 3345 1554 Ecclesiae.
3395 1500 3493 1555 Dei
3524 1502 3712 1555 catho-

2009 1583 2133 1637 licae
2162 1584 2451 1654 prolatum
2497 1584 2801 1654 judicium,
2834 1587 3003 1640 etiam
3048 1587 3338 1658 piissimus
3395 1590 3712 1661 imperator

2015 1672 2300 1726 Honorius
2333 1672 2570 1726 audiens
2610 1690 2673 1726 ac
2721 1690 2986 1745 sequens,
3023 1678 3139 1729 suis
3178 1694 3272 1731 eos
3303 1678 3525 1749 legibus
3557 1680 3714 1735 dam-

2015 1764 2198 1828 natos,
2232 1760 2383 1814 inter
2411 1761 2708 1815 haereticos
2734 1762 2931 1816 haberi
2961 1766 3163 1819 debere
3212 1767 3516 1822 constituit.
3557 1769 3715 1823 Unde

2015 1847 2281 1901 nonnulli
2313 1863 2379 1900 ex
2409 1847 2490 1901 eis
2520 1848 2590 1902 ad
2618 1852 2824 1902 sancta:
2856 1850 3053 1905 matris
3100 1852 3358 1906 Ecclesiae
3407 1855 3713 1923 gremium,

2015 1936 2171 1991 unde
2218 1936 2564 2005 resilierant,
2625 1937 2939 2001 redierunt,
2975 1938 3360 1993 innotescente
3398 1945 3453 1994 et
3498 1958 3715 2011 praeva-

2017 2025 2260 2079 lescente
2293 2026 2561 2080 adversus
2610 2026 2773 2080 illum
2805 2027 3199 2085 detestabilem
3248 2045 3502 2083 errorem
3549 2033 3715 2084 recta:

2015 2113 2149 2169 fidei
2178 2113 2431 2169 veritate.

2091 2220 2119 2254 ι(
2152 2204 2217 2257 Et
2247 2208 2370 2257 erat
2409 2202 2505 2256 ille
2556 2202 2948 2258 memorabilis
2994 2203 3099 2270 vir,
3131 2205 3487 2276 praecipuum
3536 2207 3717 2261 domi-

2018 2291 2134 2346 nici
2166 2292 2417 2361 corporis
2458 2294 2801 2358 membrum,
2866 2293 3014 2347 circa
3064 2294 3403 2349 universalis
3459 2296 3719 2350 Ecclesiae

2016 2380 2325 2434 utilitatem
2357 2380 2631 2434 sollicitus
2662 2396 2887 2451 semper
2911 2398 2974 2434 ac
3006 2382 3265 2453 pervigil.
3313 2385 3375 2437 Et
3404 2384 3488 2437 illi
3517 2384 3719 2440 divini-

2015 2474 2105 2523 tus
2136 2470 2411 2523 donatum
2434 2474 2536 2537 est,
2567 2474 2633 2524 ut
2663 2470 2731 2523 de
2749 2486 2983 2524 suorum
3016 2471 3278 2526 laborum
3308 2473 3514 2538 fructu,
3541 2475 3716 2529 etiam

2015 2556 2077 2611 in
2105 2558 2210 2611 hac
2237 2558 2352 2611 vita
2383 2558 2632 2628 gaudere
2663 2558 3033 2629 provenisset,
3065 2560 3226 2631 prius
3244 2562 3473 2632 quidem
3493 2563 3552 2617 in
3583 2563 3716 2634 Hip-

2016 2646 2258 2718 ponensi
2286 2647 2530 2700 Ecclesia
2562 2652 2616 2701 et
2653 2648 2913 2717 regione,
2946 2648 3036 2701 cui
3063 2649 3309 2704 maxime
3352 2652 3717 2720 przesidebat,

2015 2736 2233 2791 unitate
2266 2753 2327 2789 ac
2355 2752 2493 2806 pace
2534 2736 2822 2806 perfecta;
2864 2737 3069 2791 deinde
3100 2739 3161 2791 in
3202 2738 3327 2792 aliis
3353 2740 3556 2794 Africae
3586 2757 3717 2811 par-

2015 2824 2189 2891 tibus,
2222 2823 2338 2877 sive
2368 2840 2471 2894 per
2499 2841 2557 2877 se
2592 2826 2802 2895 ipsum,
2835 2826 2949 2879 sive
2981 2843 3085 2896 per
3111 2827 3272 2895 alios,
3305 2832 3359 2881 et
3400 2844 3542 2898 quos
3597 2830 3719 2899 ipse

2017 2913 2248 2967 dederat
2277 2913 2613 2973 sacerdotes,
2640 2914 2967 2982 pullulasse,
2991 2919 3045 2967 et
3077 2915 3517 2984 multiplicatum
3544 2917 3719 2972 fuisse

191 3026 316 3080 pem
346 3010 737 3079 provocasset,
770 3011 826 3059 et
852 3006 921 3059 ab
952 3006 1302 3075 lmperatore
1346 3004 1614 3058 relationi
1646 3004 1900 3058 debitum
1942 3028 1979 3083 ρ
2016 3000 2244 3057 Domini
2277 3001 2578 3055 Ecclesiam
2605 3001 2924 3071 pervidens,
2951 3002 3196 3074 illosque
3228 3004 3587 3074 Manichazos,
3613 3008 3717 3060 Do-

195 3104 275 3152 est
330 3112 681 3168 responsum
736 3095 1010 3159 solutum,
1044 3097 1100 3147 et
1149 3097 1516 3147 consecutum
1573 3098 1657 3147 est
1690 3109 1902 3163 praece-

195 3192 347 3257 ptum
394 3186 561 3239 nullo
611 3200 847 3255 prorsus
876 3184 1003 3239 loco
1052 3184 1355 3238 haereticos
1408 3182 1728 3237 Donatistas
1784 3198 1902 3236 esse

196 3275 417 3340 debere,
458 3279 515 3328 et
545 3290 644 3327 eos
675 3273 747 3326 ad
776 3272 891 3326 vim
922 3273 1115 3341 legum
1142 3272 1401 3325 omnium
1445 3277 1643 3325 contra
1683 3270 1904 3324 haereti-

198 3382 285 3418 cos
308 3366 563 3418 latarum
593 3362 808 3434 ubique
855 3362 1040 3416 teneri
1072 3362 1300 3416 debere.
1336 3363 1409 3415 Ex
1462 3378 1576 3432 quo
1618 3366 1674 3414 et
1702 3361 1900 3427 Judex,

199 3460 247 3507 et
275 3454 567 3516 Ofﬁcium,
619 3458 675 3505 et
723 3451 877 3505 idem
923 3449 1235 3521 Crispinus,
1280 3449 1432 3520 quod
1464 3449 1701 3503 minime
1731 3447 1906 3502 fuerit

199 3548 441 3609 exactus,
474 3540 749 3611 praecepti
778 3542 913 3593 sunt
946 3538 1122 3592 denas
1156 3538 1281 3592 auri
1315 3538 1485 3591 libras
1517 3537 1637 3591 tisci
1679 3537 1906 3608 juribus

196 3628 417 3683 inferre.
455 3628 568 3683 Sed
601 3627 861 3698 protinus
913 3642 1087 3696 opera
1120 3626 1252 3679 data
1296 3631 1379 3679 est
1441 3642 1544 3695 per
1599 3624 1905 3679 catholicos

198 3718 509 3789 episcopos,
569 3716 859 3786 praecipue
890 3731 994 3786 per
1045 3719 1254 3769 sanctas
1303 3714 1600 3769 memoriae
1632 3714 1907 3784 Augusti-

200 3824 348 3865 num,
382 3811 445 3859 ut
474 3805 575 3858 illa
608 3805 871 3858 omnium
900 3803 1302 3858 condemnatio
1342 3804 1617 3874 principis
1643 3803 1905 3857 dimitte-

200 3902 344 3949 retur
377 3893 780 3963 indulgentia:
840 3898 895 3947 et
950 3892 1194 3946 Domino
1228 3893 1534 3963 adjuvante
1586 3893 1905 3963 perfectum

201 3990 291 4038 est.
319 3984 443 4049 Qua
493 3981 800 4053 diligentia
825 3986 881 4036 et
907 3987 1100 4036 sancto
1131 3981 1320 4035 studio
1371 3981 1554 4051 magis
1586 3981 1902 4052 magisque,

195 4075 419 4143 juvante
468 4071 715 4139 Christo,
769 4071 838 4125 de
883 4070 973 4125 die
1003 4070 1062 4124 in
1096 4071 1248 4125 diem
1296 4072 1613 4142 augebatur
1659 4075 1713 4123 et
1757 4071 1907 4123 mul-

202 4162 564 4233 tiplicabatur
595 4160 751 4231 pacis
782 4160 991 4225 unitas,
1020 4164 1074 4213 et
1105 4148 1506 4214 Ecclesiae'Dei
1562 4159 1901 4213 fraternitas.

202 4252 255 4304 Et
276 4252 332 4305 id
386 4250 647 4304 maxime
697 4250 909 4303 factum
969 4254 1053 4302 est
1082 4253 1210 4319 post
1239 4248 1623 4309 collationem,
1678 4264 1807 4319 qure
1837 4248 1907 4301 ab

2013 3090 2271 3157 natistas,
2324 3090 2755 3159 Pelagianistas,
2793 3096 2848 3145 et
2879 3093 3136 3162 Paganos
3183 3110 3251 3147 ex
3301 3110 3511 3163 magna
3553 3100 3717 3165 parte

2015 3180 2302 3243 defecisse,
2329 3184 2396 3244 ,et
2427 3180 2685 3233 Ecclesiae
2720 3180 2820 3233 Dei
2863 3181 3106 3234 sociatos
3165 3198 3284 3236 esse
3315 3183 3717 3253 congaudens:

2014 3269 2363 3341 profectibus
2394 3286 2623 3340 quoque
2656 3276 2712 3323 et
2742 3269 2943 3323 studiis
2984 3272 3176 3325 favens
3206 3277 3327 3326 erat
3374 3278 3430 3327 et
3460 3274 3721 3328 exultans

2015 3359 2303 3413 bonorum
2348 3358 2646 3427 omnium;
2699 3359 3250 3430 indisciplinationes
3279 3361 3373 3432 pie
3416 3379 3480 3416 ac
3528 3367 3721 3418 sancte

2014 3448 2265 3500 tolerans
2317 3447 2579 3514 fratrum,
2635 3447 3127 3519 iugemiscensque
3186 3450 3254 3503 de
3319 3450 3722 3521 iniquitatibus

2014 3537 2320 3602 malorum,
2347 3536 2461 3589 sive
2494 3552 2691 3590 eorum
2716 3537 2814 3608 qui
2836 3537 2987 3591 intra
3019 3539 3345 3607 Ecclesiam,
3377 3540 3490 3595 sive
3517 3557 3717 3595 eorum

2016 3624 2115 3697 qui
2163 3628 2320 3679 extra
2366 3624 2668 3679 Ecclesiam
2724 3632 2857 3680 sunt
2908 3628 3214 3695 constituti,
3287 3629 3606 3697 dominicis,
3662 3635 3726 3685 ut

2015 3713 2151 3780 dixi,
2186 3712 2357 3767 lucris
2387 3730 2614 3784 semqer
2642 3715 2915 3784 gaudens.
2950 3720 3006 3768 et
3029 3717 3252 3770 damnis
3282 3734 3548 3773 moerens.

2088 3822 2116 3854 «
2166 3804 2360 3856 Vestes
2387 3803 2509 3872 ejus
2560 3807 2614 3855 et
2660 3804 3046 3858 calceamenta
3080 3806 3169 3858 vel
3196 3807 3458 3861 lectualia
3504 3824 3571 3861 ex
3599 3824 3722 3861 mo-

2016 3893 2211 3946 derato
2242 3896 2297 3946 et
2342 3892 2689 3962 competenti
2749 3893 2947 3947 habitu
3010 3900 3190 3956 erant,
3246 3912 3349 3949 nec
3405 3896 3587 3950 nitida
3642 3898 3725 3950 ni-

2016 3980 2217 4048 mium,
2270 3997 2374 4035 nec
2414 3982 2636 4051 abjecta
2682 3982 3040 4051 plurimum:
3075 3984 3211 4054 quia
3240 3985 3327 4038 his
3380 3986 3722 4056 plerumque

2015 4071 2101 4123 vel
2128 4071 2340 4140 jactare
2364 4086 2422 4123 se
2444 4070 2757 4123 insolenter
2794 4070 3055 4123 homines
3086 4072 3288 4137 solent,
3321 4073 3407 4125 vel
3438 4072 3683 4143 abjicere
3709 4093 3724 4140 ;

2017 4174 2082 4211 ex
2114 4164 2361 4227 utroque
2404 4173 2517 4209 non
2549 4173 2677 4227 qua
2707 4158 2840 4209 Jesu
2886 4157 3114 4225 Christi,
3148 4159 3242 4211 sed
3280 4176 3410 4229 quas
3458 4177 3560 4213 sua
3592 4166 3722 4215 sunt

2016 4246 2190 4299 iidem
2220 4249 2574 4317 quzerentes:
2629 4250 2687 4298 at
2718 4245 2843 4311 iste,
2879 4251 2942 4299 ut
2969 4246 3104 4311 dixi,
3166 4247 3420 4303 medium
3465 4250 3721 4321 tenebat,

200 4338 480 4392 universis
510 4336 794 4407 episcopis
822 4336 1114 4389 catholicis
1140 4336 1292 4406 apud
1342 4336 1744 4407 Carthaginem
1775 4351 1903 4389 cum
1946 4325 1987 4379 D
2017 4350 2203 4404 neque
2262 4333 2321 4386 in
2378 4332 2687 4397 dexteram,
2747 4349 2933 4403 neque
2974 4333 3033 4387 in
3072 4333 3359 4390 sinistram
3413 4337 3722 4395 declinans.

200 4428 406 4481 eisdem
444 4425 873 4480 Donatistarum
902 4424 1180 4495 episcopis
1220 4424 1587 4495 postmodum
1629 4424 1775 4477 facta
1802 4427 1904 4489 est,

200 4517 247 4570 id
281 4517 529 4586 jubente
571 4512 1078 4584 gloriosissimoet
1108 4512 1534 4583 religiosissimo
1564 4513 1907 4583 imperatore

204 4605 453 4658 Honorio
480 4620 494 4671 ;
520 4607 761 4673 propter
789 4601 945 4672 quod
985 4600 1395 4672 perﬁciendum
1435 4601 1605 4654 etiam
1639 4618 1671 4654 a
1697 4617 1799 4654 suo
1826 4602 1908 4653 la-

204 4698 311 4746 tere
344 4693 651 4746 tribunum
685 4695 739 4744 et
774 4690 1061 4744 notarium
1104 4690 1492 4745 Marcellinum
1544 4690 1614 4744 ad
1660 4689 1908 4743 Africam

205 4780 451 4849 judicem
482 4780 739 4834 miserat.
785 4781 847 4834 In
877 4796 991 4850 qua
1022 4779 1410 4833 controversia
1443 4779 1523 4832 illi
1564 4778 1908 4832 omnimodis

214 4870 505 4935 confutati,
544 4874 719 4939 atque
752 4868 821 4923 de
853 4884 1042 4923 errore
1074 4885 1104 4921 a
1135 4868 1438 4923 Catholicis
1482 4866 1747 4934 convicti,
1780 4884 1909 4921 sen-

210 4961 377 5013 tentia
409 4958 738 5029 Cognitoris
768 4957 947 5013 notati
974 4962 1142 5023 sunt;
1186 4962 1241 5011 et
1270 4960 1399 5028 post
1454 4972 1654 5010 eorum
1716 4956 1911 5027 appel-

208 5049 493 5109 lationem,
546 5047 791 5118 piissimi
827 5047 995 5118 Regis
1026 5062 1302 5117 responso
1345 5046 1499 5117 juste
1531 5046 1682 5100 inter
1726 5045 1911 5099 haere-

208 5138 343 5191 ticos
373 5137 752 5191 condemnati
774 5141 927 5190 sunt.
1254 5133 1256 5135 ’

277 5249 298 5275 ι
325 5226 618 5280 Adversus
649 5224 1335 5297 Pelagisnistas'quoque,
1367 5223 1749 5294 disputatores
1794 5223 1911 5276 cal-

208 5315 365 5382 lidos,
403 5321 526 5369 arte
556 5314 743 5384 magis
780 5313 977 5367 subtili
1036 5318 1092 5368 et
1119 5313 1291 5367 noxia
1319 5312 1648 5379 scribentes,
1693 5314 1748 5364 et
1788 5310 1913 5364 ubi-

207 5421 445 5476 cumque
484 5407 756 5477 poterant
799 5402 1026 5474 publice
1076 5406 1133 5456 et
1178 5418 1282 5472 per
1339 5402 1540 5455 domos
1592 5400 1911 5469 loquentes,

208 5507 299 5561 per
336 5510 522 5548 annos
550 5494 735 5548 ferme
795 5491 995 5546 decem
1043 5490 1339 5555 laboravit,
1399 5489 1673 5543 librorum
1736 5488 1916 5542 multa

206 5583 445 5638 condens
475 5586 535 5638 et
553 5583 756 5649 edens,
790 5583 849 5634 et
870 5579 934 5633 in
964 5578 1198 5633 ecclesia
1225 5578 1456 5649 populis
1492 5578 1561 5631 de
1592 5576 1792 5632 eodem
1824 5593 1914 5632 er-

2018 4423 2183 4478 Olera
2224 4426 2279 4476 et
2328 4422 2644 4493 legumina,
2694 4420 2866 4475 etiam
2897 4439 3094 4475 carnes
3150 4424 3458 4495 aliquando
3490 4436 3728 4500 propter

2019 4510 2297 4581 hospites,
2328 4512 2414 4564 vel
2448 4526 2706 4581 quosque
2746 4509 3112 4580 infirmiores,
3153 4530 3377 4584 semper
3404 4522 3598 4571 autem
3644 4519 3726 4571 vi-

2019 4618 2159 4655 num
2188 4600 2455 4666 habebat,
2486 4600 2624 4670 quia
2654 4604 2909 4667 noverat,
2946 4606 3001 4654 et
3031 4601 3289 4671 docebat,
3322 4608 3387 4656 ut
3423 4607 3728 4675 Apostolus

2017 4691 2171 4753 dicit,
2208 4689 2361 4759 quod
2394 4692 2568 4742 omnis
2598 4695 2853 4743 creatura
2896 4692 2993 4744 Dei
3031 4691 3166 4746 bona
3203 4695 3293 4758 sit,
3328 4699 3378 4747 et
3406 4696 3547 4749 nihil
3576 4696 3729 4766 abji-

2018 4779 2282 4847 ciendum,
2318 4778 2462 4846 quod
2481 4794 2599 4832 cum
2626 4782 2935 4846 gratiarum
2966 4783 3172 4834 actione
3198 4784 3530 4851 percipitur;
3568 4798 3725 4837 sanc-

2019 4870 2260 4937 tiﬁcatur
2289 4869 2430 4920 enim
2457 4867 2788 4936 perverbum
2817 4869 2922 4921 Dei
2951 4872 2999 4921 et
3019 4872 3309 4923 orationem
3332 4871 3377 4938 (Ι
3404 4872 3537 4923 Tim.
3565 4888 3639 4937 1v,
3672 4873 3725 4939 4,

2019 4957 2091 5014 5).
2130 4956 2215 5021 Et,
2256 4960 2319 5008 ut
2348 4955 2503 5009 idem
2552 4955 2912 5025 Augustinus
2959 4961 3183 5010 sanctus
3231 4958 3288 5010 in
3341 4958 3456 5010 suis
3506 4959 3731 5015 Confes-

2021 5045 2248 5098 sionum
2282 5045 2439 5099 libris
2474 5046 2685 5116 posuit,
2721 5045 2914 5099 dicens
2959 5062 2973 5100 :
3030 5048 3145 5101 Non
3194 5061 3285 5112 ego
3325 5047 3730 5102 immunditiam

2021 5134 2227 5188 obsonii
2256 5137 2435 5199 timeo,
2494 5135 2588 5188 sed
2638 5135 3045 5189 immunditiam
3080 5133 3414 5202 cupiditatis.
3461 5137 3578 5191 Scio
3622 5139 3732 5193 Noe

2024 5238 2175 5277 omne
2205 5238 2371 5290 genus
2413 5224 2596 5277 carnis
2655 5224 2798 5291 quod
2850 5224 2963 5277 cibo
3018 5233 3148 5276 esset
3204 5224 3347 5290 usui,
3404 5225 3732 5279 manducare

2021 5314 2345 5381 permissum
2372 5331 2387 5378 ;
2418 5312 2602 5365 Etiam
2633 5312 2746 5365 cibo
2770 5314 2951 5365 carnis
2984 5312 3280 5374 refectum;
3313 5313 3584 5367 Joannem
3631 5314 3731 5365 mi-

2022 5402 2192 5455 rabili
2220 5402 2549 5457 abstinentia
2594 5402 2907 5471 praditum,
2944 5401 3295 5467 animalibus,
3345 5403 3439 5457 hoc
3468 5407 3545 5457 est
3584 5403 3731 5456 tocu-

2023 5492 2144 5557 stis,
2198 5495 2255 5545 in
2283 5507 2455 5546 escam
2505 5490 2809 5545 cedentibus
2861 5504 2967 5544 non
3002 5491 3173 5558 fuisse
3213 5491 3498 5561 pollutum.
3536 5492 3652 5547 Scio
3684 5496 3733 5544 et

2025 5582 2174 5635 Esau
2203 5580 2464 5634 lenticula
2490 5580 2922 5647 concupiscentia
2951 5579 3258 5649 deceptum;
3278 5584 3328 5634 et
3359 5581 3540 5635 David
3574 5595 3731 5649 prap-
