4060 6194
269 249 338 303 23
1281 239 1849 300 SUPPLEMENTUM
1889 239 1979 294 AD
2016 237 2251 294 OPERA
2287 238 2344 292 S.
2383 236 2771 294 AUGUSTINI.
3711 239 3780 291 24

274 373 354 422 ter
381 381 538 438 aqua
575 365 904 421 desiderium
932 381 966 420 a
1013 381 1070 421 se
1102 368 1222 436 ipso
1247 366 1668 435 reprehensum;
1699 367 1750 419 et
1776 367 1970 432 Regem
1997 363 2043 418 Α
2079 362 2431 419 inﬁrmitatis
2450 361 2798 428 intuebatur,
2831 364 2890 415 et
2909 359 3154 431 legebat,
3194 363 3253 413 et
3273 359 3494 430 jugiter
3524 374 3590 413 ac
3622 359 3776 414 uber

269 461 536 522 nostrum,
582 471 690 510 non
741 455 808 510 de
849 471 1028 523 carne,
1077 454 1171 510 sed
1213 454 1278 508 de
1322 470 1462 524 pane
1517 469 1626 509 esse
1681 458 1964 508 tentatum.

271 546 504 614 Ideoque
531 549 582 600 et
594 547 831 615 populus
866 547 926 598 in
953 560 1147 612 eremo,
1182 559 1290 598 non
1332 546 1467 612 quia
1514 559 1700 598 carnes
1752 541 1967 597 deside-

271 637 440 701 ravit,
474 633 568 688 sed
625 636 758 704 quia
802 648 929 687 escae
980 632 1246 686 desiderio
1271 635 1461 686 contra
1492 633 1669 686 Deum
1717 646 1968 684 murmu-

272 726 440 791 ravit,
471 725 666 776 meruit
686 721 986 790 improbari
1016 721 1440 791 (Confessionum
1471 720 1570 775 lib.
1614 723 1694 786 10,
1723 735 1844 788 cap.
1877 721 1966 786 31,

272 827 330 864 n.
358 811 471 870 23).
508 812 588 864 De
639 809 772 862 vino
803 813 995 862 autem
1025 807 1305 862 sumendo
1337 807 1595 879 Apostoli
1635 811 1816 861 exstat
1842 821 1972 859 sen-

273 899 456 953 tentia
509 897 580 951 ad
644 896 1009 951 Timotheum
1067 896 1365 950 scribentis
1421 913 1484 950 ac
1539 893 1812 951 dicentis:
1843 897 1972 952 Noli

267 1002 436 1056 usque
465 986 643 1039 adhuc
673 1000 874 1055 aquam
902 985 1098 1050 bibere,
1121 985 1216 1038 sed
1239 987 1365 1039 vino
1414 984 1618 1038 modico
1644 989 1791 1039 utere
1829 1000 1970 1054 pro-

261 1079 386 1144 pter
412 1075 748 1128 stomachum
777 1078 826 1128 et
853 1075 1162 1142 frequentes
1193 1077 1314 1127 tuas
1352 1075 1699 1142 inﬁrmitates
1747 1075 1787 1143 (Ι
1828 1076 1966 1129 Tim.

266 1179 319 1229 v,
411 1163 529 1233 ‘23).
611 1162 1003 1217 Coihlearibus
1088 1167 1317 1216 tantum
1417 1163 1704 1232 argenteis
1780 1167 1967 1230 utens,

267 1255 472 1306 catera
517 1267 650 1304 vasa
717 1250 927 1322 quibus
973 1267 1189 1304 mensa
1244 1249 1640 1305 inferebantur
1701 1250 1832 1318 cibi,
1881 1251 1971 1305 vel

265 1344 466 1407 testea,
493 1341 586 1393 vel
612 1340 822 1411 lignea,
850 1341 938 1393 vel
968 1356 1290 1394 marmorea
1321 1340 1592 1394 fuerunt:
1626 1357 1742 1394 non
1775 1344 1971 1394 tamen

264 1429 609 1483 necessitatis
658 1428 871 1500 inopia,
919 1428 1016 1482 sed
1044 1428 1338 1499 proposito
1388 1429 1722 1482 voluntatis.
1777 1428 1887 1483 Sed
1916 1433 1972 1483 et

266 1517 713 1588 hospitalitatem
765 1533 990 1588 semper
1041 1517 1326 1572 exhibuit.
1375 1519 1442 1572 Et
1491 1518 1552 1572 in
1609 1518 1732 1590 ipsa
1772 1535 1971 1572 mensa

267 1607 448 1678 magis
487 1607 794 1661 lectionem
825 1608 912 1661 vel
944 1607 1414 1677 disputationem,
1459 1624 1633 1678 quam
1688 1607 1969 1678 epulatio-

269 1711 404 1749 nem
424 1695 902 1767 potationemque
933 1695 1224 1765 diligebat.
1257 1696 1323 1748 Et
1351 1699 1546 1749 contra
1565 1695 1966 1766 fpestilentiam

268 1785 538 1840 humana
567 1783 998 1838 consuetudinis
1026 1784 1088 1838 in
1108 1800 1175 1837 ea
1196 1784 1472 1854 scriptum
1504 1785 1584 1838 ita
1612 1785 1891 1840 habebat:

455 1889 704 1952 Quisquis
732 1893 873 1938 amat
901 1889 1054 1938 dictis
1083 1890 1361 1939 absentum
1384 1891 1568 1940 rodere
1596 1890 1780 1951 vitam,

519 1952 666 2000 Hanc
694 1965 935 2001 mensam
958 1953 1176 2002 vetitam
1205 1953 1412 2002 noverit
1436 1966 1550 2002 esse
1578 1953 1698 2002 sibi.

271 2051 338 2104 Et
362 2048 488 2103 ideo
514 2065 748 2103 omnem
768 2049 1063 2104 convivam
1089 2067 1124 2104 a
1143 2050 1447 2121 superﬂuis
1472 2055 1530 2104 et
1557 2050 1742 2105 noxiis
1761 2049 1969 2105 fabulis

269 2141 326 2192 et
357 2137 810 2191 detractionibus
863 2153 985 2192 sese
1016 2138 1301 2192 abstinere
1351 2139 1559 2193 debere
1607 2140 1967 2194 admonebat.

272 2227 415 2281 Nam
440 2230 497 2279 et
518 2225 798 2296 quosdam
829 2243 959 2280 suos
989 2215 1464 2281 familiarissimos
1504 2229 1862 2299 coepiscopos
1895 2228 1971 2282 il-

273 2314 387 2369 lius
417 2314 715 2384 scriptura
747 2315 975 2383 oblitos,
1016 2319 1072 2370 et
1099 2320 1297 2370 contra
1327 2333 1454 2371 eam
1483 2317 1804 2388 loquentes,
1854 2321 1973 2371 tam

273 2419 471 2474 aspere
502 2403 808 2474 aliquando
851 2397 1241 2474 reprehendit,
1286 2411 1609 2460 commotus
1647 2411 1712 2460 ut
1739 2407 1972 2475 diceret,

273 2497 372 2546 aut
399 2491 673 2546 delendas
705 2509 826 2546 esse
883 2492 1013 2546 illos
1047 2493 1115 2547 de
1148 2510 1346 2548 mensa
1405 2511 1620 2561 versus,
1655 2499 1756 2549 aut
1807 2511 1866 2550 se
1905 2496 1974 2550 de

277 2580 468 2634 media
523 2580 836 2635 refectione
889 2581 958 2636 ad
1004 2598 1173 2637 suum
1205 2583 1533 2637 cubiculum
1562 2588 1972 2640 surrecturum.

275 2672 599 2740 Pauperum
645 2686 778 2724 vero
832 2687 1059 2742 semper
1123 2688 1345 2726 memor
1390 2677 1532 2735 erat,
1589 2672 1786 2744 eisque
1841 2673 1975 2726 inde

277 2759 565 2828 erogabat,
596 2759 750 2812 unde
801 2764 856 2812 et
886 2759 993 2813 sibi
1023 2760 1256 2831 suisque
1290 2762 1558 2815 omnibus
1589 2777 1781 2815 secum
1813 2761 1974 2816 habi-

274 2847 566 2918 tantibus;
618 2848 725 2902 hoc
779 2852 883 2915 est,
952 2849 1040 2903 vel
1104 2865 1174 2904 ex
1228 2850 1506 2904 reditibus
1553 2851 1977 2922 possessionum

277 2936 560 3003 Ecclesia,
612 2938 698 2991 vel
760 2938 934 2991 etiam
991 2954 1060 2992 ex
1122 2938 1507 2993 oblationibus
1579 2939 1857 2993 ﬁdelium.
1913 2940 2045 3014 Εἰς

279 3024 418 3078 dum
446 3025 593 3079 forte
620 3026 689 3079 de
726 3025 1177 3095 possessionibus
1226 3027 1367 3098 ipsis
1393 3027 1609 3082 invidia
1637 3027 1855 3082 clericis
1885 3028 1981 3081 tie-

277 3118 386 3180 ret,
417 3113 813 3188 alloquebatur
851 3114 1078 3184 plebem
1108 3115 1232 3182 Dei,
1265 3117 1437 3170 malle
1496 3132 1557 3170 se
1609 3132 1680 3170 ex
1729 3116 1980 3170 collatio-

279 3202 450 3255 nibus
470 3201 652 3272 magis
678 3202 861 3272 plebis
891 3203 992 3256 Dei
1038 3203 1246 3272 vivere,
1280 3220 1455 3275 quam
1492 3204 1720 3260 illarum
1754 3220 1978 3276 posses-

280 3290 510 3344 sionum
540 3306 737 3345 curam
779 3292 868 3345 vel
915 3292 1392 3362 gubernationem
1438 3293 1599 3364 pati;
1635 3297 1691 3348 et
1718 3298 1980 3365 paratum

280 3395 339 3432 se
369 3394 488 3432 esse
519 3377 632 3432 illis
663 3379 884 3448 cedere,
934 3385 1000 3434 ut
1031 3397 1096 3435 eo
1143 3382 1312 3436 modo
1365 3397 1565 3437 omnes
1596 3383 1697 3437 Dei
1728 3382 1875 3437 servi
1924 3385 1981 3436 et

280 3467 529 3521 ministri
559 3466 828 3535 viverent,
861 3485 975 3540 quo
1007 3469 1067 3522 in
1109 3471 1307 3524 Vetere
1360 3472 1719 3526 Testamento
1760 3472 1980 3543 (legun-

279 3559 374 3609 tur
424 3555 610 3626 (Deut.
664 3573 814 3621 xvm,
870 3560 942 3625 1),
995 3557 1159 3612 altari
1215 3559 1599 3614 deservientes
1649 3561 1719 3615 de
1777 3561 1982 3615 eodem
2047 3616 2057 3626 ,

185 3695 188 3698 .
281 3645 761 3715 comparticipari.
811 3645 921 3702 Sed
958 3663 1258 3720 nunquam
1311 3648 1371 3703 id
1402 3649 1532 3702 laici
1559 3649 1844 3720 suspicere
1889 3665 1984 3703 vo-

282 3734 532 3788 luerunt.
558 3755 586 3784 »

352 3821 441 3876 Sic
468 3823 843 3894 Augustinus,
897 3824 1031 3878 solis
1059 3825 1320 3880 hostibus
1349 3825 1480 3881 ﬁdei
1529 3826 1820 3893 terribilis,
1879 3843 1984 3897 per

283 3909 478 3964 omnia
521 3914 801 3977 sanctum,
863 3911 1181 3982 simplicem
1225 3917 1282 3966 et
1332 3917 1696 3967 mansuetum
1744 3929 1803 3967 se
1832 3929 1981 3984 pra-

281 3998 472 4066 bebat,
502 4015 619 4053 non
671 3999 958 4054 minorem
1007 4001 1151 4056 forte
1182 4001 1426 4072 gloriam
1463 4016 1695 4056 morum
1741 4002 1982 4073 integri-

282 4090 397 4142 tate
444 4088 683 4142 meritus
717 4105 890 4160 quam
921 4089 1244 4144 innumeris
1273 4106 1426 4162 pene
1469 4090 1630 4145 libris
1674 4091 1856 4163 ipsius
1903 4091 1989 4146 in-

281 4176 522 4247 genium
551 4177 820 4232 adversus
849 4179 1166 4240 hareticos,
1210 4180 1594 4234 schismaticos
1641 4184 1697 4234 et
1730 4195 1984 4251 paganos

2074 449 2180 505 tim
2203 450 2402 505 ﬂebat:
2427 455 2482 505 et
2507 443 2577 505 ne
2599 449 2840 505 intentio
2865 449 2986 520 ejus
3013 465 3047 502 a
3063 463 3357 519 quoquam
3378 447 3776 518 impediretur,

2076 542 2206 591 ante
2232 537 2350 592 dies
2377 539 2555 592 ferme
2584 539 2782 593 decem
2810 553 2985 610 quam
3012 537 3192 591 exiret
3219 537 3288 590 de
3315 552 3580 607 corpore,
3615 555 3649 591 a
3683 553 3779 592 no-

2074 626 2162 682 bis
2181 628 2488 698 postulavit
2514 628 2912 698 prasentibus,
2943 643 3017 680 ne
3047 626 3174 697 quis
3227 625 3294 680 ad
3344 642 3478 680 eum
3514 626 3778 697 ingrede-

2077 721 2252 782 retur,
2285 716 2397 770 nisi
2417 716 2485 770 iis
2513 721 2738 771 tantum
2774 715 2950 785 horis,
2985 716 3192 788 quibus
3234 715 3443 770 medici
3485 716 3558 770 ad
3601 716 3780 788 inspi-

2077 805 2342 860 ciendum
2363 806 2663 874 intrarent,
2698 807 2781 859 vel
2820 821 2951 860 cum
2991 805 3045 859 ei
3086 803 3320 859 refectio
3352 804 3682 859 inferretur.
3719 807 3784 860 Et
3839 843 3858 865 ι

2076 893 2156 947 ita
2183 893 2544 949 observatum
2573 910 2637 949 ac
2675 895 2886 950 factum
2915 897 3002 948 est
3028 909 3043 948 :
3094 898 3150 948 et
3185 893 3348 947 omni
3394 894 3493 948 illo
3518 898 3777 965 tempore

2078 983 2328 1038 orationi
2355 983 2607 1037 vacabat.
2636 983 2884 1038 Verbum
2911 982 3011 1037 Dei
3039 998 3222 1054 usque
3261 982 3330 1036 ad
3363 982 3546 1055 ipsam
3617 999 3778 1037 suam

2078 1077 2391 1128 extremam
2422 1072 2827 1142 aegritudinem
2855 1071 3340 1142 impratermisse,
3393 1072 3655 1127 alacriter
3723 1078 3781 1127 et

2077 1162 2321 1229 fortiter,
2373 1178 2512 1215 sana
2565 1167 2779 1232 mente,
2822 1177 3076 1233 saneque
3139 1161 3376 1214 consilio
3423 1161 3486 1214 in
3545 1161 3782 1215 ecclesia

2078 1252 2424 1322 pradicavit.
2454 1251 2719 1306 Membris
2747 1252 3013 1306 omnibus
3039 1250 3128 1304 sui
3166 1249 3421 1320 corporis
3450 1250 3778 1318 incolumis,

2079 1341 2304 1413 integro
2332 1346 2565 1412 aspectu
2589 1345 2762 1412 atque
2792 1340 3011 1407 auditu,
3043 1344 3122 1408 et,
3151 1344 3218 1394 ut
3246 1340 3522 1410 scriptum
3553 1345 3661 1409 est,
3686 1356 3784 1394 no-

2078 1430 2168 1486 bis
2196 1431 2530 1492 astantibus,
2556 1434 2613 1483 et
2636 1429 2984 1498 videntibus,
3013 1433 3069 1482 et
3094 1443 3224 1482 cum
3255 1443 3322 1482 eo
3353 1428 3568 1498 pariter
3615 1443 3782 1481 oran-

2078 1520 2232 1575 tibus
2281 1519 2627 1574 obdormivit
2693 1535 2825 1573 cum
2891 1517 3152 1588 patribus
3215 1517 3349 1583 suis,
3391 1516 3675 1571 enutritus
3725 1517 3786 1570 in

2078 1609 2233 1663 bona
2265 1612 2594 1676 senectute;
2634 1611 2690 1661 et
2737 1607 2901 1661 nobis
2950 1623 3141 1661 coram
3174 1622 3279 1677 pro
3331 1606 3457 1676 ejus
3501 1621 3790 1660 commen-

2073 1697 2263 1751 danda
2298 1696 2553 1767 corporis
2601 1695 2955 1767 depositione
2995 1695 3339 1749 sacriﬁcium
3385 1697 3500 1749 Deo
3530 1695 3789 1750 oblatum

2073 1789 2176 1848 est,
2206 1789 2263 1840 et
2288 1785 2544 1857 sepultus
2576 1789 2680 1840 est.
2714 1786 3142 1839 Testamentum
3172 1784 3402 1838 nullum
3444 1784 3599 1850 fecit,
3651 1784 3792 1855 quia

2073 1875 2229 1929 unde
2249 1874 2460 1929 faceret
2488 1889 2710 1944 pauper
2737 1875 2837 1928 Dei
2867 1889 2982 1928 non
3013 1873 3231 1928 habuit.
3264 1873 3526 1928 Ecclesia
3573 1873 3780 1928 biblio-

2074 1964 2320 2030 thecam,
2353 1979 2670 2034 omnesque
2715 1963 2936 2018 codices
2985 1962 3293 2033 diligenter
3328 1963 3569 2034 posteris
3591 1967 3781 2017 custo-

2078 2053 2320 2108 diendos
2354 2069 2582 2123 semper
2599 2052 2866 2124 (iubebat.
2897 2052 2955 2107 Si
2987 2051 3122 2122 quid
3151 2068 3285 2106 vero
3319 2051 3579 2116 Ecclesia,
3613 2052 3701 2105 vel
3726 2051 3790 2106 in

2078 2142 2421 2214 sumptibus,
2449 2143 2538 2196 vel
2568 2141 2632 2195 in
2670 2140 3022 2196 ornamentis
3039 2140 3260 2204 habuit,
3285 2140 3420 2195 ﬁdei
3444 2141 3784 2212 presbyteri,

2079 2232 2180 2304 qui
2205 2231 2308 2286 sub
2341 2232 2544 2286 eodem
2593 2230 2797 2284 domus
2836 2229 3099 2284 Ecclesia
3146 2246 3344 2284 curam
3395 2230 3651 2301 gerebat,
3701 2230 3787 2284 di-

2081 2321 2252 2376 misit.
2307 2321 2420 2375 Nec
2449 2335 2580 2374 suos
2607 2319 3083 2390 consanguineos,
3129 2319 3220 2372 vel
3253 2318 3315 2372 in
3359 2317 3654 2389 proposito
3699 2319 3788 2373 vel

2081 2414 2238 2464 extra
2287 2409 2646 2479 constitutos,
2677 2409 2737 2464 in
2785 2425 2887 2462 sua
2919 2408 3039 2462 vita
3091 2411 3146 2462 et
3192 2411 3379 2461 morte
3422 2407 3580 2478 vulgi
3632 2423 3790 2462 more

2080 2499 2362 2565 tractavit,
2415 2498 2645 2570 quibus,
2676 2498 2816 2552 dum
2868 2497 3054 2552 adhuc
3083 2500 3426 2568 superesset,
3459 2496 3518 2550 id
3558 2495 3605 2550 si
3637 2505 3791 2567 opus

2082 2588 2214 2658 fuit,
2250 2588 2405 2660 quod
2445 2591 2501 2642 et
2525 2587 2766 2654 cateris,
2810 2586 3085 2657 erogavit,
3123 2601 3241 2640 non
3274 2590 3339 2639 ut
3366 2585 3588 2640 divitias
3617 2586 3791 2640 habe-

2083 2682 2232 2741 rent,
2258 2678 2355 2732 sed
2384 2681 2452 2732 ut
2477 2683 2577 2732 aut
2613 2693 2751 2742 non,
2785 2680 2884 2730 aut
2915 2675 3105 2729 minus
3138 2678 3393 2746 egerent.
3424 2674 3653 2729 Clerum
3683 2675 3795 2730 suf-

2084 2765 2564 2835 ﬁcientissimum,
2595 2771 2651 2820 et
2681 2764 3031 2819 monasteria
3059 2763 3310 2817 virorum
3349 2779 3414 2817 ac
3444 2763 3792 2818 feminarum

2083 2853 2502 2909 continentium
2556 2871 2687 2908 cum
2751 2853 2868 2907 suis
2914 2851 3238 2923 prapositis
3295 2852 3488 2923 plena,
3533 2853 3793 2908 Ecclesia

2087 2943 2324 3012 dimisit,
2356 2959 2471 2997 una
2497 2960 2628 2998 cum
2657 2942 3039 3010 bibliothecis,
3077 2939 3258 2995 libros
3289 2947 3346 2996 et
3383 2945 3657 2996 tractatus
3705 2942 3789 2996 vel

2087 3049 2218 3086 suos
2263 3033 2353 3086 vel
2393 3033 2642 3087 aliorum
2703 3036 3032 3085 sanctorum
3080 3029 3446 3098 habentibus,
3487 3029 3548 3084 in
3586 3030 3793 3101 quibus

2087 3121 2237 3175 dono
2268 3121 2368 3174 Dei
2383 3121 2568 3192 qualis
2583 3125 2946 3192 quantusque
2972 3118 3031 3172 in
3055 3118 3298 3173 Ecclesia
3316 3118 3488 3172 fuerit
3506 3117 3790 3191 (noscitur,

2089 3214 2145 3264 et
2177 3210 2240 3263 in
2278 3209 2369 3263 his
2403 3225 2630 3280 semper
2676 3209 2866 3262 vivere
2897 3225 2931 3262 a
2971 3207 3236 3262 ﬁdelibus
3265 3206 3574 3262 invenitur.
3621 3209 3792 3263 Juxta

2087 3298 2241 3370 quod
2289 3298 2462 3353 etiam
2501 3297 2843 3353 secularium
2877 3297 3113 3370 quidam
3150 3301 3475 3367 poetarum,
3526 3296 3644 3350 suis
3699 3298 3791 3368 ju-

2087 3389 2228 3442 bens
2252 3403 2366 3459 quo
2400 3387 2506 3442 sibi
2525 3389 2814 3442 tumulum
2843 3391 3070 3441 mortuo
3100 3385 3162 3440 in
3193 3401 3401 3458 aggere
3425 3385 3654 3456 publico
3679 3385 3792 3440 col-

2087 3477 2360 3544 locarent,
2390 3483 2496 3548 pro
2528 3477 2940 3548 epigrammate
2965 3475 3133 3530 ﬁnxit
3163 3475 3379 3540 dicens,

2275 3565 2461 3615 Vivere
2495 3569 2614 3628 post
2641 3566 2846 3628 obitum
2871 3567 3047 3613 vatem
3074 3563 3154 3612 vis
3185 3576 3340 3612 nosse
3369 3562 3558 3621 viator,

2339 3627 2652 3692 Quod’legis
2681 3641 2799 3677 ecce
2827 3627 3034 3690 loquor,
3061 3640 3165 3674 vox
3194 3629 3287 3674 tua
3314 3638 3502 3688 nempe
3535 3639 3652 3676 mea
3697 3629 3792 3675 est.

2059 3709 2073 3718 "
2090 3708 2156 3761 Et
2183 3707 2242 3761 in
2269 3707 2386 3762 suis
2408 3707 2644 3778 quidem
2676 3706 2899 3778 scriptis
2931 3706 3026 3760 ille
3068 3707 3181 3760 Deo
3213 3709 3476 3776 acceptus
3504 3709 3558 3760 et
3586 3706 3794 3760 charus

2091 3797 2375 3862 sacerdos,
2398 3801 2679 3867 quantum
2709 3796 2933 3850 lucente
2955 3794 3190 3848 veritate
3220 3794 3411 3849 videre
3439 3794 3789 3860 conceditur,

2091 3889 2241 3940 recte
2271 3902 2334 3938 ac
2357 3901 2512 3952 sane,
2536 3885 2690 3954 ﬁdei,
2711 3885 2854 3956 spei,
2878 3889 2933 3938 et
2954 3883 3248 3938 charitatis
3277 3883 3568 3938 catholica
3601 3884 3792 3938 Eccle-

2089 3974 2188 4029 sia
2221 3973 2421 4028 vixisse
2453 3973 2878 4028 manifestatur:
2912 3973 3069 4044 quod
3098 3977 3419 4043 agnoscunt
3448 3972 3548 4044 qui
3570 3989 3706 4027 eum
3727 3973 3796 4028 de

2091 4063 2297 4118 divinis
2325 4061 2669 4117 scribentem
2699 4063 2951 4134 legentes
2998 4060 3327 4132 proﬁciunt.
3362 4061 3470 4117 Sed
3500 4077 3607 4132 ego
3635 4061 3788 4116 arbi-

2090 4159 2211 4208 tror
2239 4154 2367 4224 plus
2393 4168 2459 4207 ex
2485 4168 2553 4206 eo
2579 4151 2854 4224 proﬁcere
2884 4150 3157 4224 potuisse,
3184 4151 3283 4221 qui
3313 4165 3446 4204 eum
3463 4153 3518 4203 et
3546 4149 3790 4218 loquen-

284 4235 449 4336 ξιιδεὶ
493 4281 560 4318 ex
613 4267 952 4321 inexhausto
982 4235 1444 4337 fonte-protulit.
1503 4269 1614 4324 Sed
1669 4235 1979 4340 antequam
2018 4255 2063 4309 Ῑ)
2091 4245 2221 4340 ίθω,
2259 4238 2586 4340 ίηέθξῄθδίδ
2617 4243 2960 4340 praemium?)
2988 4237 3208 4340 Fu?”
3243 4235 3794 4340 ἒτνίῗίέξῗθ,⁰ῗξ¹ῗ·

283 4351 680 4424 gloriosissimi
740 4353 984 4408 doctoris
1032 4371 1274 4426 aperum
1324 4356 1430 4409 sub
1496 4357 1721 4410 lectoris
1757 4359 1984 4412 oculos

283 4441 453 4496 index
500 4442 812 4509 evolvatur,
875 4442 1218 4511 Possidium,
1284 4443 1446 4497 nobis
1499 4445 1747 4515 qualiter
1792 4461 1823 4500 e
1868 4445 1982 4500 vita

285 4529 589 4585 excesserit
617 4535 946 4586 narrantem
975 4532 1294 4588 audiamus.
1328 4533 1473 4587 Emr.

357 4637 387 4670 «
415 4618 560 4674 Sane
611 4619 708 4673 ille
763 4625 988 4675 sanctus
1019 4621 1080 4674 in
1109 4621 1223 4675 vita
1251 4638 1354 4676 sua
1401 4622 1622 4694 prolixa
1671 4639 1778 4694 pro
1833 4623 1986 4678 utili-

286 4712 403 4763 tate
455 4724 520 4762 ac
569 4707 840 4764 felicitate
895 4715 1104 4764 sancta
1157 4711 1418 4766 Ecclesia
1471 4711 1765 4766 catholica
1837 4712 1982 4768 divi-

285 4797 438 4852 nitus
467 4797 808 4866 condonata,
850 4799 992 4854 vixit
1045 4799 1208 4854 annis
1257 4800 1621 4871 septuaginta
1649 4803 1706 4854 et
1758 4816 1874 4868 sex,
1920 4801 1982 4856 in

286 4888 554 4943 clericatu
582 4892 775 4942 autem
814 4889 902 4943 vel
950 4888 1283 4960 episcopatu
1329 4890 1495 4944 annis
1523 4889 1703 4944 ferme
1737 4891 1981 4961 quadra-

286 4975 465 5047 ginta.
498 4978 694 5033 Dicere
742 4981 935 5032 autem
965 4978 1130 5032 nobis
1159 4978 1310 5034 inter
1362 4978 1667 5034 familiaria
1698 4979 1985 5050 colloquia

287 5071 674 5134 consueverat,
713 5071 844 5138 post
882 5072 1219 5138 perceptum
1248 5067 1620 5138 baptismum,
1655 5066 1830 5121 etiam
1859 5067 1983 5122 lau-

286 5151 444 5207 datos
471 5153 820 5210 Christianos
849 5161 906 5211 et
925 5156 1241 5211 sacerdotes
1278 5158 1493 5228 absque
1521 5156 1695 5227 digna
1741 5161 1796 5210 et
1823 5171 1981 5210 com-

283 5240 502 5312 petenti
529 5242 867 5313 panitentia
887 5245 1039 5300 exire
1055 5245 1124 5299 de
1144 5258 1385 5314 corpore
1415 5261 1531 5299 non
1561 5245 1787 5299 debere.
1819 5244 1984 5308 Quod

286 5334 344 5384 et
367 5329 486 5401 ipse
543 5329 696 5397 fecit,
752 5331 956 5387 ultima
985 5349 1100 5404 qua
1139 5333 1436 5388 defunctus
1468 5338 1552 5388 est
1600 5333 1978 5405 agritudine:

285 5434 418 5473 nam
449 5419 559 5473 sibi
599 5419 845 5490 jusserat
870 5423 1121 5492 psalmos
1164 5421 1478 5490 Davidicos,
1511 5422 1609 5494 qui
1658 5427 1792 5476 sunt
1846 5437 1983 5492 pau-

284 5506 496 5562 cissimi
534 5508 602 5563 de
634 5508 973 5580 poenitentia
1015 5511 1206 5580 scribi,
1265 5510 1534 5585 ipsosque
1576 5510 1980 5583 quaterniones

306 5611 474 5652 acens
501 5597 565 5653 in
594 5598 742 5654 lecto
785 5601 985 5654 contra
1028 5600 1307 5669 parietem
1347 5600 1561 5674 positos
1605 5600 1808 5656 diebus
1859 5616 1979 5656 sua

2094 4332 2248 4395 runt,
2292 4332 2347 4382 et
2385 4327 2508 4398 ejus
2555 4328 2875 4399 prasertim
2924 4326 3070 4379 inter
3099 4322 3362 4378 homines
3409 4320 3790 4376 conservatio-

2093 4433 2227 4471 nem
2251 4431 2364 4471 non
2385 4415 2812 4488 ignoraverunt.
2839 4417 2969 4469 Erat
2997 4411 3151 4466 enim
3176 4425 3296 4464 non
3317 4411 3504 4464 solum
3527 4410 3786 4464 eruditus

2093 4507 2278 4561 scriba
2309 4506 2368 4560 in
2396 4522 2575 4577 regno
2607 4505 2897 4567 calorum,
2930 4501 2998 4555 de
3024 4501 3294 4554 thesauro
3346 4516 3449 4554 suo
3497 4499 3793 4571 proferens

2092 4609 2242 4647 nova
2271 4597 2330 4648 et
2353 4597 2564 4660 vetera,
2595 4595 2649 4645 et
2699 4606 2848 4647 unus
2880 4587 3327 4660 negotiatorum,
3373 4587 3474 4658 qui
3500 4588 3793 4642 inventam

2091 4682 2402 4753 pretiosam
2432 4679 2827 4751 margaritam,
2885 4695 3013 4750 qua
3063 4676 3311 4731 habebat
3349 4676 3613 4743 venditis,
3644 4693 3795 4730 com-

2091 4769 2311 4839 paravit
2337 4768 2555 4839 (Matth.
2590 4783 2711 4834 xm,
2758 4771 2847 4833 52,
2889 4770 2957 4820 45
2989 4765 3076 4836 46)
3105 4781 3118 4819 :
3145 4779 3347 4818 verum
3377 4763 3550 4818 etiam
3590 4779 3660 4817 ex
3713 4762 3787 4817 iis

2092 4856 2164 4910 ad
2194 4871 2336 4926 quos
2365 4855 2639 4926 scriptum
2670 4859 2773 4919 est,
2803 4855 2892 4911 Sic
2925 4853 3233 4922 loquimini,
3278 4856 3328 4905 et
3366 4853 3444 4906 sic
3469 4853 3638 4918 facite
3668 4851 3793 4920 (Ja-

2091 4943 2208 4999 cobi
2232 4959 2290 5010 ιι,
2332 4945 2454 5013 l2);
2488 4947 2546 4996 et
2581 4941 2650 4996 de
2682 4940 2891 5013 quibus
2920 4941 3174 4995 SaIvator
3197 4939 3355 5007 dicit,
3390 4941 3500 5006 Qui
3524 4942 3717 5007 fecerit
3742 4943 3794 4993 et

2091 5032 2332 5088 docuerit
2372 5033 2450 5086 sic
2493 5031 2760 5095 homines,
2807 5031 2890 5084 hic
2939 5044 3168 5096 magnus
3191 5030 3489 5100 .vocabitur
3532 5033 3591 5084 in
3628 5043 3791 5097 regno

2090 5123 2338 5176 calorum
2367 5120 2588 5191 (Matth.
2622 5135 2675 5187 v,
2714 5120 2824 5189 19).
2859 5139 2882 5168 ι

2778 5214 3001 5270 CAPUT
3039 5213 3092 5268 ῙΙ

2605 5305 2827 5374 Scripta
2853 5304 2916 5358 S.
2944 5304 3270 5372 Augustini.

2092 5395 2187 5454 §I.
2223 5393 2427 5458 Scripta
2466 5392 3046 5458 Augustin_i__genuina,
3089 5395 3292 5458 servato
3337 5389 3790 5458 Retr_a_c_t_a_ti_onum

2151 5453 2358 5515 ordine}
2416 5453 2576 5520 queui
2619 5453 2862 5504 similiter
2907 5460 3148 5505 auctores
3193 5453 3398 5516 Magna
3451 5453 3789 5502 Bibliotheca

2153 5520 2368 5568 Patrum
2396 5518 2563 5569 secuti
2596 5522 2741 5568 sunt.

2157 5601 2357 5657 Contra
2409 5599 2760 5656 Academicos
2787 5598 2922 5654 libri
2968 5602 3084 5653 tres
3127 5597 3258 5667 post
3310 5594 3524 5650 librum
3555 5593 3622 5648 de
3648 5595 3786 5649 Pul-
