  <div class='ocr_page' id='page_1' title='image "/cluster/home/n/w/nwhite01/storage/ocr_20150623/47/hvd.32044096580683/018.png"; bbox 0 0 4044 6190; ppageno 0'>
   <div class='ocr_carea' id='block_1_1' title="bbox 230 318 1979 377">
    <p class='ocr_par' dir='ltr' id='par_1_1' title="bbox 230 318 1979 377">
     <span class='ocr_line' id='line_1_1' title="bbox 230 318 1979 377; baseline 0.004 -7"><span class='ocrx_word' id='word_1_1' title='bbox 230 319 291 370; x_wconf 84' lang='grc'>25</span> <span class='ocrx_word' id='word_1_2' title='bbox 1242 318 1519 375; x_wconf 84' lang='lat' dir='ltr'><strong>NOTITIA</strong></span> <span class='ocrx_word' id='word_1_3' title='bbox 1558 321 1756 377; x_wconf 88' lang='lat' dir='ltr'>LITTE</span> <span class='ocrx_word' id='word_1_4' title='bbox 1765 321 1979 377; x_wconf 84' lang='lat' dir='ltr'><strong>RARIA</strong></span> 
     </span>
    </p>
   </div>
   <div class='ocr_carea' id='block_1_2' title="bbox 2018 322 3716 380">
    <p class='ocr_par' dir='ltr' id='par_1_2' title="bbox 2018 322 3716 380">
     <span class='ocr_line' id='line_1_2' title="bbox 2018 322 3716 380; baseline 0.001 -3"><span class='ocrx_word' id='word_1_5' title='bbox 2018 323 2087 377; x_wconf 87' lang='grc' dir='ltr'>ΙΝ</span> <span class='ocrx_word' id='word_1_6' title='bbox 2127 322 2179 376; x_wconf 82' lang='grc'><strong>8.</strong></span> <span class='ocrx_word' id='word_1_7' title='bbox 2224 322 2688 380; x_wconf 80' lang='lat' dir='ltr'>AUGUSTINUM.</span> <span class='ocrx_word' id='word_1_8' title='bbox 3647 327 3716 379; x_wconf 86' lang='grc'>26</span> 
     </span>
    </p>
   </div>
   <div class='ocr_carea' id='block_1_3' title="bbox 284 441 3714 515">
    <p class='ocr_par' dir='ltr' id='par_1_3' title="bbox 284 441 3714 515">
     <span class='ocr_line' id='line_1_3' title="bbox 284 441 3714 515; baseline 0.002 -19"><span class='ocrx_word' id='word_1_9' title='bbox 284 443 401 496; x_wconf 82' lang='lat' dir='ltr'>chro</span> <span class='ocrx_word' id='word_1_10' title='bbox 452 445 505 494; x_wconf 90' lang='lat' dir='ltr'>et</span> <span class='ocrx_word' id='word_1_11' title='bbox 559 444 715 511; x_wconf 73' lang='lat' dir='ltr'>Apto</span> <span class='ocrx_word' id='word_1_12' title='bbox 770 441 1157 514; x_wconf 88' lang='lat' dir='ltr'>deperditum,</span> <span class='ocrx_word' id='word_1_13' title='bbox 1214 442 1387 514; x_wconf 84' lang='lat' dir='ltr'>primi</span> <span class='ocrx_word' id='word_1_14' title='bbox 1434 443 1695 499; x_wconf 90' lang='lat' dir='ltr'>omnium</span> <span class='ocrx_word' id='word_1_15' title='bbox 1750 449 1903 513; x_wconf 89' lang='lat' dir='ltr'>sunt,</span> <span class='ocrx_word' id='word_1_16' title='bbox 1942 446 1987 500; x_wconf 81' lang='grc' dir='ltr'><strong>Α</strong></span> <span class='ocrx_word' id='word_1_17' title='bbox 2088 460 2239 499; x_wconf 86' lang='lat' dir='ltr'>anno</span> <span class='ocrx_word' id='word_1_18' title='bbox 2269 446 2495 515; x_wconf 89' lang='lat' dir='ltr'>scripta.</span> <span class='ocrx_word' id='word_1_19' title='bbox 2530 448 2679 502; x_wconf 85' lang='lat' dir='ltr'>Exst.</span> <span class='ocrx_word' id='word_1_20' title='bbox 2710 446 2772 502; x_wconf 91' lang='lat' dir='ltr'>in</span> <span class='ocrx_word' id='word_1_21' title='bbox 2830 448 2918 504; x_wconf 90' lang='lat' dir='ltr'>ed.</span> <span class='ocrx_word' id='word_1_22' title='bbox 2975 452 3191 504; x_wconf 85' lang='lat' dir='ltr'>Erasm.</span> <span class='ocrx_word' id='word_1_23' title='bbox 3242 453 3297 504; x_wconf 88' lang='lat' dir='ltr'>et</span> <span class='ocrx_word' id='word_1_24' title='bbox 3324 452 3527 507; x_wconf 85' lang='lat' dir='ltr'>Lovan.</span> <span class='ocrx_word' id='word_1_25' title='bbox 3572 454 3714 505; x_wconf 89' lang='lat' dir='ltr'>tom.</span> 
     </span>
    </p>
   </div>
   <div class='ocr_carea' id='block_1_4' title="bbox 290 529 715 600">
    <p class='ocr_par' dir='ltr' id='par_1_4' title="bbox 290 529 715 600">
     <span class='ocr_line' id='line_1_4' title="bbox 290 529 715 600; baseline 0.007 -18"><span class='ocrx_word' id='word_1_26' title='bbox 290 529 471 600; x_wconf 81' lang='lat' dir='ltr'>scripti</span> <span class='ocrx_word' id='word_1_27' title='bbox 504 546 555 585; x_wconf 88' lang='lat' dir='ltr'>a.</span> <span class='ocrx_word' id='word_1_28' title='bbox 590 533 715 585; x_wconf 89' lang='lat'><strong>386.</strong></span> 
     </span>
    </p>
   </div>
   <div class='ocr_carea' id='block_1_5' title="bbox 230 619 1910 692">
    <p class='ocr_par' dir='ltr' id='par_1_5' title="bbox 230 619 1910 692">
     <span class='ocr_line' id='line_1_5' title="bbox 230 619 1910 692; baseline 0.002 -20"><span class='ocrx_word' id='word_1_29' title='bbox 230 621 272 672; x_wconf 81' lang='grc'>2.</span> <span class='ocrx_word' id='word_1_30' title='bbox 296 619 374 673; x_wconf 87' lang='lat' dir='ltr'>De</span> <span class='ocrx_word' id='word_1_31' title='bbox 410 621 539 673; x_wconf 87' lang='lat' dir='ltr'>Vita</span> <span class='ocrx_word' id='word_1_32' title='bbox 569 620 727 673; x_wconf 86' lang='lat' dir='ltr'>beata</span> <span class='ocrx_word' id='word_1_33' title='bbox 768 620 933 689; x_wconf 88' lang='lat' dir='ltr'>liber,</span> <span class='ocrx_word' id='word_1_34' title='bbox 960 620 1199 692; x_wconf 82' lang='lat' dir='ltr'>dialogis</span> <span class='ocrx_word' id='word_1_35' title='bbox 1228 622 1413 676; x_wconf 90' lang='lat' dir='ltr'>tribus</span> <span class='ocrx_word' id='word_1_36' title='bbox 1473 628 1759 691; x_wconf 84' lang='lat' dir='ltr'>constans,</span> <span class='ocrx_word' id='word_1_37' title='bbox 1814 639 1910 676; x_wconf 89' lang='lat' dir='ltr'>eo-</span> 
     </span>
    </p>
   </div>
   <div class='ocr_carea' id='block_1_6' title="bbox 286 706 1907 780">
    <p class='ocr_par' dir='ltr' id='par_1_6' title="bbox 286 706 1907 780">
     <span class='ocr_line' id='line_1_6' title="bbox 286 706 1907 780; baseline 0.004 -20"><span class='ocrx_word' id='word_1_38' title='bbox 286 706 410 760; x_wconf 86' lang='lat' dir='ltr'>dem</span> <span class='ocrx_word' id='word_1_39' title='bbox 441 724 493 762; x_wconf 91' lang='lat' dir='ltr'>a.</span> <span class='ocrx_word' id='word_1_40' title='bbox 528 710 653 773; x_wconf 88' lang='lat'>386,</span> <span class='ocrx_word' id='word_1_41' title='bbox 710 724 827 762; x_wconf 91' lang='lat' dir='ltr'>non</span> <span class='ocrx_word' id='word_1_42' title='bbox 880 714 1009 780; x_wconf 89' lang='lat' dir='ltr'>post</span> <span class='ocrx_word' id='word_1_43' title='bbox 1057 710 1236 765; x_wconf 89' lang='lat' dir='ltr'>libros</span> <span class='ocrx_word' id='word_1_44' title='bbox 1293 715 1483 765; x_wconf 86' lang='lat' dir='ltr'>contra</span> <span class='ocrx_word' id='word_1_45' title='bbox 1538 712 1907 778; x_wconf 77' lang='lat' dir='ltr'>Academicos,</span> 
     </span>
    </p>
   </div>
   <div class='ocr_carea' id='block_1_7' title="bbox 284 796 1010 868">
    <p class='ocr_par' dir='ltr' id='par_1_7' title="bbox 284 796 1010 868">
     <span class='ocr_line' id='line_1_7' title="bbox 284 796 1010 868; baseline 0.004 -19"><span class='ocrx_word' id='word_1_46' title='bbox 284 798 377 849; x_wconf 88' lang='lat' dir='ltr'>sed</span> <span class='ocrx_word' id='word_1_47' title='bbox 413 796 563 850; x_wconf 87' lang='lat' dir='ltr'>inter</span> <span class='ocrx_word' id='word_1_48' title='bbox 585 798 717 850; x_wconf 90' lang='lat' dir='ltr'>illos</span> <span class='ocrx_word' id='word_1_49' title='bbox 747 798 1010 868; x_wconf 89' lang='lat' dir='ltr'>scriptus.</span> 
     </span>
    </p>
   </div>
   <div class='ocr_carea' id='block_1_8' title="bbox 224 886 1911 961">
    <p class='ocr_par' dir='ltr' id='par_1_8' title="bbox 224 886 1911 961">
     <span class='ocr_line' id='line_1_8' title="bbox 224 886 1911 961; baseline 0.003 -21"><span class='ocrx_word' id='word_1_50' title='bbox 224 889 274 940; x_wconf 87' lang='lat'>3.</span> <span class='ocrx_word' id='word_1_51' title='bbox 310 888 380 940; x_wconf 89' lang='lat' dir='ltr'>De</span> <span class='ocrx_word' id='word_1_52' title='bbox 406 887 612 942; x_wconf 78' lang='lat' dir='ltr'>Ordine</span> <span class='ocrx_word' id='word_1_53' title='bbox 638 886 773 941; x_wconf 80' lang='lat' dir='ltr'>libri</span> <span class='ocrx_word' id='word_1_54' title='bbox 804 888 938 955; x_wconf 87' lang='lat' dir='ltr'>duo,</span> <span class='ocrx_word' id='word_1_55' title='bbox 968 887 1181 958; x_wconf 83' lang='lat' dir='ltr'>dialogi</span> <span class='ocrx_word' id='word_1_56' title='bbox 1211 893 1481 961; x_wconf 79' lang='lat' dir='ltr'>quatuor,</span> <span class='ocrx_word' id='word_1_57' title='bbox 1513 889 1715 945; x_wconf 91' lang='lat' dir='ltr'>eodem</span> <span class='ocrx_word' id='word_1_58' title='bbox 1757 894 1911 944; x_wconf 88' lang='lat' dir='ltr'>tem-</span> 
     </span>
    </p>
   </div>
   <div class='ocr_carea' id='block_1_9' title="bbox 282 976 1247 1047">
    <p class='ocr_par' dir='ltr' id='par_1_9' title="bbox 282 976 1247 1047">
     <span class='ocr_line' id='line_1_9' title="bbox 282 976 1247 1047; baseline 0.002 -19"><span class='ocrx_word' id='word_1_59' title='bbox 282 991 439 1044; x_wconf 87' lang='lat' dir='ltr'>pore,</span> <span class='ocrx_word' id='word_1_60' title='bbox 475 991 591 1046; x_wconf 90' lang='lat' dir='ltr'>quo</span> <span class='ocrx_word' id='word_1_61' title='bbox 621 976 1011 1046; x_wconf 66' lang='lat' dir='ltr'>praecedentes</span> <span class='ocrx_word' id='word_1_62' title='bbox 1032 976 1247 1047; x_wconf 84' lang='lat' dir='ltr'>scripti.</span> 
     </span>
    </p>
   </div>
   <div class='ocr_carea' id='block_1_10' title="bbox 219 1064 1656 1132">
    <p class='ocr_par' dir='ltr' id='par_1_10' title="bbox 219 1064 1656 1132">
     <span class='ocr_line' id='line_1_10' title="bbox 219 1064 1656 1132; baseline 0.004 -16"><span class='ocrx_word' id='word_1_63' title='bbox 219 1064 266 1116; x_wconf 71' lang='grc'>4.</span> <span class='ocrx_word' id='word_1_64' title='bbox 294 1064 711 1132; x_wconf 85' lang='lat' dir='ltr'>Soliloquiorum</span> <span class='ocrx_word' id='word_1_65' title='bbox 743 1064 874 1118; x_wconf 80' lang='lat' dir='ltr'>libri</span> <span class='ocrx_word' id='word_1_66' title='bbox 913 1065 1026 1119; x_wconf 92' lang='lat' dir='ltr'>duo</span> <span class='ocrx_word' id='word_1_67' title='bbox 1054 1066 1158 1119; x_wconf 88' lang='lat' dir='ltr'>sub</span> <span class='ocrx_word' id='word_1_68' title='bbox 1181 1065 1410 1120; x_wconf 89' lang='lat' dir='ltr'>initium</span> <span class='ocrx_word' id='word_1_69' title='bbox 1440 1083 1491 1121; x_wconf 90' lang='lat' dir='ltr'>a.</span> <span class='ocrx_word' id='word_1_70' title='bbox 1536 1069 1656 1122; x_wconf 89' lang='lat'>387.</span> 
     </span>
    </p>
   </div>
   <div class='ocr_carea' id='block_1_11' title="bbox 219 1152 1456 1221">
    <p class='ocr_par' dir='ltr' id='par_1_11' title="bbox 219 1152 1456 1221">
     <span class='ocr_line' id='line_1_11' title="bbox 219 1152 1456 1221; baseline 0.004 -17"><span class='ocrx_word' id='word_1_71' title='bbox 219 1155 263 1205; x_wconf 90' lang='lat'>5.</span> <span class='ocrx_word' id='word_1_72' title='bbox 294 1152 374 1204; x_wconf 89' lang='lat' dir='ltr'>De</span> <span class='ocrx_word' id='word_1_73' title='bbox 400 1155 813 1207; x_wconf 78' lang='lat' dir='ltr'>immortalitate</span> <span class='ocrx_word' id='word_1_74' title='bbox 833 1157 1049 1208; x_wconf 66' lang='lat' dir='ltr'>Anima:</span> <span class='ocrx_word' id='word_1_75' title='bbox 1075 1154 1240 1221; x_wconf 90' lang='lat' dir='ltr'>liber,</span> <span class='ocrx_word' id='word_1_76' title='bbox 1272 1171 1306 1209; x_wconf 90' lang='lat' dir='ltr'>a</span> <span class='ocrx_word' id='word_1_77' title='bbox 1334 1158 1456 1210; x_wconf 92' lang='lat'>387.</span> 
     </span>
    </p>
   </div>
   <div class='ocr_carea' id='block_1_12' title="bbox 218 1237 1908 1307">
    <p class='ocr_par' dir='ltr' id='par_1_12' title="bbox 218 1237 1908 1307">
     <span class='ocr_line' id='line_1_12' title="bbox 218 1237 1908 1307; baseline 0.003 -18"><span class='ocrx_word' id='word_1_78' title='bbox 218 1238 264 1289; x_wconf 84' lang='lat'>6.</span> <span class='ocrx_word' id='word_1_79' title='bbox 293 1237 373 1289; x_wconf 85' lang='lat' dir='ltr'>De</span> <span class='ocrx_word' id='word_1_80' title='bbox 408 1239 623 1291; x_wconf 81' lang='lat' dir='ltr'>Musica</span> <span class='ocrx_word' id='word_1_81' title='bbox 650 1237 786 1291; x_wconf 86' lang='lat' dir='ltr'>libri</span> <span class='ocrx_word' id='word_1_82' title='bbox 816 1254 911 1291; x_wconf 81' lang='lat' dir='ltr'>sex</span> <span class='ocrx_word' id='word_1_83' title='bbox 941 1254 991 1292; x_wconf 90' lang='lat' dir='ltr'>a.</span> <span class='ocrx_word' id='word_1_84' title='bbox 1035 1240 1133 1293; x_wconf 90' lang='lat'>387</span> <span class='ocrx_word' id='word_1_85' title='bbox 1187 1238 1489 1294; x_wconf 87' lang='lat' dir='ltr'>Mediolani</span> <span class='ocrx_word' id='word_1_86' title='bbox 1528 1239 1800 1307; x_wconf 84' lang='lat' dir='ltr'>inchoati,</span> <span class='ocrx_word' id='word_1_87' title='bbox 1856 1256 1908 1294; x_wconf 90' lang='lat' dir='ltr'>a.</span> 
     </span>
    </p>
   </div>
   <div class='ocr_carea' id='block_1_13' title="bbox 280 1325 985 1381">
    <p class='ocr_par' dir='ltr' id='par_1_13' title="bbox 280 1325 985 1381">
     <span class='ocr_line' id='line_1_13' title="bbox 280 1325 985 1381; baseline 0.003 -3"><span class='ocrx_word' id='word_1_88' title='bbox 280 1327 377 1378; x_wconf 90' lang='lat'>389</span> <span class='ocrx_word' id='word_1_89' title='bbox 409 1325 473 1378; x_wconf 89' lang='lat' dir='ltr'>in</span> <span class='ocrx_word' id='word_1_90' title='bbox 501 1326 690 1379; x_wconf 81' lang='lat' dir='ltr'>Africa</span> <span class='ocrx_word' id='word_1_91' title='bbox 721 1326 985 1381; x_wconf 81' lang='lat' dir='ltr'>absoluti.</span> 
     </span>
    </p>
   </div>
   <div class='ocr_carea' id='block_1_14' title="bbox 213 1416 1109 1472">
    <p class='ocr_par' dir='ltr' id='par_1_14' title="bbox 213 1416 1109 1472">
     <span class='ocr_line' id='line_1_14' title="bbox 213 1416 1109 1472; baseline 0.006 -5"><span class='ocrx_word' id='word_1_92' title='bbox 213 1418 259 1467; x_wconf 73' lang='grc' dir='ltr'><strong>τ.</strong></span> <span class='ocrx_word' id='word_1_93' title='bbox 293 1416 376 1468; x_wconf 88' lang='lat' dir='ltr'>De</span> <span class='ocrx_word' id='word_1_94' title='bbox 398 1416 644 1469; x_wconf 76' lang='lat' dir='ltr'>Moribus</span> <span class='ocrx_word' id='word_1_95' title='bbox 657 1419 907 1472; x_wconf 75' lang='lat' dir='ltr'>Ecclesia:</span> <span class='ocrx_word' id='word_1_96' title='bbox 926 1418 1109 1472; x_wconf 85' lang='lat' dir='ltr'>catho-</span> 
     </span>
    </p>
   </div>
   <div class='ocr_carea' id='block_1_15' title="bbox 276 1486 1909 1544">
    <p class='ocr_par' dir='ltr' id='par_1_15' title="bbox 276 1486 1909 1544">
     <span class='ocr_line' id='line_1_15' title="bbox 276 1486 1909 1544; baseline 0.004 -7"><span class='ocrx_word' id='word_1_97' title='bbox 276 1486 388 1539; x_wconf 69' lang='lat' dir='ltr'>licae</span> <span class='ocrx_word' id='word_1_98' title='bbox 1140 1486 1279 1544; x_wconf 90' lang='lat' dir='ltr'>Isus</span> <span class='ocrx_word' id='word_1_99' title='bbox 1357 1489 1591 1544; x_wconf 90' lang='lat' dir='ltr'>initium</span> <span class='ocrx_word' id='word_1_100' title='bbox 1669 1507 1721 1543; x_wconf 93' lang='lat' dir='ltr'>a.</span> <span class='ocrx_word' id='word_1_101' title='bbox 1808 1492 1909 1544; x_wconf 89' lang='lat'>388</span> 
     </span>
    </p>
   </div>
   <div class='ocr_carea' id='block_1_16' title="bbox 212 1558 1401 1630">
    <p class='ocr_par' dir='ltr' id='par_1_16' title="bbox 212 1558 1401 1630">
     <span class='ocr_line' id='line_1_16' title="bbox 212 1558 1401 1630; baseline 0.003 -21"><span class='ocrx_word' id='word_1_102' title='bbox 212 1558 258 1609; x_wconf 89' lang='lat'>8.</span> <span class='ocrx_word' id='word_1_103' title='bbox 290 1560 357 1610; x_wconf 82' lang='lat' dir='ltr'>De</span> <span class='ocrx_word' id='word_1_104' title='bbox 387 1558 637 1611; x_wconf 72' lang='lat' dir='ltr'>Moribus</span> <span class='ocrx_word' id='word_1_105' title='bbox 688 1561 1107 1613; x_wconf 66' lang='lat' dir='ltr'>Manichaeorum</span> <span class='ocrx_word' id='word_1_106' title='bbox 1138 1558 1151 1630; x_wconf 79' lang='lat'><strong>1</strong></span> <span class='ocrx_word' id='word_1_107' title='bbox 1184 1560 1401 1630; x_wconf 83' lang='lat' dir='ltr'>scripti.</span> 
     </span>
    </p>
   </div>
   <div class='ocr_carea' id='block_1_17' title="bbox 214 1647 1909 1719">
    <p class='ocr_par' dir='ltr' id='par_1_17' title="bbox 214 1647 1909 1719">
     <span class='ocr_line' id='line_1_17' title="bbox 214 1647 1909 1719; baseline 0.004 -22"><span class='ocrx_word' id='word_1_108' title='bbox 214 1647 258 1697; x_wconf 87' lang='lat'>9.</span> <span class='ocrx_word' id='word_1_109' title='bbox 312 1648 385 1699; x_wconf 89' lang='lat' dir='ltr'>De</span> <span class='ocrx_word' id='word_1_110' title='bbox 445 1649 758 1714; x_wconf 79' lang='lat' dir='ltr'>quantitate</span> <span class='ocrx_word' id='word_1_111' title='bbox 816 1648 1033 1702; x_wconf 73' lang='lat' dir='ltr'>Anima:</span> <span class='ocrx_word' id='word_1_112' title='bbox 1095 1648 1355 1719; x_wconf 79' lang='lat' dir='ltr'>dialogus</span> <span class='ocrx_word' id='word_1_113' title='bbox 1409 1648 1647 1718; x_wconf 88' lang='lat' dir='ltr'>ibidem,</span> <span class='ocrx_word' id='word_1_114' title='bbox 1708 1648 1909 1703; x_wconf 89' lang='lat' dir='ltr'>eodem</span> 
     </span>
    </p>
   </div>
   <div class='ocr_carea' id='block_1_18' title="bbox 274 1736 1421 1805">
    <p class='ocr_par' dir='ltr' id='par_1_18' title="bbox 274 1736 1421 1805">
     <span class='ocr_line' id='line_1_18' title="bbox 274 1736 1421 1805; baseline 0.006 -19"><span class='ocrx_word' id='word_1_115' title='bbox 274 1738 535 1804; x_wconf 85' lang='lat' dir='ltr'>tempore</span> <span class='ocrx_word' id='word_1_116' title='bbox 564 1736 938 1805; x_wconf 90' lang='lat' dir='ltr'>conscriptus.</span> <span class='ocrx_word' id='word_1_117' title='bbox 1402 1788 1421 1795; x_wconf 44' lang='grc' dir='ltr'><strong>η</strong></span> 
     </span>
    </p>
   </div>
   <div class='ocr_carea' id='block_1_19' title="bbox 218 1824 1909 1899">
    <p class='ocr_par' dir='ltr' id='par_1_19' title="bbox 218 1824 1909 1899">
     <span class='ocr_line' id='line_1_19' title="bbox 218 1824 1909 1899; baseline 0.003 -22"><span class='ocrx_word' id='word_1_118' title='bbox 218 1826 287 1877; x_wconf 83' lang='grc'>10.</span> <span class='ocrx_word' id='word_1_119' title='bbox 318 1824 399 1877; x_wconf 86' lang='lat' dir='ltr'>De</span> <span class='ocrx_word' id='word_1_120' title='bbox 430 1824 604 1879; x_wconf 85' lang='lat' dir='ltr'>libero</span> <span class='ocrx_word' id='word_1_121' title='bbox 633 1826 883 1881; x_wconf 82' lang='lat' dir='ltr'>Arbitrio</span> <span class='ocrx_word' id='word_1_122' title='bbox 912 1825 1045 1880; x_wconf 91' lang='lat' dir='ltr'>libri</span> <span class='ocrx_word' id='word_1_123' title='bbox 1069 1829 1203 1894; x_wconf 88' lang='lat' dir='ltr'>tres,</span> <span class='ocrx_word' id='word_1_124' title='bbox 1236 1844 1486 1898; x_wconf 89' lang='lat' dir='ltr'>quorum</span> <span class='ocrx_word' id='word_1_125' title='bbox 1511 1827 1765 1899; x_wconf 90' lang='lat' dir='ltr'>primum</span> <span class='ocrx_word' id='word_1_126' title='bbox 1796 1828 1909 1883; x_wconf 79' lang='lat' dir='ltr'>Ro-</span> 
     </span>
    </p>
   </div>
   <div class='ocr_carea' id='block_1_20' title="bbox 271 1914 1909 1989">
    <p class='ocr_par' dir='ltr' id='par_1_20' title="bbox 271 1914 1909 1989">
     <span class='ocr_line' id='line_1_20' title="bbox 271 1914 1909 1989; baseline 0.004 -23"><span class='ocrx_word' id='word_1_127' title='bbox 271 1928 375 1967; x_wconf 72' lang='lat' dir='ltr'>mae</span> <span class='ocrx_word' id='word_1_128' title='bbox 405 1929 466 1966; x_wconf 88' lang='lat' dir='ltr'>a.</span> <span class='ocrx_word' id='word_1_129' title='bbox 522 1916 627 1968; x_wconf 89' lang='lat'>388</span> <span class='ocrx_word' id='word_1_130' title='bbox 686 1914 995 1981; x_wconf 89' lang='lat' dir='ltr'>inchoavit,</span> <span class='ocrx_word' id='word_1_131' title='bbox 1053 1917 1194 1970; x_wconf 89' lang='lat' dir='ltr'>duos</span> <span class='ocrx_word' id='word_1_132' title='bbox 1247 1917 1589 1986; x_wconf 87' lang='lat' dir='ltr'>posteriores</span> <span class='ocrx_word' id='word_1_133' title='bbox 1646 1917 1909 1989; x_wconf 86' lang='lat' dir='ltr'>Hippone</span> 
     </span>
    </p>
   </div>
   <div class='ocr_carea' id='block_1_21' title="bbox 270 2002 1425 2073">
    <p class='ocr_par' dir='ltr' id='par_1_21' title="bbox 270 2002 1425 2073">
     <span class='ocr_line' id='line_1_21' title="bbox 270 2002 1425 2073; baseline 0.004 -19"><span class='ocrx_word' id='word_1_134' title='bbox 270 2002 574 2073; x_wconf 78' lang='lat' dir='ltr'>presbyter</span> <span class='ocrx_word' id='word_1_135' title='bbox 611 2003 924 2071; x_wconf 89' lang='lat' dir='ltr'>ordinatus,</span> <span class='ocrx_word' id='word_1_136' title='bbox 952 2005 1195 2059; x_wconf 86' lang='lat' dir='ltr'>absolvit</span> <span class='ocrx_word' id='word_1_137' title='bbox 1223 2022 1274 2061; x_wconf 88' lang='lat' dir='ltr'>a.</span> <span class='ocrx_word' id='word_1_138' title='bbox 1304 2009 1425 2061; x_wconf 85' lang='lat'>395.</span> 
     </span>
    </p>
   </div>
   <div class='ocr_carea' id='block_1_22' title="bbox 214 2093 1909 2167">
    <p class='ocr_par' dir='ltr' id='par_1_22' title="bbox 214 2093 1909 2167">
     <span class='ocr_line' id='line_1_22' title="bbox 214 2093 1909 2167; baseline 0.003 -22"><span class='ocrx_word' id='word_1_139' title='bbox 214 2093 286 2145; x_wconf 80' lang='lat' dir='ltr'>ll.</span> <span class='ocrx_word' id='word_1_140' title='bbox 317 2094 387 2145; x_wconf 89' lang='lat' dir='ltr'>De</span> <span class='ocrx_word' id='word_1_141' title='bbox 417 2093 619 2148; x_wconf 84' lang='lat' dir='ltr'>Genesi</span> <span class='ocrx_word' id='word_1_142' title='bbox 645 2093 907 2149; x_wconf 72' lang='lat' dir='ltr'>adversus</span> <span class='ocrx_word' id='word_1_143' title='bbox 956 2096 1279 2149; x_wconf 69' lang='lat' dir='ltr'>Manichaeos</span> <span class='ocrx_word' id='word_1_144' title='bbox 1323 2095 1455 2149; x_wconf 91' lang='lat' dir='ltr'>libri</span> <span class='ocrx_word' id='word_1_145' title='bbox 1507 2095 1620 2150; x_wconf 91' lang='lat' dir='ltr'>duo</span> <span class='ocrx_word' id='word_1_146' title='bbox 1673 2112 1817 2167; x_wconf 89' lang='lat' dir='ltr'>quos</span> <span class='ocrx_word' id='word_1_147' title='bbox 1848 2096 1909 2150; x_wconf 92' lang='lat' dir='ltr'>in</span> 
     </span>
    </p>
   </div>
   <div class='ocr_carea' id='block_1_23' title="bbox 267 2182 1692 2254">
    <p class='ocr_par' dir='ltr' id='par_1_23' title="bbox 267 2182 1692 2254">
     <span class='ocr_line' id='line_1_23' title="bbox 267 2182 1692 2254; baseline 0.004 -20"><span class='ocrx_word' id='word_1_148' title='bbox 267 2197 495 2235; x_wconf 78' lang='lat' dir='ltr'>secessu</span> <span class='ocrx_word' id='word_1_149' title='bbox 525 2198 706 2253; x_wconf 86' lang='lat' dir='ltr'>prope</span> <span class='ocrx_word' id='word_1_150' title='bbox 733 2184 1031 2254; x_wconf 85' lang='lat' dir='ltr'>Tagastam</span> <span class='ocrx_word' id='word_1_151' title='bbox 1055 2182 1280 2254; x_wconf 88' lang='lat' dir='ltr'>scripsit</span> <span class='ocrx_word' id='word_1_152' title='bbox 1306 2184 1455 2238; x_wconf 91' lang='lat' dir='ltr'>circa</span> <span class='ocrx_word' id='word_1_153' title='bbox 1475 2200 1527 2238; x_wconf 89' lang='lat' dir='ltr'>a.</span> <span class='ocrx_word' id='word_1_154' title='bbox 1570 2186 1692 2240; x_wconf 90' lang='lat'>389.</span> 
     </span>
    </p>
   </div>
   <div class='ocr_carea' id='block_1_24' title="bbox 212 2270 1907 2339">
    <p class='ocr_par' dir='ltr' id='par_1_24' title="bbox 212 2270 1907 2339">
     <span class='ocr_line' id='line_1_24' title="bbox 212 2270 1907 2339; baseline 0.003 -18"><span class='ocrx_word' id='word_1_155' title='bbox 212 2271 285 2322; x_wconf 86' lang='grc'>12.</span> <span class='ocrx_word' id='word_1_156' title='bbox 313 2272 388 2324; x_wconf 84' lang='lat' dir='ltr'>De</span> <span class='ocrx_word' id='word_1_157' title='bbox 416 2270 694 2339; x_wconf 78' lang='lat' dir='ltr'>Magistro</span> <span class='ocrx_word' id='word_1_158' title='bbox 740 2271 886 2327; x_wconf 89' lang='lat' dir='ltr'>liber</span> <span class='ocrx_word' id='word_1_159' title='bbox 914 2271 1131 2327; x_wconf 87' lang='lat' dir='ltr'>ibidem</span> <span class='ocrx_word' id='word_1_160' title='bbox 1162 2276 1217 2327; x_wconf 90' lang='lat' dir='ltr'>et</span> <span class='ocrx_word' id='word_1_161' title='bbox 1255 2273 1459 2327; x_wconf 88' lang='lat' dir='ltr'>eodem</span> <span class='ocrx_word' id='word_1_162' title='bbox 1517 2289 1569 2329; x_wconf 90' lang='lat' dir='ltr'>a.</span> <span class='ocrx_word' id='word_1_163' title='bbox 1632 2275 1734 2327; x_wconf 91' lang='lat'>389</span> <span class='ocrx_word' id='word_1_164' title='bbox 1763 2271 1907 2327; x_wconf 80' lang='lat' dir='ltr'>scri-</span> 
     </span>
    </p>
   </div>
   <div class='ocr_carea' id='block_1_25' title="bbox 267 2364 1917 2430">
    <p class='ocr_par' dir='ltr' id='par_1_25' title="bbox 267 2364 1917 2430">
     <span class='ocr_line' id='line_1_25' title="bbox 267 2364 1917 2430; baseline 0.004 -18"><span class='ocrx_word' id='word_1_165' title='bbox 267 2364 422 2430; x_wconf 87' lang='lat' dir='ltr'>ptus.</span> <span class='ocrx_word' id='word_1_166' title='bbox 1910 2372 1917 2375; x_wconf 67' lang='grc'><em>“</em></span> 
     </span>
    </p>
   </div>
   <div class='ocr_carea' id='block_1_26' title="bbox 208 2449 1906 2518">
    <p class='ocr_par' dir='ltr' id='par_1_26' title="bbox 208 2449 1906 2518">
     <span class='ocr_line' id='line_1_26' title="bbox 208 2449 1906 2518; baseline 0.002 -18"><span class='ocrx_word' id='word_1_167' title='bbox 208 2449 281 2501; x_wconf 87' lang='grc'>13.</span> <span class='ocrx_word' id='word_1_168' title='bbox 310 2451 385 2502; x_wconf 86' lang='lat' dir='ltr'>De</span> <span class='ocrx_word' id='word_1_169' title='bbox 446 2451 596 2505; x_wconf 82' lang='lat' dir='ltr'>Vera</span> <span class='ocrx_word' id='word_1_170' title='bbox 648 2451 925 2518; x_wconf 86' lang='lat' dir='ltr'>Religione</span> <span class='ocrx_word' id='word_1_171' title='bbox 974 2450 1175 2505; x_wconf 90' lang='lat' dir='ltr'>eodem</span> <span class='ocrx_word' id='word_1_172' title='bbox 1229 2468 1279 2505; x_wconf 89' lang='lat' dir='ltr'>a.</span> <span class='ocrx_word' id='word_1_173' title='bbox 1341 2453 1443 2506; x_wconf 91' lang='lat'>389</span> <span class='ocrx_word' id='word_1_174' title='bbox 1500 2451 1585 2505; x_wconf 86' lang='lat' dir='ltr'>vel</span> <span class='ocrx_word' id='word_1_175' title='bbox 1640 2453 1742 2506; x_wconf 89' lang='lat'>390</span> <span class='ocrx_word' id='word_1_176' title='bbox 1770 2450 1906 2505; x_wconf 85' lang='lat' dir='ltr'>scri-</span> 
     </span>
    </p>
   </div>
   <div class='ocr_carea' id='block_1_27' title="bbox 266 2542 421 2607">
    <p class='ocr_par' dir='ltr' id='par_1_27' title="bbox 266 2542 421 2607">
     <span class='ocr_line' id='line_1_27' title="bbox 266 2542 421 2607; baseline 0 -16"><span class='ocrx_word' id='word_1_177' title='bbox 266 2542 421 2607; x_wconf 80' lang='lat' dir='ltr'>ptus.</span> 
     </span>
    </p>
   </div>
   <div class='ocr_carea' id='block_1_28' title="bbox 332 2625 1908 2693">
    <p class='ocr_par' dir='ltr' id='par_1_28' title="bbox 332 2625 1908 2693">
     <span class='ocr_line' id='line_1_28' title="bbox 332 2625 1908 2693; baseline 0.001 -13"><span class='ocrx_word' id='word_1_178' title='bbox 332 2626 401 2680; x_wconf 91' lang='lat' dir='ltr'>Hi</span> <span class='ocrx_word' id='word_1_179' title='bbox 446 2625 587 2681; x_wconf 90' lang='lat' dir='ltr'>libri</span> <span class='ocrx_word' id='word_1_180' title='bbox 633 2643 750 2682; x_wconf 89' lang='lat' dir='ltr'>una</span> <span class='ocrx_word' id='word_1_181' title='bbox 795 2644 927 2683; x_wconf 92' lang='lat' dir='ltr'>cum</span> <span class='ocrx_word' id='word_1_182' title='bbox 979 2645 1039 2684; x_wconf 92' lang='lat' dir='ltr'>n.</span> <span class='ocrx_word' id='word_1_183' title='bbox 1097 2632 1186 2693; x_wconf 93' lang='lat'>35,</span> <span class='ocrx_word' id='word_1_184' title='bbox 1215 2628 1275 2682; x_wconf 92' lang='lat' dir='ltr'>in</span> <span class='ocrx_word' id='word_1_185' title='bbox 1312 2632 1343 2684; x_wconf 90' lang='grc' dir='ltr'>Ι</span> <span class='ocrx_word' id='word_1_186' title='bbox 1397 2632 1535 2685; x_wconf 88' lang='lat' dir='ltr'>tomo</span> <span class='ocrx_word' id='word_1_187' title='bbox 1587 2628 1908 2684; x_wconf 88' lang='lat' dir='ltr'>editionum</span> 
     </span>
    </p>
   </div>
   <div class='ocr_carea' id='block_1_29' title="bbox 1190 1416 1914 1473">
    <p class='ocr_par' dir='ltr' id='par_1_29' title="bbox 1190 1416 1914 1473">
     <span class='ocr_line' id='line_1_29' title="bbox 1190 1416 1914 1473; baseline 0 -2"><span class='ocrx_word' id='word_1_188' title='bbox 1190 1416 1340 1472; x_wconf 87' lang='lat' dir='ltr'>Libri</span> <span class='ocrx_word' id='word_1_189' title='bbox 1362 1418 1476 1472; x_wconf 93' lang='lat' dir='ltr'>duo</span> <span class='ocrx_word' id='word_1_190' title='bbox 1503 1418 1777 1473; x_wconf 82' lang='lat' dir='ltr'>Romanae</span> <span class='ocrx_word' id='word_1_191' title='bbox 1798 1434 1914 1472; x_wconf 85' lang='lat' dir='ltr'>ver-</span> 
     </span>
    </p>
   </div>
   <div class='ocr_carea' id='block_1_30' title="bbox 1938 1751 1981 1806">
    <p class='ocr_par' dir='ltr' id='par_1_30' title="bbox 1938 1751 1981 1806">
     <span class='ocr_line' id='line_1_30' title="bbox 1938 1751 1981 1806; baseline 0 0"><span class='ocrx_word' id='word_1_192' title='bbox 1938 1751 1981 1806; x_wconf 92' lang='lat' dir='ltr'><strong>B</strong></span> 
     </span>
    </p>
   </div>
   <div class='ocr_carea' id='block_1_31' title="bbox 264 2717 1565 2781">
    <p class='ocr_par' dir='ltr' id='par_1_31' title="bbox 264 2717 1565 2781">
     <span class='ocr_line' id='line_1_31' title="bbox 264 2717 1565 2781; baseline 0.002 -12"><span class='ocrx_word' id='word_1_193' title='bbox 264 2717 511 2781; x_wconf 75' lang='lat' dir='ltr'>Erasmi,</span> <span class='ocrx_word' id='word_1_194' title='bbox 541 2718 963 2772; x_wconf 83' lang='lat' dir='ltr'>Lovaniensium</span> <span class='ocrx_word' id='word_1_195' title='bbox 1002 2722 1052 2773; x_wconf 87' lang='lat' dir='ltr'>et</span> <span class='ocrx_word' id='word_1_196' title='bbox 1078 2718 1565 2774; x_wconf 79' lang='lat' dir='ltr'>Benedictinorum.</span> 
     </span>
    </p>
   </div>
   <div class='ocr_carea' id='block_1_32' title="bbox 205 2802 1907 2878">
    <p class='ocr_par' dir='ltr' id='par_1_32' title="bbox 205 2802 1907 2878">
     <span class='ocr_line' id='line_1_32' title="bbox 205 2802 1907 2878; baseline 0.002 -21"><span class='ocrx_word' id='word_1_197' title='bbox 205 2806 281 2859; x_wconf 79' lang='grc'>14.</span> <span class='ocrx_word' id='word_1_198' title='bbox 319 2807 392 2858; x_wconf 78' lang='lat' dir='ltr'>De</span> <span class='ocrx_word' id='word_1_199' title='bbox 423 2806 682 2861; x_wconf 80' lang='lat' dir='ltr'>Utilitate</span> <span class='ocrx_word' id='word_1_200' title='bbox 739 2802 995 2860; x_wconf 75' lang='lat' dir='ltr'>credendi</span> <span class='ocrx_word' id='word_1_201' title='bbox 1030 2805 1176 2861; x_wconf 90' lang='lat' dir='ltr'>liber</span> <span class='ocrx_word' id='word_1_202' title='bbox 1206 2806 1466 2878; x_wconf 87' lang='lat' dir='ltr'>Hippone</span> <span class='ocrx_word' id='word_1_203' title='bbox 1497 2823 1548 2861; x_wconf 91' lang='lat' dir='ltr'>a.</span> <span class='ocrx_word' id='word_1_204' title='bbox 1609 2808 1712 2861; x_wconf 84' lang='lat'>392</span> <span class='ocrx_word' id='word_1_205' title='bbox 1769 2823 1907 2861; x_wconf 82' lang='lat' dir='ltr'>exa-</span> 
     </span>
    </p>
   </div>
   <div class='ocr_carea' id='block_1_33' title="bbox 264 2894 1906 2951">
    <p class='ocr_par' dir='ltr' id='par_1_33' title="bbox 264 2894 1906 2951">
     <span class='ocr_line' id='line_1_33' title="bbox 264 2894 1906 2951; baseline 0.002 -5"><span class='ocrx_word' id='word_1_206' title='bbox 264 2899 441 2947; x_wconf 81' lang='lat' dir='ltr'>ratus.</span> <span class='ocrx_word' id='word_1_207' title='bbox 478 2895 631 2948; x_wconf 77' lang='lat' dir='ltr'>Exst.</span> <span class='ocrx_word' id='word_1_208' title='bbox 692 2894 752 2947; x_wconf 92' lang='lat' dir='ltr'>in</span> <span class='ocrx_word' id='word_1_209' title='bbox 808 2895 944 2950; x_wconf 86' lang='lat' dir='ltr'>edit.</span> <span class='ocrx_word' id='word_1_210' title='bbox 1003 2898 1216 2951; x_wconf 88' lang='lat' dir='ltr'>Erasm.</span> <span class='ocrx_word' id='word_1_211' title='bbox 1272 2901 1330 2950; x_wconf 92' lang='lat' dir='ltr'>et</span> <span class='ocrx_word' id='word_1_212' title='bbox 1381 2897 1700 2950; x_wconf 87' lang='lat' dir='ltr'>Lovaniens.</span> <span class='ocrx_word' id='word_1_213' title='bbox 1752 2900 1906 2949; x_wconf 91' lang='lat' dir='ltr'>tomo</span> 
     </span>
    </p>
   </div>
   <div class='ocr_carea' id='block_1_34' title="bbox 264 2981 785 3049">
    <p class='ocr_par' dir='ltr' id='par_1_34' title="bbox 264 2981 785 3049">
     <span class='ocr_line' id='line_1_34' title="bbox 264 2981 785 3049; baseline 0.01 -18"><span class='ocrx_word' id='word_1_214' title='bbox 264 2981 351 3049; x_wconf 78' lang='lat' dir='ltr'><strong>VI,</strong></span> <span class='ocrx_word' id='word_1_215' title='bbox 384 2981 608 3035; x_wconf 88' lang='lat' dir='ltr'>Bened.</span> <span class='ocrx_word' id='word_1_216' title='bbox 641 2982 785 3036; x_wconf 86' lang='lat' dir='ltr'><strong>VIII.</strong></span> 
     </span>
    </p>
   </div>
   <div class='ocr_carea' id='block_1_35' title="bbox 206 3045 1976 3127">
    <p class='ocr_par' dir='ltr' id='par_1_35' title="bbox 206 3045 1976 3127">
     <span class='ocr_line' id='line_1_35' title="bbox 206 3045 1976 3127; baseline 0.003 -5"><span class='ocrx_word' id='word_1_217' title='bbox 206 3072 278 3123; x_wconf 86' lang='grc'>15.</span> <span class='ocrx_word' id='word_1_218' title='bbox 306 3045 375 3123; x_wconf 71' lang='lat' dir='ltr'>De</span> <span class='ocrx_word' id='word_1_219' title='bbox 402 3070 630 3123; x_wconf 84' lang='lat' dir='ltr'>duabus</span> <span class='ocrx_word' id='word_1_220' title='bbox 661 3071 969 3127; x_wconf 78' lang='lat' dir='ltr'>Animabus</span> <span class='ocrx_word' id='word_1_221' title='bbox 996 3071 1146 3127; x_wconf 90' lang='lat' dir='ltr'>liber</span> <span class='ocrx_word' id='word_1_222' title='bbox 1186 3072 1391 3127; x_wconf 90' lang='lat' dir='ltr'>eodem</span> <span class='ocrx_word' id='word_1_223' title='bbox 1448 3089 1498 3126; x_wconf 86' lang='lat' dir='ltr'>a.</span> <span class='ocrx_word' id='word_1_224' title='bbox 1559 3075 1663 3127; x_wconf 82' lang='lat'>392</span> <span class='ocrx_word' id='word_1_225' title='bbox 1713 3073 1904 3127; x_wconf 88' lang='lat' dir='ltr'>confe-</span> <span class='ocrx_word' id='word_1_226' title='bbox 1935 3045 1976 3100; x_wconf 66' lang='grc' dir='ltr'>ο</span> 
     </span>
    </p>
   </div>
   <div class='ocr_carea' id='block_1_36' title="bbox 260 3158 1910 3228">
    <p class='ocr_par' dir='ltr' id='par_1_36' title="bbox 260 3158 1910 3228">
     <span class='ocr_line' id='line_1_36' title="bbox 260 3158 1910 3228; baseline 0.002 -17"><span class='ocrx_word' id='word_1_227' title='bbox 260 3162 399 3213; x_wconf 86' lang='lat' dir='ltr'>ctus.</span> <span class='ocrx_word' id='word_1_228' title='bbox 446 3160 605 3213; x_wconf 75' lang='lat' dir='ltr'><strong>Exst.</strong></span> <span class='ocrx_word' id='word_1_229' title='bbox 654 3158 715 3213; x_wconf 90' lang='lat' dir='ltr'>in</span> <span class='ocrx_word' id='word_1_230' title='bbox 755 3160 846 3215; x_wconf 92' lang='lat' dir='ltr'>ed.</span> <span class='ocrx_word' id='word_1_231' title='bbox 892 3164 1109 3217; x_wconf 84' lang='lat' dir='ltr'>Erasm.</span> <span class='ocrx_word' id='word_1_232' title='bbox 1153 3166 1210 3216; x_wconf 91' lang='lat' dir='ltr'>et</span> <span class='ocrx_word' id='word_1_233' title='bbox 1259 3163 1463 3217; x_wconf 90' lang='lat' dir='ltr'>Lovan.</span> <span class='ocrx_word' id='word_1_234' title='bbox 1494 3167 1534 3216; x_wconf 91' lang='lat' dir='ltr'>t.</span> <span class='ocrx_word' id='word_1_235' title='bbox 1566 3163 1658 3228; x_wconf 87' lang='lat' dir='ltr'>VI,</span> <span class='ocrx_word' id='word_1_236' title='bbox 1711 3162 1910 3218; x_wconf 86' lang='lat' dir='ltr'>Bened.</span> 
     </span>
    </p>
   </div>
   <div class='ocr_carea' id='block_1_37' title="bbox 261 3248 405 3302">
    <p class='ocr_par' dir='ltr' id='par_1_37' title="bbox 261 3248 405 3302">
     <span class='ocr_line' id='line_1_37' title="bbox 261 3248 405 3302; baseline 0.021 -3"><span class='ocrx_word' id='word_1_237' title='bbox 261 3248 405 3302; x_wconf 96' lang='lat' dir='ltr'><strong>VIII.</strong></span> 
     </span>
    </p>
   </div>
   <div class='ocr_carea' id='block_1_38' title="bbox 202 3338 1912 3411">
    <p class='ocr_par' dir='ltr' id='par_1_38' title="bbox 202 3338 1912 3411">
     <span class='ocr_line' id='line_1_38' title="bbox 202 3338 1912 3411; baseline 0.003 -22"><span class='ocrx_word' id='word_1_238' title='bbox 202 3338 273 3389; x_wconf 89' lang='grc'><strong>16.</strong></span> <span class='ocrx_word' id='word_1_239' title='bbox 306 3338 462 3392; x_wconf 81' lang='lat' dir='ltr'>Acta</span> <span class='ocrx_word' id='word_1_240' title='bbox 518 3343 721 3393; x_wconf 89' lang='lat' dir='ltr'>contra</span> <span class='ocrx_word' id='word_1_241' title='bbox 777 3339 1144 3394; x_wconf 76' lang='lat' dir='ltr'>Fortunatam</span> <span class='ocrx_word' id='word_1_242' title='bbox 1212 3339 1518 3411; x_wconf 84' lang='lat' dir='ltr'>quemdam</span> <span class='ocrx_word' id='word_1_243' title='bbox 1576 3339 1912 3395; x_wconf 61' lang='lat' dir='ltr'>Manichaeo-</span> 
     </span>
    </p>
   </div>
   <div class='ocr_carea' id='block_1_39' title="bbox 257 3428 1911 3500">
    <p class='ocr_par' dir='ltr' id='par_1_39' title="bbox 257 3428 1911 3500">
     <span class='ocr_line' id='line_1_39' title="bbox 257 3428 1911 3500; baseline 0.002 -21"><span class='ocrx_word' id='word_1_244' title='bbox 257 3440 388 3480; x_wconf 84' lang='lat' dir='ltr'>rum</span> <span class='ocrx_word' id='word_1_245' title='bbox 415 3428 620 3497; x_wconf 88' lang='lat' dir='ltr'>presb.</span> <span class='ocrx_word' id='word_1_246' title='bbox 647 3444 901 3499; x_wconf 86' lang='lat' dir='ltr'>quocum</span> <span class='ocrx_word' id='word_1_247' title='bbox 932 3428 1327 3500; x_wconf 89' lang='lat' dir='ltr'>disputaverat</span> <span class='ocrx_word' id='word_1_248' title='bbox 1369 3430 1423 3484; x_wconf 92' lang='lat' dir='ltr'>d.</span> <span class='ocrx_word' id='word_1_249' title='bbox 1458 3431 1526 3484; x_wconf 84' lang='lat'>28</span> <span class='ocrx_word' id='word_1_250' title='bbox 1559 3433 1615 3483; x_wconf 89' lang='lat' dir='ltr'>et</span> <span class='ocrx_word' id='word_1_251' title='bbox 1649 3431 1716 3483; x_wconf 84' lang='grc'>29</span> <span class='ocrx_word' id='word_1_252' title='bbox 1764 3431 1911 3499; x_wconf 86' lang='lat' dir='ltr'>Aug.</span> 
     </span>
    </p>
   </div>
   <div class='ocr_carea' id='block_1_40' title="bbox 255 3516 1912 3587">
    <p class='ocr_par' dir='ltr' id='par_1_40' title="bbox 255 3516 1912 3587">
     <span class='ocr_line' id='line_1_40' title="bbox 255 3516 1912 3587; baseline 0.002 -20"><span class='ocrx_word' id='word_1_253' title='bbox 255 3530 306 3568; x_wconf 83' lang='lat' dir='ltr'>a.</span> <span class='ocrx_word' id='word_1_254' title='bbox 342 3519 489 3571; x_wconf 85' lang='grc'><strong>392.</strong></span> <span class='ocrx_word' id='word_1_255' title='bbox 527 3518 679 3570; x_wconf 81' lang='lat' dir='ltr'>Exst.</span> <span class='ocrx_word' id='word_1_256' title='bbox 729 3516 789 3571; x_wconf 89' lang='lat' dir='ltr'>in</span> <span class='ocrx_word' id='word_1_257' title='bbox 848 3517 936 3571; x_wconf 91' lang='lat' dir='ltr'>ed.</span> <span class='ocrx_word' id='word_1_258' title='bbox 994 3518 1220 3573; x_wconf 88' lang='lat' dir='ltr'>Erasm.</span> <span class='ocrx_word' id='word_1_259' title='bbox 1272 3522 1330 3573; x_wconf 90' lang='lat' dir='ltr'>et</span> <span class='ocrx_word' id='word_1_260' title='bbox 1385 3520 1589 3574; x_wconf 80' lang='lat' dir='ltr'>Lovan.</span> <span class='ocrx_word' id='word_1_261' title='bbox 1642 3523 1781 3574; x_wconf 88' lang='lat' dir='ltr'>tom.</span> <span class='ocrx_word' id='word_1_262' title='bbox 1824 3518 1912 3587; x_wconf 61' lang='lat' dir='ltr'>VI,</span> 
     </span>
    </p>
   </div>
   <div class='ocr_carea' id='block_1_41' title="bbox 258 3605 645 3660">
    <p class='ocr_par' dir='ltr' id='par_1_41' title="bbox 258 3605 645 3660">
     <span class='ocr_line' id='line_1_41' title="bbox 258 3605 645 3660; baseline 0.005 -2"><span class='ocrx_word' id='word_1_263' title='bbox 258 3606 462 3659; x_wconf 75' lang='lat' dir='ltr'>Bened.</span> <span class='ocrx_word' id='word_1_264' title='bbox 500 3605 645 3660; x_wconf 83' lang='lat' dir='ltr'><strong>VIII.</strong></span> 
     </span>
    </p>
   </div>
   <div class='ocr_carea' id='block_1_42' title="bbox 201 3693 1908 3767">
    <p class='ocr_par' dir='ltr' id='par_1_42' title="bbox 201 3693 1908 3767">
     <span class='ocr_line' id='line_1_42' title="bbox 201 3693 1908 3767; baseline 0.004 -22"><span class='ocrx_word' id='word_1_265' title='bbox 201 3696 271 3747; x_wconf 81' lang='grc'><strong>17.</strong></span> <span class='ocrx_word' id='word_1_266' title='bbox 304 3697 379 3749; x_wconf 87' lang='lat' dir='ltr'>De</span> <span class='ocrx_word' id='word_1_267' title='bbox 435 3695 578 3749; x_wconf 85' lang='lat' dir='ltr'>Fide</span> <span class='ocrx_word' id='word_1_268' title='bbox 644 3701 695 3749; x_wconf 86' lang='lat' dir='ltr'>et</span> <span class='ocrx_word' id='word_1_269' title='bbox 743 3693 1002 3766; x_wconf 85' lang='lat' dir='ltr'>Symbolo</span> <span class='ocrx_word' id='word_1_270' title='bbox 1059 3695 1205 3750; x_wconf 89' lang='lat' dir='ltr'>liber</span> <span class='ocrx_word' id='word_1_271' title='bbox 1261 3700 1429 3751; x_wconf 81' lang='lat' dir='ltr'>natus</span> <span class='ocrx_word' id='word_1_272' title='bbox 1504 3713 1569 3751; x_wconf 82' lang='lat' dir='ltr'>ex</span> <span class='ocrx_word' id='word_1_273' title='bbox 1624 3712 1908 3767; x_wconf 88' lang='lat' dir='ltr'>sermone,</span> 
     </span>
    </p>
   </div>
   <div class='ocr_carea' id='block_1_43' title="bbox 258 3783 1907 3856">
    <p class='ocr_par' dir='ltr' id='par_1_43' title="bbox 258 3783 1907 3856">
     <span class='ocr_line' id='line_1_43' title="bbox 258 3783 1907 3856; baseline 0.001 -19"><span class='ocrx_word' id='word_1_274' title='bbox 258 3798 437 3853; x_wconf 85' lang='lat' dir='ltr'>quem</span> <span class='ocrx_word' id='word_1_275' title='bbox 473 3799 668 3837; x_wconf 91' lang='lat' dir='ltr'>coram</span> <span class='ocrx_word' id='word_1_276' title='bbox 728 3784 1012 3854; x_wconf 90' lang='lat' dir='ltr'>episcopis</span> <span class='ocrx_word' id='word_1_277' title='bbox 1044 3783 1107 3837; x_wconf 92' lang='lat' dir='ltr'>in</span> <span class='ocrx_word' id='word_1_278' title='bbox 1162 3784 1404 3839; x_wconf 89' lang='lat' dir='ltr'>concilio</span> <span class='ocrx_word' id='word_1_279' title='bbox 1445 3784 1827 3856; x_wconf 85' lang='lat' dir='ltr'>Hipponensis</span> <span class='ocrx_word' id='word_1_280' title='bbox 1856 3801 1907 3839; x_wconf 87' lang='lat' dir='ltr'>a.</span> 
     </span>
    </p>
   </div>
   <div class='ocr_carea' id='block_1_44' title="bbox 254 3870 1905 3941">
    <p class='ocr_par' dir='ltr' id='par_1_44' title="bbox 254 3870 1905 3941">
     <span class='ocr_line' id='line_1_44' title="bbox 254 3870 1905 3941; baseline 0.002 -18"><span class='ocrx_word' id='word_1_281' title='bbox 254 3872 375 3932; x_wconf 86' lang='lat'>393,</span> <span class='ocrx_word' id='word_1_282' title='bbox 410 3870 720 3941; x_wconf 74' lang='lat' dir='ltr'>presbyter</span> <span class='ocrx_word' id='word_1_283' title='bbox 757 3870 964 3937; x_wconf 88' lang='lat' dir='ltr'>adhuc,</span> <span class='ocrx_word' id='word_1_284' title='bbox 1000 3870 1221 3925; x_wconf 86' lang='lat' dir='ltr'>habuit.</span> <span class='ocrx_word' id='word_1_285' title='bbox 1261 3872 1412 3926; x_wconf 83' lang='lat' dir='ltr'>Exst.</span> <span class='ocrx_word' id='word_1_286' title='bbox 1472 3872 1532 3925; x_wconf 90' lang='lat' dir='ltr'>in</span> <span class='ocrx_word' id='word_1_287' title='bbox 1563 3872 1654 3926; x_wconf 92' lang='lat' dir='ltr'>ed.</span> <span class='ocrx_word' id='word_1_288' title='bbox 1688 3875 1905 3927; x_wconf 88' lang='lat' dir='ltr'>Erasm.</span> 
     </span>
    </p>
   </div>
   <div class='ocr_carea' id='block_1_45' title="bbox 256 3960 1215 4025">
    <p class='ocr_par' dir='ltr' id='par_1_45' title="bbox 256 3960 1215 4025">
     <span class='ocr_line' id='line_1_45' title="bbox 256 3960 1215 4025; baseline 0.002 -12"><span class='ocrx_word' id='word_1_289' title='bbox 256 3964 309 4013; x_wconf 90' lang='lat' dir='ltr'>et</span> <span class='ocrx_word' id='word_1_290' title='bbox 339 3962 560 4015; x_wconf 76' lang='lat' dir='ltr'>Lovan.</span> <span class='ocrx_word' id='word_1_291' title='bbox 589 3965 730 4013; x_wconf 91' lang='lat' dir='ltr'>tom.</span> <span class='ocrx_word' id='word_1_292' title='bbox 765 3960 864 4025; x_wconf 92' lang='lat' dir='ltr'><strong>III,</strong></span> <span class='ocrx_word' id='word_1_293' title='bbox 896 3960 1089 4014; x_wconf 88' lang='lat' dir='ltr'>Bened.</span> <span class='ocrx_word' id='word_1_294' title='bbox 1124 3961 1215 4015; x_wconf 90' lang='lat' dir='ltr'>VI.</span> 
     </span>
    </p>
   </div>
   <div class='ocr_carea' id='block_1_46' title="bbox 201 4048 1911 4120">
    <p class='ocr_par' dir='ltr' id='par_1_46' title="bbox 201 4048 1911 4120">
     <span class='ocr_line' id='line_1_46' title="bbox 201 4048 1911 4120; baseline 0.004 -20"><span class='ocrx_word' id='word_1_295' title='bbox 201 4051 271 4101; x_wconf 76' lang='grc'><strong>18.</strong></span> <span class='ocrx_word' id='word_1_296' title='bbox 304 4052 378 4103; x_wconf 86' lang='lat' dir='ltr'>De</span> <span class='ocrx_word' id='word_1_297' title='bbox 428 4050 632 4105; x_wconf 84' lang='lat' dir='ltr'>Genesi</span> <span class='ocrx_word' id='word_1_298' title='bbox 672 4049 747 4102; x_wconf 90' lang='lat' dir='ltr'>ad</span> <span class='ocrx_word' id='word_1_299' title='bbox 776 4050 1014 4102; x_wconf 80' lang='lat' dir='ltr'>litteram</span> <span class='ocrx_word' id='word_1_300' title='bbox 1064 4048 1211 4103; x_wconf 93' lang='lat' dir='ltr'>liber</span> <span class='ocrx_word' id='word_1_301' title='bbox 1265 4048 1632 4120; x_wconf 89' lang='lat' dir='ltr'>imperfectus</span> <span class='ocrx_word' id='word_1_302' title='bbox 1684 4050 1911 4106; x_wconf 87' lang='lat' dir='ltr'>circiter</span> 
     </span>
    </p>
   </div>
   <div class='ocr_carea' id='block_1_47' title="bbox 256 4120 1961 4208">
    <p class='ocr_par' dir='ltr' id='par_1_47' title="bbox 256 4120 1961 4208">
     <span class='ocr_line' id='line_1_47' title="bbox 256 4120 1961 4208; baseline 0.003 -18"><span class='ocrx_word' id='word_1_303' title='bbox 256 4154 303 4190; x_wconf 83' lang='lat' dir='ltr'>a.</span> <span class='ocrx_word' id='word_1_304' title='bbox 338 4142 449 4193; x_wconf 88' lang='lat'>393</span> <span class='ocrx_word' id='word_1_305' title='bbox 484 4138 753 4208; x_wconf 89' lang='lat' dir='ltr'>scriptus.</span> <span class='ocrx_word' id='word_1_306' title='bbox 787 4138 936 4191; x_wconf 83' lang='lat' dir='ltr'>Exst.</span> <span class='ocrx_word' id='word_1_307' title='bbox 969 4137 1030 4191; x_wconf 93' lang='lat' dir='ltr'>in</span> <span class='ocrx_word' id='word_1_308' title='bbox 1060 4138 1150 4192; x_wconf 92' lang='lat' dir='ltr'>ed.</span> <span class='ocrx_word' id='word_1_309' title='bbox 1183 4140 1424 4205; x_wconf 89' lang='lat' dir='ltr'>Erasm.,</span> <span class='ocrx_word' id='word_1_310' title='bbox 1480 4141 1683 4195; x_wconf 85' lang='lat' dir='ltr'>Lovan.</span> <span class='ocrx_word' id='word_1_311' title='bbox 1716 4145 1775 4195; x_wconf 89' lang='lat' dir='ltr'>et</span> <span class='ocrx_word' id='word_1_312' title='bbox 1802 4120 1961 4195; x_wconf 61' lang='lat' dir='ltr'>Be-‘</span> 
     </span>
    </p>
   </div>
   <div class='ocr_carea' id='block_1_48' title="bbox 255 4227 706 4281">
    <p class='ocr_par' dir='ltr' id='par_1_48' title="bbox 255 4227 706 4281">
     <span class='ocr_line' id='line_1_48' title="bbox 255 4227 706 4281; baseline 0 -1"><span class='ocrx_word' id='word_1_313' title='bbox 255 4228 376 4281; x_wconf 82' lang='lat' dir='ltr'>ned.</span> <span class='ocrx_word' id='word_1_314' title='bbox 407 4232 559 4280; x_wconf 79' lang='lat' dir='ltr'>tom.</span> <span class='ocrx_word' id='word_1_315' title='bbox 604 4227 706 4281; x_wconf 90' lang='lat' dir='ltr'><strong>III.</strong></span> 
     </span>
    </p>
   </div>
   <div class='ocr_carea' id='block_1_49' title="bbox 196 4315 1978 4395">
    <p class='ocr_par' dir='ltr' id='par_1_49' title="bbox 196 4315 1978 4395">
     <span class='ocr_line' id='line_1_49' title="bbox 196 4315 1978 4395; baseline 0.002 -27"><span class='ocrx_word' id='word_1_316' title='bbox 196 4318 268 4369; x_wconf 86' lang='grc'>19.</span> <span class='ocrx_word' id='word_1_317' title='bbox 299 4318 391 4370; x_wconf 87' lang='lat' dir='ltr'>De</span> <span class='ocrx_word' id='word_1_318' title='bbox 421 4331 674 4369; x_wconf 84' lang='lat' dir='ltr'>sermone</span> <span class='ocrx_word' id='word_1_319' title='bbox 704 4315 910 4372; x_wconf 84' lang='lat' dir='ltr'>Christi</span> <span class='ocrx_word' id='word_1_320' title='bbox 964 4316 1023 4369; x_wconf 88' lang='lat' dir='ltr'>in</span> <span class='ocrx_word' id='word_1_321' title='bbox 1077 4320 1254 4370; x_wconf 84' lang='lat' dir='ltr'>monte</span> <span class='ocrx_word' id='word_1_322' title='bbox 1296 4316 1367 4370; x_wconf 90' lang='lat' dir='ltr'>ad</span> <span class='ocrx_word' id='word_1_323' title='bbox 1423 4317 1616 4372; x_wconf 88' lang='lat' dir='ltr'>Matth.</span> <span class='ocrx_word' id='word_1_324' title='bbox 1653 4333 1700 4371; x_wconf 92' lang='lat' dir='ltr'>c.</span> <span class='ocrx_word' id='word_1_325' title='bbox 1733 4333 1787 4384; x_wconf 86' lang='lat' dir='ltr'>v,</span> <span class='ocrx_word' id='word_1_326' title='bbox 1818 4333 1893 4381; x_wconf 72' lang='lat' dir='ltr'>vr,</span> <span class='ocrx_word' id='word_1_327' title='bbox 1935 4341 1978 4395; x_wconf 68' lang='grc' dir='ltr'>Ι)</span> 
     </span>
    </p>
   </div>
   <div class='ocr_carea' id='block_1_50' title="bbox 249 4405 1893 4473">
    <p class='ocr_par' dir='ltr' id='par_1_50' title="bbox 249 4405 1893 4473">
     <span class='ocr_line' id='line_1_50' title="bbox 249 4405 1893 4473; baseline 0.002 -14"><span class='ocrx_word' id='word_1_328' title='bbox 249 4406 516 4473; x_wconf 80' lang='lat' dir='ltr'>m,libri</span> <span class='ocrx_word' id='word_1_329' title='bbox 546 4405 664 4459; x_wconf 91' lang='lat' dir='ltr'>duo</span> <span class='ocrx_word' id='word_1_330' title='bbox 715 4405 864 4459; x_wconf 91' lang='lat' dir='ltr'>circa</span> <span class='ocrx_word' id='word_1_331' title='bbox 920 4422 970 4460; x_wconf 91' lang='lat' dir='ltr'>a.</span> <span class='ocrx_word' id='word_1_332' title='bbox 1031 4407 1155 4461; x_wconf 89' lang='lat'>393.</span> <span class='ocrx_word' id='word_1_333' title='bbox 1217 4407 1363 4461; x_wconf 84' lang='lat' dir='ltr'>Exst.</span> <span class='ocrx_word' id='word_1_334' title='bbox 1418 4406 1479 4461; x_wconf 91' lang='lat' dir='ltr'>in</span> <span class='ocrx_word' id='word_1_335' title='bbox 1529 4407 1621 4461; x_wconf 89' lang='lat' dir='ltr'>ed.</span> <span class='ocrx_word' id='word_1_336' title='bbox 1676 4410 1893 4463; x_wconf 87' lang='lat' dir='ltr'>Erasm.</span> 
     </span>
    </p>
   </div>
   <div class='ocr_carea' id='block_1_51' title="bbox 249 4495 1220 4561">
    <p class='ocr_par' dir='ltr' id='par_1_51' title="bbox 249 4495 1220 4561">
     <span class='ocr_line' id='line_1_51' title="bbox 249 4495 1220 4561; baseline 0 -12"><span class='ocrx_word' id='word_1_337' title='bbox 249 4501 303 4549; x_wconf 85' lang='lat' dir='ltr'>et</span> <span class='ocrx_word' id='word_1_338' title='bbox 330 4498 554 4550; x_wconf 78' lang='lat' dir='ltr'>Lovan.</span> <span class='ocrx_word' id='word_1_339' title='bbox 596 4498 737 4549; x_wconf 90' lang='lat' dir='ltr'>tom.</span> <span class='ocrx_word' id='word_1_340' title='bbox 774 4496 862 4561; x_wconf 87' lang='lat' dir='ltr'><strong>IV,</strong></span> <span class='ocrx_word' id='word_1_341' title='bbox 891 4495 1086 4549; x_wconf 86' lang='lat' dir='ltr'>Bened.</span> <span class='ocrx_word' id='word_1_342' title='bbox 1121 4496 1220 4549; x_wconf 90' lang='lat' dir='ltr'><strong>IlI.</strong></span> 
     </span>
    </p>
   </div>
   <div class='ocr_carea' id='block_1_52' title="bbox 189 4584 1894 4641">
    <p class='ocr_par' dir='ltr' id='par_1_52' title="bbox 189 4584 1894 4641">
     <span class='ocr_line' id='line_1_52' title="bbox 189 4584 1894 4641; baseline 0.004 -6"><span class='ocrx_word' id='word_1_343' title='bbox 189 4584 264 4636; x_wconf 80' lang='lat'>20.</span> <span class='ocrx_word' id='word_1_344' title='bbox 294 4585 561 4639; x_wconf 82' lang='lat' dir='ltr'>Psalmus</span> <span class='ocrx_word' id='word_1_345' title='bbox 594 4588 783 4637; x_wconf 88' lang='lat' dir='ltr'>contra</span> <span class='ocrx_word' id='word_1_346' title='bbox 821 4585 1135 4638; x_wconf 87' lang='lat' dir='ltr'>Donatistas</span> <span class='ocrx_word' id='word_1_347' title='bbox 1183 4600 1236 4639; x_wconf 88' lang='lat' dir='ltr'>a.</span> <span class='ocrx_word' id='word_1_348' title='bbox 1296 4586 1419 4639; x_wconf 87' lang='lat'>393.</span> <span class='ocrx_word' id='word_1_349' title='bbox 1480 4584 1631 4639; x_wconf 83' lang='lat' dir='ltr'>Exst.</span> <span class='ocrx_word' id='word_1_350' title='bbox 1692 4584 1752 4637; x_wconf 91' lang='lat' dir='ltr'>in</span> <span class='ocrx_word' id='word_1_351' title='bbox 1806 4584 1894 4641; x_wconf 91' lang='lat' dir='ltr'>ed.</span> 
     </span>
    </p>
   </div>
   <div class='ocr_carea' id='block_1_53' title="bbox 240 4672 1717 4743">
    <p class='ocr_par' dir='ltr' id='par_1_53' title="bbox 240 4672 1717 4743">
     <span class='ocr_line' id='line_1_53' title="bbox 240 4672 1717 4743; baseline -0.001 -17"><span class='ocrx_word' id='word_1_352' title='bbox 240 4674 469 4727; x_wconf 80' lang='lat' dir='ltr'>Erasm.</span> <span class='ocrx_word' id='word_1_353' title='bbox 506 4678 565 4726; x_wconf 90' lang='lat' dir='ltr'>et</span> <span class='ocrx_word' id='word_1_354' title='bbox 597 4673 801 4726; x_wconf 82' lang='lat' dir='ltr'>Lovan.</span> <span class='ocrx_word' id='word_1_355' title='bbox 827 4677 967 4727; x_wconf 88' lang='lat' dir='ltr'>tom.</span> <span class='ocrx_word' id='word_1_356' title='bbox 999 4674 1121 4739; x_wconf 87' lang='lat' dir='ltr'><strong>VII,</strong></span> <span class='ocrx_word' id='word_1_357' title='bbox 1151 4677 1299 4743; x_wconf 88' lang='lat' dir='ltr'>part.</span> <span class='ocrx_word' id='word_1_358' title='bbox 1333 4690 1370 4738; x_wconf 77' lang='grc' dir='ltr'>ι,</span> <span class='ocrx_word' id='word_1_359' title='bbox 1402 4672 1595 4727; x_wconf 84' lang='lat' dir='ltr'>Bened.</span> <span class='ocrx_word' id='word_1_360' title='bbox 1632 4673 1717 4727; x_wconf 88' lang='lat' dir='ltr'>IX.</span> 
     </span>
    </p>
   </div>
   <div class='ocr_carea' id='block_1_54' title="bbox 192 4757 1898 4833">
    <p class='ocr_par' dir='ltr' id='par_1_54' title="bbox 192 4757 1898 4833">
     <span class='ocr_line' id='line_1_54' title="bbox 192 4757 1898 4833; baseline 0.002 -22"><span class='ocrx_word' id='word_1_361' title='bbox 192 4757 315 4833; x_wconf 62' lang='lat' dir='ltr'>[2L]</span> <span class='ocrx_word' id='word_1_362' title='bbox 342 4762 439 4816; x_wconf 79' lang='lat' dir='ltr'>Ad</span> <span class='ocrx_word' id='word_1_363' title='bbox 495 4762 770 4815; x_wconf 89' lang='lat' dir='ltr'>eumdem</span> <span class='ocrx_word' id='word_1_364' title='bbox 823 4761 941 4815; x_wconf 88' lang='lat' dir='ltr'>fere</span> <span class='ocrx_word' id='word_1_365' title='bbox 991 4778 1041 4815; x_wconf 89' lang='lat' dir='ltr'>a.</span> <span class='ocrx_word' id='word_1_366' title='bbox 1096 4764 1197 4817; x_wconf 90' lang='lat'>393</span> <span class='ocrx_word' id='word_1_367' title='bbox 1248 4760 1579 4815; x_wconf 88' lang='lat' dir='ltr'>referendus</span> <span class='ocrx_word' id='word_1_368' title='bbox 1623 4766 1709 4814; x_wconf 90' lang='lat' dir='ltr'>est</span> <span class='ocrx_word' id='word_1_369' title='bbox 1752 4760 1898 4815; x_wconf 90' lang='lat' dir='ltr'>liber</span> 
     </span>
    </p>
   </div>
   <div class='ocr_carea' id='block_1_55' title="bbox 250 4849 1891 4921">
    <p class='ocr_par' dir='ltr' id='par_1_55' title="bbox 250 4849 1891 4921">
     <span class='ocr_line' id='line_1_55' title="bbox 250 4849 1891 4921; baseline 0.002 -18"><span class='ocrx_word' id='word_1_370' title='bbox 250 4849 598 4921; x_wconf 78' lang='lat' dir='ltr'>deperditus</span> <span class='ocrx_word' id='word_1_371' title='bbox 622 4855 812 4903; x_wconf 87' lang='lat' dir='ltr'>contra</span> <span class='ocrx_word' id='word_1_372' title='bbox 839 4849 1155 4920; x_wconf 87' lang='lat' dir='ltr'>Epistolam</span> <span class='ocrx_word' id='word_1_373' title='bbox 1183 4852 1404 4917; x_wconf 82' lang='lat' dir='ltr'>Donati,</span> <span class='ocrx_word' id='word_1_374' title='bbox 1463 4849 1657 4904; x_wconf 91' lang='lat' dir='ltr'>Carth.</span> <span class='ocrx_word' id='word_1_375' title='bbox 1710 4850 1891 4920; x_wconf 90' lang='lat' dir='ltr'>episc.</span> 
     </span>
    </p>
   </div>
   <div class='ocr_carea' id='block_1_56' title="bbox 250 4937 1902 5008">
    <p class='ocr_par' dir='ltr' id='par_1_56' title="bbox 250 4937 1902 5008">
     <span class='ocr_line' id='line_1_56' title="bbox 250 4937 1902 5008; baseline 0.001 -18"><span class='ocrx_word' id='word_1_376' title='bbox 250 4937 632 4991; x_wconf 76' lang='lat' dir='ltr'>schismatici.</span> <span class='ocrx_word' id='word_1_377' title='bbox 698 4938 842 4991; x_wconf 88' lang='lat' dir='ltr'>Nam</span> <span class='ocrx_word' id='word_1_378' title='bbox 897 4937 1157 5008; x_wconf 88' lang='lat' dir='ltr'>proxime</span> <span class='ocrx_word' id='word_1_379' title='bbox 1208 4942 1336 5008; x_wconf 90' lang='lat' dir='ltr'>post</span> <span class='ocrx_word' id='word_1_380' title='bbox 1406 4939 1681 4992; x_wconf 88' lang='lat' dir='ltr'>Psalmum</span> <span class='ocrx_word' id='word_1_381' title='bbox 1734 4938 1902 5008; x_wconf 90' lang='lat' dir='ltr'>ponit</span> 
     </span>
    </p>
   </div>
   <div class='ocr_carea' id='block_1_57' title="bbox 241 5025 1077 5095">
    <p class='ocr_par' dir='ltr' id='par_1_57' title="bbox 241 5025 1077 5095">
     <span class='ocr_line' id='line_1_57' title="bbox 241 5025 1077 5095; baseline 0.002 -18"><span class='ocrx_word' id='word_1_382' title='bbox 241 5026 606 5093; x_wconf 77' lang='lat' dir='ltr'>Augustinus</span> <span class='ocrx_word' id='word_1_383' title='bbox 636 5025 885 5078; x_wconf 85' lang='lat' dir='ltr'>Retract.</span> <span class='ocrx_word' id='word_1_384' title='bbox 918 5041 957 5095; x_wconf 84' lang='lat'>1,</span> <span class='ocrx_word' id='word_1_385' title='bbox 988 5027 1077 5079; x_wconf 87' lang='grc'>21.</span> 
     </span>
    </p>
   </div>
   <div class='ocr_carea' id='block_1_58' title="bbox 178 5110 1897 5169">
    <p class='ocr_par' dir='ltr' id='par_1_58' title="bbox 178 5110 1897 5169">
     <span class='ocr_line' id='line_1_58' title="bbox 178 5110 1897 5169; baseline 0.002 -4"><span class='ocrx_word' id='word_1_386' title='bbox 178 5110 259 5165; x_wconf 63' lang='grc'>22.</span> <span class='ocrx_word' id='word_1_387' title='bbox 311 5116 530 5169; x_wconf 81' lang='lat' dir='ltr'>Contra</span> <span class='ocrx_word' id='word_1_388' title='bbox 586 5113 949 5167; x_wconf 83' lang='lat' dir='ltr'>Adimantum</span> <span class='ocrx_word' id='word_1_389' title='bbox 996 5113 1143 5168; x_wconf 86' lang='lat' dir='ltr'>liber</span> <span class='ocrx_word' id='word_1_390' title='bbox 1202 5130 1256 5167; x_wconf 89' lang='lat' dir='ltr'>a.</span> <span class='ocrx_word' id='word_1_391' title='bbox 1310 5115 1432 5169; x_wconf 92' lang='lat'>394.</span> <span class='ocrx_word' id='word_1_392' title='bbox 1484 5115 1638 5169; x_wconf 85' lang='lat' dir='ltr'>Exst.</span> <span class='ocrx_word' id='word_1_393' title='bbox 1692 5114 1753 5169; x_wconf 91' lang='lat' dir='ltr'>in</span> <span class='ocrx_word' id='word_1_394' title='bbox 1808 5114 1897 5169; x_wconf 89' lang='lat' dir='ltr'>ed.</span> 
     </span>
    </p>
   </div>
   <div class='ocr_carea' id='block_1_59' title="bbox 242 5199 1491 5265">
    <p class='ocr_par' dir='ltr' id='par_1_59' title="bbox 242 5199 1491 5265">
     <span class='ocr_line' id='line_1_59' title="bbox 242 5199 1491 5265; baseline 0 -12"><span class='ocrx_word' id='word_1_395' title='bbox 242 5201 472 5253; x_wconf 81' lang='lat' dir='ltr'>Erasm.</span> <span class='ocrx_word' id='word_1_396' title='bbox 508 5202 566 5252; x_wconf 91' lang='lat' dir='ltr'>et</span> <span class='ocrx_word' id='word_1_397' title='bbox 596 5200 799 5253; x_wconf 88' lang='lat' dir='ltr'>Lovan.</span> <span class='ocrx_word' id='word_1_398' title='bbox 826 5203 964 5252; x_wconf 91' lang='lat' dir='ltr'>tom.</span> <span class='ocrx_word' id='word_1_399' title='bbox 996 5199 1085 5265; x_wconf 89' lang='lat' dir='ltr'>VI,</span> <span class='ocrx_word' id='word_1_400' title='bbox 1114 5199 1309 5253; x_wconf 85' lang='lat' dir='ltr'>Bened.</span> <span class='ocrx_word' id='word_1_401' title='bbox 1348 5199 1491 5253; x_wconf 89' lang='lat' dir='ltr'><strong>VIII.</strong></span> 
     </span>
    </p>
   </div>
   <div class='ocr_carea' id='block_1_60' title="bbox 177 5288 1891 5359">
    <p class='ocr_par' dir='ltr' id='par_1_60' title="bbox 177 5288 1891 5359">
     <span class='ocr_line' id='line_1_60' title="bbox 177 5288 1891 5359; baseline 0.001 -18"><span class='ocrx_word' id='word_1_402' title='bbox 177 5288 260 5341; x_wconf 76' lang='lat'>23.</span> <span class='ocrx_word' id='word_1_403' title='bbox 322 5289 623 5357; x_wconf 72' lang='lat' dir='ltr'>Expositio</span> <span class='ocrx_word' id='word_1_404' title='bbox 682 5288 1047 5356; x_wconf 85' lang='lat' dir='ltr'>quarumdam</span> <span class='ocrx_word' id='word_1_405' title='bbox 1099 5290 1535 5358; x_wconf 87' lang='lat' dir='ltr'>Propositionum</span> <span class='ocrx_word' id='word_1_406' title='bbox 1587 5303 1656 5342; x_wconf 84' lang='lat' dir='ltr'>ex</span> <span class='ocrx_word' id='word_1_407' title='bbox 1710 5288 1891 5359; x_wconf 89' lang='lat' dir='ltr'>Epist.</span> 
     </span>
    </p>
   </div>
   <div class='ocr_carea' id='block_1_61' title="bbox 244 5375 1903 5447">
    <p class='ocr_par' dir='ltr' id='par_1_61' title="bbox 244 5375 1903 5447">
     <span class='ocr_line' id='line_1_61' title="bbox 244 5375 1903 5447; baseline 0.001 -18"><span class='ocrx_word' id='word_1_408' title='bbox 244 5376 419 5429; x_wconf 84' lang='lat' dir='ltr'>Pauli</span> <span class='ocrx_word' id='word_1_409' title='bbox 453 5377 523 5430; x_wconf 88' lang='lat' dir='ltr'>ad</span> <span class='ocrx_word' id='word_1_410' title='bbox 558 5376 869 5431; x_wconf 79' lang='lat' dir='ltr'>Romanos.</span> <span class='ocrx_word' id='word_1_411' title='bbox 903 5375 1070 5430; x_wconf 90' lang='lat' dir='ltr'>Dedit</span> <span class='ocrx_word' id='word_1_412' title='bbox 1127 5375 1467 5447; x_wconf 77' lang='lat' dir='ltr'>Carthagine</span> <span class='ocrx_word' id='word_1_413' title='bbox 1518 5376 1702 5429; x_wconf 87' lang='lat' dir='ltr'>adhuc</span> <span class='ocrx_word' id='word_1_414' title='bbox 1742 5390 1903 5446; x_wconf 87' lang='lat' dir='ltr'>pres-</span> 
     </span>
    </p>
   </div>
   <div class='ocr_carea' id='block_1_62' title="bbox 238 5464 1899 5536">
    <p class='ocr_par' dir='ltr' id='par_1_62' title="bbox 238 5464 1899 5536">
     <span class='ocr_line' id='line_1_62' title="bbox 238 5464 1899 5536; baseline 0.001 -16"><span class='ocrx_word' id='word_1_415' title='bbox 238 5464 423 5536; x_wconf 75' lang='lat' dir='ltr'>byter</span> <span class='ocrx_word' id='word_1_416' title='bbox 450 5481 503 5518; x_wconf 87' lang='lat' dir='ltr'>a.</span> <span class='ocrx_word' id='word_1_417' title='bbox 541 5467 667 5521; x_wconf 85' lang='grc'><strong>394.</strong></span> <span class='ocrx_word' id='word_1_418' title='bbox 704 5466 854 5520; x_wconf 82' lang='lat' dir='ltr'>Exst.</span> <span class='ocrx_word' id='word_1_419' title='bbox 889 5464 951 5519; x_wconf 91' lang='lat' dir='ltr'>in</span> <span class='ocrx_word' id='word_1_420' title='bbox 987 5464 1074 5519; x_wconf 89' lang='lat' dir='ltr'>ed.</span> <span class='ocrx_word' id='word_1_421' title='bbox 1134 5468 1351 5521; x_wconf 89' lang='lat' dir='ltr'>Erasm.</span> <span class='ocrx_word' id='word_1_422' title='bbox 1397 5469 1454 5519; x_wconf 90' lang='lat' dir='ltr'>et</span> <span class='ocrx_word' id='word_1_423' title='bbox 1497 5466 1708 5520; x_wconf 85' lang='lat' dir='ltr'>Lovan.</span> <span class='ocrx_word' id='word_1_424' title='bbox 1758 5468 1899 5521; x_wconf 89' lang='lat' dir='ltr'>tom.</span> 
     </span>
    </p>
   </div>
   <div class='ocr_carea' id='block_1_63' title="bbox 239 5553 715 5620">
    <p class='ocr_par' dir='ltr' id='par_1_63' title="bbox 239 5553 715 5620">
     <span class='ocr_line' id='line_1_63' title="bbox 239 5553 715 5620; baseline 0.002 -13"><span class='ocrx_word' id='word_1_425' title='bbox 239 5554 337 5620; x_wconf 83' lang='lat' dir='ltr'><strong>IV,</strong></span> <span class='ocrx_word' id='word_1_426' title='bbox 376 5553 582 5608; x_wconf 81' lang='lat' dir='ltr'>Bened.</span> <span class='ocrx_word' id='word_1_427' title='bbox 614 5554 715 5609; x_wconf 93' lang='lat' dir='ltr'><strong>III.</strong></span> 
     </span>
    </p>
   </div>
   <div class='ocr_carea' id='block_1_64' title="bbox 180 5640 1899 5714">
    <p class='ocr_par' dir='ltr' id='par_1_64' title="bbox 180 5640 1899 5714">
     <span class='ocr_line' id='line_1_64' title="bbox 180 5640 1899 5714; baseline 0.003 -21"><span class='ocrx_word' id='word_1_428' title='bbox 180 5640 255 5695; x_wconf 72' lang='grc'>24.</span> <span class='ocrx_word' id='word_1_429' title='bbox 315 5644 621 5712; x_wconf 67' lang='lat' dir='ltr'>Expositio</span> <span class='ocrx_word' id='word_1_430' title='bbox 671 5643 941 5714; x_wconf 67' lang='lat' dir='ltr'>Epistolas</span> <span class='ocrx_word' id='word_1_431' title='bbox 1013 5642 1089 5697; x_wconf 88' lang='lat' dir='ltr'>ad</span> <span class='ocrx_word' id='word_1_432' title='bbox 1139 5642 1364 5699; x_wconf 88' lang='lat' dir='ltr'>Galatas</span> <span class='ocrx_word' id='word_1_433' title='bbox 1416 5642 1621 5698; x_wconf 90' lang='lat' dir='ltr'>eodem</span> <span class='ocrx_word' id='word_1_434' title='bbox 1673 5642 1899 5698; x_wconf 84' lang='lat' dir='ltr'>circiter</span> 
     </span>
    </p>
   </div>
   <div class='ocr_carea' id='block_1_65' title="bbox 2094 535 2537 599">
    <p class='ocr_par' dir='ltr' id='par_1_65' title="bbox 2094 535 2537 599">
     <span class='ocr_line' id='line_1_65' title="bbox 2094 535 2537 599; baseline 0.005 -11"><span class='ocrx_word' id='word_1_435' title='bbox 2094 535 2178 599; x_wconf 90' lang='lat' dir='ltr'><strong>IV,</strong></span> <span class='ocrx_word' id='word_1_436' title='bbox 2215 536 2411 590; x_wconf 83' lang='lat' dir='ltr'>Bened.</span> <span class='ocrx_word' id='word_1_437' title='bbox 2444 537 2537 590; x_wconf 92' lang='lat' dir='ltr'><strong>III.</strong></span> 
     </span>
    </p>
   </div>
   <div class='ocr_carea' id='block_1_66' title="bbox 2018 626 3714 695">
    <p class='ocr_par' dir='ltr' id='par_1_66' title="bbox 2018 626 3714 695">
     <span class='ocr_line' id='line_1_66' title="bbox 2018 626 3714 695; baseline 0.003 -19"><span class='ocrx_word' id='word_1_438' title='bbox 2018 626 2106 677; x_wconf 88' lang='grc'>25.</span> <span class='ocrx_word' id='word_1_439' title='bbox 2129 626 2413 693; x_wconf 64' lang='lat' dir='ltr'>Expositio</span> <span class='ocrx_word' id='word_1_440' title='bbox 2454 626 2731 695; x_wconf 71' lang='lat' dir='ltr'>Epistolas</span> <span class='ocrx_word' id='word_1_441' title='bbox 2781 627 2854 679; x_wconf 90' lang='lat' dir='ltr'>ad</span> <span class='ocrx_word' id='word_1_442' title='bbox 2871 630 3137 683; x_wconf 88' lang='lat' dir='ltr'>Romanos</span> <span class='ocrx_word' id='word_1_443' title='bbox 3162 628 3417 682; x_wconf 85' lang='lat' dir='ltr'>inchoata</span> <span class='ocrx_word' id='word_1_444' title='bbox 3435 627 3540 681; x_wconf 92' lang='lat' dir='ltr'>sub</span> <span class='ocrx_word' id='word_1_445' title='bbox 3559 626 3714 681; x_wconf 90' lang='lat' dir='ltr'>idem</span> 
     </span>
    </p>
   </div>
   <div class='ocr_carea' id='block_1_67' title="bbox 2090 712 3711 783">
    <p class='ocr_par' dir='ltr' id='par_1_67' title="bbox 2090 712 3711 783">
     <span class='ocr_line' id='line_1_67' title="bbox 2090 712 3711 783; baseline 0.002 -18"><span class='ocrx_word' id='word_1_446' title='bbox 2090 712 2208 766; x_wconf 87' lang='lat' dir='ltr'>fere</span> <span class='ocrx_word' id='word_1_447' title='bbox 2258 719 2504 783; x_wconf 87' lang='lat' dir='ltr'>tempus.</span> <span class='ocrx_word' id='word_1_448' title='bbox 2566 716 2712 769; x_wconf 88' lang='lat' dir='ltr'>Exst.</span> <span class='ocrx_word' id='word_1_449' title='bbox 2772 715 2835 767; x_wconf 89' lang='lat' dir='ltr'>in</span> <span class='ocrx_word' id='word_1_450' title='bbox 2886 715 2972 769; x_wconf 91' lang='lat' dir='ltr'>ed.</span> <span class='ocrx_word' id='word_1_451' title='bbox 3006 718 3220 774; x_wconf 86' lang='lat' dir='ltr'>Erasm.</span> <span class='ocrx_word' id='word_1_452' title='bbox 3253 721 3309 770; x_wconf 89' lang='lat' dir='ltr'>et</span> <span class='ocrx_word' id='word_1_453' title='bbox 3341 718 3539 771; x_wconf 87' lang='lat' dir='ltr'>Lovan.</span> <span class='ocrx_word' id='word_1_454' title='bbox 3572 721 3711 769; x_wconf 86' lang='lat' dir='ltr'>tom.</span> 
     </span>
    </p>
   </div>
   <div class='ocr_carea' id='block_1_68' title="bbox 2091 800 2537 854">
    <p class='ocr_par' dir='ltr' id='par_1_68' title="bbox 2091 800 2537 854">
     <span class='ocr_line' id='line_1_68' title="bbox 2091 800 2537 854; baseline 0.002 -1"><span class='ocrx_word' id='word_1_455' title='bbox 2091 800 2177 853; x_wconf 91' lang='lat' dir='ltr'><strong>IV.</strong></span> <span class='ocrx_word' id='word_1_456' title='bbox 2204 800 2406 854; x_wconf 83' lang='lat' dir='ltr'>Bened.</span> <span class='ocrx_word' id='word_1_457' title='bbox 2444 801 2537 854; x_wconf 90' lang='grc' dir='ltr'>ΙΙΙ.</span> 
     </span>
    </p>
   </div>
   <div class='ocr_carea' id='block_1_69' title="bbox 2018 898 3711 956">
    <p class='ocr_par' dir='ltr' id='par_1_69' title="bbox 2018 898 3711 956">
     <span class='ocr_line' id='line_1_69' title="bbox 2018 898 3711 956; baseline 0.003 -6"><span class='ocrx_word' id='word_1_458' title='bbox 2018 898 2106 951; x_wconf 86' lang='grc'>26.</span> <span class='ocrx_word' id='word_1_459' title='bbox 2140 899 2223 951; x_wconf 90' lang='lat' dir='ltr'>De</span> <span class='ocrx_word' id='word_1_460' title='bbox 2276 898 2551 952; x_wconf 82' lang='lat' dir='ltr'>Mendacio</span> <span class='ocrx_word' id='word_1_461' title='bbox 2603 899 2677 952; x_wconf 88' lang='lat' dir='ltr'>ad</span> <span class='ocrx_word' id='word_1_462' title='bbox 2733 899 3069 955; x_wconf 85' lang='lat' dir='ltr'>Consentium</span> <span class='ocrx_word' id='word_1_463' title='bbox 3118 899 3262 953; x_wconf 89' lang='lat' dir='ltr'>liber</span> <span class='ocrx_word' id='word_1_464' title='bbox 3309 917 3360 955; x_wconf 88' lang='lat' dir='ltr'>a.</span> <span class='ocrx_word' id='word_1_465' title='bbox 3398 904 3520 956; x_wconf 90' lang='lat'>395.</span> <span class='ocrx_word' id='word_1_466' title='bbox 3562 902 3711 955; x_wconf 81' lang='lat' dir='ltr'>Exst.</span> 
     </span>
    </p>
   </div>
   <div class='ocr_carea' id='block_1_70' title="bbox 2090 984 3472 1057">
    <p class='ocr_par' dir='ltr' id='par_1_70' title="bbox 2090 984 3472 1057">
     <span class='ocr_line' id='line_1_70' title="bbox 2090 984 3472 1057; baseline 0.006 -20"><span class='ocrx_word' id='word_1_467' title='bbox 2090 984 2150 1039; x_wconf 89' lang='lat' dir='ltr'>in</span> <span class='ocrx_word' id='word_1_468' title='bbox 2177 986 2265 1039; x_wconf 92' lang='lat' dir='ltr'>ed.</span> <span class='ocrx_word' id='word_1_469' title='bbox 2297 989 2510 1041; x_wconf 89' lang='lat' dir='ltr'>Erasm.</span> <span class='ocrx_word' id='word_1_470' title='bbox 2546 991 2602 1041; x_wconf 91' lang='lat' dir='ltr'>et</span> <span class='ocrx_word' id='word_1_471' title='bbox 2626 990 2832 1044; x_wconf 86' lang='lat' dir='ltr'>Lovan.</span> <span class='ocrx_word' id='word_1_472' title='bbox 2867 994 3006 1043; x_wconf 90' lang='lat' dir='ltr'>tom.</span> <span class='ocrx_word' id='word_1_473' title='bbox 3042 989 3131 1057; x_wconf 81' lang='lat' dir='ltr'><strong>IV,</strong></span> <span class='ocrx_word' id='word_1_474' title='bbox 3163 991 3358 1046; x_wconf 83' lang='lat' dir='ltr'>Bened.</span> <span class='ocrx_word' id='word_1_475' title='bbox 3385 992 3472 1045; x_wconf 89' lang='lat' dir='ltr'><strong>VI.</strong></span> 
     </span>
    </p>
   </div>
   <div class='ocr_carea' id='block_1_71' title="bbox 2018 1087 3709 1155">
    <p class='ocr_par' dir='ltr' id='par_1_71' title="bbox 2018 1087 3709 1155">
     <span class='ocr_line' id='line_1_71' title="bbox 2018 1087 3709 1155; baseline 0.004 -17"><span class='ocrx_word' id='word_1_476' title='bbox 2018 1087 2106 1139; x_wconf 82' lang='lat'>27.</span> <span class='ocrx_word' id='word_1_477' title='bbox 2140 1088 2213 1139; x_wconf 87' lang='lat' dir='ltr'>De</span> <span class='ocrx_word' id='word_1_478' title='bbox 2254 1087 2603 1140; x_wconf 86' lang='lat' dir='ltr'>Continentia</span> <span class='ocrx_word' id='word_1_479' title='bbox 2641 1088 2786 1141; x_wconf 90' lang='lat' dir='ltr'>liber</span> <span class='ocrx_word' id='word_1_480' title='bbox 2829 1090 2887 1141; x_wconf 90' lang='lat' dir='ltr'>in</span> <span class='ocrx_word' id='word_1_481' title='bbox 2933 1091 3015 1142; x_wconf 88' lang='lat' dir='ltr'>Ps.</span> <span class='ocrx_word' id='word_1_482' title='bbox 3080 1105 3217 1153; x_wconf 81' lang='lat' dir='ltr'><strong>CXLI,</strong></span> <span class='ocrx_word' id='word_1_483' title='bbox 3281 1093 3332 1155; x_wconf 92' lang='lat'>3,</span> <span class='ocrx_word' id='word_1_484' title='bbox 3385 1092 3435 1155; x_wconf 79' lang='lat'>4,</span> <span class='ocrx_word' id='word_1_485' title='bbox 3496 1106 3603 1143; x_wconf 91' lang='lat' dir='ltr'>scr.</span> <span class='ocrx_word' id='word_1_486' title='bbox 3662 1106 3709 1144; x_wconf 93' lang='lat' dir='ltr'>c.</span> 
     </span>
    </p>
   </div>
   <div class='ocr_carea' id='block_1_72' title="bbox 2089 1175 3706 1245">
    <p class='ocr_par' dir='ltr' id='par_1_72' title="bbox 2089 1175 3706 1245">
     <span class='ocr_line' id='line_1_72' title="bbox 2089 1175 3706 1245; baseline 0.002 -18"><span class='ocrx_word' id='word_1_487' title='bbox 2089 1189 2140 1228; x_wconf 89' lang='lat' dir='ltr'>a.</span> <span class='ocrx_word' id='word_1_488' title='bbox 2177 1177 2296 1228; x_wconf 88' lang='lat'>395.</span> <span class='ocrx_word' id='word_1_489' title='bbox 2334 1177 2484 1229; x_wconf 77' lang='lat' dir='ltr'>Exst.</span> <span class='ocrx_word' id='word_1_490' title='bbox 2542 1175 2602 1228; x_wconf 89' lang='lat' dir='ltr'>in</span> <span class='ocrx_word' id='word_1_491' title='bbox 2631 1177 2717 1230; x_wconf 92' lang='lat' dir='ltr'>ed.</span> <span class='ocrx_word' id='word_1_492' title='bbox 2768 1179 2978 1232; x_wconf 87' lang='lat' dir='ltr'>Erasm.</span> <span class='ocrx_word' id='word_1_493' title='bbox 3041 1182 3099 1232; x_wconf 90' lang='lat' dir='ltr'>et</span> <span class='ocrx_word' id='word_1_494' title='bbox 3150 1180 3352 1232; x_wconf 80' lang='lat' dir='ltr'>Lovan.</span> <span class='ocrx_word' id='word_1_495' title='bbox 3414 1183 3552 1232; x_wconf 91' lang='lat' dir='ltr'>tom.</span> <span class='ocrx_word' id='word_1_496' title='bbox 3618 1179 3706 1245; x_wconf 88' lang='lat' dir='ltr'><strong>IV,</strong></span> 
     </span>
    </p>
   </div>
   <div class='ocr_carea' id='block_1_73' title="bbox 2090 1265 2400 1319">
    <p class='ocr_par' dir='ltr' id='par_1_73' title="bbox 2090 1265 2400 1319">
     <span class='ocr_line' id='line_1_73' title="bbox 2090 1265 2400 1319; baseline 0 0"><span class='ocrx_word' id='word_1_497' title='bbox 2090 1265 2287 1319; x_wconf 88' lang='lat' dir='ltr'>Bened.</span> <span class='ocrx_word' id='word_1_498' title='bbox 2314 1265 2400 1319; x_wconf 89' lang='lat' dir='ltr'><strong>VI.</strong></span> 
     </span>
    </p>
   </div>
   <div class='ocr_carea' id='block_1_74' title="bbox 2019 1361 3720 1433">
    <p class='ocr_par' dir='ltr' id='par_1_74' title="bbox 2019 1361 3720 1433">
     <span class='ocr_line' id='line_1_74' title="bbox 2019 1361 3720 1433; baseline 0.001 -17"><span class='ocrx_word' id='word_1_499' title='bbox 2019 1361 2107 1416; x_wconf 73' lang='lat'>‘28.</span> <span class='ocrx_word' id='word_1_500' title='bbox 2150 1363 2235 1415; x_wconf 87' lang='lat' dir='ltr'>De</span> <span class='ocrx_word' id='word_1_501' title='bbox 2279 1363 2509 1418; x_wconf 84' lang='lat' dir='ltr'>diversis</span> <span class='ocrx_word' id='word_1_502' title='bbox 2562 1364 2949 1429; x_wconf 62' lang='lat' dir='ltr'>Quzstionibus</span> <span class='ocrx_word' id='word_1_503' title='bbox 3000 1364 3265 1425; x_wconf 85' lang='lat' dir='ltr'><strong>LXXXIII,</strong></span> <span class='ocrx_word' id='word_1_504' title='bbox 3325 1364 3439 1417; x_wconf 84' lang='lat' dir='ltr'>sive</span> <span class='ocrx_word' id='word_1_505' title='bbox 3492 1366 3720 1433; x_wconf 87' lang='lat' dir='ltr'>Respon-</span> 
     </span>
    </p>
   </div>
   <div class='ocr_carea' id='block_1_75' title="bbox 2089 1452 3715 1524">
    <p class='ocr_par' dir='ltr' id='par_1_75' title="bbox 2089 1452 3715 1524">
     <span class='ocr_line' id='line_1_75' title="bbox 2089 1452 3715 1524; baseline 0.001 -19"><span class='ocrx_word' id='word_1_506' title='bbox 2089 1454 2262 1505; x_wconf 87' lang='lat' dir='ltr'>siones</span> <span class='ocrx_word' id='word_1_507' title='bbox 2310 1453 2383 1505; x_wconf 92' lang='lat' dir='ltr'>ad</span> <span class='ocrx_word' id='word_1_508' title='bbox 2428 1454 2751 1520; x_wconf 67' lang='lat' dir='ltr'>Quaestiones</span> <span class='ocrx_word' id='word_1_509' title='bbox 2804 1454 3066 1508; x_wconf 76' lang='lat' dir='ltr'><strong>LXXXIII.</strong></span> <span class='ocrx_word' id='word_1_510' title='bbox 3120 1454 3228 1507; x_wconf 86' lang='lat' dir='ltr'>Has</span> <span class='ocrx_word' id='word_1_511' title='bbox 3277 1452 3632 1524; x_wconf 84' lang='lat' dir='ltr'>Augustinus</span> <span class='ocrx_word' id='word_1_512' title='bbox 3681 1469 3715 1506; x_wconf 90' lang='lat' dir='ltr'>a</span> 
     </span>
    </p>
   </div>
   <div class='ocr_carea' id='block_1_76' title="bbox 2088 1540 3711 1612">
    <p class='ocr_par' dir='ltr' id='par_1_76' title="bbox 2088 1540 3711 1612">
     <span class='ocr_line' id='line_1_76' title="bbox 2088 1540 3711 1612; baseline 0.001 -18"><span class='ocrx_word' id='word_1_513' title='bbox 2088 1540 2360 1595; x_wconf 85' lang='lat' dir='ltr'>fratribus</span> <span class='ocrx_word' id='word_1_514' title='bbox 2415 1542 2814 1612; x_wconf 86' lang='lat' dir='ltr'>interrogatus,</span> <span class='ocrx_word' id='word_1_515' title='bbox 2876 1544 3034 1596; x_wconf 88' lang='lat' dir='ltr'>nullo</span> <span class='ocrx_word' id='word_1_516' title='bbox 3115 1543 3415 1596; x_wconf 86' lang='lat' dir='ltr'>observato</span> <span class='ocrx_word' id='word_1_517' title='bbox 3490 1542 3711 1608; x_wconf 87' lang='lat' dir='ltr'>ordine,</span> 
     </span>
    </p>
   </div>
   <div class='ocr_carea' id='block_1_77' title="bbox 2091 1629 3717 1703">
    <p class='ocr_par' dir='ltr' id='par_1_77' title="bbox 2091 1629 3717 1703">
     <span class='ocr_line' id='line_1_77' title="bbox 2091 1629 3717 1703; baseline 0.001 -20"><span class='ocrx_word' id='word_1_518' title='bbox 2091 1629 2325 1684; x_wconf 86' lang='lat' dir='ltr'>dictavit</span> <span class='ocrx_word' id='word_1_519' title='bbox 2352 1630 2413 1683; x_wconf 91' lang='lat' dir='ltr'>in</span> <span class='ocrx_word' id='word_1_520' title='bbox 2455 1631 2641 1685; x_wconf 84' lang='lat' dir='ltr'>Africa</span> <span class='ocrx_word' id='word_1_521' title='bbox 2696 1648 2743 1687; x_wconf 90' lang='lat' dir='ltr'>c.</span> <span class='ocrx_word' id='word_1_522' title='bbox 2798 1648 2851 1685; x_wconf 90' lang='lat' dir='ltr'>a.</span> <span class='ocrx_word' id='word_1_523' title='bbox 2908 1635 3029 1687; x_wconf 91' lang='lat'>390.</span> <span class='ocrx_word' id='word_1_524' title='bbox 3081 1632 3389 1703; x_wconf 85' lang='lat' dir='ltr'>Episcopus</span> <span class='ocrx_word' id='word_1_525' title='bbox 3443 1648 3576 1685; x_wconf 84' lang='lat' dir='ltr'>vero</span> <span class='ocrx_word' id='word_1_526' title='bbox 3633 1632 3717 1685; x_wconf 84' lang='lat' dir='ltr'>fa-</span> 
     </span>
    </p>
   </div>
   <div class='ocr_carea' id='block_1_78' title="bbox 2089 1718 3719 1790">
    <p class='ocr_par' dir='ltr' id='par_1_78' title="bbox 2089 1718 3719 1790">
     <span class='ocr_line' id='line_1_78' title="bbox 2089 1718 3719 1790; baseline 0.001 -19"><span class='ocrx_word' id='word_1_527' title='bbox 2089 1722 2229 1782; x_wconf 91' lang='lat' dir='ltr'>ctus,</span> <span class='ocrx_word' id='word_1_528' title='bbox 2264 1735 2358 1772; x_wconf 88' lang='lat' dir='ltr'>eas</span> <span class='ocrx_word' id='word_1_529' title='bbox 2383 1719 2573 1789; x_wconf 89' lang='lat' dir='ltr'>colligi</span> <span class='ocrx_word' id='word_1_530' title='bbox 2596 1719 2786 1790; x_wconf 83' lang='lat' dir='ltr'>jussit,</span> <span class='ocrx_word' id='word_1_531' title='bbox 2820 1725 2877 1774; x_wconf 91' lang='lat' dir='ltr'>et</span> <span class='ocrx_word' id='word_1_532' title='bbox 2902 1736 3082 1773; x_wconf 91' lang='lat' dir='ltr'>unum</span> <span class='ocrx_word' id='word_1_533' title='bbox 3114 1737 3179 1774; x_wconf 87' lang='lat' dir='ltr'>ex</span> <span class='ocrx_word' id='word_1_534' title='bbox 3227 1720 3298 1773; x_wconf 89' lang='lat' dir='ltr'>iis</span> <span class='ocrx_word' id='word_1_535' title='bbox 3347 1720 3560 1774; x_wconf 90' lang='lat' dir='ltr'>librum</span> <span class='ocrx_word' id='word_1_536' title='bbox 3591 1718 3719 1772; x_wconf 82' lang='lat' dir='ltr'>ﬁeri</span> 
     </span>
    </p>
   </div>
   <div class='ocr_carea' id='block_1_79' title="bbox 2089 1806 3714 1863">
    <p class='ocr_par' dir='ltr' id='par_1_79' title="bbox 2089 1806 3714 1863">
     <span class='ocr_line' id='line_1_79' title="bbox 2089 1806 3714 1863; baseline 0.001 -4"><span class='ocrx_word' id='word_1_537' title='bbox 2089 1806 2305 1860; x_wconf 87' lang='lat' dir='ltr'>curavit</span> <span class='ocrx_word' id='word_1_538' title='bbox 2361 1824 2410 1861; x_wconf 91' lang='lat' dir='ltr'>a.</span> <span class='ocrx_word' id='word_1_539' title='bbox 2473 1810 2601 1862; x_wconf 92' lang='lat'>398.</span> <span class='ocrx_word' id='word_1_540' title='bbox 2664 1809 2816 1861; x_wconf 82' lang='lat' dir='ltr'>Exst.</span> <span class='ocrx_word' id='word_1_541' title='bbox 2874 1808 2935 1862; x_wconf 90' lang='lat' dir='ltr'>in</span> <span class='ocrx_word' id='word_1_542' title='bbox 2990 1808 3076 1862; x_wconf 91' lang='lat' dir='ltr'>ed.</span> <span class='ocrx_word' id='word_1_543' title='bbox 3132 1811 3345 1863; x_wconf 85' lang='lat' dir='ltr'>Erasm.</span> <span class='ocrx_word' id='word_1_544' title='bbox 3393 1811 3447 1862; x_wconf 86' lang='lat' dir='ltr'>et</span> <span class='ocrx_word' id='word_1_545' title='bbox 3508 1810 3714 1863; x_wconf 84' lang='lat' dir='ltr'>Lovan.</span> 
     </span>
    </p>
   </div>
   <div class='ocr_carea' id='block_1_80' title="bbox 2087 1897 2681 1963">
    <p class='ocr_par' dir='ltr' id='par_1_80' title="bbox 2087 1897 2681 1963">
     <span class='ocr_line' id='line_1_80' title="bbox 2087 1897 2681 1963; baseline 0.003 -14"><span class='ocrx_word' id='word_1_546' title='bbox 2087 1899 2226 1950; x_wconf 89' lang='lat' dir='ltr'>tom.</span> <span class='ocrx_word' id='word_1_547' title='bbox 2250 1897 2341 1963; x_wconf 93' lang='lat' dir='ltr'><strong>IV,</strong></span> <span class='ocrx_word' id='word_1_548' title='bbox 2368 1897 2564 1951; x_wconf 89' lang='lat' dir='ltr'>Bened.</span> <span class='ocrx_word' id='word_1_549' title='bbox 2594 1897 2681 1951; x_wconf 89' lang='lat' dir='ltr'><strong>VI.</strong></span> 
     </span>
    </p>
   </div>
   <div class='ocr_carea' id='block_1_81' title="bbox 2016 1993 3718 2065">
    <p class='ocr_par' dir='ltr' id='par_1_81' title="bbox 2016 1993 3718 2065">
     <span class='ocr_line' id='line_1_81' title="bbox 2016 1993 3718 2065; baseline 0.001 -18"><span class='ocrx_word' id='word_1_550' title='bbox 2016 1995 2104 2049; x_wconf 90' lang='grc'>29.</span> <span class='ocrx_word' id='word_1_551' title='bbox 2134 1994 2219 2047; x_wconf 89' lang='lat' dir='ltr'>De</span> <span class='ocrx_word' id='word_1_552' title='bbox 2240 1994 2466 2048; x_wconf 83' lang='lat' dir='ltr'>diversis</span> <span class='ocrx_word' id='word_1_553' title='bbox 2497 1994 2888 2059; x_wconf 65' lang='lat' dir='ltr'>Qumstionibus</span> <span class='ocrx_word' id='word_1_554' title='bbox 2935 1995 3029 2048; x_wconf 90' lang='lat' dir='ltr'>VII</span> <span class='ocrx_word' id='word_1_555' title='bbox 3077 1993 3209 2048; x_wconf 91' lang='lat' dir='ltr'>libri</span> <span class='ocrx_word' id='word_1_556' title='bbox 3268 1993 3404 2048; x_wconf 92' lang='lat' dir='ltr'>duo.</span> <span class='ocrx_word' id='word_1_557' title='bbox 3459 1993 3568 2059; x_wconf 90' lang='lat' dir='ltr'>Qui</span> <span class='ocrx_word' id='word_1_558' title='bbox 3595 1994 3718 2065; x_wconf 90' lang='lat' dir='ltr'>pri-</span> 
     </span>
    </p>
   </div>
   <div class='ocr_carea' id='block_1_82' title="bbox 2088 2081 3718 2153">
    <p class='ocr_par' dir='ltr' id='par_1_82' title="bbox 2088 2081 3718 2153">
     <span class='ocr_line' id='line_1_82' title="bbox 2088 2081 3718 2153; baseline -0.001 -16"><span class='ocrx_word' id='word_1_559' title='bbox 2088 2082 2169 2137; x_wconf 91' lang='lat' dir='ltr'>mi</span> <span class='ocrx_word' id='word_1_560' title='bbox 2190 2083 2446 2137; x_wconf 90' lang='lat' dir='ltr'>omnium</span> <span class='ocrx_word' id='word_1_561' title='bbox 2495 2088 2646 2149; x_wconf 90' lang='lat' dir='ltr'>sunt,</span> <span class='ocrx_word' id='word_1_562' title='bbox 2682 2098 2823 2153; x_wconf 91' lang='lat' dir='ltr'>quos</span> <span class='ocrx_word' id='word_1_563' title='bbox 2853 2081 3152 2153; x_wconf 88' lang='lat' dir='ltr'>episcopus</span> <span class='ocrx_word' id='word_1_564' title='bbox 3179 2082 3407 2153; x_wconf 88' lang='lat' dir='ltr'>scripsit</span> <span class='ocrx_word' id='word_1_565' title='bbox 3442 2084 3718 2151; x_wconf 85' lang='lat' dir='ltr'>Augusti-</span> 
     </span>
    </p>
   </div>
   <div class='ocr_carea' id='block_1_83' title="bbox 2084 2171 3719 2242">
    <p class='ocr_par' dir='ltr' id='par_1_83' title="bbox 2084 2171 3719 2242">
     <span class='ocr_line' id='line_1_83' title="bbox 2084 2171 3719 2242; baseline 0.002 -19"><span class='ocrx_word' id='word_1_566' title='bbox 2084 2185 2187 2223; x_wconf 86' lang='lat' dir='ltr'>nus</span> <span class='ocrx_word' id='word_1_567' title='bbox 2215 2171 2286 2224; x_wconf 91' lang='lat' dir='ltr'>ad</span> <span class='ocrx_word' id='word_1_568' title='bbox 2315 2171 2738 2239; x_wconf 86' lang='lat' dir='ltr'>Simplicianum</span> <span class='ocrx_word' id='word_1_569' title='bbox 2793 2171 3017 2226; x_wconf 86' lang='lat' dir='ltr'>Mediol.</span> <span class='ocrx_word' id='word_1_570' title='bbox 3075 2172 3277 2242; x_wconf 90' lang='lat' dir='ltr'>episc.,</span> <span class='ocrx_word' id='word_1_571' title='bbox 3336 2171 3435 2242; x_wconf 91' lang='lat' dir='ltr'>qui</span> <span class='ocrx_word' id='word_1_572' title='bbox 3490 2171 3544 2226; x_wconf 93' lang='lat' dir='ltr'><strong>S.</strong></span> <span class='ocrx_word' id='word_1_573' title='bbox 3579 2175 3719 2226; x_wconf 89' lang='lat' dir='ltr'>Am-</span> 
     </span>
    </p>
   </div>
   <div class='ocr_carea' id='block_1_84' title="bbox 2085 2258 3714 2316">
    <p class='ocr_par' dir='ltr' id='par_1_84' title="bbox 2085 2258 3714 2316">
     <span class='ocr_line' id='line_1_84' title="bbox 2085 2258 3714 2316; baseline 0.002 -4"><span class='ocrx_word' id='word_1_574' title='bbox 2085 2258 2277 2314; x_wconf 89' lang='lat' dir='ltr'>brosio</span> <span class='ocrx_word' id='word_1_575' title='bbox 2306 2259 2574 2313; x_wconf 69' lang='lat' dir='ltr'>suffectus</span> <span class='ocrx_word' id='word_1_576' title='bbox 2627 2264 2713 2313; x_wconf 91' lang='lat' dir='ltr'>est</span> <span class='ocrx_word' id='word_1_577' title='bbox 2749 2277 2800 2314; x_wconf 90' lang='lat' dir='ltr'>a.</span> <span class='ocrx_word' id='word_1_578' title='bbox 2859 2262 2984 2315; x_wconf 91' lang='lat'>397.</span> <span class='ocrx_word' id='word_1_579' title='bbox 3043 2261 3190 2315; x_wconf 81' lang='lat' dir='ltr'>Exst.</span> <span class='ocrx_word' id='word_1_580' title='bbox 3243 2260 3305 2315; x_wconf 92' lang='lat' dir='ltr'>in</span> <span class='ocrx_word' id='word_1_581' title='bbox 3363 2261 3451 2315; x_wconf 92' lang='lat' dir='ltr'>ed.</span> <span class='ocrx_word' id='word_1_582' title='bbox 3500 2263 3714 2316; x_wconf 86' lang='lat' dir='ltr'>Erasm.</span> 
     </span>
    </p>
   </div>
   <div class='ocr_carea' id='block_1_85' title="bbox 2091 2349 3023 2418">
    <p class='ocr_par' dir='ltr' id='par_1_85' title="bbox 2091 2349 3023 2418">
     <span class='ocr_line' id='line_1_85' title="bbox 2091 2349 3023 2418; baseline 0.003 -17"><span class='ocrx_word' id='word_1_583' title='bbox 2091 2353 2149 2402; x_wconf 89' lang='lat' dir='ltr'>et</span> <span class='ocrx_word' id='word_1_584' title='bbox 2175 2350 2379 2403; x_wconf 88' lang='lat' dir='ltr'>Lovan.</span> <span class='ocrx_word' id='word_1_585' title='bbox 2413 2353 2551 2403; x_wconf 89' lang='lat' dir='ltr'>tom.</span> <span class='ocrx_word' id='word_1_586' title='bbox 2582 2351 2674 2418; x_wconf 90' lang='lat' dir='ltr'><strong>IV,</strong></span> <span class='ocrx_word' id='word_1_587' title='bbox 2701 2349 2897 2404; x_wconf 80' lang='lat' dir='ltr'>Bened.</span> <span class='ocrx_word' id='word_1_588' title='bbox 2934 2350 3023 2404; x_wconf 92' lang='lat' dir='ltr'>VI.</span> 
     </span>
    </p>
   </div>
   <div class='ocr_carea' id='block_1_86' title="bbox 2016 2446 3717 2517">
    <p class='ocr_par' dir='ltr' id='par_1_86' title="bbox 2016 2446 3717 2517">
     <span class='ocr_line' id='line_1_86' title="bbox 2016 2446 3717 2517; baseline 0.001 -17"><span class='ocrx_word' id='word_1_589' title='bbox 2016 2448 2104 2500; x_wconf 86' lang='grc'>30.</span> <span class='ocrx_word' id='word_1_590' title='bbox 2165 2448 2361 2503; x_wconf 84' lang='lat' dir='ltr'>Contra</span> <span class='ocrx_word' id='word_1_591' title='bbox 2421 2449 2649 2502; x_wconf 87' lang='lat' dir='ltr'>Manctis</span> <span class='ocrx_word' id='word_1_592' title='bbox 2718 2446 3045 2517; x_wconf 89' lang='lat' dir='ltr'>Epistolam,</span> <span class='ocrx_word' id='word_1_593' title='bbox 3112 2446 3204 2501; x_wconf 92' lang='lat' dir='ltr'>cui</span> <span class='ocrx_word' id='word_1_594' title='bbox 3249 2447 3450 2501; x_wconf 89' lang='lat' dir='ltr'>titulus</span> <span class='ocrx_word' id='word_1_595' title='bbox 3498 2446 3717 2502; x_wconf 87' lang='lat' dir='ltr'>Funda-</span> 
     </span>
    </p>
   </div>
   <div class='ocr_carea' id='block_1_87' title="bbox 2084 2535 3713 2606">
    <p class='ocr_par' dir='ltr' id='par_1_87' title="bbox 2084 2535 3713 2606">
     <span class='ocr_line' id='line_1_87' title="bbox 2084 2535 3713 2606; baseline 0.002 -16"><span class='ocrx_word' id='word_1_596' title='bbox 2084 2539 2253 2591; x_wconf 88' lang='lat' dir='ltr'>menti</span> <span class='ocrx_word' id='word_1_597' title='bbox 2296 2537 2443 2591; x_wconf 88' lang='lat' dir='ltr'>liber</span> <span class='ocrx_word' id='word_1_598' title='bbox 2495 2536 2736 2606; x_wconf 81' lang='lat' dir='ltr'>scriptus</span> <span class='ocrx_word' id='word_1_599' title='bbox 2788 2535 3013 2590; x_wconf 87' lang='lat' dir='ltr'>circiter</span> <span class='ocrx_word' id='word_1_600' title='bbox 3058 2552 3109 2590; x_wconf 91' lang='lat' dir='ltr'>a.</span> <span class='ocrx_word' id='word_1_601' title='bbox 3154 2539 3278 2591; x_wconf 87' lang='lat'>397.</span> <span class='ocrx_word' id='word_1_602' title='bbox 3335 2538 3482 2592; x_wconf 86' lang='lat' dir='ltr'>Exst.</span> <span class='ocrx_word' id='word_1_603' title='bbox 3528 2537 3591 2591; x_wconf 91' lang='lat' dir='ltr'>in</span> <span class='ocrx_word' id='word_1_604' title='bbox 3620 2537 3713 2594; x_wconf 90' lang='lat' dir='ltr'>ed.</span> 
     </span>
    </p>
   </div>
   <div class='ocr_carea' id='block_1_88' title="bbox 2085 2625 3331 2692">
    <p class='ocr_par' dir='ltr' id='par_1_88' title="bbox 2085 2625 3331 2692">
     <span class='ocr_line' id='line_1_88' title="bbox 2085 2625 3331 2692; baseline -0.001 -13"><span class='ocrx_word' id='word_1_605' title='bbox 2085 2628 2308 2680; x_wconf 89' lang='lat' dir='ltr'>Erasm.</span> <span class='ocrx_word' id='word_1_606' title='bbox 2356 2629 2412 2679; x_wconf 91' lang='lat' dir='ltr'>et</span> <span class='ocrx_word' id='word_1_607' title='bbox 2438 2628 2647 2682; x_wconf 86' lang='lat' dir='ltr'>Lovan.</span> <span class='ocrx_word' id='word_1_608' title='bbox 2677 2631 2819 2680; x_wconf 92' lang='lat' dir='ltr'>tom.</span> <span class='ocrx_word' id='word_1_609' title='bbox 2852 2626 2940 2692; x_wconf 90' lang='lat' dir='ltr'>VI,</span> <span class='ocrx_word' id='word_1_610' title='bbox 2963 2625 3158 2681; x_wconf 86' lang='lat' dir='ltr'>Bened.</span> <span class='ocrx_word' id='word_1_611' title='bbox 3188 2626 3331 2679; x_wconf 88' lang='lat' dir='ltr'><strong>VIII.</strong></span> 
     </span>
    </p>
   </div>
   <div class='ocr_carea' id='block_1_89' title="bbox 2016 2724 3716 2796">
    <p class='ocr_par' dir='ltr' id='par_1_89' title="bbox 2016 2724 3716 2796">
     <span class='ocr_line' id='line_1_89' title="bbox 2016 2724 3716 2796; baseline 0 -18"><span class='ocrx_word' id='word_1_612' title='bbox 2016 2724 2109 2779; x_wconf 89' lang='grc'>31.</span> <span class='ocrx_word' id='word_1_613' title='bbox 2167 2727 2239 2779; x_wconf 90' lang='lat' dir='ltr'>De</span> <span class='ocrx_word' id='word_1_614' title='bbox 2285 2726 2471 2792; x_wconf 88' lang='lat' dir='ltr'>Agonc</span> <span class='ocrx_word' id='word_1_615' title='bbox 2523 2727 2834 2782; x_wconf 85' lang='lat' dir='ltr'>Christiano</span> <span class='ocrx_word' id='word_1_616' title='bbox 2883 2743 2939 2781; x_wconf 92' lang='lat' dir='ltr'>a.</span> <span class='ocrx_word' id='word_1_617' title='bbox 3006 2728 3106 2780; x_wconf 89' lang='lat'>396</span> <span class='ocrx_word' id='word_1_618' title='bbox 3157 2725 3529 2796; x_wconf 88' lang='lat' dir='ltr'>conscriptus.</span> <span class='ocrx_word' id='word_1_619' title='bbox 3565 2726 3716 2780; x_wconf 84' lang='lat' dir='ltr'>Exst.</span> 
     </span>
    </p>
   </div>
   <div class='ocr_carea' id='block_1_90' title="bbox 2085 2813 3501 2878">
    <p class='ocr_par' dir='ltr' id='par_1_90' title="bbox 2085 2813 3501 2878">
     <span class='ocr_line' id='line_1_90' title="bbox 2085 2813 3501 2878; baseline 0.001 -11"><span class='ocrx_word' id='word_1_620' title='bbox 2085 2813 2147 2867; x_wconf 91' lang='lat' dir='ltr'>in</span> <span class='ocrx_word' id='word_1_621' title='bbox 2177 2814 2266 2868; x_wconf 90' lang='lat' dir='ltr'>ed.</span> <span class='ocrx_word' id='word_1_622' title='bbox 2302 2817 2521 2868; x_wconf 85' lang='lat' dir='ltr'>Erasm.</span> <span class='ocrx_word' id='word_1_623' title='bbox 2562 2819 2618 2868; x_wconf 88' lang='lat' dir='ltr'>et</span> <span class='ocrx_word' id='word_1_624' title='bbox 2647 2817 2844 2869; x_wconf 86' lang='lat' dir='ltr'>Lovan.</span> <span class='ocrx_word' id='word_1_625' title='bbox 2879 2819 3019 2868; x_wconf 89' lang='lat' dir='ltr'>tom.</span> <span class='ocrx_word' id='word_1_626' title='bbox 3047 2815 3140 2878; x_wconf 85' lang='lat' dir='ltr'><strong>III,</strong></span> <span class='ocrx_word' id='word_1_627' title='bbox 3175 2814 3374 2868; x_wconf 88' lang='lat' dir='ltr'>Bened.</span> <span class='ocrx_word' id='word_1_628' title='bbox 3410 2815 3501 2868; x_wconf 91' lang='lat' dir='ltr'>Vl.</span> 
     </span>
    </p>
   </div>
   <div class='ocr_carea' id='block_1_91' title="bbox 2015 2911 3703 2982">
    <p class='ocr_par' dir='ltr' id='par_1_91' title="bbox 2015 2911 3703 2982">
     <span class='ocr_line' id='line_1_91' title="bbox 2015 2911 3703 2982; baseline 0 -16"><span class='ocrx_word' id='word_1_629' title='bbox 2015 2912 2102 2966; x_wconf 88' lang='grc'>32.</span> <span class='ocrx_word' id='word_1_630' title='bbox 2134 2914 2207 2965; x_wconf 86' lang='lat' dir='ltr'>De</span> <span class='ocrx_word' id='word_1_631' title='bbox 2235 2914 2494 2965; x_wconf 86' lang='lat' dir='ltr'>Doctrina</span> <span class='ocrx_word' id='word_1_632' title='bbox 2531 2913 2845 2967; x_wconf 84' lang='lat' dir='ltr'>Christiana</span> <span class='ocrx_word' id='word_1_633' title='bbox 2871 2912 3001 2966; x_wconf 91' lang='lat' dir='ltr'>libri</span> <span class='ocrx_word' id='word_1_634' title='bbox 3049 2916 3314 2982; x_wconf 87' lang='lat' dir='ltr'>quatuor.</span> <span class='ocrx_word' id='word_1_635' title='bbox 3349 2913 3459 2965; x_wconf 87' lang='lat' dir='ltr'>Hos</span> <span class='ocrx_word' id='word_1_636' title='bbox 3501 2911 3703 2966; x_wconf 91' lang='lat' dir='ltr'>incho-</span> 
     </span>
    </p>
   </div>
   <div class='ocr_carea' id='block_1_92' title="bbox 2085 2999 3716 3071">
    <p class='ocr_par' dir='ltr' id='par_1_92' title="bbox 2085 2999 3716 3071">
     <span class='ocr_line' id='line_1_92' title="bbox 2085 2999 3716 3071; baseline 0 -18"><span class='ocrx_word' id='word_1_637' title='bbox 2085 3000 2197 3054; x_wconf 84' lang='lat' dir='ltr'>avit</span> <span class='ocrx_word' id='word_1_638' title='bbox 2242 3000 2389 3054; x_wconf 89' lang='lat' dir='ltr'>circa</span> <span class='ocrx_word' id='word_1_639' title='bbox 2412 3017 2463 3056; x_wconf 93' lang='lat' dir='ltr'>a.</span> <span class='ocrx_word' id='word_1_640' title='bbox 2498 3002 2596 3054; x_wconf 92' lang='lat'>397</span> <span class='ocrx_word' id='word_1_641' title='bbox 2626 3018 2639 3067; x_wconf 89' lang='lat'>;</span> <span class='ocrx_word' id='word_1_642' title='bbox 2673 3016 2872 3053; x_wconf 85' lang='lat' dir='ltr'>verum</span> <span class='ocrx_word' id='word_1_643' title='bbox 2902 3000 2975 3055; x_wconf 88' lang='lat' dir='ltr'>ad</span> <span class='ocrx_word' id='word_1_644' title='bbox 3024 2999 3179 3053; x_wconf 91' lang='lat' dir='ltr'>tertii</span> <span class='ocrx_word' id='word_1_645' title='bbox 3211 2999 3342 3053; x_wconf 90' lang='lat' dir='ltr'>libri</span> <span class='ocrx_word' id='word_1_646' title='bbox 3391 3004 3568 3071; x_wconf 89' lang='lat' dir='ltr'>caput</span> <span class='ocrx_word' id='word_1_647' title='bbox 3594 3004 3716 3053; x_wconf 90' lang='lat' dir='ltr'>ter-</span> 
     </span>
    </p>
   </div>
   <div class='ocr_carea' id='block_1_93' title="bbox 2092 3088 3713 3161">
    <p class='ocr_par' dir='ltr' id='par_1_93' title="bbox 2092 3088 3713 3161">
     <span class='ocr_line' id='line_1_93' title="bbox 2092 3088 3713 3161; baseline -0.001 -18"><span class='ocrx_word' id='word_1_648' title='bbox 2092 3088 2237 3143; x_wconf 90' lang='lat' dir='ltr'>tium</span> <span class='ocrx_word' id='word_1_649' title='bbox 2269 3089 2527 3159; x_wconf 82' lang='lat' dir='ltr'>absolvit,</span> <span class='ocrx_word' id='word_1_650' title='bbox 2572 3089 2867 3160; x_wconf 83' lang='lat' dir='ltr'>tribusque</span> <span class='ocrx_word' id='word_1_651' title='bbox 2914 3092 3184 3161; x_wconf 90' lang='lat' dir='ltr'>quartum</span> <span class='ocrx_word' id='word_1_652' title='bbox 3231 3088 3451 3144; x_wconf 91' lang='lat' dir='ltr'>addidit</span> <span class='ocrx_word' id='word_1_653' title='bbox 3490 3106 3541 3143; x_wconf 90' lang='lat' dir='ltr'>a.</span> <span class='ocrx_word' id='word_1_654' title='bbox 3588 3090 3713 3144; x_wconf 88' lang='grc'><strong>426.</strong></span> 
     </span>
    </p>
   </div>
   <div class='ocr_carea' id='block_1_94' title="bbox 2094 3178 3573 3246">
    <p class='ocr_par' dir='ltr' id='par_1_94' title="bbox 2094 3178 3573 3246">
     <span class='ocr_line' id='line_1_94' title="bbox 2094 3178 3573 3246; baseline 0.001 -14"><span class='ocrx_word' id='word_1_655' title='bbox 2094 3179 2244 3233; x_wconf 87' lang='lat' dir='ltr'>Exst.</span> <span class='ocrx_word' id='word_1_656' title='bbox 2274 3178 2333 3233; x_wconf 92' lang='lat' dir='ltr'>in</span> <span class='ocrx_word' id='word_1_657' title='bbox 2363 3179 2450 3233; x_wconf 90' lang='lat' dir='ltr'>ed.</span> <span class='ocrx_word' id='word_1_658' title='bbox 2483 3182 2720 3245; x_wconf 86' lang='lat' dir='ltr'>Erasm.,</span> <span class='ocrx_word' id='word_1_659' title='bbox 2743 3180 2970 3246; x_wconf 86' lang='lat' dir='ltr'>Lovan.,</span> <span class='ocrx_word' id='word_1_660' title='bbox 2999 3183 3056 3232; x_wconf 88' lang='lat' dir='ltr'>et</span> <span class='ocrx_word' id='word_1_661' title='bbox 3078 3178 3273 3234; x_wconf 85' lang='lat' dir='ltr'>Bened.</span> <span class='ocrx_word' id='word_1_662' title='bbox 3306 3183 3445 3232; x_wconf 92' lang='lat' dir='ltr'>tom.</span> <span class='ocrx_word' id='word_1_663' title='bbox 3478 3179 3573 3233; x_wconf 92' lang='lat' dir='ltr'><strong>III.</strong></span> 
     </span>
    </p>
   </div>
   <div class='ocr_carea' id='block_1_95' title="bbox 2026 3270 3717 3346">
    <p class='ocr_par' dir='ltr' id='par_1_95' title="bbox 2026 3270 3717 3346">
     <span class='ocr_line' id='line_1_95' title="bbox 2026 3270 3717 3346; baseline 0.002 -20"><span class='ocrx_word' id='word_1_664' title='bbox 2026 3270 2168 3344; x_wconf 86' lang='lat'>[33].</span> <span class='ocrx_word' id='word_1_665' title='bbox 2192 3274 2278 3328; x_wconf 83' lang='lat' dir='ltr'>Ad</span> <span class='ocrx_word' id='word_1_666' title='bbox 2308 3290 2357 3328; x_wconf 91' lang='lat' dir='ltr'>a.</span> <span class='ocrx_word' id='word_1_667' title='bbox 2384 3277 2486 3328; x_wconf 91' lang='lat'>398</span> <span class='ocrx_word' id='word_1_668' title='bbox 2516 3274 2803 3329; x_wconf 83' lang='lat' dir='ltr'>referendi</span> <span class='ocrx_word' id='word_1_669' title='bbox 2849 3290 3080 3346; x_wconf 86' lang='lat' dir='ltr'>quoque</span> <span class='ocrx_word' id='word_1_670' title='bbox 3107 3277 3317 3329; x_wconf 86' lang='lat' dir='ltr'>Contra</span> <span class='ocrx_word' id='word_1_671' title='bbox 3350 3280 3567 3345; x_wconf 81' lang='lat' dir='ltr'>partem</span> <span class='ocrx_word' id='word_1_672' title='bbox 3611 3277 3717 3330; x_wconf 87' lang='lat' dir='ltr'>Do-</span> 
     </span>
    </p>
   </div>
   <div class='ocr_carea' id='block_1_96' title="bbox 2091 3362 3719 3434">
    <p class='ocr_par' dir='ltr' id='par_1_96' title="bbox 2091 3362 3719 3434">
     <span class='ocr_line' id='line_1_96' title="bbox 2091 3362 3719 3434; baseline 0.002 -19"><span class='ocrx_word' id='word_1_673' title='bbox 2091 3364 2211 3417; x_wconf 86' lang='lat' dir='ltr'>nati</span> <span class='ocrx_word' id='word_1_674' title='bbox 2237 3362 2369 3417; x_wconf 92' lang='lat' dir='ltr'>libri</span> <span class='ocrx_word' id='word_1_675' title='bbox 2401 3363 2537 3431; x_wconf 92' lang='lat' dir='ltr'>duo,</span> <span class='ocrx_word' id='word_1_676' title='bbox 2566 3379 2813 3434; x_wconf 90' lang='lat' dir='ltr'>quorum</span> <span class='ocrx_word' id='word_1_677' title='bbox 2842 3363 3109 3418; x_wconf 89' lang='lat' dir='ltr'>meminit</span> <span class='ocrx_word' id='word_1_678' title='bbox 3136 3364 3381 3420; x_wconf 83' lang='lat' dir='ltr'>Retract.</span> <span class='ocrx_word' id='word_1_679' title='bbox 3436 3381 3472 3431; x_wconf 84' lang='lat' dir='ltr'><strong>I,</strong></span> <span class='ocrx_word' id='word_1_680' title='bbox 3524 3369 3575 3420; x_wconf 88' lang='lat'>5.</span> <span class='ocrx_word' id='word_1_681' title='bbox 3610 3365 3719 3420; x_wconf 89' lang='lat' dir='ltr'>Sed</span> 
     </span>
    </p>
   </div>
   <div class='ocr_carea' id='block_1_97' title="bbox 2093 3451 2759 3523">
    <p class='ocr_par' dir='ltr' id='par_1_97' title="bbox 2093 3451 2759 3523">
     <span class='ocr_line' id='line_1_97' title="bbox 2093 3451 2759 3523; baseline 0.003 -19"><span class='ocrx_word' id='word_1_682' title='bbox 2093 3466 2211 3504; x_wconf 90' lang='lat' dir='ltr'>non</span> <span class='ocrx_word' id='word_1_683' title='bbox 2245 3451 2489 3523; x_wconf 90' lang='lat' dir='ltr'>amplius</span> <span class='ocrx_word' id='word_1_684' title='bbox 2517 3456 2759 3507; x_wconf 84' lang='lat' dir='ltr'>exstant.</span> 
     </span>
    </p>
   </div>
   <div class='ocr_carea' id='block_1_98' title="bbox 2022 3550 3719 3620">
    <p class='ocr_par' dir='ltr' id='par_1_98' title="bbox 2022 3550 3719 3620">
     <span class='ocr_line' id='line_1_98' title="bbox 2022 3550 3719 3620; baseline 0.002 -17"><span class='ocrx_word' id='word_1_685' title='bbox 2022 3551 2107 3604; x_wconf 85' lang='lat'>34.</span> <span class='ocrx_word' id='word_1_686' title='bbox 2140 3550 2226 3604; x_wconf 87' lang='lat' dir='ltr'>De</span> <span class='ocrx_word' id='word_1_687' title='bbox 2246 3551 2353 3619; x_wconf 82' lang='lat' dir='ltr'>ﬁde</span> <span class='ocrx_word' id='word_1_688' title='bbox 2379 3566 2578 3619; x_wconf 79' lang='lat' dir='ltr'>rerum,</span> <span class='ocrx_word' id='word_1_689' title='bbox 2630 3568 2749 3620; x_wconf 65' lang='lat' dir='ltr'>quae</span> <span class='ocrx_word' id='word_1_690' title='bbox 2777 3567 2885 3605; x_wconf 89' lang='lat' dir='ltr'>non</span> <span class='ocrx_word' id='word_1_691' title='bbox 2912 3550 3183 3607; x_wconf 84' lang='lat' dir='ltr'>videntur.</span> <span class='ocrx_word' id='word_1_692' title='bbox 3218 3553 3378 3607; x_wconf 87' lang='lat' dir='ltr'>Hunc</span> <span class='ocrx_word' id='word_1_693' title='bbox 3417 3555 3719 3607; x_wconf 88' lang='lat' dir='ltr'>tractatum</span> 
     </span>
    </p>
   </div>
   <div class='ocr_carea' id='block_1_99' title="bbox 2089 3640 3716 3711">
    <p class='ocr_par' dir='ltr' id='par_1_99' title="bbox 2089 3640 3716 3711">
     <span class='ocr_line' id='line_1_99' title="bbox 2089 3640 3716 3711; baseline 0.001 -18"><span class='ocrx_word' id='word_1_694' title='bbox 2089 3641 2353 3695; x_wconf 88' lang='lat' dir='ltr'>Erasmus</span> <span class='ocrx_word' id='word_1_695' title='bbox 2374 3643 2430 3694; x_wconf 91' lang='lat' dir='ltr'>et</span> <span class='ocrx_word' id='word_1_696' title='bbox 2468 3655 2601 3694; x_wconf 90' lang='lat' dir='ltr'>eum</span> <span class='ocrx_word' id='word_1_697' title='bbox 2630 3640 2808 3694; x_wconf 90' lang='lat' dir='ltr'>secuti</span> <span class='ocrx_word' id='word_1_698' title='bbox 2836 3642 3191 3695; x_wconf 86' lang='lat' dir='ltr'>Lovanienses</span> <span class='ocrx_word' id='word_1_699' title='bbox 3237 3644 3535 3711; x_wconf 88' lang='lat' dir='ltr'>tamquam</span> <span class='ocrx_word' id='word_1_700' title='bbox 3576 3656 3716 3711; x_wconf 90' lang='lat' dir='ltr'>spu-</span> 
     </span>
    </p>
   </div>
   <div class='ocr_carea' id='block_1_100' title="bbox 2088 3727 3717 3800">
    <p class='ocr_par' dir='ltr' id='par_1_100' title="bbox 2088 3727 3717 3800">
     <span class='ocr_line' id='line_1_100' title="bbox 2088 3727 3717 3800; baseline 0.002 -20"><span class='ocrx_word' id='word_1_701' title='bbox 2088 3727 2241 3781; x_wconf 90' lang='lat' dir='ltr'>rium</span> <span class='ocrx_word' id='word_1_702' title='bbox 2291 3732 2349 3782; x_wconf 91' lang='lat' dir='ltr'>et</span> <span class='ocrx_word' id='word_1_703' title='bbox 2377 3744 2446 3781; x_wconf 76' lang='lat' dir='ltr'>ex</span> <span class='ocrx_word' id='word_1_704' title='bbox 2472 3729 2775 3795; x_wconf 82' lang='lat' dir='ltr'>Augustini</span> <span class='ocrx_word' id='word_1_705' title='bbox 2811 3728 3033 3800; x_wconf 87' lang='lat' dir='ltr'>scriptis</span> <span class='ocrx_word' id='word_1_706' title='bbox 3086 3728 3542 3783; x_wconf 88' lang='lat' dir='ltr'>consarcinatum</span> <span class='ocrx_word' id='word_1_707' title='bbox 3569 3729 3717 3800; x_wconf 89' lang='lat' dir='ltr'>reje-</span> 
     </span>
    </p>
   </div>
   <div class='ocr_carea' id='block_1_101' title="bbox 2091 3816 3712 3889">
    <p class='ocr_par' dir='ltr' id='par_1_101' title="bbox 2091 3816 3712 3889">
     <span class='ocr_line' id='line_1_101' title="bbox 2091 3816 3712 3889; baseline 0.002 -20"><span class='ocrx_word' id='word_1_708' title='bbox 2091 3819 2310 3883; x_wconf 88' lang='lat' dir='ltr'>cerant;</span> <span class='ocrx_word' id='word_1_709' title='bbox 2351 3816 2689 3871; x_wconf 87' lang='lat' dir='ltr'>Benedictini</span> <span class='ocrx_word' id='word_1_710' title='bbox 2723 3832 2857 3871; x_wconf 87' lang='lat' dir='ltr'>vero</span> <span class='ocrx_word' id='word_1_711' title='bbox 2889 3833 2993 3888; x_wconf 92' lang='lat' dir='ltr'>pro</span> <span class='ocrx_word' id='word_1_712' title='bbox 3049 3817 3301 3889; x_wconf 92' lang='lat' dir='ltr'>genuino</span> <span class='ocrx_word' id='word_1_713' title='bbox 3354 3821 3712 3889; x_wconf 89' lang='lat' dir='ltr'>receperunt.</span> 
     </span>
    </p>
   </div>
   <div class='ocr_carea' id='block_1_102' title="bbox 2091 3904 3715 3964">
    <p class='ocr_par' dir='ltr' id='par_1_102' title="bbox 2091 3904 3715 3964">
     <span class='ocr_line' id='line_1_102' title="bbox 2091 3904 3715 3964; baseline 0.002 -6"><span class='ocrx_word' id='word_1_714' title='bbox 2091 3904 2323 3960; x_wconf 88' lang='lat' dir='ltr'>Videtur</span> <span class='ocrx_word' id='word_1_715' title='bbox 2354 3906 2425 3960; x_wconf 90' lang='lat' dir='ltr'>ad</span> <span class='ocrx_word' id='word_1_716' title='bbox 2456 3922 2506 3960; x_wconf 92' lang='lat' dir='ltr'>a.</span> <span class='ocrx_word' id='word_1_717' title='bbox 2540 3909 2645 3961; x_wconf 90' lang='lat'>399</span> <span class='ocrx_word' id='word_1_718' title='bbox 2674 3906 3027 3964; x_wconf 81' lang='lat' dir='ltr'>referendus.</span> <span class='ocrx_word' id='word_1_719' title='bbox 3080 3907 3229 3960; x_wconf 84' lang='lat' dir='ltr'>Exst.</span> <span class='ocrx_word' id='word_1_720' title='bbox 3282 3906 3345 3960; x_wconf 94' lang='lat' dir='ltr'>in</span> <span class='ocrx_word' id='word_1_721' title='bbox 3374 3906 3463 3962; x_wconf 90' lang='lat' dir='ltr'>ed.</span> <span class='ocrx_word' id='word_1_722' title='bbox 3499 3909 3715 3963; x_wconf 83' lang='lat' dir='ltr'>Erasm.</span> 
     </span>
    </p>
   </div>
   <div class='ocr_carea' id='block_1_103' title="bbox 2090 3995 3477 4067">
    <p class='ocr_par' dir='ltr' id='par_1_103' title="bbox 2090 3995 3477 4067">
     <span class='ocr_line' id='line_1_103' title="bbox 2090 3995 3477 4067; baseline -0.001 -17"><span class='ocrx_word' id='word_1_723' title='bbox 2090 3999 2146 4049; x_wconf 90' lang='lat' dir='ltr'>et</span> <span class='ocrx_word' id='word_1_724' title='bbox 2172 3998 2372 4050; x_wconf 84' lang='lat' dir='ltr'>Lovan.</span> <span class='ocrx_word' id='word_1_725' title='bbox 2404 4000 2544 4049; x_wconf 90' lang='lat' dir='ltr'>tom.</span> <span class='ocrx_word' id='word_1_726' title='bbox 2574 3997 2663 4061; x_wconf 88' lang='lat' dir='ltr'><strong>IV,</strong></span> <span class='ocrx_word' id='word_1_727' title='bbox 2694 3997 2957 4067; x_wconf 87' lang='lat' dir='ltr'>Append.</span> <span class='ocrx_word' id='word_1_728' title='bbox 2990 3995 3186 4050; x_wconf 85' lang='lat' dir='ltr'>Bened.</span> <span class='ocrx_word' id='word_1_729' title='bbox 3216 3999 3355 4050; x_wconf 90' lang='lat' dir='ltr'>tom.</span> <span class='ocrx_word' id='word_1_730' title='bbox 3388 3995 3477 4049; x_wconf 91' lang='lat' dir='ltr'><strong>VI.</strong></span> 
     </span>
    </p>
   </div>
   <div class='ocr_carea' id='block_1_104' title="bbox 2016 4090 3709 4161">
    <p class='ocr_par' dir='ltr' id='par_1_104' title="bbox 2016 4090 3709 4161">
     <span class='ocr_line' id='line_1_104' title="bbox 2016 4090 3709 4161; baseline -0.001 -15"><span class='ocrx_word' id='word_1_731' title='bbox 2016 4093 2101 4146; x_wconf 84' lang='lat'>35.</span> <span class='ocrx_word' id='word_1_732' title='bbox 2136 4093 2539 4159; x_wconf 84' lang='lat' dir='ltr'>Confessionum</span> <span class='ocrx_word' id='word_1_733' title='bbox 2575 4092 2706 4145; x_wconf 90' lang='lat' dir='ltr'>libri</span> <span class='ocrx_word' id='word_1_734' title='bbox 2755 4092 3032 4148; x_wconf 90' lang='lat' dir='ltr'>tredecim</span> <span class='ocrx_word' id='word_1_735' title='bbox 3080 4092 3231 4145; x_wconf 90' lang='lat' dir='ltr'>circa</span> <span class='ocrx_word' id='word_1_736' title='bbox 3277 4108 3326 4145; x_wconf 92' lang='lat' dir='ltr'>a.</span> <span class='ocrx_word' id='word_1_737' title='bbox 3362 4093 3465 4145; x_wconf 81' lang='grc'>400</span> <span class='ocrx_word' id='word_1_738' title='bbox 3495 4090 3709 4161; x_wconf 89' lang='lat' dir='ltr'>scripti.</span> 
     </span>
    </p>
   </div>
   <div class='ocr_carea' id='block_1_105' title="bbox 2089 4178 3519 4249">
    <p class='ocr_par' dir='ltr' id='par_1_105' title="bbox 2089 4178 3519 4249">
     <span class='ocr_line' id='line_1_105' title="bbox 2089 4178 3519 4249; baseline -0.001 -16"><span class='ocrx_word' id='word_1_739' title='bbox 2089 4181 2242 4233; x_wconf 84' lang='lat' dir='ltr'>Exst.</span> <span class='ocrx_word' id='word_1_740' title='bbox 2274 4179 2336 4234; x_wconf 92' lang='lat' dir='ltr'>in</span> <span class='ocrx_word' id='word_1_741' title='bbox 2362 4181 2452 4234; x_wconf 89' lang='lat' dir='ltr'>ed.</span> <span class='ocrx_word' id='word_1_742' title='bbox 2483 4182 2718 4249; x_wconf 85' lang='lat' dir='ltr'>Erasm.,</span> <span class='ocrx_word' id='word_1_743' title='bbox 2744 4178 2972 4245; x_wconf 82' lang='lat' dir='ltr'>Lovan.,</span> <span class='ocrx_word' id='word_1_744' title='bbox 3006 4184 3063 4233; x_wconf 92' lang='lat' dir='ltr'>et</span> <span class='ocrx_word' id='word_1_745' title='bbox 3090 4179 3284 4234; x_wconf 88' lang='lat' dir='ltr'>Bened.</span> <span class='ocrx_word' id='word_1_746' title='bbox 3310 4184 3451 4233; x_wconf 91' lang='lat' dir='ltr'>tom.</span> <span class='ocrx_word' id='word_1_747' title='bbox 3476 4179 3519 4232; x_wconf 91' lang='lat' dir='ltr'>l.</span> 
     </span>
    </p>
   </div>
   <div class='ocr_carea' id='block_1_106' title="bbox 2015 4274 3720 4346">
    <p class='ocr_par' dir='ltr' id='par_1_106' title="bbox 2015 4274 3720 4346">
     <span class='ocr_line' id='line_1_106' title="bbox 2015 4274 3720 4346; baseline 0 -16"><span class='ocrx_word' id='word_1_748' title='bbox 2015 4278 2101 4330; x_wconf 89' lang='lat'>36.</span> <span class='ocrx_word' id='word_1_749' title='bbox 2153 4276 2358 4330; x_wconf 86' lang='lat' dir='ltr'>Contra</span> <span class='ocrx_word' id='word_1_750' title='bbox 2409 4278 2669 4331; x_wconf 87' lang='lat' dir='ltr'>Faustum</span> <span class='ocrx_word' id='word_1_751' title='bbox 2718 4274 3093 4331; x_wconf 68' lang='lat' dir='ltr'>Manichaaum</span> <span class='ocrx_word' id='word_1_752' title='bbox 3137 4277 3552 4346; x_wconf 86' lang='lat' dir='ltr'>Disputationes</span> <span class='ocrx_word' id='word_1_753' title='bbox 3617 4291 3720 4330; x_wconf 90' lang='lat' dir='ltr'>seu</span> 
     </span>
    </p>
   </div>
   <div class='ocr_carea' id='block_1_107' title="bbox 2080 4364 3716 4436">
    <p class='ocr_par' dir='ltr' id='par_1_107' title="bbox 2080 4364 3716 4436">
     <span class='ocr_line' id='line_1_107' title="bbox 2080 4364 3716 4436; baseline 0.002 -19"><span class='ocrx_word' id='word_1_754' title='bbox 2080 4364 2211 4419; x_wconf 91' lang='lat' dir='ltr'>libri</span> <span class='ocrx_word' id='word_1_755' title='bbox 2266 4364 2501 4436; x_wconf 89' lang='lat' dir='ltr'>triginta</span> <span class='ocrx_word' id='word_1_756' title='bbox 2555 4370 2688 4419; x_wconf 90' lang='lat' dir='ltr'>tres.</span> <span class='ocrx_word' id='word_1_757' title='bbox 2769 4366 2923 4435; x_wconf 89' lang='lat' dir='ltr'>Opus</span> <span class='ocrx_word' id='word_1_758' title='bbox 2979 4366 3304 4420; x_wconf 90' lang='lat' dir='ltr'>absolutum</span> <span class='ocrx_word' id='word_1_759' title='bbox 3363 4382 3411 4419; x_wconf 93' lang='lat' dir='ltr'>c.</span> <span class='ocrx_word' id='word_1_760' title='bbox 3475 4382 3529 4419; x_wconf 92' lang='lat' dir='ltr'>a.</span> <span class='ocrx_word' id='word_1_761' title='bbox 3583 4366 3716 4431; x_wconf 88' lang='grc'>400,</span> 
     </span>
    </p>
   </div>
   <div class='ocr_carea' id='block_1_108' title="bbox 2077 4454 3712 4525">
    <p class='ocr_par' dir='ltr' id='par_1_108' title="bbox 2077 4454 3712 4525">
     <span class='ocr_line' id='line_1_108' title="bbox 2077 4454 3712 4525; baseline 0.002 -17"><span class='ocrx_word' id='word_1_762' title='bbox 2077 4454 2230 4525; x_wconf 90' lang='lat' dir='ltr'>quod</span> <span class='ocrx_word' id='word_1_763' title='bbox 2262 4455 2334 4509; x_wconf 91' lang='lat' dir='ltr'>ad</span> <span class='ocrx_word' id='word_1_764' title='bbox 2361 4456 2750 4524; x_wconf 85' lang='lat' dir='ltr'>Hieronymum</span> <span class='ocrx_word' id='word_1_765' title='bbox 2788 4454 2947 4509; x_wconf 86' lang='lat' dir='ltr'>misit</span> <span class='ocrx_word' id='word_1_766' title='bbox 3004 4471 3056 4509; x_wconf 91' lang='lat' dir='ltr'>a.</span> <span class='ocrx_word' id='word_1_767' title='bbox 3112 4457 3234 4511; x_wconf 78' lang='grc'><strong>404.</strong></span> <span class='ocrx_word' id='word_1_768' title='bbox 3294 4456 3441 4511; x_wconf 83' lang='lat' dir='ltr'>Exst.</span> <span class='ocrx_word' id='word_1_769' title='bbox 3500 4455 3563 4510; x_wconf 91' lang='lat' dir='ltr'>in</span> <span class='ocrx_word' id='word_1_770' title='bbox 3611 4454 3712 4511; x_wconf 90' lang='lat' dir='ltr'>ed.</span> 
     </span>
    </p>
   </div>
   <div class='ocr_carea' id='block_1_109' title="bbox 2075 4545 3313 4609">
    <p class='ocr_par' dir='ltr' id='par_1_109' title="bbox 2075 4545 3313 4609">
     <span class='ocr_line' id='line_1_109' title="bbox 2075 4545 3313 4609; baseline 0 -10"><span class='ocrx_word' id='word_1_771' title='bbox 2075 4546 2291 4599; x_wconf 89' lang='lat' dir='ltr'>Erasm.</span> <span class='ocrx_word' id='word_1_772' title='bbox 2328 4547 2383 4598; x_wconf 90' lang='lat' dir='ltr'>et</span> <span class='ocrx_word' id='word_1_773' title='bbox 2408 4545 2621 4600; x_wconf 88' lang='lat' dir='ltr'>Lovan.</span> <span class='ocrx_word' id='word_1_774' title='bbox 2657 4550 2796 4598; x_wconf 91' lang='lat' dir='ltr'>tom.</span> <span class='ocrx_word' id='word_1_775' title='bbox 2830 4545 2920 4609; x_wconf 90' lang='lat' dir='ltr'><strong>VI,</strong></span> <span class='ocrx_word' id='word_1_776' title='bbox 2949 4545 3143 4599; x_wconf 87' lang='lat' dir='ltr'>Bened.</span> <span class='ocrx_word' id='word_1_777' title='bbox 3167 4546 3313 4599; x_wconf 92' lang='lat' dir='ltr'><strong>VIII.</strong></span> 
     </span>
    </p>
   </div>
   <div class='ocr_carea' id='block_1_110' title="bbox 2008 4640 3721 4697">
    <p class='ocr_par' dir='ltr' id='par_1_110' title="bbox 2008 4640 3721 4697">
     <span class='ocr_line' id='line_1_110' title="bbox 2008 4640 3721 4697; baseline -0.001 -1"><span class='ocrx_word' id='word_1_778' title='bbox 2008 4642 2097 4696; x_wconf 84' lang='lat'>37.</span> <span class='ocrx_word' id='word_1_779' title='bbox 2145 4642 2230 4695; x_wconf 88' lang='lat' dir='ltr'>De</span> <span class='ocrx_word' id='word_1_780' title='bbox 2282 4642 2419 4695; x_wconf 86' lang='lat' dir='ltr'>actis</span> <span class='ocrx_word' id='word_1_781' title='bbox 2478 4656 2598 4694; x_wconf 87' lang='lat' dir='ltr'>cum</span> <span class='ocrx_word' id='word_1_782' title='bbox 2645 4642 2815 4695; x_wconf 86' lang='lat' dir='ltr'>Felice</span> <span class='ocrx_word' id='word_1_783' title='bbox 2870 4642 3167 4696; x_wconf 59' lang='lat' dir='ltr'>Manichaee</span> <span class='ocrx_word' id='word_1_784' title='bbox 3224 4640 3357 4697; x_wconf 89' lang='lat' dir='ltr'>libri</span> <span class='ocrx_word' id='word_1_785' title='bbox 3408 4642 3522 4697; x_wconf 92' lang='lat' dir='ltr'>duo</span> <span class='ocrx_word' id='word_1_786' title='bbox 3587 4645 3721 4696; x_wconf 87' lang='lat' dir='ltr'>sunt</span> 
     </span>
    </p>
   </div>
   <div class='ocr_carea' id='block_1_111' title="bbox 2079 4730 3715 4800">
    <p class='ocr_par' dir='ltr' id='par_1_111' title="bbox 2079 4730 3715 4800">
     <span class='ocr_line' id='line_1_111' title="bbox 2079 4730 3715 4800; baseline 0.001 -17"><span class='ocrx_word' id='word_1_787' title='bbox 2079 4734 2203 4784; x_wconf 90' lang='lat' dir='ltr'>acta</span> <span class='ocrx_word' id='word_1_788' title='bbox 2249 4730 2561 4785; x_wconf 88' lang='lat' dir='ltr'>Collationis</span> <span class='ocrx_word' id='word_1_789' title='bbox 2591 4745 2766 4800; x_wconf 89' lang='lat' dir='ltr'>quam</span> <span class='ocrx_word' id='word_1_790' title='bbox 2818 4745 2948 4782; x_wconf 90' lang='lat' dir='ltr'>cum</span> <span class='ocrx_word' id='word_1_791' title='bbox 3009 4746 3077 4783; x_wconf 91' lang='lat' dir='ltr'>eo</span> <span class='ocrx_word' id='word_1_792' title='bbox 3128 4730 3329 4785; x_wconf 89' lang='lat' dir='ltr'>habuit</span> <span class='ocrx_word' id='word_1_793' title='bbox 3368 4732 3715 4798; x_wconf 84' lang='lat' dir='ltr'>Augustinus</span> 
     </span>
    </p>
   </div>
   <div class='ocr_carea' id='block_1_112' title="bbox 2081 4817 3704 4887">
    <p class='ocr_par' dir='ltr' id='par_1_112' title="bbox 2081 4817 3704 4887">
     <span class='ocr_line' id='line_1_112' title="bbox 2081 4817 3704 4887; baseline 0.001 -16"><span class='ocrx_word' id='word_1_794' title='bbox 2081 4817 2338 4887; x_wconf 88' lang='lat' dir='ltr'>Hippone</span> <span class='ocrx_word' id='word_1_795' title='bbox 2396 4833 2593 4871; x_wconf 89' lang='lat' dir='ltr'>mense</span> <span class='ocrx_word' id='word_1_796' title='bbox 2648 4817 2944 4872; x_wconf 89' lang='lat' dir='ltr'>Decembri</span> <span class='ocrx_word' id='word_1_797' title='bbox 3000 4835 3053 4872; x_wconf 88' lang='lat' dir='ltr'>a.</span> <span class='ocrx_word' id='word_1_798' title='bbox 3112 4820 3237 4874; x_wconf 80' lang='grc'><strong>404.</strong></span> <span class='ocrx_word' id='word_1_799' title='bbox 3298 4820 3448 4873; x_wconf 90' lang='lat' dir='ltr'>Exst.</span> <span class='ocrx_word' id='word_1_800' title='bbox 3506 4818 3566 4871; x_wconf 88' lang='lat' dir='ltr'>in</span> <span class='ocrx_word' id='word_1_801' title='bbox 3615 4820 3704 4873; x_wconf 91' lang='lat' dir='ltr'>ed.</span> 
     </span>
    </p>
   </div>
   <div class='ocr_carea' id='block_1_113' title="bbox 2078 4908 3311 4976">
    <p class='ocr_par' dir='ltr' id='par_1_113' title="bbox 2078 4908 3311 4976">
     <span class='ocr_line' id='line_1_113' title="bbox 2078 4908 3311 4976; baseline 0 -15"><span class='ocrx_word' id='word_1_802' title='bbox 2078 4908 2297 4961; x_wconf 88' lang='lat' dir='ltr'>Erasm.</span> <span class='ocrx_word' id='word_1_803' title='bbox 2325 4910 2379 4960; x_wconf 89' lang='lat' dir='ltr'>et</span> <span class='ocrx_word' id='word_1_804' title='bbox 2405 4908 2611 4972; x_wconf 83' lang='lat' dir='ltr'>Lovan,</span> <span class='ocrx_word' id='word_1_805' title='bbox 2635 4910 2777 4961; x_wconf 92' lang='lat' dir='ltr'>tom.</span> <span class='ocrx_word' id='word_1_806' title='bbox 2809 4908 2902 4976; x_wconf 93' lang='lat' dir='ltr'><strong>VI,</strong></span> <span class='ocrx_word' id='word_1_807' title='bbox 2934 4908 3129 4963; x_wconf 85' lang='lat' dir='ltr'>Bened.</span> <span class='ocrx_word' id='word_1_808' title='bbox 3168 4908 3311 4961; x_wconf 91' lang='lat' dir='ltr'><strong>VIII.</strong></span> 
     </span>
    </p>
   </div>
   <div class='ocr_carea' id='block_1_114' title="bbox 2011 5003 3701 5061">
    <p class='ocr_par' dir='ltr' id='par_1_114' title="bbox 2011 5003 3701 5061">
     <span class='ocr_line' id='line_1_114' title="bbox 2011 5003 3701 5061; baseline 0 -1"><span class='ocrx_word' id='word_1_809' title='bbox 2011 5005 2097 5060; x_wconf 90' lang='lat'>38.</span> <span class='ocrx_word' id='word_1_810' title='bbox 2134 5005 2215 5058; x_wconf 87' lang='lat' dir='ltr'>De</span> <span class='ocrx_word' id='word_1_811' title='bbox 2259 5010 2462 5059; x_wconf 88' lang='lat' dir='ltr'>natura</span> <span class='ocrx_word' id='word_1_812' title='bbox 2491 5007 2627 5060; x_wconf 86' lang='lat' dir='ltr'>Boni</span> <span class='ocrx_word' id='word_1_813' title='bbox 2673 5005 2817 5058; x_wconf 91' lang='lat' dir='ltr'>liber</span> <span class='ocrx_word' id='word_1_814' title='bbox 2869 5006 3147 5059; x_wconf 91' lang='lat' dir='ltr'>adversus</span> <span class='ocrx_word' id='word_1_815' title='bbox 3204 5003 3540 5059; x_wconf 69' lang='lat' dir='ltr'>Manichaeos</span> <span class='ocrx_word' id='word_1_816' title='bbox 3594 5020 3701 5061; x_wconf 81' lang='lat' dir='ltr'>scr.</span> 
     </span>
    </p>
   </div>
   <div class='ocr_carea' id='block_1_115' title="bbox 2078 5079 3713 5166">
    <p class='ocr_par' dir='ltr' id='par_1_115' title="bbox 2078 5079 3713 5166">
     <span class='ocr_line' id='line_1_115' title="bbox 2078 5079 3713 5166; baseline 0.001 -19"><span class='ocrx_word' id='word_1_817' title='bbox 2078 5098 2288 5166; x_wconf 90' lang='lat' dir='ltr'>posta.</span> <span class='ocrx_word' id='word_1_818' title='bbox 2319 5095 2443 5149; x_wconf 89' lang='lat'>404.</span> <span class='ocrx_word' id='word_1_819' title='bbox 2480 5079 2629 5149; x_wconf 65' lang='lat' dir='ltr'>Exst.</span> <span class='ocrx_word' id='word_1_820' title='bbox 2663 5092 2725 5147; x_wconf 92' lang='lat' dir='ltr'>in</span> <span class='ocrx_word' id='word_1_821' title='bbox 2745 5093 2831 5148; x_wconf 91' lang='lat' dir='ltr'>ed.</span> <span class='ocrx_word' id='word_1_822' title='bbox 2865 5096 3081 5148; x_wconf 87' lang='lat' dir='ltr'>Erasm.</span> <span class='ocrx_word' id='word_1_823' title='bbox 3116 5097 3173 5147; x_wconf 91' lang='lat' dir='ltr'>et</span> <span class='ocrx_word' id='word_1_824' title='bbox 3207 5095 3411 5148; x_wconf 86' lang='lat' dir='ltr'>Lovan.</span> <span class='ocrx_word' id='word_1_825' title='bbox 3444 5096 3587 5148; x_wconf 87' lang='lat' dir='ltr'>tom.</span> <span class='ocrx_word' id='word_1_826' title='bbox 3620 5094 3713 5161; x_wconf 88' lang='lat' dir='ltr'>VI,</span> 
     </span>
    </p>
   </div>
   <div class='ocr_carea' id='block_1_116' title="bbox 2080 5183 2452 5238">
    <p class='ocr_par' dir='ltr' id='par_1_116' title="bbox 2080 5183 2452 5238">
     <span class='ocr_line' id='line_1_116' title="bbox 2080 5183 2452 5238; baseline -0.005 0"><span class='ocrx_word' id='word_1_827' title='bbox 2080 5183 2277 5238; x_wconf 87' lang='lat' dir='ltr'>Bened.</span> <span class='ocrx_word' id='word_1_828' title='bbox 2310 5183 2452 5236; x_wconf 91' lang='lat' dir='ltr'><strong>VIII.</strong></span> 
     </span>
    </p>
   </div>
   <div class='ocr_carea' id='block_1_117' title="bbox 2010 5278 3700 5335">
    <p class='ocr_par' dir='ltr' id='par_1_117' title="bbox 2010 5278 3700 5335">
     <span class='ocr_line' id='line_1_117' title="bbox 2010 5278 3700 5335; baseline 0.001 -1"><span class='ocrx_word' id='word_1_829' title='bbox 2010 5282 2099 5335; x_wconf 90' lang='lat'>39.</span> <span class='ocrx_word' id='word_1_830' title='bbox 2129 5279 2407 5335; x_wconf 86' lang='lat' dir='ltr'>Adversus</span> <span class='ocrx_word' id='word_1_831' title='bbox 2446 5279 2809 5335; x_wconf 87' lang='lat' dir='ltr'>Secundinum</span> <span class='ocrx_word' id='word_1_832' title='bbox 2852 5279 3208 5335; x_wconf 55' lang='lat' dir='ltr'>Manicheum</span> <span class='ocrx_word' id='word_1_833' title='bbox 3264 5278 3412 5335; x_wconf 91' lang='lat' dir='ltr'>liber</span> <span class='ocrx_word' id='word_1_834' title='bbox 3493 5296 3603 5335; x_wconf 92' lang='lat' dir='ltr'>scr.</span> <span class='ocrx_word' id='word_1_835' title='bbox 3649 5298 3700 5335; x_wconf 85' lang='lat' dir='ltr'>a.</span> 
     </span>
    </p>
   </div>
   <div class='ocr_carea' id='block_1_118' title="bbox 2081 5368 3715 5435">
    <p class='ocr_par' dir='ltr' id='par_1_118' title="bbox 2081 5368 3715 5435">
     <span class='ocr_line' id='line_1_118' title="bbox 2081 5368 3715 5435; baseline 0.001 -14"><span class='ocrx_word' id='word_1_836' title='bbox 2081 5368 2305 5422; x_wconf 87' lang='lat' dir='ltr'>circiter</span> <span class='ocrx_word' id='word_1_837' title='bbox 2334 5370 2458 5423; x_wconf 89' lang='lat'>405.</span> <span class='ocrx_word' id='word_1_838' title='bbox 2497 5370 2642 5429; x_wconf 81' lang='lat' dir='ltr'>Exst.</span> <span class='ocrx_word' id='word_1_839' title='bbox 2676 5369 2737 5423; x_wconf 92' lang='lat' dir='ltr'>in</span> <span class='ocrx_word' id='word_1_840' title='bbox 2759 5370 2846 5425; x_wconf 89' lang='lat' dir='ltr'>ed.</span> <span class='ocrx_word' id='word_1_841' title='bbox 2878 5372 3095 5424; x_wconf 86' lang='lat' dir='ltr'>Erasm.</span> <span class='ocrx_word' id='word_1_842' title='bbox 3129 5372 3187 5422; x_wconf 88' lang='lat' dir='ltr'>et</span> <span class='ocrx_word' id='word_1_843' title='bbox 3207 5370 3408 5424; x_wconf 81' lang='lat' dir='ltr'>Lovan.</span> <span class='ocrx_word' id='word_1_844' title='bbox 3444 5373 3585 5424; x_wconf 88' lang='lat' dir='ltr'>tom.</span> <span class='ocrx_word' id='word_1_845' title='bbox 3619 5370 3715 5435; x_wconf 87' lang='lat' dir='ltr'>VI,</span> 
     </span>
    </p>
   </div>
   <div class='ocr_carea' id='block_1_119' title="bbox 2080 5456 2445 5512">
    <p class='ocr_par' dir='ltr' id='par_1_119' title="bbox 2080 5456 2445 5512">
     <span class='ocr_line' id='line_1_119' title="bbox 2080 5456 2445 5512; baseline -0.005 0"><span class='ocrx_word' id='word_1_846' title='bbox 2080 5456 2277 5512; x_wconf 81' lang='lat' dir='ltr'>Bened.</span> <span class='ocrx_word' id='word_1_847' title='bbox 2303 5457 2445 5511; x_wconf 91' lang='lat' dir='ltr'><strong>VIII.</strong></span> 
     </span>
    </p>
   </div>
   <div class='ocr_carea' id='block_1_120' title="bbox 2014 5553 3717 5628">
    <p class='ocr_par' dir='ltr' id='par_1_120' title="bbox 2014 5553 3717 5628">
     <span class='ocr_line' id='line_1_120' title="bbox 2014 5553 3717 5628; baseline -0.001 -20"><span class='ocrx_word' id='word_1_848' title='bbox 2014 5553 2133 5628; x_wconf 85' lang='lat'>[40]</span> <span class='ocrx_word' id='word_1_849' title='bbox 2159 5554 2259 5609; x_wconf 90' lang='lat' dir='ltr'>Hic</span> <span class='ocrx_word' id='word_1_850' title='bbox 2286 5555 2618 5609; x_wconf 87' lang='lat' dir='ltr'>referendus</span> <span class='ocrx_word' id='word_1_851' title='bbox 2658 5556 2823 5620; x_wconf 89' lang='lat' dir='ltr'>esset,</span> <span class='ocrx_word' id='word_1_852' title='bbox 2874 5553 2922 5608; x_wconf 90' lang='lat' dir='ltr'>si</span> <span class='ocrx_word' id='word_1_853' title='bbox 2974 5558 3241 5625; x_wconf 79' lang='lat' dir='ltr'>exstaret,</span> <span class='ocrx_word' id='word_1_854' title='bbox 3297 5570 3466 5625; x_wconf 89' lang='lat' dir='ltr'>quem</span> <span class='ocrx_word' id='word_1_855' title='bbox 3519 5556 3717 5608; x_wconf 83' lang='lat' dir='ltr'>contra</span> 
     </span>
    </p>
   </div>
   <div class='ocr_carea' id='block_1_121' title="bbox 2076 5642 3711 5715">
    <p class='ocr_par' dir='ltr' id='par_1_121' title="bbox 2076 5642 3711 5715">
     <span class='ocr_line' id='line_1_121' title="bbox 2076 5642 3711 5715; baseline -0.001 -17"><span class='ocrx_word' id='word_1_856' title='bbox 2076 5645 2353 5699; x_wconf 87' lang='lat' dir='ltr'>Hilarium</span> <span class='ocrx_word' id='word_1_857' title='bbox 2384 5644 2692 5715; x_wconf 87' lang='lat' dir='ltr'>quemdam</span> <span class='ocrx_word' id='word_1_858' title='bbox 2721 5643 2907 5699; x_wconf 84' lang='lat' dir='ltr'>virum</span> <span class='ocrx_word' id='word_1_859' title='bbox 2936 5644 3302 5701; x_wconf 84' lang='lat' dir='ltr'>tribunitium</span> <span class='ocrx_word' id='word_1_860' title='bbox 3358 5642 3574 5698; x_wconf 86' lang='lat' dir='ltr'>laicum</span> <span class='ocrx_word' id='word_1_861' title='bbox 3615 5658 3711 5697; x_wconf 88' lang='lat' dir='ltr'>ca-</span> 
     </span>
    </p>
   </div>
  </div>
