4044 6190
276 349 339 400 27
1266 345 1825 405 SUPPLEMENTUM
1863 347 1952 403 AD
1990 345 2224 402 OPERA
2261 347 2315 401 s.
2359 345 2748 402 AUGUSTINI.
3691 327 3782 402 ‘23

347 473 628 529 tholicum
690 473 980 546 scripsisse
1038 489 1098 530 se
1153 476 1391 529 testatur
1443 474 1687 529 Retract.
1755 473 1851 529 lib.
1909 490 1967 542 ιι,
2007 476 2053 530 Α
2087 469 2229 544 [57.]
2286 471 2454 524 Liber
2525 470 2908 526 Probationum
2979 475 3029 526 et
3086 470 3507 525 testimoniorum
3584 474 3783 527 contra

347 581 473 634 cap.
505 566 558 618 2.
2152 562 2481 614 Donatistas.

275 655 370 709 41.
439 654 800 718 Quaestionum
862 651 1313 720 Evangelicarum
1367 651 1574 707 XCVIII
1647 651 1781 705 libri
1837 651 1968 720 duo,
2084 647 2227 722 [58.]
2266 651 2464 705 Contra
2493 649 2666 703 nescio
2687 663 2838 718 quem
2872 650 3226 704 Donatistam.

351 758 495 814 quos
522 741 860 796 festinanter
887 740 1199 795 admodum
1223 741 1446 812 scripsit
1469 743 1814 806 Augustinus
1844 745 1976 812 post
2084 737 2224 811 [59.]
2260 737 2575 793 Admonitio
2607 739 3013 792 Donatistarum
3041 737 3107 790 de
3151 736 3596 791 Mamimianistis.

251 885 254 888 .
350 849 400 885 a.
431 833 554 885 400.
611 832 755 885 Exst.
817 829 876 882 in
932 829 1027 884 ed.
1074 831 1297 885 Erasm.
1344 834 1402 882 et
1455 831 1656 884 Lovan.
1706 833 1845 884 tom.
1880 831 1970 897 IV,
2081 830 2168 883 60.
2205 827 2369 882 Liber
2431 828 2497 881 de
2554 829 2893 881 Divinatione
2958 829 3263 881 Daemonum
3331 839 3436 878 scr.
3501 823 3650 877 inter
3725 840 3780 877 a.

347 921 540 976 Bened.
576 921 670 974 III.
2149 918 2252 971 406
2301 921 2352 970 et
2386 918 2510 970 411.
2557 917 2705 970 Exst.
2751 916 2810 970 in
2837 915 2927 970 ed.
2963 918 3176 970 Erasm.
3212 917 3270 968 'et
3315 915 3518 969 Lovan.
3568 913 3636 968 T.
3681 913 3781 978 III,

274 1013 364 1062 42.
399 1010 832 1062 Annnotationes
878 1010 938 1061 in
992 1008 1202 1072 Jobum,
1245 1007 1470 1078 scriptae
1515 1023 1711 1060 versus
1759 1023 1808 1060 a.
1844 1008 1969 1062 400.
2151 1006 2341 1060 Bened.
2377 1005 2464 1058 VI.
2675 1063 2677 1066 6
3223 1021 3234 1030 ο

348 1099 490 1152 Exst.
567 1097 627 1150 in
684 1096 773 1151 ed.
823 1099 1044 1152 Erasm.
1104 1101 1162 1151 et
1234 1096 1446 1151 Lovan.
1513 1101 1654 1150 tom.
1714 1097 1806 1162 IV,
1874 1099 1969 1151 Be-
2079 1095 2172 1148 61.
2230 1098 2303 1148 De
2368 1108 2464 1147 sea:
2511 1092 2896 1162 quaestionibus
2976 1095 3162 1146 contra
3209 1093 3454 1157 Paganos
3510 1088 3781 1160 expositis

344 1185 470 1238 ned.
510 1185 597 1238 VI.
2149 1182 2296 1236 liber
2323 1183 2396 1236 ad
2459 1183 2782 1248 Deogratias
2831 1181 3246 1251 presbyterum,
3291 1195 3337 1232 c.
3397 1195 3448 1232 a.
3511 1181 3613 1233 408
3668 1193 3776 1232 scr.

283 1276 350 1328 43
379 1276 451 1328 De
480 1273 891 1329 Catechizandis
939 1273 1167 1327 rudibus
1218 1272 1362 1326 liber
1409 1275 1538 1343 post
1587 1288 1637 1325 a.
1696 1273 1801 1326 400
1831 1271 1967 1326 scri-
2148 1271 2392 1328 videtur.
2427 1270 2682 1326 Meminit
2709 1272 3051 1339 Augustinus
3103 1271 3348 1323 Retract.
3383 1286 3441 1333 ιι,
3488 1271 3574 1324 31.
3628 1268 3784 1320 Inter

343 1366 495 1430 ptus.
531 1363 677 1414 Exst.
713 1361 772 1414 in
805 1361 897 1415 ed.
941 1365 1156 1416 Erasm.
1189 1366 1246 1416 et
1285 1365 1483 1416 Lovan.
1537 1367 1679 1416 tom.
1743 1361 1834 1428 IV,
1867 1363 1968 1415 Be-
2149 1361 2417 1431 epistolas
2469 1360 2653 1414 editus
2710 1363 2794 1413 est
2846 1359 3001 1421 (olim
3055 1361 3143 1425 49,
3204 1374 3356 1412 nunc
3410 1357 3526 1422 102)
3584 1355 3643 1410 in
3685 1355 3778 1410 ed.

346 1450 470 1505 ned.
501 1450 596 1502 VI.
2149 1452 2388 1514 Erasm.,
2412 1451 2639 1514 Lovan.,
2674 1453 2730 1502 et
2758 1448 2953 1502 Bened.
2977 1449 3040 1501 T.
3071 1448 3137 1501 II.

278 1541 363 1593 44.
402 1541 474 1592 De
504 1539 776 1592 Trinitate
827 1538 954 1592 libri
1013 1537 1338 1610 quindecim
1369 1556 1418 1592 a.
1453 1540 1558 1594 400
1589 1537 1860 1604 inchoati,
1914 1553 1964 1592 a.
2081 1537 2221 1610 [62.]
2255 1538 2525 1608 Sequitur
2553 1537 2612 1590 in
2644 1540 2878 1592 Retract.
2917 1536 3011 1590 lib.
3077 1553 3133 1595 ιι,
3183 1538 3270 1601 32,
3329 1536 3612 1604 Expositio
3659 1535 3781 1604 Epi-

345 1630 450 1682 416
488 1627 750 1681 absoluti.
790 1629 937 1682 Exst.
988 1627 1046 1682 in
1077 1627 1167 1682 ed.
1207 1631 1422 1684 Erasm.
1464 1632 1521 1682 et
1564 1629 1768 1682 Lovan.
1825 1630 1964 1682 tom.
2151 1628 2298 1681 stola
2322 1627 2378 1683 S.
2406 1626 2622 1688 Jacobi,
2659 1642 2788 1696 quae
2831 1641 2944 1679 non
2977 1628 3177 1679 exstat.

347 1717 442 1784 III,
475 1717 672 1771 Bened.
711 1718 854 1771 VIII.
2010 1772 2049 1784 _
2077 1717 2164 1772 63.
2205 1717 2282 1770 De
2313 1719 2653 1770 Peccatorum
2683 1717 2891 1769 Meritis
2925 1720 2973 1768 et
3002 1715 3331 1770 Remissione
3372 1728 3434 1766 ac
3485 1712 3551 1766 de
3592 1713 3782 1782 Bapti-

273 1808 364 1860 45.
395 1772 470 1860 De
498 1807 765 1860 Consensu
807 1807 1281 1873 Evangelistarum
1336 1806 1467 1860 libri
1506 1809 1752 1877 quatuor
1779 1821 1972 1860 versus
2010 1772 2052 1826 Β
2150 1821 2262 1860 smo
2288 1806 2644 1860 Parvulorum
2693 1803 2824 1857 libri
2878 1809 3011 1866 tres,
3067 1802 3157 1856 ad.
3226 1803 3618 1866 Marcellinnm,
3674 1772 3785 1856 scr.

347 1911 398 1948 a.
447 1897 552 1948 400
587 1895 798 1966 scripti,
856 1912 999 1966 quos
1054 1895 1206 1949 inter
1265 1895 1624 1950 scribendum
1671 1895 1846 1949 libros
1903 1895 1973 1948 de
2151 1912 2200 1949 a.
2262 1896 2387 1948 412.
2440 1895 2585 1948 Exst.
2646 1893 2706 1947 in
2773 1893 2861 1947 ed.
2919 1896 3134 1948 Erasm.
3192 1895 3248 1945 et
3287 1894 3490 1947 Lovan.
3548 1893 3611 1946 T.
3663 1891 3787 1956 VII,

348 1983 629 2037 Trinitate
657 1984 997 2054 composuit.
1051 1985 1198 2038 Exst.
1257 1983 1315 2038 in
1370 1985 1459 2040 ed.
1495 1987 1719 2040 Erasm.
1771 1989 1827 2038 et
1871 1986 1975 2039 Lo-
2149 1987 2294 2054 part.
2330 2000 2387 2047 ιι,
2420 1983 2613 2038 Bened.
2645 1984 2705 2036 X.

343 2085 469 2123 van.
513 2074 652 2125 tom.
689 2072 778 2136 IV,
809 2071 1002 2125 Bened.
1035 2072 1128 2124 lIl.
2080 2074 2166 2128 64.
2234 2074 2311 2126 De
2366 2075 2522 2126 unico
2579 2073 2856 2140 Baptismo
2907 2070 3053 2125 liber
3107 2071 3310 2125 eodem
3365 2073 3622 2142 tempore
3675 2084 3784 2123 scr.

280 2159 364 2214 46.
401 2159 608 2213 Contra
654 2161 1023 2225 Parmcniani,
1060 2159 1260 2212 Donati
1291 2158 1350 2212 in
1392 2160 1524 2213 sede
1556 2159 1816 2230 Carthag.
1848 2173 1972 2212 suc-
2154 2160 2300 2213 Exst.
2332 2160 2388 2213 in
2439 2160 2530 2214 ed.
2569 2163 2782 2216 Erasm.
2831 2165 2888 2214 et
2933 2162 3136 2215 Lovan.
3171 2161 3230 2214 Τ.
3281 2161 3394 2223 VII,
3436 2159 3630 2214 Bened.
3690 2160 3783 2214 IX.

350 2247 610 2314 cessoris,
659 2249 965 2316 Epistolam
1010 2248 1084 2301 ad
1115 2248 1448 2317 Tychonium
1496 2264 1600 2303 scr.
1633 2265 1688 2302 c.
1739 2264 1790 2302 a.
1847 2250 1968 2302 400.
2084 2247 2228 2320 [65.]
2281 2249 2460 2313 Quem
2511 2255 2640 2318 post
2680 2266 2824 2319 opus
2877 2249 2946 2303 de
3004 2251 3159 2302 unico
3207 2251 3484 2317 Baptismo
3527 2253 3790 2303 recenset

354 2336 503 2390 Exst.
563 2335 621 2389 in
679 2337 768 2392 ed.
837 2340 1052 2392 Erasm.
1124 2342 1179 2390 et
1230 2339 1434 2392 Lovan.
1503 2342 1646 2392 tom.
1713 2337 1824 2398 VII,
1881 2338 1976 2390 Be-
2151 2339 2492 2404 Augustinus
2544 2356 2602 2402 ιι,
2661 2342 2746 2404 35,
2794 2339 2939 2392 liber
2994 2338 3062 2392 de
3119 2340 3550 2393 Mamimianistis
3598 2343 3790 2392 contra

343 2425 470 2478 ncd.
515 2426 598 2479 IX.
2152 2427 2629 2496 Donatistas,jam
2663 2444 2777 2480 non
2809 2425 3057 2496 amplius
3080 2431 3271 2480 restat.

278 2513 368 2567 47.
398 2516 472 2566 De
501 2515 778 2582 Baptismo
808 2512 937 2567 libri
985 2519 1202 2585 septem
1253 2515 1456 2569 eodem
1488 2520 1746 2585 tempore
1773 2515 1974 2570 adver-
2082 2518 2169 2571 66.
2207 2517 2285 2570 De
2336 2504 2531 2572 Gratia
2578 2518 2715 2571 Novi
2761 2519 3087 2570 Testammti
3141 2515 3286 2569 liber
3326 2515 3396 2569 ad
3450 2517 3789 2570 Honoratum

345 2618 438 2654 sus
471 2602 800 2656 Donatistas
839 2603 1072 2656 exarati.
1109 2605 1255 2658 Exst.
1287 2603 1347 2656 in
1376 2603 1466 2658 ed.
1519 2607 1735 2658 Erasm.
1789 2607 1846 2656 et
1873 2604 1974 2657 Lo-
2154 2620 2262 2658 scr.
2317 2621 2366 2658 c.
2417 2621 2465 2659 a.
2516 2607 2642 2659 412.
2695 2605 2841 2658 Exst.
2876 2605 2936 2658 iu
2985 2605 3075 2658 ed.
3138 2607 3380 2671 Erasm.,
3440 2603 3669 2671 Lovan.,
3731 2608 3792 2658 et

340 2706 466 2746 van.
501 2696 640 2744 tom.
673 2692 789 2754 VII,
823 2692 1016 2746 Bened.
1051 2693 1134 2747 IX.
2155 2693 2350 2748 Bened.
2383 2693 2444 2746 T.
2479 2694 2548 2747 II.

289 2778 739 2851 [48.]Sequitur
763 2779 821 2833 in
849 2783 1312 2836 Retractationum
1363 2781 1526 2848 serie,
1562 2779 1656 2834 lib.
1718 2798 1778 2848 ιι,
1805 2795 1850 2834 c.
1889 2783 1974 2849 l9,
2085 2785 2172 2837 67.
2203 2785 2274 2836 De
2327 2783 2543 2850 Spiritu
2604 2785 2655 2836 et
2704 2784 2910 2836 Littera
2980 2781 3126 2835 liber
3193 2780 3264 2834 ad
3322 2782 3691 2836 Marcellinum
3734 2799 3789 2836 a.

348 2869 608 2938 proxime
641 2869 804 2937 liber,
838 2869 928 2923 cui
958 2869 1043 2924 tit.
1072 2886 1084 2923 :
1131 2871 1330 2926 Contra
1359 2870 1504 2940 quod
1555 2871 1742 2924 attulit
1777 2871 1976 2926 Centu-
2154 2872 2260 2924 412
2290 2871 2374 2924 vel
2398 2871 2500 2925 413
2532 2885 2638 2924 scr.
2672 2871 2815 2924 Exst.
2869 2869 2929 2923 in
2959 2869 3046 2924 ed.
3100 2871 3315 2924 Erasm.
3371 2874 3428 2923 et
3480 2872 3680 2925 Lovan.
3723 2871 3789 2924 Τ.

345 2960 464 3012 rius
495 2974 527 3010 a
551 2960 870 3023 Donatistis,
901 2959 1000 3029 qui
1030 2974 1144 3011 non
1175 2963 1370 3014 exstat.
2156 2960 2252 3023 III,
2279 2959 2472 3013 Bened.
2502 2960 2562 3012 Χ.

278 3047 368 3101 49.
427 3046 526 3100 Ad
572 3049 953 3116 Inquisitiones
981 3049 1240 3103 Januarii
1291 3047 1424 3102 libri
1466 3049 1602 3117 duo,
1655 3063 1703 3101 c.
1767 3063 1817 3101 a.
1871 3048 1976 3101 400
2014 3070 2052 3126 ρ
2085 3051 2174 3104 68.
2207 3052 2280 3104 Dc
2309 3048 2447 3102 Fide
2500 3053 2550 3102 et
2593 3047 2856 3116 Operibus
2906 3045 3052 3100 liber
3096 3061 3193 3100 scr.
3256 3063 3307 3102 a.
3363 3049 3486 3103 413.
3546 3049 3690 3103 Exst.
3729 3049 3795 3104 in

352 3150 464 3188 scr.
533 3135 679 3188 Exst.
759 3134 821 3188 in
899 3134 988 3189 ed.
1066 3137 1317 3205 Erasm.,
1381 3138 1618 3202 Lovan.,
1677 3140 1731 3190 et
1780 3136 1973 3190 Bened.
2157 3138 2244 3192 ed.
2280 3140 2494 3192 Erasm.
2520 3141 2577 3190 et
2595 3135 2800 3190 Lovan.
2834 3137 2892 3190 T.
2922 3137 3010 3202 IV,
3043 3137 3235 3190 Bened.
3271 3138 3356 3190 VI.

349 3226 487 3276 tom.
524 3222 592 3276 II.
2087 3229 2175 3281 69.
2229 3226 2541 3280 Brevicutus
2589 3226 2950 3280 Collationum
3014 3229 3201 3278 contra
3280 3225 3600 3279 Donatistas
3677 3241 3793 3280 scr.

289 3313 381 3365 50.
450 3312 524 3365 De
576 3310 744 3379 Opere
800 3311 1181 3365 Monachorum
1237 3311 1380 3365 liber
1425 3310 1659 3381 jubente
1736 3311 1975 3378 Aurelio,
2157 3315 2264 3369 sub
2294 3315 2467 3368 linem
2499 3330 2550 3367 a.
2596 3315 2722 3367 411.
2775 3314 2922 3368 Exst.
2969 3311 3029 3366 in
3076 3313 3162 3368 ed.
3213 3316 3429 3368 Erasm.
3473 3320 3528 3368 et
3580 3316 3794 3370 Lovan.

359 3398 532 3468 episc.
567 3398 831 3469 Carthag.
867 3416 913 3453 c.
957 3416 988 3453 a
1017 3401 1122 3454 400
1151 3415 1255 3454 scr.
1287 3400 1434 3453 Exst.
1495 3400 1555 3454 in
1618 3399 1708 3454 ed.
1763 3402 1977 3454 Erasm.
2155 3405 2216 3458 Τ.
2241 3404 2355 3466 VII,
2390 3401 2583 3457 Bened.
2616 3403 2702 3456 IX.

361 3491 417 3540 et
442 3488 646 3542 Lovan.
681 3491 819 3542 tam.
852 3488 947 3554 III,
974 3489 1168 3543 Bened.
1197 3493 1338 3543 tom.
1370 3489 1459 3544 VI.
2085 3494 2175 3548 70.
2207 3493 2299 3548 Ad
2320 3495 2632 3547 Donatistas
2673 3493 2802 3561 post
2823 3489 3032 3546 dictam
3083 3491 3430 3547 Collationem
3475 3490 3616 3545 liber
3643 3492 3796 3546 forte
3857 3515 3866 3520 ·

293 3579 378 3630 51.
402 3575 484 3629 De
512 3577 655 3630 Bono
683 3576 958 3645 conjugali
999 3576 1145 3630 liber
1192 3573 1458 3631 adversus
1509 3576 1873 3632 Iovinianum
1926 3592 1977 3631 a.
2161 3582 2264 3636 sub
2295 3580 2428 3637 init.
2459 3598 2509 3635 a.
2537 3582 2641 3635 412
2668 3596 2772 3635 scr.
2804 3580 2952 3634 Exst.
3001 3580 3061 3634 in
3115 3579 3204 3635 ed.
3236 3583 3450 3635 Erasm.
3485 3585 3539 3635 et
3581 3582 3794 3636 Lovan.

351 3665 458 3720 400
488 3680 594 3719 scr.
628 3665 776 3720 Exst.
836 3665 896 3719 in
946 3665 1034 3720 ed.
1098 3667 1350 3734 Erasm.,
1403 3668 1630 3734 Lovan.,
1673 3670 1731 3720 et
1769 3665 1971 3721 Bened.
2158 3672 2218 3726 Τ.
2253 3672 2369 3740 νιι,
2399 3669 2592 3725 Bened.
2629 3670 2713 3723 IX.

348 3759 490 3808 tom.
524 3755 612 3808 VI.
2082 3762 2174 3815 71.
2205 3763 2277 3815 De
2304 3758 2535 3813 videndo
2593 3761 2696 3813 Deo
2745 3758 2819 3812 ad
2862 3758 3152 3813 Paulinam
3209 3757 3374 3814 liber.
3411 3759 3559 3813 Exst.
3597 3757 3658 3812 in
3690 3759 3794 3814 ed.

283 3845 371 3899 52.
402 3846 478 3898 De
506 3847 695 3896 sancta
724 3844 1041 3911 virginitate
1069 3843 1216 3898 liber
1246 3860 1351 3898 scr.
1383 3861 1475 3899 an.
1509 3846 1632 3899 401.
1679 3845 1868 3898 Exstat
1920 3843 1982 3898 in
2158 3852 2398 3914 Erasm.,
2432 3849 2659 3916 Lovan.,
2682 3851 2739 3901 et
2767 3847 2960 3902 Bened.
2993 3849 3054 3902 T.
3081 3849 3146 3901 II.

352 3933 438 3986 ed-
476 3936 714 4000 Erasm.,
760 3933 986 4000 Lovan.,
1020 3937 1078 3987 et
1103 3934 1298 3987 Bened.
1330 3938 1470 3989 tom.
1503 3934 1588 3987 VI.
2085 3941 2175 3994 72.
2210 3941 2284 3993 De
2314 3940 2530 3994 Natura
2559 3942 2609 3991 et
2658 3937 2853 3993 Gratia
2891 3941 3080 3991 contra
3131 3937 3455 4004 Pelagianos
3535 3936 3680 3990 liber
3739 3955 3794 3992 a.

284 4023 371 4075 53.
406 4024 478 4076 De
506 4023 695 4079 Genesi
723 4022 796 4075 ad
824 4024 1088 4076 Litteram
1135 4022 1268 4076 libri
1298 4022 1597 4077 duodecim
1637 4039 1688 4077 a.
1741 4024 1837 4076 401
1900 4021 1979 4076 in-
2159 4028 2284 4081 415.
2343 4041 2448 4080 scr.
2509 4025 2655 4078 Exst.
2718 4024 2780 4078 in
2830 4025 2926 4081 ed.
2985 4027 3202 4081 Erasm.
3239 4031 3295 4080 et
3320 4028 3522 4080 Lovan.
3575 4026 3636 4080 T.
3672 4025 3798 4093 VII,

353 4110 566 4180 choati,
599 4110 843 4164 absoluti
887 4127 940 4164 a.
997 4112 1120 4166 415.
1168 4113 1312 4166 Exst.
1363 4111 1426 4166 in
1483 4111 1576 4166 ed.
1614 4114 1855 4182 Erasm.,
1885 4114 1985 4167 Lo-
2067 4127 2103 4173 ο
2161 4118 2306 4185 part.
2333 4131 2391 4179 ιι,
2423 4113 2702 4169 Bened.T.
2737 4114 2798 4168 Χ.

349 4215 504 4265 υαη.,
540 4203 598 4253 et
625 4199 819 4254 Bened.
850 4204 989 4254 tom.
1021 4201 1113 4255 III.
2089 4207 2178 4260 73.
2214 4207 2287 4259 De
2317 4205 2646 4270 Perfectione
2669 4203 2904 4272 justitiz
2961 4203 3192 4258 hominis
3225 4203 3294 4258 ad
3347 4203 3678 4274 Eutropium
3737 4209 3802 4258 et

209 4333 214 4342 .
287 4290 374 4343 54.
410 4291 611 4344 Contra
635 4289 870 4342 Litteras
902 4291 1160 4344 Petiliani
1199 4292 1508 4350 Donatista.
1560 4290 1830 4346 Cirtensis
1897 4291 1983 4345 vel
2165 4293 2426 4360 Paulum,
2504 4291 2799 4361 episcopos
2892 4292 3225 4358 Gallicanos,
3302 4293 3445 4346 liber
3511 4307 3608 4345 seu
3679 4291 3800 4361 epi-

351 4374 866 4430 Constantiniensis
949 4375 1008 4428 in
1067 4376 1332 4429 Numidia
1389 4376 1586 4446 episc.,
1655 4377 1787 4431 libri
1843 4381 1975 4430 tres.
2017 4366 2062 4421 Ῑ)
2165 4381 2307 4435 stola
2336 4396 2443 4435 scr.
2490 4396 2547 4432 a.
2614 4381 2737 4434 415.
2792 4381 2938 4434 Exst.
2973 4379 3033 4434 in
3080 4381 3169 4435 ed.
3221 4383 3433 4436 Erasm.
3483 4384 3540 4434 et
3584 4381 3795 4438 Lovan.

356 4463 503 4517 Exst.
533 4462 593 4516 in
647 4461 739 4516 ed.
797 4464 1015 4516 Erasm.
1078 4467 1135 4516 et
1187 4465 1390 4518 Lovan.
1452 4468 1583 4519 tom.
1639 4466 1748 4530 VII,
1783 4465 1978 4519 Bened.
2162 4471 2229 4526 T.
2271 4470 2383 4533 VII,
2417 4472 2566 4538 part.
2599 4485 2658 4536 ιι,
2689 4469 2882 4523 Bened.
2914 4469 2974 4522 X.

351 4551 434 4604 ΙΧ.
2094 4561 2185 4614 74.
2209 4561 2283 4612 De
2330 4559 2560 4612 Civitate
2615 4559 2711 4611 Dei
2784 4558 2914 4610 libri
2963 4556 3167 4626 viginti
3221 4557 3357 4623 duo,
3412 4557 3482 4611 ad
3525 4557 3798 4614 comitem

285 4642 372 4694 55.
411 4637 505 4693 Ad
549 4638 847 4693 Catholicos
891 4640 1141 4708 Epistola
1193 4644 1381 4695 contra
1423 4643 1754 4709 Donatistas,
1811 4641 1982 4712 vulgo
2163 4646 2569 4709 Marcellinum,
2627 4660 2770 4714 quos
2803 4660 3104 4715 aggressus
3140 4651 3225 4700 est
3276 4647 3520 4700 scribere
3573 4649 3800 4712 Augus-

355 4727 424 4782 de
454 4728 669 4781 Unitate
715 4727 964 4782 Ecclesiae
1009 4728 1172 4796 liber,
1234 4729 1334 4800 qui
1399 4747 1431 4784 a
1476 4730 1817 4801 quibusdam
1867 4747 1984 4787 non
2167 4737 2314 4789 tinus
2345 4751 2400 4791 a.
2447 4736 2573 4800 413,
2608 4739 2737 4803 post
2768 4739 2991 4804 captam
3051 4735 3122 4788 ab
3175 4737 3421 4802 Alarico,
3480 4735 3804 4792 Gothorum

359 4817 662 4886 Augustini
707 4819 962 4887 putatur,
995 4835 1028 4872 a
1055 4820 1290 4888 Dupinio
1329 4825 1522 4873 tamen
1549 4819 1600 4873 ei
1629 4821 1900 4874 asseritur
1930 4824 1988 4876 et
2166 4838 2321 4892 rege,
2354 4823 2553 4878 urbem
2585 4823 2858 4891 Romam;
2893 4823 3133 4877 absolvit
3175 4824 3408 4878 demum
3439 4841 3488 4877 a.
3548 4826 3646 4878 427
3708 4825 3804 4879 vel

363 4906 431 4962 ad
461 4923 514 4961 a.
547 4908 652 4961 402
681 4905 944 4960 refertur.
980 4907 1126 4962 Exst.
1159 4906 1218 4961 in
1275 4907 1363 4962 ed.
1421 4911 1635 4964 Ersam.
1677 4915 1734 4964 et
1777 4912 1983 4966 Lovan.
2164 4913 2289 4965 428.
2325 4911 2473 4964 Exst.
2508 4909 2568 4963 in
2620 4909 2711 4965 ed.
2761 4913 2979 4965 Erasm.
3029 4915 3086 4964 et
3113 4912 3317 4965 Lovan.
3381 4913 3445 4966 T.
3482 4913 3545 4979 V,
3599 4912 3804 4967 Bened.

359 4999 500 5050 tom.
532 4997 646 5064 VII,
679 4995 876 5052 Bened.
915 4996 997 5050 IX.
2166 4999 2280 5054 VII.

293 5087 380 5138 56.
443 5087 644 5142 Contra
681 5086 1018 5143 Cresconium
1071 5084 1526 5153 Grammaticum:
1575 5085 1676 5158 qui
1729 5089 1988 5143 Petiliani
2092 5092 2182 5144 75.
2217 5089 2299 5142 De
2335 5088 2479 5141 Bono
2533 5087 2833 5142 Viduitatis
2890 5086 3036 5141 liber
3121 5089 3237 5158 (seu
3312 5087 3592 5160 epistola).
3674 5089 3808 5144 Non

363 5188 593 5227 causam
625 5174 1041 5230 defendendam
1072 5178 1412 5244 susceperat,
1445 5174 1576 5230 libri
1633 5181 1899 5246 quatuor,
1931 5195 1984 5232 a.
2164 5175 2430 5232 meminit
2485 5175 2609 5246 ejus
2656 5175 2718 5230 in
2770 5177 3290 5245 Retractationibus,
3323 5179 3420 5232 sed
3475 5195 3508 5232 a
3545 5177 3809 5233 Possidio

360 5261 464 5315 406
497 5277 602 5315 scr.
656 5263 802 5318 Exst.
833 5263 895 5319 in
925 5263 1016 5319 ed.
1048 5264 1265 5319 Erasm.
1314 5267 1372 5318 et
1422 5265 1625 5320 Lovan.
1667 5270 1806 5320 tom.
1867 5267 1986 5334 VII,
2167 5267 2226 5320 in
2257 5265 2505 5320 indicem
2538 5265 2717 5319 relata
2741 5268 2843 5319 est.
2879 5265 3026 5319 Exst.
3057 5265 3118 5319 in
3145 5266 3240 5322 ed.
3267 5271 3479 5322 Erasm.
3515 5272 3573 5321 et
3593 5268 3805 5323 Lovan.

366 5350 554 5404 Bened.
591 5351 675 5404 IX.
2167 5355 2229 5409 T.
2257 5355 2346 5421 IV,
2382 5354 2573 5409 Bened.
2609 5353 2698 5408 VI.

433 5439 546 5493 Hoc
599 5439 724 5492 loco
779 5439 1165 5513 subjungeudi
1194 5440 1455 5505 fuissent,
1501 5441 1550 5496 si
1581 5446 1888 5510 exstarent,
1919 5442 1987 5497 Ii-
2095 5449 2188 5503 '76.
2221 5446 2426 5502 Contra
2453 5446 2904 5501 Priscillianistas
2929 5449 2978 5499 et
3019 5447 3354 5516 Origenistas
3381 5445 3532 5501 liber
3585 5464 3636 5501 a.
3694 5448 3808 5503 415

365 5525 455 5580 bri
496 5531 612 5580 tres
667 5525 1098 5599 subsequentes,
1131 5547 1377 5602 quorum
1405 5531 1758 5604 Augustinus
1778 5531 1989 5588 memi-
2169 5549 2273 5588 scr.
2322 5533 2392 5588 ad
2424 5533 2657 5589 Paulum
2683 5535 2932 5590 Orosium
2990 5535 3333 5606 Hispanum.
3391 5535 3538 5590 Exst.
3597 5535 3657 5590 in
3707 5536 3805 5592 ed.

372 5615 456 5670 nit
486 5617 732 5672 Retract.
776 5632 844 5686 ιι,
877 5633 923 5671 c.
955 5619 1044 5679 27,
1075 5620 1163 5684 28,
1197 5621 1285 5687 29,
1317 5619 1551 5686 scilicet,
2172 5623 2387 5678 Erasm.
2416 5625 2472 5678 et
2497 5623 2700 5679 Lovan.
2729 5623 2795 5678 T.
2825 5624 2915 5688 VI,
2949 5622 3146 5679 Bened.
3174 5623 3313 5676 VIII.
