4044 6190
206 293 268 345 29
1235 286 1507 344 NOTITIA
1548 288 1799 345 LITTEB

2116 292 2172 346 S.
2213 293 2677 350 AUGUSTINUM.
3640 297 3706 349 30

208 417 286 467 77.
324 414 396 468 Βε
442 413 670 481 Origine
716 414 915 468 anim
957 412 1027 467 ad
1085 410 1521 484 Hieronymum.
1566 413 1692 469 Vid.
1750 413 1900 468 infra
1937 421 1980 475 Α
2078 415 2255 470 libros
2285 418 2569 473 recensuit
2598 420 2939 489 Augustinus
2968 421 3210 474 Retract.
3261 419 3357 474 lib.
3404 437 3463 485 ιι,
3510 436 3566 474 c.
3613 422 3701 473 45.

271 519 327 556 n.
360 504 449 557 92.
2010 507 2097 560 93.
2140 507 2219 560 De
2247 506 2524 575 Conjugiis
2563 509 2885 562 adulterinis
2915 508 2987 561 ad
3028 508 3349 562 Pallantium
3396 506 3524 561 libri
3561 506 3700 571 duo,

209 595 288 646 78.
325 591 599 663 Sequitur
628 590 691 645 in
730 591 972 646 Retract.
1005 590 1113 645 lib.
1164 608 1225 660 ιι,
1255 607 1304 645 c.
1335 592 1424 657 46,
1456 591 1601 647 liber
1629 592 1696 646 ad
1740 595 1897 647 Eme-
2080 610 2185 648 scr.
2222 611 2272 647 a.
2318 596 2440 649 419.
2493 596 2639 650 Exst.
2690 597 2749 649 in
2791 596 2880 650 ed.
2936 600 3177 665 Erasm.,
3229 599 3455 662 Lovan.,
3508 600 3564 649 et
3607 598 3703 650 Be-

270 686 458 749 ritum,
512 681 944 735 Donatistarum
975 679 1168 751 episc.,
1203 681 1304 751 qui
1332 680 1502 735 hodie
1548 698 1664 736 non
1694 685 1893 735 exstat.
2078 683 2202 738 ned.
2238 684 2299 736 T.
2336 685 2421 737 VI.

273 772 350 826 Cf.
384 786 442 823 n.
477 773 564 829 85.
601 770 692 824 86.
2010 775 2096 827 94.
2140 773 2337 827 Contra
2383 773 2780 827 Adversarium
2820 776 2975 842 Legis
3028 779 3078 828 et
3125 775 3517 842 Prophetarum
3572 770 3705 825 libri

212 859 343 931 {79.}
386 863 463 913 De
511 860 687 916 Gestis
720 860 933 925 Pelagii
978 863 1166 913 contra
1196 858 1539 913 adversarios
1568 856 1769 914 Gratiae
1821 859 1895 911 D.
2080 861 2216 927 duo,
2247 877 2353 915 scr.
2385 878 2436 915 a.
2480 864 2604 915 420.
2657 863 2802 917 Exst.
2853 862 2911 915 in
2961 863 3050 919 ed.
3107 864 3331 916 Erasm.
3388 866 3443 915 et
3500 864 3701 915 Lovan.

272 951 339 1003 Ν.
368 951 418 1001 J.
463 949 519 1004 C.
580 948 729 1001 liber
758 964 816 1003 a.
878 949 979 1001 416
1024 964 1125 1001 seu
1154 949 1254 1002 417
1311 964 1415 1001 scr.
1470 948 1539 1001 ad
1582 946 1895 1013 Aurelium,
2079 951 2140 1005 T.
2173 950 2479 1015 VI,Bened.
2502 952 2644 1004 VIII.

271 1037 441 1109 episc.
508 1038 774 1107 Carthag.
830 1038 978 1091 Exst.
1032 1037 1091 1090 in
1144 1038 1416 1106 Supplem.
1468 1038 1713 1104 Vignerii
1749 1038 1811 1091 T.
1855 1037 1897 1103 Ι,
2010 1043 2096 1094 95.
2148 1041 2345 1095 Contra
2386 1040 2765 1107 Gaudentium,
2812 1040 3343 1110 Thamuganensem
3392 1036 3535 1107 epic.
3594 1037 3708 1089 Do-

272 1144 330 1197 p.
362 1129 468 1181 413
500 1142 623 1195 sqq.
660 1166 675 1191 ,
711 1130 768 1179 et
796 1126 884 1179 ed.
917 1126 1110 1181 Bened.
1144 1127 1204 1180 T.
1238 1128 1297 1180 Χ.
2082 1128 2438 1193 natistarnm,
2474 1128 2601 1181 libri
2633 1128 2766 1194 duo,
2815 1128 3015 1181 eodem
3062 1145 3111 1181 a.
3146 1129 3249 1180 420
3281 1142 3387 1181 scr.
3442 1126 3589 1179 Exst.
3646 1124 3706 1177 in

209 1219 289 1271 80.
330 1220 406 1270 De
462 1217 786 1270 correctione
849 1217 1258 1269 Donatistarum
1327 1214 1470 1268 liber
1532 1214 1603 1269 ad
1668 1216 1898 1281 Bonifa-
2082 1222 2171 1272 ed.
2204 1220 2417 1271 Erasm.
2452 1223 2508 1270 et
2534 1219 2742 1271 Lovan.
2780 1219 2840 1271 T.
2875 1217 3199 1285 VII,Bened.
3230 1217 3315 1269 IX.

272 1308 413 1359 cium
454 1306 755 1359 tribunum
787 1320 850 1357 ac
894 1304 1129 1358 demum
1176 1303 1443 1357 comitem
1472 1303 1532 1357 in
1570 1302 1757 1356 Africa
1793 1319 1899 1357 scr.
2012 1310 2097 1361 96.
2142 1308 2339 1362 Contra
2369 1307 2705 1360 Mendacium
2738 1306 2882 1359 liber
2906 1307 2974 1359 ad
3009 1308 3346 1362 Consentium
3378 1321 3427 1357 a.
3470 1304 3573 1358 420
3593 1318 3703 1356 scr.

274 1411 320 1448 c.
374 1412 425 1447 a.
488 1398 618 1447 417.
686 1394 873 1446 Exstat
919 1393 1069 1447 inter
1116 1392 1384 1462 epistolas
1437 1392 1574 1446 olim
1613 1395 1701 1452 50.
1751 1408 1904 1447 nunc
2085 1397 2227 1449 Exst.
2259 1394 2321 1448 in
2348 1395 2437 1448 ed.
2468 1398 2687 1449 Erasm.
2724 1401 2780 1449 et
2808 1398 3007 1451 Lovan.
3036 1397 3095 1448 T.
3132 1396 3243 1459 VII,
3278 1393 3470 1448 Bened.
3501 1394 3586 1447 IX.

280 1486 389 1545 189,
418 1484 509 1537 ed.
548 1484 1009 1549 Erasm.,Lovan.
1041 1486 1097 1535 et
1116 1482 1311 1535 Bened.
1340 1482 1401 1535 T.
1443 1482 1512 1535 Il.
2015 1488 2101 1539 97.
2146 1484 2349 1538 Contra
2410 1485 2548 1537 duas
2610 1487 2883 1554 Epistolas
2941 1485 3353 1550 Pelagianorum
3398 1481 3529 1537 libri
3579 1498 3713 1551 qua-

210 1576 288 1628 81.
327 1573 412 1625 De
442 1574 739 1626 Praesentia
786 1573 877 1625 Dei
925 1571 1070 1625 liber
1106 1570 1180 1623 ad
1235 1569 1555 1624 Dardanum
1601 1568 1661 1622 in
1711 1568 1905 1624 Galliis
2086 1577 2237 1642 tuor,
2290 1573 2358 1627 ad
2406 1576 2746 1637 Bonifacium
2785 1575 2827 1640 Ι,
2861 1574 3031 1645 episc.
3080 1575 3267 1639 Rom,
3317 1573 3529 1625 Zosimi
3584 1586 3714 1624 suc—

272 1662 576 1733 praal’ectus
627 1676 734 1713 scr.
786 1660 934 1713 circa
984 1659 1138 1713 idem
1188 1662 1439 1728 tempus.
1501 1659 1692 1712 Exstat
1756 1658 1906 1712 inter
1940 1720 1977 1733 ἢ
2088 1680 2390 1732 cessarem,
2425 1664 2619 1733 scripti
2672 1681 2721 1717 a.
2774 1666 2878 1718 420
2921 1664 3008 1716 vel
3048 1663 3215 1733 paulo
3264 1664 3411 1732 post.
3476 1661 3618 1713 Exst.
3655 1658 3716 1711 in

275 1720 543 1820 epistolas
574 1748 734 1815 (olim
774 1752 863 1817 57,
909 1764 1021 1802 nnc
1060 1749 1171 1817 187)
1217 1720 1351 1803 edit.
1384 1750 1582 1802 Erasm
1612 1788 1625 1815 ,
1657 1750 1860 1803 Lovan.
1890 1789 1905 1816 ,
1939 1720 1979 1774 Β
2089 1752 2179 1805 ed.
2215 1720 2427 1806 Erasm.
2468 1720 2770 1810 et.Lovan.
2820 1752 2879 1804 T.
2923 1720 3229 1819 VII,‘part.
3264 1720 3357 1813 ⁵ιι,
3408 1748 3602 1802 Bened.
3651 1748 3713 1800 X.

278 1845 327 1892 et
348 1838 545 1893 Bened.
580 1839 638 1892 T.
680 1838 750 1893 Il.
2019 1844 2106 1897 98.
2171 1844 2366 1898 Contra
2412 1844 2690 1895 Iulianum
2722 1840 2851 1895 libri
2900 1856 2994 1894 sex
3044 1857 3094 1893 a.
3137 1842 3232 1893 421
3290 1838 3503 1908 scripti.
3565 1839 3715 1891 Exst.

218 1931 294 1983 82.
332 1930 389 1982 In
438 1928 803 1994 Euangelium
841 1927 1064 1981 Joannis
1113 1930 1384 1981 tractatus
1432 1926 1654 1995 CXXIV,
1704 1926 1910 1997 quibus
2090 1932 2152 1985 in
2192 1932 2278 1985 ed.
2328 1934 2535 1985 Erasm.
2574 1936 2629 1983 et
2658 1932 2860 1984 Lovan.
2892 1931 2951 1983 T.
2986 1931 3100 1995 VII,
3135 1933 3280 1999 part.
3326 1945 3361 1995 ι,
3398 1927 3605 1981 Bened.
3652 1927 3713 1979 X.

280 2017 511 2088 praeﬁxa
558 2021 647 2070 est
698 2018 957 2083 Praefatio
1015 2015 1217 2069 incerti
1280 2016 1543 2069 auctoris.
1607 2015 1911 2070 Sermones
2020 2022 2107 2075 99.
2150 2020 2509 2074 Enchiridion
2546 2035 2589 2071 s.
2630 2020 2881 2073 Manuale
2913 2019 2980 2072 ad
3016 2017 3405 2084 Laurentium,
3446 2016 3510 2068 de
3565 2014 3714 2077 Fide,

280 2112 403 2159 sunt
431 2106 505 2158 ab
555 2106 867 2172 Augustino
896 2120 997 2175 pro
1027 2104 1297 2157 concione
1327 2104 1511 2158 habiti
1531 2104 1694 2157 annis
1723 2106 1825 2158 416
1858 2108 1914 2157 et
2094 2110 2197 2177 Spe
2226 2114 2276 2162 et
2302 2110 2600 2167 Charitate,
2634 2124 2745 2160 scr.
2794 2110 2919 2161 421.
2966 2108 3111 2160 Exst.
3160 2106 3221 2158 in
3269 2106 3355 2159 ed.
3407 2107 3620 2159 Erasm.
3664 2104 3721 2155 et

280 2198 397 2250 417.
433 2196 584 2249 Exst.
620 2194 681 2247 in
712 2194 802 2247 ed.
836 2196 1050 2247 Erasm.
1082 2198 1136 2246 et
1162 2196 1363 2247 Lovan.
1389 2195 1449 2247 T.
1486 2195 1570 2257 IX,
1596 2194 1788 2247 Bened.
1818 2194 1909 2247 III.
2092 2198 2295 2259 Lovan.
2327 2199 2387 2251 T.
2423 2198 2519 2263 III,
2543 2196 2737 2251 Bened.
2768 2196 2857 2250 VI.

221 2288 297 2339 83.
336 2286 395 2339 In
422 2285 730 2353 Epistulam
776 2286 806 2337 Ι
842 2284 961 2336 divi
1006 2285 1229 2337 Joannis
1269 2284 1342 2336 ad
1380 2285 1609 2338 Parthos
1645 2286 1914 2337 tractatus
2028 2288 2145 2340 100.
2190 2288 2272 2339 De
2303 2288 2455 2339 Cura
2471 2302 2568 2351 pro
2600 2287 2823 2340 mortuis
2864 2283 3097 2353 gerenda
3148 2300 3199 2336 a.
3259 2285 3354 2336 421
3415 2296 3520 2334 scr.
3571 2281 3717 2333 Exst.

281 2376 338 2439 Χ,
370 2375 475 2427 sub
504 2374 659 2426 idem
690 2378 921 2441 tempus
965 2371 1181 2441 scripti.
1234 2373 1382 2425 Exst.
1426 2371 1487 2426 in
1530 2372 1627 2427 ed.
1683 2376 1904 2427 Erasm.
2096 2375 2155 2427 in
2187 2375 2275 2428 ed.
2312 2378 2521 2430 Erasm.
2557 2381 2613 2428 et
2646 2376 2844 2429 Lovan.
2878 2375 2938 2427 T.
2977 2374 3063 2437 IV,
3092 2371 3283 2426 Bened.
3328 2370 3416 2423 VI.

283 2469 335 2517 et
358 2465 558 2517 Lovan.
585 2464 647 2516 T.
682 2463 767 2526 IX,
800 2462 997 2516 Bened.
1029 2462 1123 2515 Ill.
2028 2466 2154 2519 101.
2203 2466 2276 2517 De
2306 2469 2417 2518 octo
2449 2465 2671 2518 Dulcitii
2718 2463 3108 2529 Quzestionibus
3156 2461 3298 2514 liber
3343 2475 3453 2514 scr.
3512 2474 3562 2511 a.
3598 2458 3720 2511 422.

222 2554 298 2606 84.
330 2555 399 2606 De
430 2552 641 2607 Gratia'
662 2552 880 2604 Christi
923 2555 972 2603 et
1016 2552 1231 2604 Peccato
1277 2550 1548 2618 Originali
1590 2554 1775 2603 contra
1812 2551 1913 2603 Pe-
2098 2554 2243 2606 Exst.
2276 2553 2337 2606 in
2364 2553 2450 2607 ed.
2482 2556 2694 2606 Erasm.
2725 2558 2780 2605 et
2809 2554 3011 2606 Lovan.
3046 2551 3102 2604 Ι..
3139 2551 3225 2616 IV,
3252 2548 3451 2604 Bened.
3492 2548 3579 2600 VI.

285 2642 485 2707 legium
553 2646 603 2694 et
647 2640 954 2695 Cwlestium
1002 2639 1131 2691 libri
1182 2639 1313 2703 duo,
1368 2638 1516 2691 circa
1568 2638 1822 2692 medium
1862 2654 1912 2692 a.
2030 2643 2148 2695 102.
2193 2642 2399 2709 Regula
2436 2641 2509 2695 ad
2556 2655 2736 2695 servos
2784 2642 2883 2694 Dei
2927 2639 2996 2693 de
3041 2640 3222 2692 tribus
3269 2637 3475 2691 ultima
3526 2636 3616 2703 (α),
3658 2633 3727 2687 de

283 2731 380 2783 408
434 2745 541 2784 scr.
605 2730 753 2782 Exst.
805 2727 867 2781 in
911 2727 1000 2781 ed.
1050 2730 1265 2783 Erasm.
1320 2732 1375 2781 et
1424 2730 1630 2782 Lovan.
1676 2728 1735 2782 T.
1802 2728 1913 2794 VII,
2099 2746 2213 2801 qua
2259 2730 2479 2783 dubitat
2538 2733 2818 2797 Erasmus,
2886 2729 3016 2781 licet
3068 2727 3361 2797 indignam
3422 2725 3729 2790 Augustino

286 2820 473 2873 Bened.
503 2819 565 2873 Χ.
2099 2835 2214 2872 non
2238 2816 2476 2885 judicet,
2510 2823 2772 2871 asserunt
2799 2818 2965 2887 plane
3016 2816 3373 2870 Benedictini.
3430 2815 3621 2866 Exstat
3670 2810 3731 2863 in

225 2912 303 2962 85.
358 2913 432 2963 De
470 2910 639 2975 gestis
682 2923 801 2961 cum
849 2908 1084 2961 Emerita
1146 2904 1552 2986 Caesareas-in
1583 2904 1920 2986 Mauritania
2101 2907 2459 2986 epistola21|
2504 2906 2668 2986 (alias
2702 2906 2849 2975 109),
2891 2901 3429 2957 Sanctimonialibus
3477 2900 3547 2952 ab
3605 2899 3728 2969 ipso

288 2962 721 3052 Donatistarum
754 2995 1017 3066 episcopo
1051 2994 1196 3048 liber
1246 3010 1297 3047 a.
1328 2978 1707 3073 413:
1725 2976 2019 3073 scriyitno
2102 2962 2310 3066 siripia
2336 2962 2522 3059 {1.7128
2545 2981 2634 3047 'vel
2663 2994 2786 3047 424.
2807 2962 2968 3046 ’lnde
3018 3007 3151 3044 vero
3198 2990 3598 3060 depromptam
3624 2962 3729 3039 ’γι-

226 3090 305 3142 86.
367 3089 555 3143 Sermo
596 3086 673 3140 ad
724 3087 1069 3141 Caesariensis
1120 3084 1378 3138 Ecclesia:
1423 3069 1988 3152 plebem'Eineritb'v
2073 3074 2293 3156 'ris'qu'e
2326 3076 2778 3155 a'pta'tzim'fuisse
2809 3081 3022 3137 dicunt.
3060 3080 3155 3133 Ed.
3209 3082 3442 3143 Erasm.,
3490 3077 3728 3143 Lovan.,

285 3182 546 3246 prasente
586 3175 837 3230 habitus.
902 3175 1049 3228 Exst.
1092 3172 1154 3226 in
1196 3172 1303 3227 ed-
1342 3171 1595 3259 Erasm..
1624 3176 1675 3261 et
1700 3175 1921 3265 ~I'ottan;
2106 3180 2161 3228 et
2192 3174 2387 3247 Bened.
2417 3175 2492 3252 T.
2516 3175 2557 3229 Ι.

286 3267 341 3320 Τ.
380 3267 500 3334 VII,
526 3264 725 3319 Bened.
773 3265 859 3319 IX.
1296 3276 1312 3346 ς
1342 3342 1345 3343 ν
1374 3266 1386 3282 ³
1412 3246 1424 3287 ί
1741 3250 1758 3319 ’ἶ
1812 3337 1830 3346 η
2039 3266 2157 3346 103:
2177 3265 2264 3346 ‘De
2597 3256 2786 3346 libero
2816 3260 3064 3315 Arbitrio
3090 3257 3163 3311 ad
3196 3258 3543 3311 Valentinum
3574 3253 3737 3308 abba-

228 3357 304 3407 87.
344 3357 547 3411 Contra
570 3356 882 3409 Sermonem
913 3350 1200 3421 quemdam
1240 3334 1595 3404 Arianorum
1627 3338 1757 3403 'sirie
1808 3337 1933 3404 λιιέ
2108 3336 2310 3407 ιὲηϊὲί
2356 3334 3080 3407 ἱηὸήὶιεὶιὸε“Άάναηιριίηοε
3124 3363 3227 3401 scr.
3257 3363 3307 3399 a.
3342 3348 3445 3400 426
3479 3345 3566 3398 vel
3608 3346 3735 3398 427.

287 3444 460 3497 cteris
493 3442 733 3496 nomine
760 3441 908 3495 liber
934 3457 985 3494 a.
1027 3442 1128 3495 417
1163 3455 1268 3493 scr.
1305 3441 1451 3493 Exst.
1486 3438 1547 3491 in
1588 3438 1678 3493 ed.
1710 3441 1923 3493 Erasm.
2107 3443 2255 3496 Exst.
2289 3441 2349 3494 in
2405 3442 2495 3495 ed.
2549 3444 2771 3496 Erasm.
2829 3443 2885 3493 et
2937 3440 3142 3493 Lovan.
3181 3437 3242 3490 Τ.
3304 3436 3419 3501 VII,
3470 3436 3618 3505 part.
3676 3449 3735 3499 ιι,

289 3541 343 3589 et
373 3535 585 3588 Lovan.
624 3534 685 3587 T.
720 3533 808 3598 VI,
844 3531 1037 3586 Bened.
1072 3531 1217 3585 VIII.
2112 3530 2308 3584 Bened.
2342 3531 2402 3583 X.

229 3627 305 3679 88.
346 3628 419 3678 De
458 3624 742 3677 Patientia
774 3621 923 3675 liber
952 3620 1041 3674 vel
1067 3618 1261 3691 potius
1300 3618 1499 3673 Sermo
1547 3633 1651 3672 scr.
1698 3621 1762 3671 ut
1808 3632 1931 3670 cre-
2043 3621 2159 3674 104.
2198 3622 2267 3673 De
2296 3619 2638 3689 Correptione
2676 3621 2726 3670 et
2761 3616 2957 3672 Gratia
2984 3613 3131 3669 liber
3156 3612 3229 3667 ad
3259 3611 3571 3667 monachos
3601 3610 3742 3664 item

289 3716 463 3782 ditur,
493 3718 626 3767 ante
660 3730 708 3766 a.
743 3714 866 3766 418.
914 3712 1062 3767 Exst.
1111 3710 1173 3765 in
1220 3711 1312 3767 ed.
1371 3712 1586 3764 Erasm.
1621 3712 1677 3763 et
1726 3710 1927 3763 Lovan.
2110 3705 2513 3762 Adrumetinos
2552 3722 2601 3759 a.
2632 3708 2732 3759 427
2767 3703 3031 3775 scriptus.

292 3806 349 3859 T.
386 3805 476 3867 IV,
510 3802 705 3856 Bened.
737 3801 827 3854 VI.
2044 3798 2161 3851 105.
2204 3797 2663 3851 Retractationum
2694 3793 2827 3847 libri
2866 3793 3002 3861 duo,
3041 3791 3103 3845 in
3152 3790 3363 3862 quibus
3394 3789 3738 3857 Augustinus

231 3896 308 3947 89.
356 3896 432 3948 De
479 3892 708 3960 Nuptiis
743 3894 793 3943 et
832 3889 1275 3958 Concupiscentia
1326 3885 1398 3940 ad
1443 3886 1719 3941 Valerium
1756 3883 1933 3937 comi-
2112 3900 2287 3956 opera
2317 3900 2419 3937 sua
2468 3884 2646 3952 XCIV,
2676 3883 2735 3935 in
2766 3881 2923 3936 libris
2954 3882 3185 3945 CCXXX,
3235 3883 3491 3932 recenset
3519 3877 3590 3930 ad
3634 3892 3741 3930 au-

293 3980 574 4036 temlibri
617 3979 754 4033 duo.
807 3978 969 4031 Prior
1012 3976 1255 4047 scriptus
1286 3980 1371 4029 est
1416 3991 1465 4029 a.
1521 3977 1622 4028 418
1670 3978 1932 4040 exeunte,
2115 3990 2257 4029 num
2314 3989 2492 4043 usque
2545 3974 2667 4035 427,
2726 3986 2838 4041 quo
2894 3970 3090 4039 scripti
3146 3972 3297 4021 sunt.
3353 3968 3501 4020 Exst.
3537 3965 3598 4018 in
3649 3964 3739 4018 ed.

294 4069 585 4124 secundus
641 4084 688 4121 a.
732 4070 857 4123 420.
906 4068 1048 4120 Exst.
1110 4065 1169 4119 in
1219 4065 1308 4119 ed.
1360 4067 1575 4120 Erasm.
1627 4066 1683 4117 et
1728 4065 1931 4117 Lovan.
2114 4064 2603 4127 Erasm.,Lovan.,
2628 4065 2685 4113 et
2711 4058 2904 4113 Bened.
2932 4059 3058 4111 T.I.

296 4161 351 4214 T.
387 4161 507 4221 \‘II,
542 4162 695 4229 part.
731 4171 791 4223 ιι,
826 4156 1096 4212 Bened.T.
1123 4156 1184 4209 X.
2050 4154 2167 4206 106.
2211 4154 2283 4204 De
2309 4148 2609 4203 Hzeresibus
2634 4146 2779 4199 liber
2826 4145 2977 4197 intra
3022 4160 3071 4197 a.
3126 4144 3228 4197 428
3274 4146 3332 4195 et
3363 4143 3467 4195 430
3516 4140 3743 4193 absolu-

240 4252 313 4303 90.
352 4250 723 4303 Locutionum
755 4246 887 4300 libri
925 4248 1161 4316 septem,
1222 4260 1269 4298 c.
1304 4259 1353 4299 a.
1388 4244 1491 4297 419
1537 4240 1749 4313 scripti.
1786 4243 1932 4295 Exst.
1971 4314 1990 4316 _
2115 4245 2223 4294 tus.
2276 4239 2424 4292 Exst.
2476 4236 2535 4289 in
2588 4235 2677 4289 ed.
2736 4235 2959 4288 Erasm.
3034 4238 3091 4286 et
3138 4233 3342 4286 Lovan.
3392 4231 3459 4284 T.
3512 4230 3601 4292 VI,
3646 4231 3745 4284 Be-

299 4340 355 4391 in
387 4339 480 4392 ed.
511 4339 767 4403 Erasm.,
788 4314 1072 4390 Lovan.—et
1089 4333 1286 4389 Bened.
1316 4334 1379 4387 T.
1412 4333 1510 4388 III.
1968 4314 2010 4367 Ῑ)
2118 4329 2242 4383 ned.
2277 4328 2421 4380 VIII.

244 4432 317 4481 91.
384 4429 761 4494 Quaestionum
814 4427 869 4478 in
915 4424 1339 4493 Heptateuchum
1385 4422 1604 4477 DCLXV
1662 4420 1792 4474 libri
1846 4436 1937 4473 se-
2052 4421 2176 4474 107.
2247 4419 2532 4471 Tractatus
2563 4431 2605 4469 s.
2663 4412 2799 4467 liber
2843 4412 2908 4466 de
2953 4411 3334 4466 Incarnatione
3379 4410 3603 4462 Domini
3650 4407 3746 4461 ad-

302 4523 484 4585 ptem,
547 4515 675 4568 eod.
729 4530 779 4567 a.
830 4514 955 4568 419.
1012 4527 1118 4567 scr.
1158 4513 1305 4566 Exst.
1359 4510 1417 4564 in
1474 4509 1561 4564 ed.
1614 4512 1829 4564 Erasm.
1885 4511 1942 4562 et
2118 4520 2304 4561 versus
2323 4504 2536 4559 ,Μάρκος
2593 4506 2721 4572 post
2754 4500 2966 4554 librum
3005 4499 3074 4553 de
3120 4498 3439 4552 Hmresibus
3481 4513 3511 4549 a
3569 4498 3751 4550 Bene-

302 4608 510 4660 Lovan.
541 4605 603 4658 Τ.
644 4603 735 4668 IV,
770 4602 966 4657 Bened.
993 4601 1088 4655 III.
2123 4593 2351 4649 dictinis
2399 4592 2654 4662 ponitur.
2708 4591 2855 4644 Exst.
2908 4588 2971 4642 in
3010 4587 3097 4642 ed.
3128 4590 3344 4642 Erasm.
3380 4591 3435 4640 et
3467 4585 3751 4640 Lovan.T.

252 4696 319 4746 32.
360 4695 445 4747 De
498 4693 714 4746 Anima
748 4695 798 4743 et
830 4690 946 4757 ejus
996 4686 1203 4755 origine
1241 4685 1376 4740 libri
1437 4690 1685 4756 quatuor
1732 4701 1782 4738 a.
1839 4686 1941 4739 419
2124 4684 2211 4749 VI,
2244 4682 2439 4737 Bened.
2498 4680 2644 4733 VIII.

308 4789 357 4835 et
398 4784 516 4837 420
562 4779 780 4849 scripti.
826 4780 977 4832 Exst.
1028 4777 1089 4831 in
1129 4777 1218 4831 ed.
1280 4776 1495 4830 Erasm.
1531 4779 1588 4829 et
1626 4774 1829 4828 Lovan.
1875 4774 1938 4829 T.
2057 4775 2177 4827 108.
2222 4774 2340 4826 109.
2384 4771 2607 4827 Collatia
2645 4783 2763 4822 cum
2799 4767 3098 4821 Maximino
3140 4766 3472 4820 Arianorum
3510 4764 3755 4831 episcopo

312 4872 613 4941 V'II,.part.
642 4886 699 4933 ιι,
733 4866 927 4922 Bened.
956 4868 1019 4921 Χ.
2125 4860 2369 4931 librique
2418 4859 2530 4913 duo
2575 4863 2762 4912 contra
2792 4856 3052 4910 eumdem.
3082 4854 3321 4909 Collatio
3364 4850 3559 4905 habita
3591 4852 3676 4901 est
3702 4865 3753 4903 ε..

372 4937 665 5015 (levitarum
722 4957 1024 5026 scripserat
1096 4955 1438 5021 Augustinus
1506 4968 1565 5006 a.
1619 4953 1723 5006 415
1774 4950 1843 5005 ad
1888 4950 1944 5005 S.
2125 4951 2252 5019 428,
2294 4949 2574 5020 Hippone.
2618 4948 2767 5001 Exst.
2820 4945 2881 4999 in
2921 4945 3010 4998 ed.
3065 4946 3276 4999 Erasm.
3332 4944 3388 4993 et
3437 4940 3640 4992 Lovan.
3690 4937 3756 4992 Τ.

312 5051 732 5119 Hieronymum
758 5048 825 5101 de
857 5047 1081 5115 Origine
1109 5046 1306 5099 animae
1356 5042 1590 5110 librum,
1651 5041 1751 5112 qui
1798 5041 1949 5094 inter
2127 5040 2216 5105 VI,
2248 5038 2445 5093 Bened.
2478 5038 2622 5090 VIII.

313 5112 582 5210 epistolas
615 5141 796 5191 exstat
822 5112 1022 5189 ordine
1058 5136 1156 5189 166
1188 5133 1248 5187 in
1280 5131 1369 5185 ed.
1406 5131 1637 5196 Bened.,
1670 5129 1809 5183 alias
1857 5132 1946 5194 28,
2060 5130 2180 5184 110.
2223 5128 2306 5182 De
2362 5125 2836 5181 Prwdestinatione
2887 5126 3194 5177 sanctorum
3242 5117 3386 5169 liber
3415 5112 3504 5169 ad'
3534 5117 3757 5185 Prospe-

313 5203 603 5298 simulque
663 5226 911 5279 alterum
963 5224 1034 5278 de
1101 5220 1383 5276 sententia
1440 5220 1502 5273 Ι).
1561 5218 1755 5274 Jacobi
1810 5234 1948 5287 apo-
2128 5233 2250 5271 rum
2282 5220 2337 5270 et
2364 5217 2641 5269 Hilarium
2665 5228 2771 5267 scr.
2805 5228 2856 5266 a.
2890 5213 2992 5266 428
3034 5208 3119 5261 vel
3166 5208 3289 5260 429.
3344 5206 3492 5259 Exst.
3549 5204 3609 5258 in
3660 5203 3751 5257 ed.

314 5317 441 5370 stoli
474 5294 533 5378 ιῖ,
580 5318 689 5369 10;
735 5315 839 5380 Qui
875 5312 1160 5382 offeth
1198 5313 1258 5365 in
1301 5326 1425 5376 uno,
1465 5311 1647 5375 factus
1687 5312 1784 5375 est,
1832 5322 1948 5361 om-
2131 5309 2345 5361 Erasm.
2382 5308 2435 5356 et
2460 5305 2679 5357 Lovam.
2711 5302 2771 5354 Τ.
2798 5300 2888 5365 VI,
2929 5294 3124 5351 Bened.
3160 5294 3227 5348 X.

312 5406 459 5461 niwn
490 5419 638 5471 reus,
668 5402 839 5475 epist.
875 5381 998 5468 167,
1023 5400 1161 5455 olim
1191 5403 1278 5454 29.
1313 5399 1623 5469 Utramque
1656 5402 1949 5468 tamquam
2067 5398 2186 5449 111.
2229 5396 2300 5448 De
2355 5390 2834 5447 Prwdestinatione
2885 5386 3211 5439 Sanctorum
3266 5382 3410 5438 liber
3457 5381 3759 5445 secundus,

304 5588 367 5646 (ο)
400 5586 475 5634 De
512 5581 735 5645 reliquis
765 5579 887 5630 vide
916 5576 1056 5628 infra
1084 5590 1136 5626 n.
1168 5579 1245 5637 21,
1272 5578 1349 5637 22,
1377 5575 1433 5625 in
1461 5574 1657 5625 Dubiis.
