4044 6190
240 331 302 383 31

1247 328 1803 386 SUPPLEMENTUM
1843 327 1935 384 AD
1971 326 2205 382 OPEBA
2241 329 2297 382 8.
2339 328 2723 384 AUGUSTINI.
3669 331 3738 382 32

302 451 474 520 vulgo
521 449 588 504 de
614 449 769 506 Dono
812 453 1228 508 Perseverantix
1262 455 1623 524 nuncupatus
1677 451 1751 506 ad
1804 467 1929 505 eos-
1967 451 2011 506 A
2108 453 2448 520 Maximum;
2507 455 2609 508 130
2673 452 3114 523 Chrysostomum
3173 455 3462 507 auctorem
3526 450 3740 519 habet;

307 537 438 592 dem
469 554 578 593 scr.
609 555 658 593 a.
710 541 813 594 428
859 541 947 594 vel
985 543 1114 596 429.
1162 542 1312 595 Exst.
1358 541 1420 596 in
1467 543 1558 597 ed.
1600 545 1815 598 Erasm.
1870 543 1927 594 et

304 628 509 682 Lovan.
538 629 598 682 Τ.
623 629 716 695 VI,
739 629 931 684 Bened.
959 631 1020 684 X.

239 719 358 771 112.
401 717 596 772 Contra
618 705 916 772 secundam
942 716 1151 772 Iuliani
1181 722 1595 789 responsionem,
1649 735 1782 788 Opus
1815 721 1923 772 im-

299 809 602 876 perfectum
648 822 745 862 sex
791 808 954 860 libros
994 809 1339 876 complectens
1387 825 1494 864 scr.
1543 825 1601 862 a.
1649 811 1790 873 428,
1837 807 1925 861 vel

306 897 431 949 429.
501 895 645 949 Exst.
703 895 765 948 in
824 897 1068 962 Vignerii
1109 897 1385 967 Supplem.
1454 899 1517 954 Τ.
1596 899 1668 964 Π,
1727 896 1921 953 Bened.

305 984 394 1038 ed.
419 985 479 1038 X.

239 1075 358 1126 113.
410 1073 699 1140 Speculum
749 1088 816 1127 ex
866 1078 1094 1143 utroque
1153 1077 1485 1130 Testamento
1543 1075 1648 1129 sub
1700 1090 1758 1129 a.
1820 1075 1923 1128 427

305 1159 604 1230 scriptum,
637 1165 693 1214 et
722 1177 754 1214 a
783 1163 1026 1216 Possidio
1052 1162 1110 1216 in
1157 1163 1405 1219 Indiculo
1444 1167 1501 1217 et
1553 1162 1682 1218 Vita
1733 1163 1925 1231 Augu-

303 1251 439 1302 stini
482 1255 884 1304 memoratum.
935 1253 1082 1307 Exst.
1130 1251 1191 1306 in
1231 1253 1320 1307 ed.
1371 1255 1588 1308 Erasm.
1626 1256 1682 1307 et
1719 1254 1922 1307 Lovan.

304 1339 366 1392 T.
396 1338 495 1406 III,
525 1340 772 1406 Vignerii
791 1341 982 1410 Suppl.
1009 1342 1046 1402 I,
1076 1342 1269 1397 Bened.
1296 1342 1394 1396 Ill.

242 1428 358 1481 114.
404 1430 852 1484 Examinationes
894 1432 952 1483 in
993 1433 1232 1486 Psalmos
1281 1431 1509 1486 Davidis
1557 1431 1658 1486 CL.
1693 1431 1839 1485 Exst.
1866 1428 1927 1485 in

305 1515 393 1569 ed.
425 1519 638 1571 Erasm.
671 1522 727 1570 et
751 1519 951 1572 Lovan.
986 1520 1046 1573 T.
1075 1521 1218 1583 VIII,
1255 1519 1458 1574 Bened.
1484 1521 1574 1574 IV.

238 1606 357 1659 115.
399 1606 657 1674 Epistolas
685 1622 925 1660 numero
956 1608 1218 1677 CCLXXI,
1259 1609 1422 1679 juxta
1451 1607 1714 1662 ordinem
1759 1607 1925 1662 chro-

306 1693 630 1765 nologicum
661 1711 694 1748 a
739 1696 1114 1750 Benedictinis
1156 1698 1214 1751 in
1244 1697 1314 1752 IV
1362 1698 1563 1752 classes
1610 1695 1924 1768 dispositae.

306 1783 499 1838 Prima
527 1784 718 1837 classis
747 1801 841 1838 eas
865 1785 1114 1840 continet
1133 1802 1274 1856 quas
1295 1787 1645 1858 Augustinus
1675 1785 1930 1840 nondum

305 1870 606 1942 episcopus
655 1871 881 1942 scripsit
935 1872 1003 1926 ab
1055 1889 1106 1929 a.
1155 1877 1258 1929 386
1312 1874 1385 1928 ad
1447 1878 1570 1929 395.
1647 1873 1927 1940 Secunda,

309 1976 450 2030 quas
500 1960 568 2014 ab
631 1976 697 2014 eo
772 1965 1027 2032 tempore
1089 1962 1316 2033 scripsit
1387 1967 1518 2016 ante
1581 1965 1932 2021 Collationem

309 2050 788 2116 Carthaginensem
817 2067 945 2105 cum
970 2051 1280 2106 Donatistis
1299 2051 1554 2106 habitam
1575 2056 1633 2106 et
1651 2051 1932 2106 detectam

308 2137 371 2191 in
400 2138 588 2193 Africa
614 2140 822 2206 Pelagii
848 2139 1115 2206 heresin,
1159 2140 1198 2196 i.
1231 2157 1281 2195 e.
1332 2140 1402 2194 ab
1449 2156 1500 2194 a.
1549 2143 1650 2195 396
1687 2140 1759 2194 ad
1803 2142 1928 2196 412.

308 2227 517 2294 Tertia,
570 2243 710 2297 quas
749 2228 820 2282 ab
868 2243 936 2282 eo
983 2232 1243 2300 tempore
1290 2228 1363 2284 ad
1419 2228 1643 2284 obitum
1689 2228 1932 2300 scripsit,

306 2330 517 2386 nempe
549 2316 620 2370 ab
648 2332 700 2370 a.
733 2319 828 2371 511
864 2317 936 2371 ad
966 2319 1089 2373 430.
1123 2318 1355 2388 Quarta,
1379 2333 1472 2372 eas
1504 2333 1751 2389 quarum
1785 2322 1930 2372 tem-

307 2419 418 2475 pus
448 2406 639 2458 minus
680 2411 1039 2477 compertum
1083 2406 1347 2474 habetur,
1390 2423 1532 2478 quas
1573 2410 1767 2462 tamen
1808 2422 1931 2460 om-

309 2508 415 2548 nes
446 2493 515 2548 ab
544 2494 852 2562 Augustino
878 2495 1000 2566 jam
1043 2495 1306 2567 episcopo
1352 2495 1588 2566 scriptas
1640 2511 1761 2550 esse
1810 2510 1932 2548 cer-

308 2588 434 2637 tum
465 2587 566 2638 est.
601 2584 906 2652 Augustini
928 2583 1184 2655 epistolis
1226 2588 1392 2638 antea
1443 2583 1690 2654 vulgatis
1735 2599 1934 2654 paucae

308 2673 585 2726 hactenus
615 2672 840 2727 inedita:
879 2677 1236 2728 accesserunt
1279 2673 1340 2726 in
1388 2673 1478 2728 ed.
1532 2672 1932 2728 Benedictino-

311 2776 462 2815 rum.
489 2762 634 2816 Exst.
667 2761 728 2815 in
757 2762 848 2816 ed.
872 2765 1112 2823 Erasm.,
1140 2763 1365 2828 Lovan.,
1398 2766 1454 2816 et
1472 2762 1672 2816 Bened.
1702 2765 1840 2827 tom,
1860 2762 1930 2816 II.

311 2851 510 2906 Plures
571 2855 764 2904 autem
819 2851 1061 2922 jamjam
1119 2851 1269 2905 inter
1332 2851 1602 2922 epistolas
1639 2851 1928 2922 leguntur,

2109 543 2232 608 136,
2301 543 2418 610 138,
2470 546 2590 609 156,
2645 545 2767 608 176,
2813 542 2962 596 inter
3025 542 3356 597 Eusebianos
3403 541 3735 607 habentur;

2109 632 2206 682 1'77
2261 630 2318 685 S.
2370 630 2618 698 Gregorii
2659 635 2782 698 est;
2837 633 2934 686 173
2971 647 3034 684 ex
3079 630 3335 701 ejusdem
3377 629 3600 701 scriptis
3631 628 3735 682 de-

2105 721 2404 788 sumptus;
2456 721 2580 786 226,
2630 721 2756 787 228,
2813 721 2940 786 229,
2983 721 3109 781 242,
3160 734 3230 772 ex
3274 719 3555 774 Ambrosii
3595 717 3738 771 scri-

2111 805 2236 878 ptis.

2176 899 2234 950 5⁰
2260 898 2331 950 De
2356 897 2571 952 Sanctis
2600 897 2879 952 Sermones
2914 897 2999 962 LI,
3066 911 3132 950 ex
3183 895 3391 966 quibus
3435 894 3740 950 Sermones

2110 989 2129 1040 1
2164 990 2219 1039 et
2260 989 2323 1040 18
2363 987 2642 1054 Fulgentio
2688 986 2980 1041 ascribunt
3028 986 3334 1052 nonnulli;
3379 1001 3564 1039 sermo
3603 987 3673 1039 22
3704 1001 3736 1038 e

2103 1076 2259 1129 Petro
2312 1077 2708 1130 Ravennatensi
2742 1074 3042 1144 decerptus
3099 1080 3217 1141 est;
3275 1077 3344 1128 26
3401 1074 3552 1127 inter
3592 1078 3737 1127 Am-

2106 1163 2382 1218 brosianos
2407 1163 2690 1233 reperitur
2719 1167 2822 1231 ;2‘7
2863 1165 3109 1218 Maximi
3136 1168 3253 1229 est;
3287 1166 3355 1218 30
3401 1166 3457 1217 et
3493 1166 3551 1218 31
3589 1179 3735 1233 spu-

2104 1252 2174 1306 rii
2197 1256 2349 1319 sunt,
2389 1252 2673 1323 posterior
2710 1252 2862 1307 inter
2905 1252 3293 1306 Ambrosianos
3343 1252 3605 1313 habetur,
3647 1251 3736 1305 uti

2104 1346 2160 1395 et
2186 1357 2372 1396 sermo
2404 1344 2470 1396 33
2497 1357 2512 1408 ;
2547 1345 2615 1397 35
2637 1342 2877 1396 Fulberti
2905 1345 2989 1395 est
3020 1357 3034 1407 ;
3069 1345 3156 1404 36,
3191 1341 3412 1396 Eusebii
3451 1339 3735 1412 episcOpi;

2107 1433 2196 1492 37,
2244 1431 2468 1485 Alcuini
2509 1429 2852 1502 presbyteri,
2893 1447 2957 1484 ex
3007 1429 3181 1484 variis
3221 1434 3416 1484 tamen
3453 1429 3738 1484 consarci-

2104 1524 2312 1585 natus;
2341 1520 2406 1572 47
2429 1518 2601 1573 etiam
2631 1519 2686 1574 S.
2719 1520 2885 1572 Leoni
2905 1517 3193 1573 tribuitur.

2176 1611 2235 1662 6°
2301 1608 2576 1663 Sermones
2631 1607 2730 1662 alii
2785 1609 2948 1670 XVII,
2997 1625 3061 1662 ex
3093 1607 3301 1680 quibus
3349 1623 3443 1661 sex
3473 1607 3540 1661 de
3585 1609 3736 1661 Tem-

2103 1711 2253 1767 pore,
2287 1695 2564 1767 septimus
2602 1696 2668 1750 de
2720 1697 2910 1751 Verbis
2956 1696 3435 1766 Apostoli,decem
3474 1695 3540 1749 de
3566 1695 3737 1751 Sanc-

2113 1787 2183 1840 tis
2209 1785 2270 1839 in
2301 1785 2548 1840 editione
2579 1785 2882 1840 Parisiensi
2909 1788 3035 1840 1531
3075 1784 3328 1855 primum
3362 1783 3520 1838 editi.

2178 1879 2240 1927 7ο
2294 1872 2574 1928 Sermones
2607 1875 2697 1941 IV,
2738 1873 3003 1927 videlicet
3050 1873 3115 1926 de
3166 1873 3330 1928 Iacob
3382 1878 3433 1926 et
3462 1875 3630 1934 Esau,
3678 1871 3739 1926 in

2109 1963 2252 2018 festo
2307 1965 2364 2020 S.
2417 1965 2706 2030 Vincentii,
2739 1961 2800 2016 in
2832 1961 3085 2016 Proverb.
3140 1977 3260 2030 xm,
3302 1961 3364 2015 in
3415 1960 3740 2016 Parabolam

2111 2053 2459 2118 Seminantis,
2501 2055 2556 2105 et
2585 2051 2647 2104 in
2697 2050 2841 2105 illud
2883 2051 3062 2106 Math.
3101 2067 3212 2116 xvx,
3261 2051 3369 2115 Qui
3413 2051 3529 2104 vult
3554 2051 3740 2105 venire

2103 2145 2230 2211 post
2256 2156 2356 2207 me,
2391 2143 2497 2194 etc.
2527 2139 2593 2194 Ili
2623 2139 2878 2210 primum
2909 2139 3250 2211 prodierunt
3294 2141 3449 2209 (cum
3495 2141 3741 2192 tractatu

2110 2229 2172 2284 in
2211 2231 2521 2286 Orationem
2559 2229 2920 2299 Dominicam)
2969 2228 3030 2284 in
3065 2229 3154 2284 ed.
3203 2228 3371 2283 Basil.
3409 2231 3562 2283 1556.
3608 2227 3741 2292 Qui-

2111 2318 2216 2374 bus
2246 2323 2608 2374 accesserunt
2627 2318 2686 2372 in
2706 2318 2796 2372 ed.
2820 2334 2872 2372 a.
2907 2321 3062 2373 1569.

2183 2410 2242 2462 8°
2272 2411 2345 2462 De
2375 2408 2622 2462 Diversis
2637 2407 2942 2462 Sermones
2965 2407 3149 2462 XLIII.
3341 2447 3344 2450 .

2182 2499 2242 2551 9°
2307 2499 2636 2566 Fragmenta
2695 2497 3012 2550 Sermonum
3081 2495 3137 2550 S.
3184 2492 3488 2564 Augustini
3534 2495 3738 2561 XXVII,

2113 2601 2180 2640 ex
2229 2589 2496 2656 Eugippii
2548 2585 2767 2640 abbatis
2812 2587 3084 2640 Thesauro
3126 2600 3226 2639 seu
3271 2583 3738 2651 Collectionibus,

2113 2675 2184 2732 ad
2211 2676 2442 2730 Probam
2489 2675 2797 2746 virginem,
2825 2679 2996 2745 atque
3036 2690 3103 2728 ex
3136 2673 3576 2729 Commentariis
3617 2675 3741 2729 Flo-

2113 2764 2185 2830 ri,
2255 2763 2674 2834 Lugdumensis
2735 2762 2994 2818 Ecclesiae
3053 2761 3301 2829 diaconi,
3360 2763 3420 2816 in
3463 2762 3743 2832 Epistolas

2115 2851 2297 2919 Pauli,
2340 2867 2409 2905 ex
2439 2849 2626 2905 verbis
2669 2851 2972 2917 Augustini
3013 2848 3117 2904 sub
3146 2850 3302 2904 Bedx
3332 2849 3561 2904 nomine
3591 2849 3745 2905 inter

309 2955 452 3010 quas
478 2944 774 3012 tamquam
801 2939 979 2995 libros
1001 2940 1340 3009 Augustinus
1366 2939 1428 2994 in
1447 2941 1717 3011 .Retract,
1731 2955 1946 3005 receu-_
2014 2997 2026 3005 ,
2047 2993 2060 3000 μ
2115 2939 2237 3012 ejus
2260 2942 2520 3009 operaet
2542 2939 2784 2992 seorsim
2811 2938 2984 2992 etiam
3000 2938 3311 3008 impressis.

307 3027 440 3094 suit,
474 3044 615 3100 quas
643 3028 760 3083 suis
788 3028 927 3084 locis
957 3033 1180 3083 notatas
1208 3027 1497 3105 videbis;
1533 3015 1748 3102 53-53.;
1901 3048 1917 3065 ο

2225 3013 2638 3090 lassam.
2685 3027 2751 3081 de
2790 3028 3021 3082 diversis
3066 3027 3290 3092 CXXIII,
3339 3043 3373 3080 a
3433 3027 3745 3082 Lovanien-

244 3119 361 3172 116.
402 3117 701 3174 Sermones.
763 3119 980 3172 Horum
1044 3118 1215 3172 variae
1260 3122 1508 3174 exstant”
1533 3114 1948 3188 'c‘ollectibii'e‘s‘,~
2016 3115 2061 3124 ““
2093 3113 2270 3170 “sibus
2287 3109 2784 3171 ~Iai.'1571‘tomoX
2830 3115 2994 3181 editi,
3027 3115 3416 3170 annumeratis
3453 3115 3742 3187 praedictis

304 3221 548 3276 quarum
591 3206 848 3278 quinque
897 3211 1198 3278 sequentes
1259 3207 1813 3286 (prmter_,S_ermpne_s
1842 3209 1930 3286 ad
2024 3253 2040 3264 .
2097 3203 2469 3286 sermonibus
2760 3205 2837 3258 Ex
2879 3203 2968 3257 his
3019 3203 3300 3274 plurimos
3341 3204 3742 3274 supposititios

303 3295 508 3360 fratres
536 3276 856 3367 inIEremo)
905 3276 1238 3367 prodierunt
1279 3276 1517 3374 e'd.::
2037 3276 3056 3374 '~;'es$efateaminilisi‘bovanienses.

309 3385 626 3451 1529,tom.
658 3385 720 3439 X.
838 3365 844 3367 ⁷
906 3365 926 3367 ί
1255 3365 1333 3404 ..ξ
1376 3370 1447 3400 ο-.·
1502 3369 1577 3398 -.-
1623 3365 1639 3395 ;
1685 3365 1804 3396 .-,.
1845 3366 1925 3397 .,.

2166 3365 2586 3437 ’11’⁰”Ηο”τηίῖίεε“
2610 3365 2699 3448 XI,
2748 3397 2783 3435 a
2813 3379 3231 3436 Parisiensibus
3274 3380 3443 3436 edita:
3472 3398 3526 3436 a.
3575 3383 3738 3449 1614,

382 3474 438 3525 1ο
470 3473 544 3525 De
594 3471 785 3527 Verbis
839 3474 1054 3527 Domini
1103 3471 1219 3526 sive
1277 3471 1344 3526 de
1389 3472 1580 3529 Verbis
1621 3475 1927 3541 Evangelii,
2107 3485 2173 3524 ex
2202 3486 2338 3526 mss.
2381 3469 2790 3534 Carthasianis,
2839 3475 3009 3542 atque
3039 3471 3160 3526 aliae
3182 3471 3327 3538 XIII,
3359 3487 3428 3526 ex
3455 3487 3590 3525 mss.
3649 3471 3742 3526 Pi-

2105 3558 2372 3614 thaaanis.

2183 3651 2277 3703 12°
2309 3648 2586 3703 Sermones
2630 3648 2717 3702 XL
2759 3647 2828 3703 de
2857 3647 3029 3702 variis
3073 3647 3428 3720 argumentis
3483 3664 3516 3702 a
3543 3648 3744 3703 Iacobo

2107 3737 2394 3794 Sirmondo
2431 3737 2644 3792 Jesuita
2691 3737 2948 3808 primum
2988 3738 3126 3794 editi
3177 3755 3309 3792 cum
3356 3738 3505 3792 notis
3554 3738 3738 3793 Paris.

2111 3829 2268 3887 1631,
2296 3825 2444 3887 in-8,
2481 3843 2508 3876 α
2532 3841 2780 3896 quorum
2826 3827 3154 3892 nonnullos,
3207 3825 3288 3879 ait
3339 3826 3486 3880 And.
3519 3828 3744 3883 Ilicetus

2107 3917 2174 3969 ut
2224 3913 2406 3968 nolim
2463 3929 2674 3985 negare
2724 3914 3098 3981 Augustinum
3155 3917 3448 3968 auctorem
3503 3914 3741 3982 habere,

2108 4002 2356 4057 maxime
2397 4002 2498 4073 qui
2529 4003 2588 4056 in
2620 4001 2872 4057 Indiculo
2902 4003 3142 4058 Possidii
3173 4007 3571 4063 numerantur,
3596 4003 3742 4058 alios

2109 4097 2320 4151 tamen.
2343 4091 2443 4164 qui
2472 4109 2502 4146 e
2543 4093 2960 4147 monachorum
2998 4092 3210 4164 cryptis
3247 4093 3604 4163 prodierunt,
3636 4109 3742 4163 pa-

2108 4181 2285 4236 tietur
2305 4182 2488 4236 editor
2514 4181 2668 4252 apud
2699 4197 2805 4236 nos
2857 4197 2978 4237 esse
3035 4187 3314 4252 suspecta
3359 4181 3514 4247 fidei,
3560 4181 3745 4237 donec

2109 4270 2551 4342 probationibus
2580 4270 2945 4342 dignioribus
2989 4270 3152 4326 nobis
3180 4270 3670 4325 commendentur.
3710 4291 3741 4320 »

307 3561 610 3616 Sermones
654 3560 828 3616 LXIV.
884 3562 963 3615 Ex
1008 3560 1097 3616 his
1143 3561 1342 3616 Sermo
1398 3563 1483 3627 14,
1523 3561 1724 3618 Eradii
1768 3578 1930 3633 pres-

307 3649 496 3719 byteri
543 3654 664 3715 est;
715 3653 800 3717 19,
849 3651 1084 3706 Maximi
1125 3649 1524 3718 Taurinensis;
1571 3653 1661 3718 28,
1713 3650 1767 3706 S.
1795 3652 1930 3707 Am-

313 3737 482 3793 brosii
500 3737 936 3793 Mediolanensis
966 3738 1240 3810 episcopi.

377 3829 439 3881 2o
491 3829 560 3882 De
608 3827 803 3883 Verbis
845 3827 1096 3896 Apostoli
1150 3827 1452 3881 Sermones
1486 3827 1680 3882 XXXV.
1736 3828 1811 3882 Ex
1840 3827 1930 3882 his

307 3915 506 3970 Sermo
526 3917 616 3982 25,
648 3917 884 3971 Maximi
935 3921 1054 3982 est;
1101 3915 1250 3971 inter
1292 3917 1680 3971 Ambrosianos
1721 3933 1928 3972 nonus.

381 4007 439 4060 3°
461 4005 710 4060 Homilies
733 4006 796 4073 L,
828 4007 887 4060 in
917 4005 1114 4074 quibus
1143 4007 1301 4059 varia
1330 4007 1626 4076 Scriptura?
1671 4007 1786 4062 loca
1835 4021 1930 4060 ex-

307 4094 591 4162 plicantur
646 4098 699 4149 et
762 4093 888 4149 Loci
965 4109 1261 4149 communes
1320 4099 1644 4150 tractantur.
1719 4095 1932 4150 Harum

313 4185 517 4254 quarta
546 4199 613 4237 ex
628 4183 906 4238 Ambrosii
926 4182 1148 4254 scriptis
1173 4184 1458 4254 decerpta.

311 4270 687 4326 Collectiones
733 4271 854 4325 istae
900 4275 1016 4326 tres
1058 4272 1309 4342 antiquae
1365 4275 1525 4338 sunt,
1574 4275 1705 4327 ante
1751 4288 1931 4327 annos

379 4359 593 4429 quippe
641 4361 745 4412 800
773 4359 954 4425 factm,
984 4339 1306 4429 Augustino
1345 4363 1538 4414 tamen
1571 4377 1934 4431 nequaquam
1973 4339 2018 4397 Ῐ)

387 4447 658 4516 aequales.
701 4449 840 4501 Dum
879 4451 1184 4517 sequentes
1211 4451 1406 4500 autem
1453 4462 1676 4501 summa
1713 4448 1936 4504 incuria

386 4534 684 4589 adornata:
731 4538 865 4590 sunt
915 4534 985 4589 ab
1027 4534 1118 4590 ed.
1156 4534 1626 4590 Amerbachianaa
1663 4534 1934 4590 curatori-

391 4623 519 4690 bus,
550 4639 756 4695 nempe
790 4640 804 4678 :

2115 4360 2272 4414 Inter
2300 4359 2403 4413 hos
2431 4364 2625 4414 autem
2672 4360 2759 4414 XL
2798 4359 3098 4414 Sermones
3143 4360 3427 4415 habentur
3473 4357 3744 4414 Homilies

2111 4447 2227 4502 illa:
2253 4449 2373 4502 XIII
2403 4447 2666 4518 superius
2694 4452 3180 4503 commemoratae.

2189 4539 2281 4591 13°
2311 4537 2587 4592 Sermones
2636 4537 2704 4590 Vl
2760 4537 2957 4591 Romae
2997 4536 3253 4606 primum
3304 4535 3444 4592 editi
3492 4538 3742 4594 a.1614.

2114 4641 2147 4678 a
2183 4626 2354 4681 Joan.
2403 4628 2546 4695 Bapt
2589 4627 2741 4681 Maro
2792 4628 3076 4696 Romano,
3127 4626 3182 4681 S.
3243 4625 3449 4698 Angeli
3497 4624 3560 4680 in
3601 4626 3746 4680 Foro

2113 4712 2360 4767 Piscium
2391 4713 2699 4769 Canonico.

2184 4802 2442 4866 Quatuor
2468 4801 2813 4872 posteriores
2858 4804 3206 4859 Sermonum
3252 4803 3618 4860 Collectionss
3643 4817 3744 4858 re-

2113 4889 2269 4944 cudit
2304 4893 2594 4959 Vignerius
2626 4896 2786 4963 parte
2830 4910 2849 4947 ι
2894 4894 3120 4963 Suppl.;
3151 4896 3312 4963 parte
3342 4907 3473 4946 vero
3525 4908 3566 4946 II
3604 4891 3750 4946 alios

2111 4978 2289 5046 XLVI,
2337 4978 2611 5033 hactenus
2640 4980 2887 5035 ineditos
2915 4985 3088 5052 atque
3141 4995 3210 5034 ex
3240 4979 3478 5034 diversis
3536 4979 3748 5035 Biblio-

2111 5065 2292 5122 thecis
2323 5067 2716 5141 depromptos,
2743 5069 2979 5125 addidit.

2187 5155 2470 5212 Ceterum
2516 5157 2577 5212 in
2636 5157 3090 5230 praecedentibus
3148 5157 3518 5213 Sermonibus
3557 5157 3754 5214 notari

2114 5244 2304 5312 debet,
2335 5261 2452 5300 non
2476 5262 2605 5300 raro
2635 5246 2884 5310 evenire,
2915 5250 2982 5300 ut
3006 5245 3162 5302 idem
3189 5247 3388 5302 Sermo
3415 5245 3478 5300 in
3510 5245 3752 5302 diversis

2115 5333 2457 5388 Sermonum
2511 5334 2956 5390 Collectionibus
3009 5335 3099 5390 bis
3153 5336 3241 5390 vel
3292 5335 3488 5390 forsan
3535 5335 3753 5406 saepius

2115 5427 2457 5479 numeretur
2498 5439 2512 5478 :
2545 5423 2960 5496 quamplurimi
3006 5440 3138 5480 vero
3173 5439 3241 5479 ex
3292 5422 3417 5477 aliis
3445 5424 3754 5491 Augustini

2115 5512 2340 5583 scriptis
2386 5513 2636 5584 excerpti
2686 5517 2834 5569 sunt.
2888 5515 3192 5570 Sermones
3222 5527 3290 5566 ex
3322 5510 3476 5567 hisce
3521 5513 3752 5585 aliquot

2117 5601 2341 5674 spurios
2371 5601 2556 5659 obiter
2586 5603 2945 5660 notavimus:
2977 5607 3034 5659 at
3062 5617 3192 5658 cum
3223 5601 3390 5674 longe
3427 5602 3750 5658 accuratius

382 4714 443 4768 4ο
486 4713 761 4768 Sermones
803 4711 870 4766 de
903 4715 1157 4781 Tempore
1184 4711 1407 4780 CCLVI,
1448 4728 1514 4767 ex
1554 4712 1762 4784 quibus
1803 4712 1933 4784 plu-

311 4802 446 4857 rimi
474 4801 616 4856 alios
640 4817 762 4872 pra:
792 4817 850 4857 se
896 4801 1090 4856 ferunt
1134 4806 1416 4856 auctores.
1453 4801 1754 4857 Sermones
1799 4817 1934 4856 vero

308 4894 396 4960 87,
455 4894 582 4958 215,
644 4892 769 4958 255,
828 4889 1010 4962 spurii
1055 4889 1357 4945 habentur.
1427 4890 1764 4946 Sermonem
1833 4893 1933 4952 191.

309 4979 632 5052 Augustino
699 4978 989 5050 abjudicat
1032 4979 1174 5033 Phil.
1231 4978 1488 5034 Labbeus.
1554 4979 1760 5033 Eorum
1803 4995 1937 5033 vero

304 5084 476 5125 nonus
519 5073 604 5125 est
657 5069 856 5124 Sermo
905 5067 1208 5132 Bernardi;
1257 5071 1313 5122 11
1349 5070 1602 5124 Maximo
1618 5067 1932 5135 tribuitur;

316 5159 380 5210 15
408 5157 695 5213 Severiano
726 5156 811 5212 uti
839 5160 896 5212 et
931 5157 1210 5223 Fulgentio
1248 5156 1584 5222 ascribitur;
1618 5159 1685 5212 33
1724 5156 1780 5211 S.
1812 5158 1938 5212 Leo-

311 5245 395 5299 nis
452 5248 576 5312 est;
633 5248 697 5299 37
728 5247 997 5312 Maximi;
1042 5245 1112 5299 48
1155 5260 1222 5299 ex
1269 5245 1500 5312 Hilario,
1549 5245 1834 5300 Ambrosio
1880 5249 1937 5300 et

308 5334 618 5400 Augustino
646 5333 779 5388 hinc
830 5335 964 5390 inde
1002 5333 1340 5403 desumptus
1363 5338 1490 5389 est:
1541 5336 1609 5389 63
1636 5335 1695 5390 S.
1745 5336 1936 5390 Leonis

312 5427 439 5488 est;
469 5423 557 5486 68,
583 5425 674 5487 77,
709 5425 827 5477 117.
851 5423 908 5479 8.
941 5423 1254 5489 Ambrosii;
1310 5425 1409 5478 118
1452 5424 1783 5487 Maximini;
1835 5425 1935 5477 120

312 5509 552 5566 Eusebio
581 5507 891 5577 tribuitur;
937 5514 1034 5565 125
1066 5512 1219 5567 idem
1252 5511 1370 5566 fere
1421 5514 1508 5565 est
1531 5526 1596 5564 ac
1623 5510 1936 5579 Symbolum

317 5600 558 5656 Damaso
585 5599 912 5669 inscriptum
937 5597 1088 5654 inter
1118 5601 1304 5672 Opera
1330 5599 1388 5656 S.
1411 5601 1760 5672 Hieronymi;
1813 5603 1934 5668 128,
