4044 6190
228 318 287 370 33
1257 310 1530 368 NOTITIA
1567 310 1992 369 LITTERARIA
2028 310 2102 367 IN
2141 310 2197 367 S.
2238 310 2703 367 AUGUSTINUM.
3661 318 3730 371 34

288 438 342 493 id
367 435 747 509 praestiterint
777 434 1155 503 Benedictini,
1205 451 1310 490 nos
1357 435 1669 490 Censuram
1695 434 1917 489 Sermo-
1956 437 2003 491 A
2102 433 2251 488 inter
2279 433 2484 488 dubios
2502 447 2711 503 parum
2738 422 2943 499 abfuit,
2984 429 3127 502 quin
3177 438 3539 504 reponerent.
3585 435 3735 492 Ibid.

290 543 424 581 num
456 527 526 581 ab
564 525 637 579 iis
664 526 848 580 latam
890 525 951 580 in
972 524 1317 596 compendio
1349 524 1622 579 exhibere
1655 539 1774 578 ere
1802 523 1925 577 fore
2113 538 2283 576 serm.
2316 526 2372 575 7.

289 615 544 671 arbitrati
588 631 791 670 sumus
824 614 925 687 (a).
950 615 1252 670 Sermones
1318 614 1514 685 itaque
1563 629 1762 668 omnes
1790 611 1929 684 qui-
2040 614 2157 666 119.
2220 614 2293 665 De
2346 611 2521 665 decem
2571 608 2988 674 Chordisliber
3033 624 3133 663 seu
3181 625 3372 664 sermo
3423 628 3456 666 a
3493 614 3740 669 Possidio

290 706 390 760 bus
426 710 622 758 tomus
644 705 691 759 γ
721 702 1035 759 absolvitur
1066 703 1158 775 (de
1188 720 1302 774 quo
1324 703 1450 758 vide
1477 703 1629 758 infra
1656 703 1726 756 ad
1746 702 1927 773 ipsius
2108 703 2337 753 notatus
2374 699 2434 753 in
2465 698 2650 752 indice
2681 715 2728 752 c.
2776 701 2829 765 8,
2876 701 3045 769 atque
3077 698 3147 751 ab
3177 700 3453 770 Eugippio
3497 705 3555 755 et
3586 704 3741 758 Floro

290 794 553 850 editionis
610 792 1261 863 commemorationem)
1318 792 1381 846 in
1423 797 1671 867 quatuor
1721 792 1928 844 classes
2108 788 2330 842 citatus.
2363 787 2509 840 Ibid.
2545 803 2715 839 serm.
2748 789 2801 852 9,
2824 789 3045 841 Erasm.
3086 791 3142 840 et
3166 789 3371 843 Lovan.
3400 794 3542 846 tom.
3579 792 3664 846 IX.

292 884 661 954 redegerunt,
720 883 787 937 de
836 883 1137 952 Scripturis
1168 883 1286 937 Vet.
1327 885 1378 935 et
1413 883 1553 938 Novi
1580 880 1925 944 Testamenti,
2041 879 2161 931 120.
2199 879 2266 931 De
2294 876 2637 954 Pastoribus,
2682 876 2927 945 Uterque
2985 874 3057 930 ad
3110 876 3309 931 Ezech.
3370 893 3495 949 cap.
3553 895 3738 935 xxxxv.

298 973 361 1027 de
402 974 677 1041 Tempore,
722 971 786 1025 de
808 972 1041 1038 Sanctis,
1075 975 1132 1025 et
1176 971 1242 1024 de
1288 972 1571 1024 Diversis:
1605 969 1812 1039 quibus
1839 984 1929 1021 ac-
2042 967 2162 1019 121.
2194 968 2268 1020 De
2296 965 2495 1021 Ovibus
2627 964 2787 1024 llbid.
2815 981 2982 1019 serm.
3014 966 3079 1019 47
3112 969 3169 1018 et
3198 966 3264 1020 48
3300 972 3501 1021 contra
3530 969 3737 1023 Donat.

300 1062 463 1116 cessit
492 1061 733 1133 quintus
763 1060 912 1115 Ordo
943 1074 1245 1115 sermonum
1273 1058 1593 1127 dubiorum;
1620 1073 1751 1112 cum
1784 1072 1929 1111 11011-
2040 1056 2165 1110 122.
2204 1056 2277 1107 De
2314 1054 2693 1110 Convenientia
2722 1054 2898 1108 decem
2937 1055 3228 1123 plagarum
3272 1059 3324 1109 et
3367 1055 3543 1111 decem
3564 1056 3743 1128 lpm-

299 1151 409 1205 nisi
454 1155 642 1219 aperte
685 1150 1022 1218 supposititii
1058 1148 1119 1201 in
1141 1147 1529 1218 Appendicem
1556 1146 1755 1217 rejecti
1784 1146 1921 1200 sint.
2108 1144 2406 1209 ceptorum.
2441 1139 2583 1194 Ibid.
2637 1155 2804 1194 serm.
2865 1142 2917 1195 8.
2972 1141 3149 1209 Hujus
3205 1157 3432 1213 quoque
3476 1143 3746 1199 meminit

300 1244 514 1298 Classes
556 1241 680 1295 ista:
747 1240 1026 1311 quinque,
1099 1239 1400 1293 Sermones
1475 1238 1933 1307 complectuntur
2110 1230 2395 1284 Possidius
2424 1229 2485 1282 in
2512 1229 2633 1283 Ind.
2664 1245 2714 1285 c.
2749 1231 2801 1295 9,
2834 1232 2891 1283 et
2920 1229 3043 1298 ipse
3060 1230 3294 1297 August.
3324 1230 3384 1284 in
3404 1247 3491 1301 ps.
3540 1248 3743 1299 Lxxvu,

300 1329 603 1394 CCCXCIV,
661 1334 871 1399 praeter
903 1329 1262 1398 Fragmenta.
1314 1330 1379 1383 In
1416 1327 1794 1398 appendicem
1848 1342 1932 1381 re-
2112 1336 2169 1373 n.
2200 1322 2297 1374 27.
2332 1320 2743 1389 Fragmentum
2794 1323 3090 1389 repertum
3141 1324 3226 1372 est
3275 1319 3424 1374 inter
3476 1321 3744 1393 Eugippii

295 1415 595 1482 jiciuntur,
617 1419 915 1486 tamquam
953 1419 1105 1469 certo
1135 1415 1343 1469 certius
1373 1413 1575 1484 spurii,
1627 1414 1932 1469 Sermones
2115 1410 2391 1480 Excerpta
2418 1407 2481 1462 in
2507 1424 2612 1462 ms.
2648 1407 2824 1477 Regio
2856 1412 2912 1461 et
2938 1406 3251 1463 Victorino.

299 1505 593 1571 CCCXVII,
628 1519 696 1558 ex
743 1503 1189 1558 Collectionibus
1237 1520 1410 1574 supra
1439 1502 1769 1557 memoratis
1798 1502 1932 1557 hinc

300 1549 466 1603 ῗ“”“
489 1549 499 1556 ⁷
519 1549 593 1571 “”
629 1549 696 1602 Τ⁶⁹
749 1549 1188 1602 ῗ“ἷ””“’““’“”
1237 1549 1410 1602 ”“¹’Ϊ“
1439 1549 1768 1601 ”””“ἷ““““
1798 1549 1932 1557 ’““’
2555 1550 2586 1612 §
2610 1550 2676 1598 II.
2704 1549 2908 1613 Scripta
2927 1549 3217 1614 deperdita.

296 1594 427 1647 inde
458 1594 655 1647 selecti
682 1612 698 1659 ;
726 1608 1001 1647 nimirum
1051 1610 1117 1647 ex
1144 1594 1367 1664 vulgari
1397 1593 1743 1648 Collectione
1798 1592 1930 1646 Ser-

297 1698 534 1736 monum
583 1682 649 1737 de
686 1682 874 1737 Verbis
902 1685 1117 1736 Domini
1144 1682 1283 1754 (vid.
1311 1698 1484 1753 supra
1504 1699 1561 1735 n.
1617 1682 1719 1753 1°),
1742 1681 1923 1735 Serm.

2112 1686 2324 1739 Praeter
2352 1684 2469 1750 illa,
2499 1700 2629 1755 quae
2662 1683 2874 1754 passim
2899 1683 3150 1738 indicata
3180 1689 3315 1739 sunt
3336 1701 3391 1739 n.
3421 1687 3511 1753 21,
3537 1689 3627 1752 33,
3650 1689 3743 1756 40,

298 1774 466 1838 3,11,
504 1775 591 1834 19,
622 1774 710 1833 20,
755 1774 845 1839 22,
876 1773 1081 1839 23,34,
1114 1774 1202 1832 47,
1233 1774 1321 1837 52,
1355 1774 1441 1837 54,
1472 1772 1562 1839 56,
1606 1774 1691 1836 17,
1724 1772 1823 1838 53;
1866 1770 1930 1823 de

2108 1784 2134 1841 ι,
2169 1778 2256 1841 57,
2290 1776 2376 1840 58,
2410 1776 2498 1839 59,
2532 1774 2621 1842 62,
2667 1775 2755 1840 65,
2801 1775 2893 1840 78,
2960 1773 3073 1827 alia
3125 1773 3435 1843 diligenter
3492 1776 3744 1831 enotavit

303 1859 489 1913 Verbis
512 1858 771 1927 Apostoli
803 1860 881 1928 (n.
914 1859 1012 1927 2°).
1069 1858 1251 1912 Serm.
1300 1861 1391 1924 21,
1436 1861 1524 1926 25,
1558 1860 1647 1924 26,
1695 1858 1782 1923 34,
1813 1858 1935 1927 {35;

298 1948 661 2001 Homiliarum
695 1948 732 2001 L
787 1948 867 2016 (n.
920 1948 1020 2016 3°).
1066 1947 1263 2001 Sermo
1312 1950 1366 2011 2,
1425 1949 1476 2014 3,
1544 1949 1598 2005 4.
1632 1948 1779 2012 6-10,
1848 1949 1931 2009 12,

302 2039 500 2103 15,16,
550 2038 642 2103 21,
700 2039 789 2103 22,
841 2038 932 2101 26,
991 2039 1191 2103 30,31,
1228 2039 1312 2100 33,
1360 2038 1567 2103 35,39,
1611 2036 1818 2101 45-48;
1871 2035 1937 2089 de

300 2126 551 2193 Tempore
576 2126 665 2190 (n.
703 2125 809 2194 4ο),
868 2124 1048 2177 Serm.
1087 2126 1134 2188 1,
1192 2125 1250 2191 2,
1299 2125 1329 2176 3
1376 2127 1431 2176 et
1461 2138 1659 2176 omnes
1689 2123 1933 2193 {reliqui,

297 2220 505 2284 praeter
530 2213 822 2283 quintum,
854 2214 939 2278 12,
980 2215 1062 2277 16,
1099 2215 1185 2277 19,
1219 2213 1307 2273 20,
1336 2213 1425 2274 23,
1456 2215 1546 2277 25,
1578 2215 1668 2277 27,
1719 2214 1810 2281 28,
1845 2214 1933 2279 30,

302 2304 504 2367 31,32,
535 2303 624 2369 34,
656 2304 747 2369 39,
780 2302 869 2365 42,
920 2302 1010 2367 45,
1042 2302 1131 2367 49,
1164 2302 1253 2367 50,
1286 2303 1374 2365 52,
1431 2304 1521 2367 72,
1580 2303 1668 2368 74,
1720 2303 1809 2367 94,
1842 2304 1935 2369 96,

304 2393 579 2458 107,109,
624 2393 745 2455 110,
790 2391 1230 2459 113,119,135,
1290 2392 1412 2454 139,
1466 2391 1588 2455 140,
1632 2390 1751 2455 141,
1807 2391 1936 2442 143-

306 2480 423 2546 149,
460 2482 579 2545 151,
636 2482 757 2544 155,
821 2481 943 2547 160,
978 2479 1097 2544 164,
1134 2481 1254 2543 165,
1292 2481 1412 2540 170,
1448 2481 1569 2545 174,
1630 2480 1747 2546 186,
1814 2480 1936 2547 187,

306 2570 421 2634 196,
442 2570 570 2636 205,
622 2570 749 2633 212,
792 2570 917 2633 214,
972 2569 1098 2633 220,
1158 2568 1415 2636 231-237,
1476 2568 1776 2636 2113,1216,
1808 2568 1933 2634 251,

302 2658 422 2709 256.
472 2655 777 2709 Sermones
834 2655 899 2709 de
949 2656 1162 2710 Sanctis
1214 2656 1293 2718 (n.
1361 2654 1442 2726 5°)
1509 2671 1709 2709 omnes
1757 2655 1938 2725 spurii

301 2750 452 2809 sunt,
502 2750 713 2815 praeter
740 2750 1034 2817 quartum,
1090 2748 1172 2809 12,
1214 2748 1299 2809 17,
1331 2746 1422 2810 23,
1470 2745 1563 2812 24,
1596 2747 1684 2811 42,
1719 2746 1809 2812 45,
1844 2746 1936 2814 48,

301 2838 387 2903 50,
436 2838 523 2890 51.
588 2835 741 2889 Inter
770 2834 1070 2888 Sermones
1122 2832 1260 2888 XVII
1324 2832 1416 2901 (de
1474 2832 1685 2903 quibus
1737 2849 1793 2887 n.
1861 2836 1935 2900 6°)

302 2921 478 2993 spurii
505 2927 641 2976 sunt
675 2925 725 2988 1,
756 2924 789 2975 2
840 2920 963 2990 (qui
991 2936 1120 2991 pars
1159 2925 1244 2973 est
1271 2920 1563 2974 Sermonis
1610 2923 1669 2974 51
1708 2920 1768 2974 in
1811 2921 1937 2976 Col-

2045 1863 2187 1919 Guil.
2224 1863 2381 1926 Cave,
2404 1861 2619 1915 scilicet
2644 1877 2656 1914 :

2048 1953 2095 2005 1.
2139 1952 2339 2007 Contra
2366 1951 2610 2017 Paganos
2637 1948 2765 2002 libri
2792 1952 2926 2015 tres,
2951 1952 3008 2003 et
3034 1950 3277 2004 Exhort.
3298 1949 3373 2004 ad
3405 1951 3633 2007 eosdem.

2042 2042 2094 2095 2.
2138 2043 2213 2094 De
2242 2040 2541 2107 Sacrificiis
2560 2038 2947 2108 spiritualibus
2977 2042 3165 2091 contra
3192 2040 3538 2094 Manichzos.

2045 2131 2097 2183 3.
2138 2127 2221 2181 De
2245 2127 2521 2196 Sacriﬁcio
2546 2128 2874 2194 vespertino.
2906 2124 3014 2189 Qui
3045 2130 3316 2181 tractatus
3358 2127 3594 2183 fortasse
3628 2144 3747 2183 non

2115 2216 2258 2270 alius
2297 2220 2399 2282 est,
2433 2231 2606 2286 quam
2638 2230 2825 2268 sermo
2857 2213 3115 2284 ejusdem
3156 2214 3309 2269 tituli
3362 2217 3562 2270 ordine
3613 2218 3741 2286 342,

2114 2304 2205 2359 ed.
2240 2303 2452 2358 Bened.
2501 2319 2567 2356 ex
2598 2301 2997 2358 Sirmondianis
3028 2302 3187 2373 (olim
3216 2304 3361 2375 8113),
3394 2305 3456 2359 111
3482 2321 3600 2377 quo
3652 2323 3745 2361 ex-

2113 2393 2360 2464 plicatur
2384 2391 2615 2447 initium
2645 2390 2933 2465 Evangelii
2980 2392 3233 2447 Joannis.

2042 2483 2096 2537 4.
2124 2485 2199 2535 De
2246 2484 2339 2536 Die
2364 2482 2591 2536 Domini
2644 2480 2958 2534 secundum
3008 2481 3336 2551 Sophoniam
3391 2484 3735 2555 prophetam

2119 2576 2307 2625 contra
2348 2571 2696 2625 Manichmos.

2046 2662 2098 2715 5.
2141 2660 2430 2713 Tractatus
2460 2658 2669 2713 diversi
2698 2664 2887 2715 contra
2915 2661 3178 2715 Arianos.

2046 2748 2098 2800 6.
2139 2746 2225 2800 Ad

2312 2748 2670 2801 Primianum.
2774 2747 3197 2801 Donatistarum
3290 2747 3745 2818 Carthaginens.

2119 2834 2288 2904 episc.
2322 2836 2815 2889 Commonitorium.

2043 2924 2099 2977 7.
2131 2924 2204 2975 De
2235 2922 2543 2975 Traditione
2566 2925 2627 2976 in
2658 2921 3119 2991 persecutionibus
3148 2926 3199 2976 et
3253 2922 3319 2975 de
3344 2923 3489 2989 falso
3539 2926 3740 2994 Bapti-

300 3012 544 3067 lectione
580 3011 972 3082 Benedict.),7
1032 3011 1053 3081 (
1105 3026 1235 3081 pars
1287 3008 1578 3064 Sermonis
1634 3009 1776 3078 361),
1846 3012 1935 3076 35,
1968 3033 2008 3089 C
2118 3015 2287 3063 smate
2311 3015 2498 3064 contra
2524 3013 2836 3066 Donatistas
2875 3012 3009 3067 libri
3031 3015 3165 3065 tres.

303 3103 366 3155 36
395 3106 548 3171 (pars
580 3100 872 3155 Sermonis
899 3099 1049 3171 279),
1072 3102 1162 3169 38,
1195 3102 1283 3167 65,
1328 3102 1417 3165 96,
1450 3101 1537 3163 97,
1574 3102 1663 3165 98,
1695 3102 1782 3165 99,
1838 3100 1936 3153 118
2047 3100 2098 3153 8.
2140 3101 2215 3152 De
2234 3100 2510 3167 Baptismo
2529 3104 2716 3153 contra
2744 3099 2951 3154 eosdem
2976 3098 3140 3152 liber.

298 3192 319 3259 (
345 3206 477 3260 pars
505 3188 802 3244 Sermonis
833 3191 934 3243 325
985 3190 1022 3257 ).
1058 3189 1134 3242 Ex
1183 3187 1555 3242 Sermonibus
1612 3188 1833 3253 LXXVI,
1864 3185 1939 3240 ad

298 3280 506 3343 fratres
560 3280 620 3330 in
669 3279 861 3331 Eremo
900 3280 1301 3342 commorantes,
1362 3278 1494 3343 etc.,
1553 3271 1785 3328 nonnisi
1840 3288 1939 3326 sex

303 3367 359 3419 in
388 3371 548 3420 tomo
603 3366 649 3419 V
699 3365 973 3419 exhibent
1028 3363 1403 3431 Benedictini,
1461 3360 1714 3434 reliquos
1760 3361 1820 3414 in
1850 3377 1937 3415 se-

301 3455 523 3525 quenti.
568 3455 641 3508 Ex
672 3454 764 3507 his
803 3470 923 3515 sex,
957 3453 1134 3525 spurii
1173 3458 1308 3507 sunt
1334 3457 1457 3521 tres,
1494 3452 1593 3523 qui
1625 3452 1686 3505 in
1717 3450 1940 3521 vulgari

300 3544 647 3598 Sermonum
675 3544 919 3599 istorum
948 3543 1281 3599 collectione
1311 3544 1500 3598 locum
1548 3542 1810 3597 obtinent
1847 3544 1936 3608 56,

298 3636 369 3686 70
395 3639 454 3688 et
481 3636 572 3688 72.
607 3634 685 3688 Ex
714 3633 1086 3688 Sermonibus
1130 3633 1201 3688 ab
1243 3636 1465 3688 Hieron.
1529 3634 1782 3702 Vignerio
1830 3632 1941 3687 edi-

300 3720 373 3773 tis
428 3722 706 3789 Supplem.
760 3726 921 3791 parte
971 3737 1008 3782 1,
1047 3720 1228 3791 spurii
1273 3725 1406 3775 sunt
1436 3724 1487 3788 3,
1520 3722 1574 3787 4,
1608 3726 1661 3790 5,
1706 3723 1793 3790 13,
1851 3722 1939 3789 14,

304 3813 490 3878 15,17
551 3813 635 3865 18.
694 3810 761 3863 In
824 3814 987 3879 parte
1044 3826 1081 3863 11
1136 3809 1319 3879 spurii
1375 3813 1590 3877 sunt1,
1649 3811 1703 3876 2,
1745 3811 1798 3876 8,
1852 3810 1940 3862 10-

302 3901 386 3965 14,
419 3902 513 3963 20,
545 3902 628 3961 23,
661 3901 753 3965 25,
776 3902 869 3967 26,
895 3901 986 3963 27,
1019 3900 1109 3965 29,
1137 3901 1225 3965 34,
1248 3901 1436 3953 36-39.

2048 3189 2099 3241 9.
2138 3188 2233 3242 Ad
2252 3189 2598 3241 Mercatorem
2628 3186 2957 3258 episcopum
3000 3191 3188 3241 contra
3212 3187 3445 3243 eosdem.
3482 3187 3749 3242 Primum

2116 3276 2353 3347 quidem
2382 3276 2597 3345 prodiit
2625 3276 2687 3329 in
2716 3277 2969 3331 editione
3000 3276 3503 3331 Benedictinorum
3527 3294 3594 3330 ex
3623 3293 3751 3347 per-
3818 3314 3835 3333 ι

2115 3370 2337 3419 vetusto
2352 3364 2543 3418 codice
2565 3370 2808 3419 monast.
2830 3364 2884 3421 S.
2914 3365 3130 3419 Bertini
3142 3365 3203 3419 in
3218 3366 3410 3437 Belgio
3436 3364 3747 3432 Augustini

2116 3453 2357 3523 epistola
2421 3454 2645 3525 (ordine
2694 3454 2813 3523 193)
2871 3454 2941 3509 ad
2990 3455 3369 3522 Mercatorem,
3432 3471 3566 3509 eum
3617 3470 3748 3525 pro-

2118 3544 2209 3597 cul
2234 3542 2431 3609 dubio,
2462 3543 2555 3596 cui
2582 3544 2771 3597 Mario
2816 3559 3151 3613 praenomen
3178 3542 3307 3610 fuit,
3341 3560 3492 3598 anno
3522 3543 3747 3598 circiter

2116 3634 2220 3687 418
2268 3632 2494 3702 scripta,
2554 3647 2727 3702 quam
2778 3632 3060 3686 recensuit
3120 3634 3395 3687 Possidius
3444 3633 3507 3687 in
3563 3633 3741 3688 Indic.

2116 3738 2166 3775 c.
2196 3724 2249 3787 4,
2283 3721 2653 3791 ejusdemque
2682 3721 2910 3775 tertiam
2941 3724 3161 3791 partem
3209 3722 3502 3776 transtulit
3545 3724 3752 3790 Augu-

2116 3813 2292 3865 stinus
2340 3810 2401 3863 in
2432 3809 2643 3863 librum
2688 3809 2758 3864 de
2786 3814 2898 3865 octo
2927 3811 3151 3864 Dulcitii
3189 3812 3587 3877 Quaestionibus
3610 3812 3651 3882 ,(
3678 3812 3746 3865 de

2122 3916 2235 3971 quo
2266 3915 2437 3969 supra
2466 3915 2526 3953 n.
2561 3898 2704 3969 101).

301 3988 560 4059 Denique
616 3987 813 4059 rejecti
873 3993 1007 4041 sunt
1081 4004 1115 4041 a
1176 3987 1554 4042 Benedictinis
1606 3986 1758 4041 inter
1809 3986 1937 4041 Ser-
2055 3992 2139 4045 10.
2174 3994 2251 4046 De
2282 3990 2570 4044 Charitate
2596 3990 2865 4043 tractatus
2894 3988 3125 4043 diversi.

232 4090 429 4129 mones
458 4080 607 4130 tom.
648 4075 687 4127 V
711 4073 844 4129 libri
869 4074 1090 4145 aliquot
1118 4075 1189 4129 ab
1221 4076 1452 4130 Erasmo
1481 4080 1538 4130 et
1582 4074 1938 4130 Lovaniensi-
2051 4083 2137 4134 11.
2204 4080 2488 4148 Principia
2555 4078 2883 4144 Geometriae,
2953 4077 3356 4143 Arithmetices,
3413 4082 3466 4131 et
3504 4079 3750 4133 Philoso-

233 4164 326 4218 bus
355 4166 506 4218 intes
535 4168 808 4218 tractatus
839 4163 1107 4233 repositi;
1137 4164 1412 4218 nimirum
1436 4181 1450 4219 :
2119 4169 2286 4238 phiae.

237 4256 353 4307 117.
386 4255 785 4322 DeEpicurwis
822 4256 873 4305 et
902 4253 1099 4307 Stoicis
1155 4252 1217 4307 in
1244 4256 1371 4307 Act.
1411 4269 1523 4308 xvn
1572 4254 1767 4325 Apost.
1828 4257 1942 4307 tra-
1971 4322 2009 4329 _
2052 4260 2132 4313 12,
2167 4257 2447 4329 Epistolae,
2498 4254 2772 4310 Sermones
2817 4257 2868 4307 et
2903 4256 3193 4308 Tractatus
3237 4252 3452 4324 plures,
3501 4270 3752 4325 quorum

301 4346 483 4397 ctatus
531 4358 637 4397 non
682 4344 899 4396 omnino
947 4343 1141 4410 malus,
1181 4343 1353 4411 juxta
1382 4322 1672 4417 Erasmum
1715 4343 1774 4396 in
1805 4358 1938 4396 cen-
1971 4322 2017 4379 Π
2123 4322 2337 4401 mentio
2377 4344 2621 4399 habetur
2683 4342 2746 4395 in
2801 4342 2921 4397 Ind.
2974 4322 3255 4410 Ροεεὶιίἱί,⁷
3291 4344 3443 4414 apud
3517 4322 3748 4413 Eedam,

303 4448 440 4485 sura
480 4432 612 4486 huic
662 4430 915 4502 praeﬁxa,
965 4432 1061 4486 sed
1103 4433 1246 4486 nihil
1293 4437 1390 4488 aut
1440 4449 1604 4503 quam
1652 4434 1939 4487 minimum
2121 4435 2312 4507 ipsum
2339 4435 2736 4501 Augustinum,
2760 4436 2817 4486 et
2844 4432 3003 4486 alibi.

302 4519 506 4573 habens
548 4521 878 4585 Augustini.
935 4518 1142 4573 Contra
1174 4520 1527 4574 Benedictini
1546 4520 1809 4591 judicant
1840 4537 1853 4587 ;
1890 4525 1940 4574 et

298 4611 523 4664 omnino
571 4610 765 4663 bonum
815 4609 1140 4675 Sermonem,
1196 4614 1247 4663 et
1308 4610 1451 4663 nihil
1500 4610 1779 4664 habentem
1832 4611 1941 4663 nisi

298 4700 627 4765 Augustini.
702 4699 834 4768 Ejus
893 4697 1158 4752 meminit
1220 4698 1497 4753 Possidius
1564 4698 1626 4752 in
1684 4697 1940 4751 Indiculo

2300 4578 2330 4639 §
2358 4576 2449 4625 III.
2480 4575 2683 4638 Scripta
2706 4574 2894 4635 Dubia,
2917 4572 3278 4637 Supposititia,
3298 4573 3505 4637 Spuria.

942 4707 1158 4784 lemlmt
1220 4707 1497 4753 Possidius
1564 4707 1626 4752 in
1685 4707 1940 4751 Πιαιουιο
2055 4714 2104 4764 1.
2171 4712 2246 4764 De
2282 4709 2519 4777 symbolo
2556 4724 2608 4764 s.
2663 4710 2872 4776 Regula
2918 4708 3049 4777 ﬁdei
3094 4707 3166 4761 ad
3198 4707 3642 4763 Catechumenos
3684 4708 3753 4763 li-

299 4803 430 4857 cap.
467 4792 516 4841 1.
562 4788 749 4840 Exstat
777 4786 837 4841 in
877 4786 1131 4840 editione
1161 4788 1377 4842 Erasm.
1435 4792 1492 4842 et
1533 4789 1737 4842 Lovan.
1794 4792 1936 4842 tom.

2122 4799 2211 4852 bri
2257 4799 2343 4852 vel
2374 4798 2563 4868 potius
2607 4812 2899 4851 sermones
2930 4802 3198 4867 quatuor.
3262 4799 3495 4851 Exstant
3535 4797 3595 4851 in
3652 4798 3745 4855 ed.

303 4876 409 4941 VI;
441 4874 640 4928 Bened.
676 4876 740 4939 V.
769 4890 940 4927 serm-
986 4876 1108 4943 150,
1138 4873 1300 4929 01883·
1340 4878 1391 4929 1ο
2123 4889 2335 4941 Erasm.
2373 4892 2429 4941 et
2458 4888 2666 4942 Lovan.
2707 4890 2747 4942 t.
2784 4888 2871 4953 IX,
2902 4886 3100 4941 Bened.
3134 4886 3222 4951 VI,
3254 4903 3435 4956 usque
3486 4886 3557 4939 ad
3592 4902 3647 4941 n.
3686 4890 3746 4942 8.

241 4967 352 5019 118.
388 4965 452 5017 In
489 4964 630 5017 illud
665 4963 846 5018 Exod.
886 4980 968 5030 111,
1004 4965 1086 5029 14,
1150 4965 1262 5031 Ego
1292 4979 1430 5031 sum,
1464 4965 1562 5033 qui
1608 4978 1749 5032 sum,
1790 4960 1943 5016 scili-
2051 4976 2110 5029 2,
2149 4975 2330 5030 sermo
2384 4975 2450 5030 de
2502 4981 2704 5045 quam;
2745 4977 2925 5045 perm,
2973 4979 3086 5030 sive
3131 4976 3347 5029 σηιιυνα
3396 4977 3522 5041 agri
3558 4975 3751 5031 Domi-

300 5057 412 5115 cet,
457 5052 526 5105 de
551 5052 707 5118 rubo,
742 5054 801 5105 in
827 5068 931 5121 quo
963 5055 1185 5120 ﬂamma
1212 5057 1349 5120 erat,
1379 5056 1429 5107 et
1457 5053 1625 5106 rubus
1652 5068 1760 5106 non
1803 5066 1943 5105 com-
2126 5065 2258 5118 ηερε,

301 5141 619 5197 burebatur.
650 5142 750 5197 Hic
775 5145 1045 5195 tractatus
1075 5140 1137 5195 in
1186 5140 1517 5195 Erasmiana
1545 5140 1781 5211 quidem
1824 5138 1943 5192 edi-
2054 5153 2108 5209 3.
2151 5156 2223 5207 De
2244 5154 2582 5224 cataclysmo
2610 5169 2704 5209 seu
2733 5154 2961 5209 ἀξιαυίο,

300 5230 457 5286 tione
488 5231 693 5286 incerti
724 5231 976 5286 auctoris
1024 5247 1146 5286 esse
1173 5234 1563 5301 praenotatur:
1594 5234 1654 5283 at
1682 5228 1742 5281 in
1776 5229 1943 5283 Ulim-
2053 5245 2107 5297 4,
2148 5246 2220 5297 De
2252 5244 2503 5312 Tempore
2545 5243 2839 5299 Βανδανεοο
2881 5245 2995 5299 sive
3022 5242 3081 5294 ίη
3112 5244 3317 5309 tempus
3372 5246 3753 5312 persecutionis

300 5335 436 5375 mer.
469 5325 525 5375 et
543 5322 750 5377 Lovan.
774 5318 1051 5375 tribuitur
1068 5321 1402 5387 Augustino.
1432 5315 1789 5375 Benedictini
1809 5332 1943 5371 vero
2126 5332 2517 5387 Barbarorum,

305 5498 380 5567 (α)
426 5497 740 5554 Commode
771 5495 943 5551 nobis
989 5496 1188 5552 datum
1242 5496 1353 5551 fuit
1399 5496 1509 5552 hoc
1550 5496 1673 5552 loco
1703 5494 1936 5568 diligen-

2108 5527 2290 5584 aveum
2344 5510 2401 5565 et
2451 5510 2723 5567 Oudinum
2757 5508 2879 5562 haec
2908 5523 2974 5562 ex
3030 5507 3413 5564 Benedictinis
3462 5525 3756 5584 excerpse-

232 5586 375 5642 tiam
403 5590 705 5643 auctorum
736 5587 957 5652 Mam
1002 5584 1146 5641 Bibl.
1176 5586 1376 5643 Eccles.
1430 5585 1635 5655 Colon.,
1693 5584 1794 5658 qui
1817 5590 1949 5656 post
2057 5587 2213 5651 runt,
2242 5583 2305 5637 in
2328 5598 2501 5637 usum
2524 5587 2787 5636 nostrum
2812 5584 3172 5635 convertere.
