  <div class='ocr_page' id='page_1' title='image "/cluster/home/n/w/nwhite01/storage/ocr_20150623/47/hvd.32044096580683/023.png"; bbox 0 0 4060 6194; ppageno 0'>
   <div class='ocr_carea' id='block_1_1' title="bbox 165 263 3766 329">
    <p class='ocr_par' dir='ltr' id='par_1_1' title="bbox 165 263 3766 329">
     <span class='ocr_line' id='line_1_1' title="bbox 165 263 3766 329; baseline 0.001 -2"><span class='ocrx_word' id='word_1_1' title='bbox 165 305 186 316; x_wconf 68' lang='grc' dir='ltr'><strong><em>ρ</em></strong></span> <span class='ocrx_word' id='word_1_2' title='bbox 263 275 328 328; x_wconf 83' lang='lat'><strong><em>35</em></strong></span> <span class='ocrx_word' id='word_1_3' title='bbox 1288 266 1850 326; x_wconf 77' lang='lat' dir='ltr'><strong><em>SUPPLEMENTUM</em></strong></span> <span class='ocrx_word' id='word_1_4' title='bbox 1892 266 1982 320; x_wconf 89' lang='lat' dir='ltr'><strong><em>AD</em></strong></span> <span class='ocrx_word' id='word_1_5' title='bbox 2019 263 2254 321; x_wconf 85' lang='lat' dir='ltr'><strong>OPERA</strong></span> <span class='ocrx_word' id='word_1_6' title='bbox 2293 267 2348 321; x_wconf 91' lang='lat' dir='ltr'><strong><em>S.</em></strong></span> <span class='ocrx_word' id='word_1_7' title='bbox 2389 263 2769 324; x_wconf 85' lang='lat' dir='ltr'><strong><em>AUGUSTINI.</em></strong></span> <span class='ocrx_word' id='word_1_8' title='bbox 3700 279 3766 329; x_wconf 81' lang='lat'><strong><em>36</em></strong></span> 
     </span>
    </p>
   </div>
   <div class='ocr_carea' id='block_1_2' title="bbox 264 389 3765 464">
    <p class='ocr_par' dir='ltr' id='par_1_2' title="bbox 264 389 3765 464">
     <span class='ocr_line' id='line_1_2' title="bbox 264 389 3765 464; baseline 0 -13"><span class='ocrx_word' id='word_1_9' title='bbox 264 401 314 452; x_wconf 83' lang='grc'><strong><em>5.</em></strong></span> <span class='ocrx_word' id='word_1_10' title='bbox 357 401 431 452; x_wconf 91' lang='lat' dir='ltr'><strong><em>De</em></strong></span> <span class='ocrx_word' id='word_1_11' title='bbox 459 413 594 451; x_wconf 84' lang='lat' dir='ltr'><strong><em>novo</em></strong></span> <span class='ocrx_word' id='word_1_12' title='bbox 624 398 842 453; x_wconf 83' lang='lat' dir='ltr'><strong><em>Cantico</em></strong></span> <span class='ocrx_word' id='word_1_13' title='bbox 870 401 921 450; x_wconf 90' lang='lat' dir='ltr'><strong><em>et</em></strong></span> <span class='ocrx_word' id='word_1_14' title='bbox 963 397 1028 450; x_wconf 87' lang='lat' dir='ltr'><strong><em>de</em></strong></span> <span class='ocrx_word' id='word_1_15' title='bbox 1076 390 1265 449; x_wconf 53' lang='lat' dir='ltr'><strong><em>reditu’</em></strong></span> <span class='ocrx_word' id='word_1_16' title='bbox 1308 397 1369 447; x_wconf 83' lang='lat' dir='ltr'><strong><em>in</em></strong></span> <span class='ocrx_word' id='word_1_17' title='bbox 1397 393 1653 447; x_wconf 65' lang='lat' dir='ltr'><strong><em>coalestem</em></strong></span> <span class='ocrx_word' id='word_1_18' title='bbox 1703 393 1950 460; x_wconf 86' lang='lat' dir='ltr'><strong><em>patriam</em></strong></span> <span class='ocrx_word' id='word_1_19' title='bbox 1986 391 2028 444; x_wconf 90' lang='lat' dir='ltr'><strong><em>A</em></strong></span> <span class='ocrx_word' id='word_1_20' title='bbox 2127 403 2267 455; x_wconf 90' lang='lat' dir='ltr'><strong><em>mus,</em></strong></span> <span class='ocrx_word' id='word_1_21' title='bbox 2302 389 2402 444; x_wconf 91' lang='lat' dir='ltr'><strong><em>sed</em></strong></span> <span class='ocrx_word' id='word_1_22' title='bbox 2430 391 2738 457; x_wconf 83' lang='lat' dir='ltr'><strong><em>Augustino</em></strong></span> <span class='ocrx_word' id='word_1_23' title='bbox 2767 389 3092 461; x_wconf 87' lang='lat' dir='ltr'><strong><em>abjudicat;</em></strong></span> <span class='ocrx_word' id='word_1_24' title='bbox 3129 393 3284 462; x_wconf 89' lang='lat' dir='ltr'><strong><em>quod</em></strong></span> <span class='ocrx_word' id='word_1_25' title='bbox 3305 395 3591 464; x_wconf 87' lang='lat' dir='ltr'><strong><em>judicium</em></strong></span> <span class='ocrx_word' id='word_1_26' title='bbox 3644 398 3765 451; x_wconf 88' lang='lat' dir='ltr'><strong><em>Bel-</em></strong></span> 
     </span>
    </p>
   </div>
   <div class='ocr_carea' id='block_1_3' title="bbox 330 481 1640 556">
    <p class='ocr_par' dir='ltr' id='par_1_3' title="bbox 330 481 1640 556">
     <span class='ocr_line' id='line_1_3' title="bbox 330 481 1640 556; baseline -0.004 -17"><span class='ocrx_word' id='word_1_27' title='bbox 330 502 392 541; x_wconf 91' lang='lat' dir='ltr'><strong><em>ac</em></strong></span> <span class='ocrx_word' id='word_1_28' title='bbox 417 488 518 540; x_wconf 64' lang='lat' dir='ltr'><strong><em>viz</em></strong></span> <span class='ocrx_word' id='word_1_29' title='bbox 542 486 824 556; x_wconf 77' lang='lat' dir='ltr'><strong><em>periculis,</em></strong></span> <span class='ocrx_word' id='word_1_30' title='bbox 859 500 1044 538; x_wconf 80' lang='lat' dir='ltr'><strong><em>sermo</em></strong></span> <span class='ocrx_word' id='word_1_31' title='bbox 1075 483 1145 536; x_wconf 87' lang='lat' dir='ltr'><strong><em>ad</em></strong></span> <span class='ocrx_word' id='word_1_32' title='bbox 1171 481 1640 536; x_wconf 85' lang='lat' dir='ltr'><strong><em>Catechumenos.</em></strong></span> 
     </span>
    </p>
   </div>
   <div class='ocr_carea' id='block_1_4' title="bbox 257 573 1332 643">
    <p class='ocr_par' dir='ltr' id='par_1_4' title="bbox 257 573 1332 643">
     <span class='ocr_line' id='line_1_4' title="bbox 257 573 1332 643; baseline -0.006 -13"><span class='ocrx_word' id='word_1_33' title='bbox 257 576 309 630; x_wconf 91' lang='lat'><strong><em>6.</em></strong></span> <span class='ocrx_word' id='word_1_34' title='bbox 354 576 550 630; x_wconf 88' lang='lat' dir='ltr'><strong><em>Sermo</em></strong></span> <span class='ocrx_word' id='word_1_35' title='bbox 582 575 647 629; x_wconf 87' lang='lat' dir='ltr'><strong><em>de</em></strong></span> <span class='ocrx_word' id='word_1_36' title='bbox 667 576 969 643; x_wconf 78' lang='lat' dir='ltr'><strong><em>Disciplina</em></strong></span> <span class='ocrx_word' id='word_1_37' title='bbox 999 573 1332 628; x_wconf 82' lang='lat' dir='ltr'><strong><em>Christiana.</em></strong></span> 
     </span>
    </p>
   </div>
   <div class='ocr_carea' id='block_1_5' title="bbox 257 662 1180 730">
    <p class='ocr_par' dir='ltr' id='par_1_5' title="bbox 257 662 1180 730">
     <span class='ocr_line' id='line_1_5' title="bbox 257 662 1180 730; baseline -0.005 -11"><span class='ocrx_word' id='word_1_38' title='bbox 257 669 308 719; x_wconf 86' lang='lat'><strong><em>7.</em></strong></span> <span class='ocrx_word' id='word_1_39' title='bbox 353 665 552 719; x_wconf 88' lang='lat' dir='ltr'><strong><em>Sermo</em></strong></span> <span class='ocrx_word' id='word_1_40' title='bbox 584 665 649 718; x_wconf 86' lang='lat' dir='ltr'><strong><em>de</em></strong></span> <span class='ocrx_word' id='word_1_41' title='bbox 679 665 924 718; x_wconf 87' lang='lat' dir='ltr'><strong><em>Utilitate</em></strong></span> <span class='ocrx_word' id='word_1_42' title='bbox 942 662 1180 730; x_wconf 87' lang='lat' dir='ltr'><strong><em>Jejunii.</em></strong></span> 
     </span>
    </p>
   </div>
   <div class='ocr_carea' id='block_1_6' title="bbox 259 751 1080 808">
    <p class='ocr_par' dir='ltr' id='par_1_6' title="bbox 259 751 1080 808">
     <span class='ocr_line' id='line_1_6' title="bbox 259 751 1080 808; baseline -0.004 0"><span class='ocrx_word' id='word_1_43' title='bbox 259 757 310 808; x_wconf 90' lang='lat'><strong><em>8.</em></strong></span> <span class='ocrx_word' id='word_1_44' title='bbox 353 754 548 808; x_wconf 90' lang='lat' dir='ltr'><strong><em>Sermo</em></strong></span> <span class='ocrx_word' id='word_1_45' title='bbox 575 753 640 806; x_wconf 91' lang='lat' dir='ltr'><strong><em>de</em></strong></span> <span class='ocrx_word' id='word_1_46' title='bbox 668 754 817 806; x_wconf 82' lang='lat' dir='ltr'><strong><em>urbis</em></strong></span> <span class='ocrx_word' id='word_1_47' title='bbox 848 751 1080 805; x_wconf 68' lang='lat' dir='ltr'><strong><em>excidio.</em></strong></span> 
     </span>
    </p>
   </div>
   <div class='ocr_carea' id='block_1_7' title="bbox 401 833 1958 911">
    <p class='ocr_par' dir='ltr' id='par_1_7' title="bbox 401 833 1958 911">
     <span class='ocr_line' id='line_1_7' title="bbox 401 833 1958 911; baseline -0.007 -16"><span class='ocrx_word' id='word_1_48' title='bbox 401 843 539 906; x_wconf 68' lang='lat' dir='ltr'><strong><em>Quae</em></strong></span> <span class='ocrx_word' id='word_1_49' title='bbox 570 844 906 911; x_wconf 88' lang='lat' dir='ltr'><strong><em>sequuntur,</em></strong></span> <span class='ocrx_word' id='word_1_50' title='bbox 946 853 1129 909; x_wconf 88' lang='lat' dir='ltr'><strong><em>usque</em></strong></span> <span class='ocrx_word' id='word_1_51' title='bbox 1161 837 1233 891; x_wconf 91' lang='lat' dir='ltr'><strong><em>ad</em></strong></span> <span class='ocrx_word' id='word_1_52' title='bbox 1265 852 1320 890; x_wconf 78' lang='grc' dir='ltr'><strong><em>[ι.</em></strong></span> <span class='ocrx_word' id='word_1_53' title='bbox 1359 839 1446 903; x_wconf 87' lang='grc'><strong>15,</strong></span> <span class='ocrx_word' id='word_1_54' title='bbox 1493 837 1717 887; x_wconf 82' lang='lat' dir='ltr'><strong><em>exstant</em></strong></span> <span class='ocrx_word' id='word_1_55' title='bbox 1761 833 1820 886; x_wconf 90' lang='lat' dir='ltr'><strong><em>in</em></strong></span> <span class='ocrx_word' id='word_1_56' title='bbox 1849 848 1958 902; x_wconf 91' lang='lat' dir='ltr'><strong><em>ap-</em></strong></span> 
     </span>
    </p>
   </div>
   <div class='ocr_carea' id='block_1_8' title="bbox 331 922 1952 1002">
    <p class='ocr_par' dir='ltr' id='par_1_8' title="bbox 331 922 1952 1002">
     <span class='ocr_line' id='line_1_8' title="bbox 331 922 1952 1002; baseline -0.006 -18"><span class='ocrx_word' id='word_1_57' title='bbox 331 933 503 1002; x_wconf 86' lang='lat' dir='ltr'><strong><em>pend.</em></strong></span> <span class='ocrx_word' id='word_1_58' title='bbox 534 929 673 984; x_wconf 88' lang='lat' dir='ltr'><strong><em>tomi</em></strong></span> <span class='ocrx_word' id='word_1_59' title='bbox 716 930 780 982; x_wconf 92' lang='lat' dir='ltr'><strong><em>VI</em></strong></span> <span class='ocrx_word' id='word_1_60' title='bbox 813 929 901 983; x_wconf 89' lang='lat' dir='ltr'><strong><em>ed.</em></strong></span> <span class='ocrx_word' id='word_1_61' title='bbox 935 926 1130 982; x_wconf 83' lang='lat' dir='ltr'><strong><em>Bened.</em></strong></span> <span class='ocrx_word' id='word_1_62' title='bbox 1163 942 1226 980; x_wconf 90' lang='lat' dir='ltr'><strong><em>n.</em></strong></span> <span class='ocrx_word' id='word_1_63' title='bbox 1267 929 1321 992; x_wconf 82' lang='lat'><strong><em>9,</em></strong></span> <span class='ocrx_word' id='word_1_64' title='bbox 1356 926 1441 991; x_wconf 90' lang='grc'><strong><em>10,</em></strong></span> <span class='ocrx_word' id='word_1_65' title='bbox 1475 926 1560 992; x_wconf 88' lang='grc'><strong>11,</strong></span> <span class='ocrx_word' id='word_1_66' title='bbox 1595 927 1738 976; x_wconf 89' lang='lat' dir='ltr'><strong><em>tom.</em></strong></span> <span class='ocrx_word' id='word_1_67' title='bbox 1777 923 1844 976; x_wconf 99' lang='lat' dir='ltr'><strong><em>IX</em></strong></span> <span class='ocrx_word' id='word_1_68' title='bbox 1865 922 1952 976; x_wconf 89' lang='lat' dir='ltr'><strong><em>ed.</em></strong></span> 
     </span>
    </p>
   </div>
   <div class='ocr_carea' id='block_1_9' title="bbox 331 1021 881 1075">
    <p class='ocr_par' dir='ltr' id='par_1_9' title="bbox 331 1021 881 1075">
     <span class='ocr_line' id='line_1_9' title="bbox 331 1021 881 1075; baseline -0.007 0"><span class='ocrx_word' id='word_1_69' title='bbox 331 1023 556 1075; x_wconf 88' lang='lat' dir='ltr'><strong><em>Erasm.</em></strong></span> <span class='ocrx_word' id='word_1_70' title='bbox 590 1023 644 1072; x_wconf 89' lang='lat' dir='ltr'><strong><em>et</em></strong></span> <span class='ocrx_word' id='word_1_71' title='bbox 674 1021 881 1072; x_wconf 87' lang='lat' dir='ltr'><strong><em>Lovan.</em></strong></span> 
     </span>
    </p>
   </div>
   <div class='ocr_carea' id='block_1_10' title="bbox 266 1097 1958 1175">
    <p class='ocr_par' dir='ltr' id='par_1_10' title="bbox 266 1097 1958 1175">
     <span class='ocr_line' id='line_1_10' title="bbox 266 1097 1958 1175; baseline -0.008 -12"><span class='ocrx_word' id='word_1_72' title='bbox 266 1113 316 1164; x_wconf 89' lang='lat'><strong><em>9.</em></strong></span> <span class='ocrx_word' id='word_1_73' title='bbox 345 1109 542 1163; x_wconf 90' lang='lat' dir='ltr'><strong><em>Sermo</em></strong></span> <span class='ocrx_word' id='word_1_74' title='bbox 571 1108 636 1161; x_wconf 89' lang='lat' dir='ltr'><strong><em>de</em></strong></span> <span class='ocrx_word' id='word_1_75' title='bbox 663 1110 966 1175; x_wconf 87' lang='lat' dir='ltr'><strong><em>contemptu</em></strong></span> <span class='ocrx_word' id='word_1_76' title='bbox 1003 1104 1220 1158; x_wconf 87' lang='lat' dir='ltr'><strong><em>mundi.</em></strong></span> <span class='ocrx_word' id='word_1_77' title='bbox 1261 1099 1467 1156; x_wconf 79' lang='lat' dir='ltr'><strong><em>Incerti</em></strong></span> <span class='ocrx_word' id='word_1_78' title='bbox 1498 1099 1764 1154; x_wconf 85' lang='lat' dir='ltr'><strong><em>auctoris.</em></strong></span> <span class='ocrx_word' id='word_1_79' title='bbox 1814 1097 1958 1151; x_wconf 86' lang='lat' dir='ltr'><strong><em>Item</em></strong></span> 
     </span>
    </p>
   </div>
   <div class='ocr_carea' id='block_1_11' title="bbox 333 1186 1962 1263">
    <p class='ocr_par' dir='ltr' id='par_1_11' title="bbox 333 1186 1962 1263">
     <span class='ocr_line' id='line_1_11' title="bbox 333 1186 1962 1263; baseline -0.009 -11"><span class='ocrx_word' id='word_1_80' title='bbox 333 1198 532 1252; x_wconf 88' lang='lat' dir='ltr'><strong><em>Sermo</em></strong></span> <span class='ocrx_word' id='word_1_81' title='bbox 562 1196 628 1250; x_wconf 87' lang='lat' dir='ltr'><strong><em>de</em></strong></span> <span class='ocrx_word' id='word_1_82' title='bbox 670 1198 921 1251; x_wconf 83' lang='lat' dir='ltr'><strong><em>Vanitate</em></strong></span> <span class='ocrx_word' id='word_1_83' title='bbox 948 1195 1146 1257; x_wconf 59' lang='lat' dir='ltr'><strong><em>seculi,</em></strong></span> <span class='ocrx_word' id='word_1_84' title='bbox 1183 1191 1284 1263; x_wconf 87' lang='lat' dir='ltr'><strong><em>qui</em></strong></span> <span class='ocrx_word' id='word_1_85' title='bbox 1309 1191 1488 1244; x_wconf 84' lang='lat' dir='ltr'><strong><em>ferme</em></strong></span> <span class='ocrx_word' id='word_1_86' title='bbox 1526 1193 1679 1243; x_wconf 86' lang='lat' dir='ltr'><strong><em>totus</em></strong></span> <span class='ocrx_word' id='word_1_87' title='bbox 1717 1186 1962 1241; x_wconf 86' lang='lat' dir='ltr'><strong><em>habetur</em></strong></span> 
     </span>
    </p>
   </div>
   <div class='ocr_carea' id='block_1_12' title="bbox 330 1277 1959 1344">
    <p class='ocr_par' dir='ltr' id='par_1_12' title="bbox 330 1277 1959 1344">
     <span class='ocr_line' id='line_1_12' title="bbox 330 1277 1959 1344; baseline -0.007 -4"><span class='ocrx_word' id='word_1_88' title='bbox 330 1286 392 1340; x_wconf 90' lang='lat' dir='ltr'><strong><em>in</em></strong></span> <span class='ocrx_word' id='word_1_89' title='bbox 422 1289 666 1340; x_wconf 84' lang='lat' dir='ltr'><strong><em>tractatu</em></strong></span> <span class='ocrx_word' id='word_1_90' title='bbox 696 1285 760 1338; x_wconf 87' lang='lat' dir='ltr'><strong><em>de</em></strong></span> <span class='ocrx_word' id='word_1_91' title='bbox 803 1283 1145 1339; x_wconf 83' lang='lat' dir='ltr'><strong><em>Rectitudine</em></strong></span> <span class='ocrx_word' id='word_1_92' title='bbox 1198 1281 1473 1335; x_wconf 71' lang='lat' dir='ltr'><strong><em>catholica:</em></strong></span> <span class='ocrx_word' id='word_1_93' title='bbox 1519 1277 1959 1344; x_wconf 78' lang='lat' dir='ltr'><strong><em>conversationis,</em></strong></span> 
     </span>
    </p>
   </div>
   <div class='ocr_carea' id='block_1_13' title="bbox 335 1374 944 1446">
    <p class='ocr_par' dir='ltr' id='par_1_13' title="bbox 335 1374 944 1446">
     <span class='ocr_line' id='line_1_13' title="bbox 335 1374 944 1446; baseline -0.003 -16"><span class='ocrx_word' id='word_1_94' title='bbox 335 1377 403 1430; x_wconf 91' lang='lat' dir='ltr'><strong><em>de</em></strong></span> <span class='ocrx_word' id='word_1_95' title='bbox 435 1391 550 1446; x_wconf 90' lang='lat' dir='ltr'><strong><em>quo</em></strong></span> <span class='ocrx_word' id='word_1_96' title='bbox 581 1374 729 1427; x_wconf 84' lang='lat' dir='ltr'><strong><em>infra</em></strong></span> <span class='ocrx_word' id='word_1_97' title='bbox 761 1390 818 1426; x_wconf 91' lang='lat' dir='ltr'><strong><em>n.</em></strong></span> <span class='ocrx_word' id='word_1_98' title='bbox 851 1376 944 1428; x_wconf 90' lang='grc'><strong><em>61.</em></strong></span> 
     </span>
    </p>
   </div>
   <div class='ocr_carea' id='block_1_14' title="bbox 267 1451 1958 1526">
    <p class='ocr_par' dir='ltr' id='par_1_14' title="bbox 267 1451 1958 1526">
     <span class='ocr_line' id='line_1_14' title="bbox 267 1451 1958 1526; baseline -0.008 -8"><span class='ocrx_word' id='word_1_99' title='bbox 267 1466 352 1519; x_wconf 90' lang='grc'><strong>10.</strong></span> <span class='ocrx_word' id='word_1_100' title='bbox 381 1463 578 1518; x_wconf 89' lang='lat' dir='ltr'><strong><em>Sermo</em></strong></span> <span class='ocrx_word' id='word_1_101' title='bbox 639 1466 709 1516; x_wconf 89' lang='lat' dir='ltr'><strong><em>De</em></strong></span> <span class='ocrx_word' id='word_1_102' title='bbox 761 1463 904 1516; x_wconf 87' lang='lat' dir='ltr'><strong><em>Bono</em></strong></span> <span class='ocrx_word' id='word_1_103' title='bbox 961 1459 1284 1526; x_wconf 79' lang='lat' dir='ltr'><strong><em>disciplinae.</em></strong></span> <span class='ocrx_word' id='word_1_104' title='bbox 1340 1454 1856 1510; x_wconf 87' lang='lat' dir='ltr'><strong><em>Melch.Goldastus</em></strong></span> <span class='ocrx_word' id='word_1_105' title='bbox 1890 1451 1958 1506; x_wconf 88' lang='lat' dir='ltr'><strong><em>ab</em></strong></span> 
     </span>
    </p>
   </div>
   <div class='ocr_carea' id='block_1_15' title="bbox 335 1541 1959 1618">
    <p class='ocr_par' dir='ltr' id='par_1_15' title="bbox 335 1541 1959 1618">
     <span class='ocr_line' id='line_1_15' title="bbox 335 1541 1959 1618; baseline -0.007 -12"><span class='ocrx_word' id='word_1_106' title='bbox 335 1550 698 1617; x_wconf 81' lang='lat' dir='ltr'><strong><em>llaiminsfeld</em></strong></span> <span class='ocrx_word' id='word_1_107' title='bbox 763 1548 1001 1603; x_wconf 78' lang='lat' dir='ltr'><strong><em>asseruit</em></strong></span> <span class='ocrx_word' id='word_1_108' title='bbox 1065 1547 1353 1603; x_wconf 76' lang='lat' dir='ltr'><strong><em>Valeriano</em></strong></span> <span class='ocrx_word' id='word_1_109' title='bbox 1414 1543 1750 1618; x_wconf 75' lang='lat' dir='ltr'><strong><em>Cemeliensi</em></strong></span> <span class='ocrx_word' id='word_1_110' title='bbox 1809 1541 1959 1611; x_wconf 88' lang='lat' dir='ltr'><strong><em>apud</em></strong></span> 
     </span>
    </p>
   </div>
   <div class='ocr_carea' id='block_1_16' title="bbox 333 1632 1961 1710">
    <p class='ocr_par' dir='ltr' id='par_1_16' title="bbox 333 1632 1961 1710">
     <span class='ocr_line' id='line_1_16' title="bbox 333 1632 1961 1710; baseline -0.009 -13"><span class='ocrx_word' id='word_1_111' title='bbox 333 1642 500 1710; x_wconf 84' lang='lat' dir='ltr'><strong><em>Alpes</em></strong></span> <span class='ocrx_word' id='word_1_112' title='bbox 531 1639 846 1692; x_wconf 86' lang='lat' dir='ltr'><strong><em>maritimas</em></strong></span> <span class='ocrx_word' id='word_1_113' title='bbox 885 1637 1055 1708; x_wconf 91' lang='lat' dir='ltr'><strong><em>episc.</em></strong></span> <span class='ocrx_word' id='word_1_114' title='bbox 1111 1652 1235 1689; x_wconf 62' lang='lat' dir='ltr'><strong><em>suae.</em></strong></span> <span class='ocrx_word' id='word_1_115' title='bbox 1280 1651 1331 1701; x_wconf 86' lang='grc' dir='ltr'><strong>ν,</strong></span> <span class='ocrx_word' id='word_1_116' title='bbox 1393 1635 1632 1704; x_wconf 86' lang='lat' dir='ltr'><strong><em>ejusque</em></strong></span> <span class='ocrx_word' id='word_1_117' title='bbox 1663 1632 1836 1685; x_wconf 79' lang='lat' dir='ltr'><strong><em>etiam</em></strong></span> <span class='ocrx_word' id='word_1_118' title='bbox 1865 1647 1961 1683; x_wconf 89' lang='lat' dir='ltr'><strong><em>no-</em></strong></span> 
     </span>
    </p>
   </div>
   <div class='ocr_carea' id='block_1_17' title="bbox 336 1721 1955 1799">
    <p class='ocr_par' dir='ltr' id='par_1_17' title="bbox 336 1721 1955 1799">
     <span class='ocr_line' id='line_1_17' title="bbox 336 1721 1955 1799; baseline -0.007 -15"><span class='ocrx_word' id='word_1_119' title='bbox 336 1747 471 1784; x_wconf 85' lang='lat' dir='ltr'><strong><em>men</em></strong></span> <span class='ocrx_word' id='word_1_120' title='bbox 520 1729 836 1799; x_wconf 65' lang='lat' dir='ltr'><strong><em>praaferunt</em></strong></span> <span class='ocrx_word' id='word_1_121' title='bbox 877 1727 1197 1796; x_wconf 86' lang='lat' dir='ltr'><strong><em>fragmenta</em></strong></span> <span class='ocrx_word' id='word_1_122' title='bbox 1224 1723 1395 1794; x_wconf 89' lang='lat' dir='ltr'><strong><em>hujus</em></strong></span> <span class='ocrx_word' id='word_1_123' title='bbox 1424 1721 1685 1793; x_wconf 89' lang='lat' dir='ltr'><strong><em>opusculi</em></strong></span> <span class='ocrx_word' id='word_1_124' title='bbox 1714 1721 1775 1774; x_wconf 90' lang='lat' dir='ltr'><strong><em>in</em></strong></span> <span class='ocrx_word' id='word_1_125' title='bbox 1803 1725 1955 1774; x_wconf 82' lang='lat' dir='ltr'><strong><em>vetu-</em></strong></span> 
     </span>
    </p>
   </div>
   <div class='ocr_carea' id='block_1_18' title="bbox 335 1815 1273 1884">
    <p class='ocr_par' dir='ltr' id='par_1_18' title="bbox 335 1815 1273 1884">
     <span class='ocr_line' id='line_1_18' title="bbox 335 1815 1273 1884; baseline -0.009 -11"><span class='ocrx_word' id='word_1_126' title='bbox 335 1823 419 1873; x_wconf 87' lang='lat' dir='ltr'><strong><em>sto</em></strong></span> <span class='ocrx_word' id='word_1_127' title='bbox 451 1817 641 1872; x_wconf 86' lang='lat' dir='ltr'><strong><em>codice</em></strong></span> <span class='ocrx_word' id='word_1_128' title='bbox 673 1815 999 1871; x_wconf 86' lang='lat' dir='ltr'><strong><em>Colbertino</em></strong></span> <span class='ocrx_word' id='word_1_129' title='bbox 1032 1817 1273 1884; x_wconf 88' lang='lat' dir='ltr'><strong><em>reperta.</em></strong></span> 
     </span>
    </p>
   </div>
   <div class='ocr_carea' id='block_1_19' title="bbox 267 1903 1468 1962">
    <p class='ocr_par' dir='ltr' id='par_1_19' title="bbox 267 1903 1468 1962">
     <span class='ocr_line' id='line_1_19' title="bbox 267 1903 1468 1962; baseline -0.006 1"><span class='ocrx_word' id='word_1_130' title='bbox 267 1912 351 1962; x_wconf 91' lang='grc'><strong><em>11.</em></strong></span> <span class='ocrx_word' id='word_1_131' title='bbox 387 1909 582 1962; x_wconf 90' lang='lat' dir='ltr'><strong><em>Sermo</em></strong></span> <span class='ocrx_word' id='word_1_132' title='bbox 616 1907 682 1959; x_wconf 90' lang='lat' dir='ltr'><strong><em>de</em></strong></span> <span class='ocrx_word' id='word_1_133' title='bbox 709 1904 1023 1960; x_wconf 86' lang='lat' dir='ltr'><strong><em>Obedientia</em></strong></span> <span class='ocrx_word' id='word_1_134' title='bbox 1049 1909 1099 1957; x_wconf 88' lang='lat' dir='ltr'><strong><em>et</em></strong></span> <span class='ocrx_word' id='word_1_135' title='bbox 1131 1903 1468 1957; x_wconf 87' lang='lat' dir='ltr'><strong><em>Humilitate.</em></strong></span> 
     </span>
    </p>
   </div>
   <div class='ocr_carea' id='block_1_20' title="bbox 270 1985 1960 2058">
    <p class='ocr_par' dir='ltr' id='par_1_20' title="bbox 270 1985 1960 2058">
     <span class='ocr_line' id='line_1_20' title="bbox 270 1985 1960 2058; baseline -0.007 -8"><span class='ocrx_word' id='word_1_136' title='bbox 270 1999 351 2051; x_wconf 87' lang='lat' dir='ltr'><strong><em>I2.</em></strong></span> <span class='ocrx_word' id='word_1_137' title='bbox 404 1999 688 2049; x_wconf 87' lang='lat' dir='ltr'><strong><em>Tractatus</em></strong></span> <span class='ocrx_word' id='word_1_138' title='bbox 717 1993 783 2046; x_wconf 89' lang='lat' dir='ltr'><strong><em>de</em></strong></span> <span class='ocrx_word' id='word_1_139' title='bbox 810 1993 1106 2058; x_wconf 87' lang='lat' dir='ltr'><strong><em>Charitate,</em></strong></span> <span class='ocrx_word' id='word_1_140' title='bbox 1132 2006 1180 2044; x_wconf 90' lang='lat' dir='ltr'><strong><em>s.</em></strong></span> <span class='ocrx_word' id='word_1_141' title='bbox 1223 1989 1290 2044; x_wconf 91' lang='lat' dir='ltr'><strong><em>de</em></strong></span> <span class='ocrx_word' id='word_1_142' title='bbox 1313 1987 1499 2042; x_wconf 86' lang='lat' dir='ltr'><strong><em>verbis</em></strong></span> <span class='ocrx_word' id='word_1_143' title='bbox 1528 1985 1758 2058; x_wconf 84' lang='lat' dir='ltr'><strong><em>psalmi,</em></strong></span> <span class='ocrx_word' id='word_1_144' title='bbox 1795 1988 1960 2041; x_wconf 80' lang='lat' dir='ltr'><strong><em>Terra</em></strong></span> 
     </span>
    </p>
   </div>
   <div class='ocr_carea' id='block_1_21' title="bbox 336 2083 964 2150">
    <p class='ocr_par' dir='ltr' id='par_1_21' title="bbox 336 2083 964 2150">
     <span class='ocr_line' id='line_1_21' title="bbox 336 2083 964 2150; baseline -0.005 -13"><span class='ocrx_word' id='word_1_145' title='bbox 336 2083 488 2137; x_wconf 87' lang='lat' dir='ltr'><strong><em>dedit</em></strong></span> <span class='ocrx_word' id='word_1_146' title='bbox 511 2085 759 2150; x_wconf 82' lang='lat' dir='ltr'><strong><em>fructum</em></strong></span> <span class='ocrx_word' id='word_1_147' title='bbox 785 2095 964 2135; x_wconf 86' lang='lat' dir='ltr'><strong><em>suum.</em></strong></span> 
     </span>
    </p>
   </div>
   <div class='ocr_carea' id='block_1_22' title="bbox 269 2162 1961 2236">
    <p class='ocr_par' dir='ltr' id='par_1_22' title="bbox 269 2162 1961 2236">
     <span class='ocr_line' id='line_1_22' title="bbox 269 2162 1961 2236; baseline -0.006 -10"><span class='ocrx_word' id='word_1_148' title='bbox 269 2176 352 2228; x_wconf 87' lang='grc'><strong>13.</strong></span> <span class='ocrx_word' id='word_1_149' title='bbox 387 2174 459 2225; x_wconf 88' lang='lat' dir='ltr'><strong><em>De</em></strong></span> <span class='ocrx_word' id='word_1_150' title='bbox 511 2171 764 2225; x_wconf 79' lang='lat' dir='ltr'><strong><em>Oratione</em></strong></span> <span class='ocrx_word' id='word_1_151' title='bbox 793 2173 842 2223; x_wconf 90' lang='lat' dir='ltr'><strong><em>et</em></strong></span> <span class='ocrx_word' id='word_1_152' title='bbox 889 2169 1239 2236; x_wconf 86' lang='lat' dir='ltr'><strong><em>Eleemosyna</em></strong></span> <span class='ocrx_word' id='word_1_153' title='bbox 1283 2169 1555 2220; x_wconf 84' lang='lat' dir='ltr'><strong><em>tractatus</em></strong></span> <span class='ocrx_word' id='word_1_154' title='bbox 1605 2165 1723 2233; x_wconf 91' lang='lat' dir='ltr'><strong><em>(seu</em></strong></span> <span class='ocrx_word' id='word_1_155' title='bbox 1774 2162 1961 2234; x_wconf 85' lang='lat' dir='ltr'><strong><em>potius</em></strong></span> 
     </span>
    </p>
   </div>
   <div class='ocr_carea' id='block_1_23' title="bbox 335 2253 1961 2331">
    <p class='ocr_par' dir='ltr' id='par_1_23' title="bbox 335 2253 1961 2331">
     <span class='ocr_line' id='line_1_23' title="bbox 335 2253 1961 2331; baseline -0.006 -17"><span class='ocrx_word' id='word_1_156' title='bbox 335 2261 542 2331; x_wconf 85' lang='lat' dir='ltr'><strong><em>fragm.</em></strong></span> <span class='ocrx_word' id='word_1_157' title='bbox 578 2258 811 2328; x_wconf 80' lang='lat' dir='ltr'><strong><em>majoris</em></strong></span> <span class='ocrx_word' id='word_1_158' title='bbox 860 2257 1068 2329; x_wconf 90' lang='lat' dir='ltr'><strong><em>operis)</em></strong></span> <span class='ocrx_word' id='word_1_159' title='bbox 1110 2257 1180 2312; x_wconf 92' lang='lat' dir='ltr'><strong><em>ab</em></strong></span> <span class='ocrx_word' id='word_1_160' title='bbox 1225 2259 1444 2311; x_wconf 85' lang='lat' dir='ltr'><strong><em>Hieron.</em></strong></span> <span class='ocrx_word' id='word_1_161' title='bbox 1485 2257 1743 2324; x_wconf 86' lang='lat' dir='ltr'><strong><em>Vignerio</em></strong></span> <span class='ocrx_word' id='word_1_162' title='bbox 1773 2253 1961 2308; x_wconf 86' lang='lat' dir='ltr'><strong><em>editus</em></strong></span> 
     </span>
    </p>
   </div>
   <div class='ocr_carea' id='block_1_24' title="bbox 334 2348 897 2418">
    <p class='ocr_par' dir='ltr' id='par_1_24' title="bbox 334 2348 897 2418">
     <span class='ocr_line' id='line_1_24' title="bbox 334 2348 897 2418; baseline -0.007 -13"><span class='ocrx_word' id='word_1_163' title='bbox 334 2355 494 2405; x_wconf 82' lang='lat' dir='ltr'><strong><em>torno</em></strong></span> <span class='ocrx_word' id='word_1_164' title='bbox 523 2349 572 2402; x_wconf 91' lang='lat' dir='ltr'><strong>Il</strong></span> <span class='ocrx_word' id='word_1_165' title='bbox 605 2348 897 2418; x_wconf 88' lang='lat' dir='ltr'><strong><em>Snpplem.</em></strong></span> 
     </span>
    </p>
   </div>
   <div class='ocr_carea' id='block_1_25' title="bbox 269 2437 1356 2504">
    <p class='ocr_par' dir='ltr' id='par_1_25' title="bbox 269 2437 1356 2504">
     <span class='ocr_line' id='line_1_25' title="bbox 269 2437 1356 2504; baseline -0.006 -10"><span class='ocrx_word' id='word_1_166' title='bbox 269 2442 358 2496; x_wconf 74' lang='grc'><strong><em>14.</em></strong></span> <span class='ocrx_word' id='word_1_167' title='bbox 401 2442 473 2493; x_wconf 92' lang='lat' dir='ltr'><strong><em>De</em></strong></span> <span class='ocrx_word' id='word_1_168' title='bbox 505 2438 860 2494; x_wconf 77' lang='lat' dir='ltr'><strong><em>Generalitate</em></strong></span> <span class='ocrx_word' id='word_1_169' title='bbox 887 2437 1356 2504; x_wconf 88' lang='lat' dir='ltr'><strong><em>eleemosynarum.</em></strong></span> 
     </span>
    </p>
   </div>
   <div class='ocr_carea' id='block_1_26' title="bbox 270 2521 1965 2584">
    <p class='ocr_par' dir='ltr' id='par_1_26' title="bbox 270 2521 1965 2584">
     <span class='ocr_line' id='line_1_26' title="bbox 270 2521 1965 2584; baseline -0.007 0"><span class='ocrx_word' id='word_1_170' title='bbox 270 2532 354 2584; x_wconf 95' lang='grc'><strong><em>15.</em></strong></span> <span class='ocrx_word' id='word_1_171' title='bbox 387 2528 672 2584; x_wconf 69' lang='lat' dir='ltr'><strong><em>Sententiae</em></strong></span> <span class='ocrx_word' id='word_1_172' title='bbox 724 2527 1098 2581; x_wconf 67' lang='lat' dir='ltr'><strong><em>Miscellanew.</em></strong></span> <span class='ocrx_word' id='word_1_173' title='bbox 1162 2525 1290 2578; x_wconf 83' lang='lat' dir='ltr'><strong><em>Haec</em></strong></span> <span class='ocrx_word' id='word_1_174' title='bbox 1346 2521 1542 2577; x_wconf 85' lang='lat' dir='ltr'><strong><em>omnia</em></strong></span> <span class='ocrx_word' id='word_1_175' title='bbox 1579 2521 1782 2576; x_wconf 76' lang='lat' dir='ltr'><strong><em>incerti</em></strong></span> <span class='ocrx_word' id='word_1_176' title='bbox 1831 2522 1965 2575; x_wconf 86' lang='lat' dir='ltr'><strong><em>sunt</em></strong></span> 
     </span>
    </p>
   </div>
   <div class='ocr_carea' id='block_1_27' title="bbox 340 2612 1424 2685">
    <p class='ocr_par' dir='ltr' id='par_1_27' title="bbox 340 2612 1424 2685">
     <span class='ocr_line' id='line_1_27' title="bbox 340 2612 1424 2685; baseline -0.005 -15"><span class='ocrx_word' id='word_1_177' title='bbox 340 2615 605 2681; x_wconf 83' lang='lat' dir='ltr'><strong><em>auctoris,</em></strong></span> <span class='ocrx_word' id='word_1_178' title='bbox 635 2631 740 2668; x_wconf 89' lang='lat' dir='ltr'><strong><em>nec</em></strong></span> <span class='ocrx_word' id='word_1_179' title='bbox 757 2612 1139 2685; x_wconf 83' lang='lat' dir='ltr'><strong><em>Augustinum</em></strong></span> <span class='ocrx_word' id='word_1_180' title='bbox 1177 2612 1424 2684; x_wconf 85' lang='lat' dir='ltr'><strong><em>sapiunt.</em></strong></span> 
     </span>
    </p>
   </div>
   <div class='ocr_carea' id='block_1_28' title="bbox 272 2699 1966 2772">
    <p class='ocr_par' dir='ltr' id='par_1_28' title="bbox 272 2699 1966 2772">
     <span class='ocr_line' id='line_1_28' title="bbox 272 2699 1966 2772; baseline -0.006 -9"><span class='ocrx_word' id='word_1_181' title='bbox 272 2710 355 2764; x_wconf 88' lang='grc'><strong>16.</strong></span> <span class='ocrx_word' id='word_1_182' title='bbox 391 2709 465 2761; x_wconf 91' lang='lat' dir='ltr'><strong><em>De</em></strong></span> <span class='ocrx_word' id='word_1_183' title='bbox 496 2707 772 2761; x_wconf 89' lang='lat' dir='ltr'><strong><em>Creatione</em></strong></span> <span class='ocrx_word' id='word_1_184' title='bbox 821 2704 992 2772; x_wconf 83' lang='lat' dir='ltr'><strong><em>primi</em></strong></span> <span class='ocrx_word' id='word_1_185' title='bbox 1033 2703 1284 2756; x_wconf 85' lang='lat' dir='ltr'><strong><em>hominis.</em></strong></span> <span class='ocrx_word' id='word_1_186' title='bbox 1351 2702 1522 2755; x_wconf 88' lang='lat' dir='ltr'><strong><em>Totus</em></strong></span> <span class='ocrx_word' id='word_1_187' title='bbox 1576 2699 1824 2755; x_wconf 87' lang='lat' dir='ltr'><strong><em>insertus</em></strong></span> <span class='ocrx_word' id='word_1_188' title='bbox 1881 2703 1966 2752; x_wconf 88' lang='lat' dir='ltr'><strong><em>est</em></strong></span> 
     </span>
    </p>
   </div>
   <div class='ocr_carea' id='block_1_29' title="bbox 337 2791 1960 2861">
    <p class='ocr_par' dir='ltr' id='par_1_29' title="bbox 337 2791 1960 2861">
     <span class='ocr_line' id='line_1_29' title="bbox 337 2791 1960 2861; baseline -0.006 -11"><span class='ocrx_word' id='word_1_189' title='bbox 337 2795 430 2850; x_wconf 89' lang='lat' dir='ltr'><strong><em>hic</em></strong></span> <span class='ocrx_word' id='word_1_190' title='bbox 463 2795 607 2848; x_wconf 91' lang='lat' dir='ltr'><strong><em>liber</em></strong></span> <span class='ocrx_word' id='word_1_191' title='bbox 654 2794 712 2847; x_wconf 90' lang='lat' dir='ltr'><strong><em>in</em></strong></span> <span class='ocrx_word' id='word_1_192' title='bbox 771 2797 1010 2847; x_wconf 87' lang='lat' dir='ltr'><strong><em>tractatu</em></strong></span> <span class='ocrx_word' id='word_1_193' title='bbox 1062 2792 1127 2846; x_wconf 91' lang='lat' dir='ltr'><strong><em>de</em></strong></span> <span class='ocrx_word' id='word_1_194' title='bbox 1165 2793 1376 2861; x_wconf 84' lang='lat' dir='ltr'><strong><em>Spiritu</em></strong></span> <span class='ocrx_word' id='word_1_195' title='bbox 1431 2796 1482 2844; x_wconf 89' lang='lat' dir='ltr'><strong><em>et</em></strong></span> <span class='ocrx_word' id='word_1_196' title='bbox 1521 2791 1730 2844; x_wconf 81' lang='lat' dir='ltr'><strong><em>Anima</em></strong></span> <span class='ocrx_word' id='word_1_197' title='bbox 1782 2805 1838 2843; x_wconf 92' lang='lat' dir='ltr'><strong><em>n.</em></strong></span> <span class='ocrx_word' id='word_1_198' title='bbox 1873 2791 1960 2842; x_wconf 84' lang='grc'><strong>67.</strong></span> 
     </span>
    </p>
   </div>
   <div class='ocr_carea' id='block_1_30' title="bbox 337 2877 1964 2954">
    <p class='ocr_par' dir='ltr' id='par_1_30' title="bbox 337 2877 1964 2954">
     <span class='ocr_line' id='line_1_30' title="bbox 337 2877 1964 2954; baseline -0.006 -16"><span class='ocrx_word' id='word_1_199' title='bbox 337 2883 640 2954; x_wconf 83' lang='lat' dir='ltr'><strong><em>Reperitnr</em></strong></span> <span class='ocrx_word' id='word_1_200' title='bbox 667 2881 817 2934; x_wconf 86' lang='lat' dir='ltr'><strong><em>inter</em></strong></span> <span class='ocrx_word' id='word_1_201' title='bbox 855 2881 1040 2951; x_wconf 85' lang='lat' dir='ltr'><strong><em>Opera</em></strong></span> <span class='ocrx_word' id='word_1_202' title='bbox 1067 2880 1347 2934; x_wconf 84' lang='lat' dir='ltr'><strong><em>Ambrosii</em></strong></span> <span class='ocrx_word' id='word_1_203' title='bbox 1376 2878 1480 2932; x_wconf 88' lang='lat' dir='ltr'><strong><em>sub</em></strong></span> <span class='ocrx_word' id='word_1_204' title='bbox 1523 2877 1638 2942; x_wconf 89' lang='lat' dir='ltr'><strong><em>tit.,</em></strong></span> <span class='ocrx_word' id='word_1_205' title='bbox 1676 2877 1964 2930; x_wconf 88' lang='lat' dir='ltr'><strong><em>Tractatus</em></strong></span> 
     </span>
    </p>
   </div>
   <div class='ocr_carea' id='block_1_31' title="bbox 2137 479 3250 536">
    <p class='ocr_par' dir='ltr' id='par_1_31' title="bbox 2137 479 3250 536">
     <span class='ocr_line' id='line_1_31' title="bbox 2137 479 3250 536; baseline 0.003 -4"><span class='ocrx_word' id='word_1_206' title='bbox 2137 479 2403 532; x_wconf 86' lang='lat' dir='ltr'><strong><em>larminus</em></strong></span> <span class='ocrx_word' id='word_1_207' title='bbox 2431 484 2488 532; x_wconf 89' lang='lat' dir='ltr'><strong><em>et</em></strong></span> <span class='ocrx_word' id='word_1_208' title='bbox 2515 481 2870 534; x_wconf 88' lang='lat' dir='ltr'><strong><em>Lovanienses</em></strong></span> <span class='ocrx_word' id='word_1_209' title='bbox 2899 480 3079 534; x_wconf 86' lang='lat' dir='ltr'><strong><em>secuti</em></strong></span> <span class='ocrx_word' id='word_1_210' title='bbox 3100 487 3250 536; x_wconf 88' lang='lat' dir='ltr'><strong><em>sunt.</em></strong></span> 
     </span>
    </p>
   </div>
   <div class='ocr_carea' id='block_1_32' title="bbox 2068 568 3756 644">
    <p class='ocr_par' dir='ltr' id='par_1_32' title="bbox 2068 568 3756 644">
     <span class='ocr_line' id='line_1_32' title="bbox 2068 568 3756 644; baseline 0.005 -24"><span class='ocrx_word' id='word_1_211' title='bbox 2068 569 2152 621; x_wconf 85' lang='lat'><strong><em>25.</em></strong></span> <span class='ocrx_word' id='word_1_212' title='bbox 2209 568 2459 636; x_wconf 82' lang='lat' dir='ltr'><strong><em>Epistola</em></strong></span> <span class='ocrx_word' id='word_1_213' title='bbox 2513 568 2588 622; x_wconf 90' lang='lat' dir='ltr'><strong><em>ad</em></strong></span> <span class='ocrx_word' id='word_1_214' title='bbox 2644 568 3064 625; x_wconf 82' lang='lat' dir='ltr'><strong><em>Demetriadem.</em></strong></span> <span class='ocrx_word' id='word_1_215' title='bbox 3098 571 3313 636; x_wconf 84' lang='lat' dir='ltr'><strong><em>Pelagii</em></strong></span> <span class='ocrx_word' id='word_1_216' title='bbox 3369 575 3472 637; x_wconf 87' lang='lat' dir='ltr'><strong><em>est,</em></strong></span> <span class='ocrx_word' id='word_1_217' title='bbox 3518 576 3580 626; x_wconf 90' lang='lat' dir='ltr'><strong><em>ut</em></strong></span> <span class='ocrx_word' id='word_1_218' title='bbox 3636 573 3756 644; x_wconf 90' lang='lat' dir='ltr'><strong><em>ipse</em></strong></span> 
     </span>
    </p>
   </div>
   <div class='ocr_carea' id='block_1_33' title="bbox 2137 655 3762 734">
    <p class='ocr_par' dir='ltr' id='par_1_33' title="bbox 2137 655 3762 734">
     <span class='ocr_line' id='line_1_33' title="bbox 2137 655 3762 734; baseline 0.004 -24"><span class='ocrx_word' id='word_1_219' title='bbox 2137 655 2399 727; x_wconf 87' lang='lat' dir='ltr'><strong><em>Pelagius</em></strong></span> <span class='ocrx_word' id='word_1_220' title='bbox 2457 657 2670 712; x_wconf 83' lang='lat' dir='ltr'><strong><em>fatetur</em></strong></span> <span class='ocrx_word' id='word_1_221' title='bbox 2723 657 2783 712; x_wconf 90' lang='lat' dir='ltr'><strong><em>in</em></strong></span> <span class='ocrx_word' id='word_1_222' title='bbox 2840 658 2956 712; x_wconf 89' lang='lat' dir='ltr'><strong><em>suis</em></strong></span> <span class='ocrx_word' id='word_1_223' title='bbox 3005 659 3077 713; x_wconf 90' lang='lat' dir='ltr'><strong><em>ad</em></strong></span> <span class='ocrx_word' id='word_1_224' title='bbox 3133 662 3501 715; x_wconf 84' lang='lat' dir='ltr'><strong><em>Innocentium</em></strong></span> <span class='ocrx_word' id='word_1_225' title='bbox 3552 679 3762 734; x_wconf 89' lang='lat' dir='ltr'><strong><em>papam</em></strong></span> 
     </span>
    </p>
   </div>
   <div class='ocr_carea' id='block_1_34' title="bbox 2139 745 2361 800">
    <p class='ocr_par' dir='ltr' id='par_1_34' title="bbox 2139 745 2361 800">
     <span class='ocr_line' id='line_1_34' title="bbox 2139 745 2361 800; baseline 0.005 -2"><span class='ocrx_word' id='word_1_226' title='bbox 2139 745 2361 800; x_wconf 84' lang='lat' dir='ltr'><strong><em>litteris.</em></strong></span> 
     </span>
    </p>
   </div>
   <div class='ocr_carea' id='block_1_35' title="bbox 2064 833 3763 905">
    <p class='ocr_par' dir='ltr' id='par_1_35' title="bbox 2064 833 3763 905">
     <span class='ocr_line' id='line_1_35' title="bbox 2064 833 3763 905; baseline 0.005 -19"><span class='ocrx_word' id='word_1_227' title='bbox 2064 835 2153 887; x_wconf 93' lang='lat'><strong><em>26.</em></strong></span> <span class='ocrx_word' id='word_1_228' title='bbox 2213 833 2474 903; x_wconf 61' lang='lat' dir='ltr'><strong><em>Epistolai</em></strong></span> <span class='ocrx_word' id='word_1_229' title='bbox 2533 837 2749 888; x_wconf 85' lang='lat' dir='ltr'><strong><em>mutuae</em></strong></span> <span class='ocrx_word' id='word_1_230' title='bbox 2815 835 2917 889; x_wconf 91' lang='lat' dir='ltr'><strong><em>SS.</em></strong></span> <span class='ocrx_word' id='word_1_231' title='bbox 2984 837 3285 902; x_wconf 84' lang='lat' dir='ltr'><strong><em>Augustini</em></strong></span> <span class='ocrx_word' id='word_1_232' title='bbox 3337 840 3392 891; x_wconf 87' lang='lat' dir='ltr'><strong><em>et</em></strong></span> <span class='ocrx_word' id='word_1_233' title='bbox 3448 839 3646 905; x_wconf 88' lang='lat' dir='ltr'><strong><em>Cyrilli</em></strong></span> <span class='ocrx_word' id='word_1_234' title='bbox 3698 840 3763 894; x_wconf 90' lang='lat' dir='ltr'><strong><em>de</em></strong></span> 
     </span>
    </p>
   </div>
   <div class='ocr_carea' id='block_1_36' title="bbox 2134 922 3763 994">
    <p class='ocr_par' dir='ltr' id='par_1_36' title="bbox 2134 922 3763 994">
     <span class='ocr_line' id='line_1_36' title="bbox 2134 922 3763 994; baseline 0.005 -19"><span class='ocrx_word' id='word_1_235' title='bbox 2134 922 2443 992; x_wconf 84' lang='lat' dir='ltr'><strong><em>magniﬁcis</em></strong></span> <span class='ocrx_word' id='word_1_236' title='bbox 2485 923 2937 992; x_wconf 85' lang='lat' dir='ltr'><strong><em>admirandisque</em></strong></span> <span class='ocrx_word' id='word_1_237' title='bbox 2992 926 3050 980; x_wconf 93' lang='lat' dir='ltr'><strong><em>S.</em></strong></span> <span class='ocrx_word' id='word_1_238' title='bbox 3103 927 3414 994; x_wconf 85' lang='lat' dir='ltr'><strong><em>Hieronymi</em></strong></span> <span class='ocrx_word' id='word_1_239' title='bbox 3469 929 3763 983; x_wconf 79' lang='lat' dir='ltr'><strong><em>virtutibus</em></strong></span> 
     </span>
    </p>
   </div>
   <div class='ocr_carea' id='block_1_37' title="bbox 2137 1011 2948 1083">
    <p class='ocr_par' dir='ltr' id='par_1_37' title="bbox 2137 1011 2948 1083">
     <span class='ocr_line' id='line_1_37' title="bbox 2137 1011 2948 1083; baseline 0.002 -19"><span class='ocrx_word' id='word_1_240' title='bbox 2137 1017 2187 1065; x_wconf 91' lang='lat' dir='ltr'><strong><em>et</em></strong></span> <span class='ocrx_word' id='word_1_241' title='bbox 2211 1013 2508 1066; x_wconf 82' lang='lat' dir='ltr'><strong><em>miraculis.</em></strong></span> <span class='ocrx_word' id='word_1_242' title='bbox 2541 1011 2948 1083; x_wconf 69' lang='lat' dir='ltr'><strong><em>Supposititiaa.</em></strong></span> 
     </span>
    </p>
   </div>
   <div class='ocr_carea' id='block_1_38' title="bbox 2067 1100 3761 1173">
    <p class='ocr_par' dir='ltr' id='par_1_38' title="bbox 2067 1100 3761 1173">
     <span class='ocr_line' id='line_1_38' title="bbox 2067 1100 3761 1173; baseline 0.004 -20"><span class='ocrx_word' id='word_1_243' title='bbox 2067 1102 2156 1153; x_wconf 88' lang='lat'><strong><em>27.</em></strong></span> <span class='ocrx_word' id='word_1_244' title='bbox 2188 1100 2485 1155; x_wconf 87' lang='lat' dir='ltr'><strong><em>Altercatio</em></strong></span> <span class='ocrx_word' id='word_1_245' title='bbox 2514 1116 2616 1154; x_wconf 91' lang='lat' dir='ltr'><strong><em>seu</em></strong></span> <span class='ocrx_word' id='word_1_246' title='bbox 2664 1101 2890 1156; x_wconf 83' lang='lat' dir='ltr'><strong><em>Collatia</em></strong></span> <span class='ocrx_word' id='word_1_247' title='bbox 2920 1101 2973 1155; x_wconf 92' lang='lat' dir='ltr'><strong><em>S.</em></strong></span> <span class='ocrx_word' id='word_1_248' title='bbox 3029 1103 3334 1173; x_wconf 83' lang='lat' dir='ltr'><strong><em>Augustini</em></strong></span> <span class='ocrx_word' id='word_1_249' title='bbox 3363 1119 3492 1159; x_wconf 89' lang='lat' dir='ltr'><strong><em>cum</em></strong></span> <span class='ocrx_word' id='word_1_250' title='bbox 3525 1107 3761 1160; x_wconf 89' lang='lat' dir='ltr'><strong><em>Pascen-</em></strong></span> 
     </span>
    </p>
   </div>
   <div class='ocr_carea' id='block_1_39' title="bbox 2137 1189 3763 1263">
    <p class='ocr_par' dir='ltr' id='par_1_39' title="bbox 2137 1189 3763 1263">
     <span class='ocr_line' id='line_1_39' title="bbox 2137 1189 3763 1263; baseline 0.004 -20"><span class='ocrx_word' id='word_1_251' title='bbox 2137 1190 2216 1244; x_wconf 83' lang='lat' dir='ltr'><strong><em>tio</em></strong></span> <span class='ocrx_word' id='word_1_252' title='bbox 2270 1191 2484 1244; x_wconf 82' lang='lat' dir='ltr'><strong><em>Ariano</em></strong></span> <span class='ocrx_word' id='word_1_253' title='bbox 2542 1189 2802 1260; x_wconf 85' lang='lat' dir='ltr'><strong><em>Hippone</em></strong></span> <span class='ocrx_word' id='word_1_254' title='bbox 2853 1189 3065 1254; x_wconf 89' lang='lat' dir='ltr'><strong><em>habita,</em></strong></span> <span class='ocrx_word' id='word_1_255' title='bbox 3122 1198 3403 1263; x_wconf 55' lang='lat' dir='ltr'><strong><em>praesente</em></strong></span> <span class='ocrx_word' id='word_1_256' title='bbox 3469 1196 3763 1251; x_wconf 89' lang='lat' dir='ltr'><strong><em>Laurentio</em></strong></span> 
     </span>
    </p>
   </div>
   <div class='ocr_carea' id='block_1_40' title="bbox 2132 1278 3762 1354">
    <p class='ocr_par' dir='ltr' id='par_1_40' title="bbox 2132 1278 3762 1354">
     <span class='ocr_line' id='line_1_40' title="bbox 2132 1278 3762 1354; baseline 0.004 -22"><span class='ocrx_word' id='word_1_257' title='bbox 2132 1278 2326 1349; x_wconf 87' lang='lat' dir='ltr'><strong><em>judice</em></strong></span> <span class='ocrx_word' id='word_1_258' title='bbox 2370 1279 2587 1333; x_wconf 90' lang='lat' dir='ltr'><strong><em>delecto</em></strong></span> <span class='ocrx_word' id='word_1_259' title='bbox 2643 1295 2676 1332; x_wconf 91' lang='lat' dir='ltr'><strong><em>a</em></strong></span> <span class='ocrx_word' id='word_1_260' title='bbox 2725 1280 3024 1349; x_wconf 88' lang='lat' dir='ltr'><strong><em>Pascentio,</em></strong></span> <span class='ocrx_word' id='word_1_261' title='bbox 3085 1280 3206 1334; x_wconf 83' lang='lat' dir='ltr'><strong><em>viro</em></strong></span> <span class='ocrx_word' id='word_1_262' title='bbox 3264 1282 3579 1354; x_wconf 81' lang='lat' dir='ltr'><strong><em>spectabili.</em></strong></span> <span class='ocrx_word' id='word_1_263' title='bbox 3642 1286 3762 1338; x_wconf 86' lang='lat' dir='ltr'><strong><em>Non</em></strong></span> 
     </span>
    </p>
   </div>
   <div class='ocr_carea' id='block_1_41' title="bbox 2140 1368 2566 1435">
    <p class='ocr_par' dir='ltr' id='par_1_41' title="bbox 2140 1368 2566 1435">
     <span class='ocr_line' id='line_1_41' title="bbox 2140 1368 2566 1435; baseline 0.007 -15"><span class='ocrx_word' id='word_1_264' title='bbox 2140 1370 2226 1420; x_wconf 87' lang='lat' dir='ltr'><strong><em>est</em></strong></span> <span class='ocrx_word' id='word_1_265' title='bbox 2243 1368 2566 1435; x_wconf 86' lang='lat' dir='ltr'><strong><em>Augustini.</em></strong></span> 
     </span>
    </p>
   </div>
   <div class='ocr_carea' id='block_1_42' title="bbox 2067 1457 3765 1526">
    <p class='ocr_par' dir='ltr' id='par_1_42' title="bbox 2067 1457 3765 1526">
     <span class='ocr_line' id='line_1_42' title="bbox 2067 1457 3765 1526; baseline 0.004 -17"><span class='ocrx_word' id='word_1_266' title='bbox 2067 1458 2162 1510; x_wconf 93' lang='lat'><strong><em>28.</em></strong></span> <span class='ocrx_word' id='word_1_267' title='bbox 2228 1458 2302 1509; x_wconf 91' lang='lat' dir='ltr'><strong><em>De</em></strong></span> <span class='ocrx_word' id='word_1_268' title='bbox 2357 1457 2703 1510; x_wconf 85' lang='lat' dir='ltr'><strong><em>Mirabilibus</em></strong></span> <span class='ocrx_word' id='word_1_269' title='bbox 2750 1457 2811 1511; x_wconf 89' lang='lat' dir='ltr'><strong><em>S.</em></strong></span> <span class='ocrx_word' id='word_1_270' title='bbox 2870 1458 3166 1526; x_wconf 68' lang='lat' dir='ltr'><strong><em>Scriptura:</em></strong></span> <span class='ocrx_word' id='word_1_271' title='bbox 3216 1457 3346 1512; x_wconf 89' lang='lat' dir='ltr'><strong><em>libri</em></strong></span> <span class='ocrx_word' id='word_1_272' title='bbox 3394 1462 3527 1515; x_wconf 91' lang='lat' dir='ltr'><strong><em>tres.</em></strong></span> <span class='ocrx_word' id='word_1_273' title='bbox 3561 1461 3765 1516; x_wconf 87' lang='lat' dir='ltr'><strong><em>Incerti</em></strong></span> 
     </span>
    </p>
   </div>
   <div class='ocr_carea' id='block_1_43' title="bbox 2142 1543 3760 1617">
    <p class='ocr_par' dir='ltr' id='par_1_43' title="bbox 2142 1543 3760 1617">
     <span class='ocr_line' id='line_1_43' title="bbox 2142 1543 3760 1617; baseline 0.005 -21"><span class='ocrx_word' id='word_1_274' title='bbox 2142 1543 2408 1607; x_wconf 86' lang='lat' dir='ltr'><strong><em>auctoris,</em></strong></span> <span class='ocrx_word' id='word_1_275' title='bbox 2441 1544 2540 1614; x_wconf 90' lang='lat' dir='ltr'><strong><em>qui</em></strong></span> <span class='ocrx_word' id='word_1_276' title='bbox 2571 1553 2700 1615; x_wconf 88' lang='lat' dir='ltr'><strong><em>post</em></strong></span> <span class='ocrx_word' id='word_1_277' title='bbox 2745 1563 2794 1598; x_wconf 91' lang='lat' dir='ltr'><strong><em>a.</em></strong></span> <span class='ocrx_word' id='word_1_278' title='bbox 2839 1548 2944 1600; x_wconf 81' lang='grc'><strong><em>’700</em></strong></span> <span class='ocrx_word' id='word_1_279' title='bbox 2973 1546 3176 1600; x_wconf 83' lang='lat' dir='ltr'><strong><em>vixisse</em></strong></span> <span class='ocrx_word' id='word_1_280' title='bbox 3223 1548 3577 1617; x_wconf 87' lang='lat' dir='ltr'><strong><em>perhibetur.</em></strong></span> <span class='ocrx_word' id='word_1_281' title='bbox 3614 1552 3760 1604; x_wconf 86' lang='lat' dir='ltr'><strong><em>Exst.</em></strong></span> 
     </span>
    </p>
   </div>
   <div class='ocr_carea' id='block_1_44' title="bbox 2143 1632 3764 1704">
    <p class='ocr_par' dir='ltr' id='par_1_44' title="bbox 2143 1632 3764 1704">
     <span class='ocr_line' id='line_1_44' title="bbox 2143 1632 3764 1704; baseline 0.005 -19"><span class='ocrx_word' id='word_1_282' title='bbox 2143 1633 2200 1686; x_wconf 92' lang='lat' dir='ltr'><strong><em>in</em></strong></span> <span class='ocrx_word' id='word_1_283' title='bbox 2232 1632 2320 1686; x_wconf 90' lang='lat' dir='ltr'><strong><em>ed.</em></strong></span> <span class='ocrx_word' id='word_1_284' title='bbox 2353 1634 2578 1688; x_wconf 89' lang='lat' dir='ltr'><strong><em>Erasm.</em></strong></span> <span class='ocrx_word' id='word_1_285' title='bbox 2612 1639 2753 1688; x_wconf 88' lang='lat' dir='ltr'><strong><em>tom.</em></strong></span> <span class='ocrx_word' id='word_1_286' title='bbox 2810 1635 2906 1704; x_wconf 89' lang='lat' dir='ltr'><strong>III,</strong></span> <span class='ocrx_word' id='word_1_287' title='bbox 2934 1637 3141 1690; x_wconf 87' lang='lat' dir='ltr'><strong><em>Lovan.</em></strong></span> <span class='ocrx_word' id='word_1_288' title='bbox 3183 1643 3238 1690; x_wconf 87' lang='lat' dir='ltr'><strong><em>et</em></strong></span> <span class='ocrx_word' id='word_1_289' title='bbox 3279 1639 3475 1693; x_wconf 88' lang='lat' dir='ltr'><strong><em>Bened.</em></strong></span> <span class='ocrx_word' id='word_1_290' title='bbox 3513 1639 3649 1695; x_wconf 90' lang='lat' dir='ltr'><strong><em>ibid.</em></strong></span> <span class='ocrx_word' id='word_1_291' title='bbox 3705 1639 3764 1693; x_wconf 92' lang='lat' dir='ltr'><strong><em>in</em></strong></span> 
     </span>
    </p>
   </div>
   <div class='ocr_carea' id='block_1_45' title="bbox 2143 1721 2909 1793">
    <p class='ocr_par' dir='ltr' id='par_1_45' title="bbox 2143 1721 2909 1793">
     <span class='ocr_line' id='line_1_45' title="bbox 2143 1721 2909 1793; baseline 0.004 -19"><span class='ocrx_word' id='word_1_292' title='bbox 2143 1721 2414 1792; x_wconf 89' lang='lat' dir='ltr'><strong><em>append.,</em></strong></span> <span class='ocrx_word' id='word_1_293' title='bbox 2445 1721 2545 1776; x_wconf 90' lang='lat' dir='ltr'><strong><em>ubi</em></strong></span> <span class='ocrx_word' id='word_1_294' title='bbox 2570 1726 2625 1776; x_wconf 90' lang='lat' dir='ltr'><strong><em>et</em></strong></span> <span class='ocrx_word' id='word_1_295' title='bbox 2645 1739 2909 1793; x_wconf 90' lang='lat' dir='ltr'><strong><em>sequens.</em></strong></span> 
     </span>
    </p>
   </div>
   <div class='ocr_carea' id='block_1_46' title="bbox 2067 1811 3760 1887">
    <p class='ocr_par' dir='ltr' id='par_1_46' title="bbox 2067 1811 3760 1887">
     <span class='ocr_line' id='line_1_46' title="bbox 2067 1811 3760 1887; baseline 0.004 -23"><span class='ocrx_word' id='word_1_296' title='bbox 2067 1813 2156 1864; x_wconf 85' lang='lat'><strong><em>29.</em></strong></span> <span class='ocrx_word' id='word_1_297' title='bbox 2206 1811 2291 1863; x_wconf 87' lang='lat' dir='ltr'><strong><em>De</em></strong></span> <span class='ocrx_word' id='word_1_298' title='bbox 2335 1811 2810 1866; x_wconf 84' lang='lat' dir='ltr'><strong><em>Benedictionibus</em></strong></span> <span class='ocrx_word' id='word_1_299' title='bbox 2837 1814 3167 1880; x_wconf 72' lang='lat' dir='ltr'><strong><em>patriarcha:</em></strong></span> <span class='ocrx_word' id='word_1_300' title='bbox 3202 1816 3362 1869; x_wconf 83' lang='lat' dir='ltr'><strong><em>Jacob</em></strong></span> <span class='ocrx_word' id='word_1_301' title='bbox 3401 1817 3760 1887; x_wconf 86' lang='lat' dir='ltr'><strong><em>epuscnlum.</em></strong></span> 
     </span>
    </p>
   </div>
   <div class='ocr_carea' id='block_1_47' title="bbox 2142 1901 3766 1970">
    <p class='ocr_par' dir='ltr' id='par_1_47' title="bbox 2142 1901 3766 1970">
     <span class='ocr_line' id='line_1_47' title="bbox 2142 1901 3766 1970; baseline 0.004 -17"><span class='ocrx_word' id='word_1_302' title='bbox 2142 1901 2482 1970; x_wconf 89' lang='lat' dir='ltr'><strong><em>Decerptum</em></strong></span> <span class='ocrx_word' id='word_1_303' title='bbox 2514 1905 2599 1954; x_wconf 88' lang='lat' dir='ltr'><strong><em>est</em></strong></span> <span class='ocrx_word' id='word_1_304' title='bbox 2651 1917 2718 1954; x_wconf 84' lang='lat' dir='ltr'><strong><em>ex</em></strong></span> <span class='ocrx_word' id='word_1_305' title='bbox 2775 1902 2832 1956; x_wconf 94' lang='lat' dir='ltr'><strong><em>S.</em></strong></span> <span class='ocrx_word' id='word_1_306' title='bbox 2876 1903 3190 1969; x_wconf 84' lang='lat' dir='ltr'><strong><em>Hieronymi</em></strong></span> <span class='ocrx_word' id='word_1_307' title='bbox 3227 1903 3433 1966; x_wconf 62' lang='lat' dir='ltr'><strong><em>Quaest.</em></strong></span> <span class='ocrx_word' id='word_1_308' title='bbox 3481 1905 3649 1959; x_wconf 86' lang='lat' dir='ltr'><strong><em>Hebr.</em></strong></span> <span class='ocrx_word' id='word_1_309' title='bbox 3705 1905 3766 1959; x_wconf 91' lang='lat' dir='ltr'><strong><em>in</em></strong></span> 
     </span>
    </p>
   </div>
   <div class='ocr_carea' id='block_1_48' title="bbox 2142 1988 3764 2057">
    <p class='ocr_par' dir='ltr' id='par_1_48' title="bbox 2142 1988 3764 2057">
     <span class='ocr_line' id='line_1_48' title="bbox 2142 1988 3764 2057; baseline 0.005 -17"><span class='ocrx_word' id='word_1_310' title='bbox 2142 1988 2338 2041; x_wconf 88' lang='lat' dir='ltr'><strong><em>Genes.</em></strong></span> <span class='ocrx_word' id='word_1_311' title='bbox 2375 1993 2433 2042; x_wconf 92' lang='lat' dir='ltr'><strong><em>et</em></strong></span> <span class='ocrx_word' id='word_1_312' title='bbox 2481 1989 2787 2044; x_wconf 83' lang='lat' dir='ltr'><strong><em>Moralibus</em></strong></span> <span class='ocrx_word' id='word_1_313' title='bbox 2838 1993 3085 2057; x_wconf 83' lang='lat' dir='ltr'><strong><em>Gregorii</em></strong></span> <span class='ocrx_word' id='word_1_314' title='bbox 3119 1993 3191 2046; x_wconf 89' lang='lat' dir='ltr'><strong><em>M.</em></strong></span> <span class='ocrx_word' id='word_1_315' title='bbox 3225 1996 3281 2046; x_wconf 89' lang='lat' dir='ltr'><strong><em>et</em></strong></span> <span class='ocrx_word' id='word_1_316' title='bbox 3308 1993 3602 2048; x_wconf 88' lang='lat' dir='ltr'><strong><em>Alcuinum</em></strong></span> <span class='ocrx_word' id='word_1_317' title='bbox 3632 2009 3764 2048; x_wconf 90' lang='lat' dir='ltr'><strong><em>anc-</em></strong></span> 
     </span>
    </p>
   </div>
   <div class='ocr_carea' id='block_1_49' title="bbox 2140 2078 2544 2136">
    <p class='ocr_par' dir='ltr' id='par_1_49' title="bbox 2140 2078 2544 2136">
     <span class='ocr_line' id='line_1_49' title="bbox 2140 2078 2544 2136; baseline 0.01 -5"><span class='ocrx_word' id='word_1_318' title='bbox 2140 2081 2320 2132; x_wconf 89' lang='lat' dir='ltr'><strong><em>torem</em></strong></span> <span class='ocrx_word' id='word_1_319' title='bbox 2347 2078 2544 2136; x_wconf 83' lang='lat' dir='ltr'><strong><em>habet.</em></strong></span> 
     </span>
    </p>
   </div>
   <div class='ocr_carea' id='block_1_50' title="bbox 2068 2166 3764 2242">
    <p class='ocr_par' dir='ltr' id='par_1_50' title="bbox 2068 2166 3764 2242">
     <span class='ocr_line' id='line_1_50' title="bbox 2068 2166 3764 2242; baseline 0.003 -20"><span class='ocrx_word' id='word_1_320' title='bbox 2068 2166 2158 2222; x_wconf 90' lang='lat'><strong><em>30.</em></strong></span> <span class='ocrx_word' id='word_1_321' title='bbox 2192 2168 2514 2233; x_wconf 66' lang='lat' dir='ltr'><strong><em>Quaastiones</em></strong></span> <span class='ocrx_word' id='word_1_322' title='bbox 2574 2171 2692 2225; x_wconf 73' lang='grc' dir='ltr'><strong><em>νει.</em></strong></span> <span class='ocrx_word' id='word_1_323' title='bbox 2752 2174 2805 2224; x_wconf 91' lang='lat' dir='ltr'><strong><em>et</em></strong></span> <span class='ocrx_word' id='word_1_324' title='bbox 2857 2172 2924 2228; x_wconf 91' lang='lat' dir='ltr'><strong><em>N.</em></strong></span> <span class='ocrx_word' id='word_1_325' title='bbox 2963 2173 3102 2225; x_wconf 90' lang='lat' dir='ltr'><strong><em>Test.</em></strong></span> <span class='ocrx_word' id='word_1_326' title='bbox 3134 2169 3194 2224; x_wconf 92' lang='lat' dir='ltr'><strong><em>in</em></strong></span> <span class='ocrx_word' id='word_1_327' title='bbox 3224 2174 3338 2225; x_wconf 88' lang='lat' dir='ltr'><strong><em>tres</em></strong></span> <span class='ocrx_word' id='word_1_328' title='bbox 3386 2176 3576 2242; x_wconf 88' lang='lat' dir='ltr'><strong><em>partes</em></strong></span> <span class='ocrx_word' id='word_1_329' title='bbox 3621 2173 3764 2228; x_wconf 88' lang='lat' dir='ltr'><strong><em>divi-</em></strong></span> 
     </span>
    </p>
   </div>
   <div class='ocr_carea' id='block_1_51' title="bbox 2142 2257 3767 2329">
    <p class='ocr_par' dir='ltr' id='par_1_51' title="bbox 2142 2257 3767 2329">
     <span class='ocr_line' id='line_1_51' title="bbox 2142 2257 3767 2329; baseline 0.004 -19"><span class='ocrx_word' id='word_1_330' title='bbox 2142 2273 2239 2323; x_wconf 67' lang='lat' dir='ltr'><strong><em>see,</em></strong></span> <span class='ocrx_word' id='word_1_331' title='bbox 2288 2257 2492 2328; x_wconf 89' lang='lat' dir='ltr'><strong><em>quibus</em></strong></span> <span class='ocrx_word' id='word_1_332' title='bbox 2533 2263 2804 2328; x_wconf 88' lang='lat' dir='ltr'><strong><em>quartum</em></strong></span> <span class='ocrx_word' id='word_1_333' title='bbox 2846 2258 3374 2329; x_wconf 88' lang='lat' dir='ltr'><strong><em>superaddiderunt,</em></strong></span> <span class='ocrx_word' id='word_1_334' title='bbox 3419 2261 3551 2316; x_wconf 88' lang='lat' dir='ltr'><strong><em>XXV</em></strong></span> <span class='ocrx_word' id='word_1_335' title='bbox 3598 2262 3767 2326; x_wconf 78' lang='lat' dir='ltr'><strong><em>Quae-</em></strong></span> 
     </span>
    </p>
   </div>
   <div class='ocr_carea' id='block_1_52' title="bbox 2141 2345 3764 2418">
    <p class='ocr_par' dir='ltr' id='par_1_52' title="bbox 2141 2345 3764 2418">
     <span class='ocr_line' id='line_1_52' title="bbox 2141 2345 3764 2418; baseline 0.004 -20"><span class='ocrx_word' id='word_1_336' title='bbox 2141 2345 2354 2398; x_wconf 88' lang='lat' dir='ltr'><strong><em>stiones</em></strong></span> <span class='ocrx_word' id='word_1_337' title='bbox 2419 2348 2796 2417; x_wconf 82' lang='lat' dir='ltr'><strong><em>complexam,</em></strong></span> <span class='ocrx_word' id='word_1_338' title='bbox 2879 2347 2974 2402; x_wconf 91' lang='lat' dir='ltr'><strong><em>sed</em></strong></span> <span class='ocrx_word' id='word_1_339' title='bbox 3044 2347 3298 2418; x_wconf 87' lang='lat' dir='ltr'><strong><em>spnriam</em></strong></span> <span class='ocrx_word' id='word_1_340' title='bbox 3367 2350 3764 2417; x_wconf 88' lang='lat' dir='ltr'><strong><em>Lovanienses,</em></strong></span> 
     </span>
    </p>
   </div>
   <div class='ocr_carea' id='block_1_53' title="bbox 2141 2434 3767 2509">
    <p class='ocr_par' dir='ltr' id='par_1_53' title="bbox 2141 2434 3767 2509">
     <span class='ocr_line' id='line_1_53' title="bbox 2141 2434 3767 2509; baseline 0.003 -20"><span class='ocrx_word' id='word_1_341' title='bbox 2141 2437 2352 2489; x_wconf 87' lang='lat' dir='ltr'><strong><em>Hilario</em></strong></span> <span class='ocrx_word' id='word_1_342' title='bbox 2406 2434 2656 2505; x_wconf 50' lang='lat' dir='ltr'><strong><em>:diacono</em></strong></span> <span class='ocrx_word' id='word_1_343' title='bbox 2723 2436 3128 2506; x_wconf 86' lang='lat' dir='ltr'><strong><em>adjudicantes.</em></strong></span> <span class='ocrx_word' id='word_1_344' title='bbox 3193 2438 3341 2492; x_wconf 88' lang='lat' dir='ltr'><strong><em>Exst.</em></strong></span> <span class='ocrx_word' id='word_1_345' title='bbox 3402 2438 3464 2492; x_wconf 89' lang='lat' dir='ltr'><strong><em>in</em></strong></span> <span class='ocrx_word' id='word_1_346' title='bbox 3520 2440 3767 2509; x_wconf 84' lang='lat' dir='ltr'><strong><em>append.</em></strong></span> 
     </span>
    </p>
   </div>
   <div class='ocr_carea' id='block_1_54' title="bbox 2141 2523 3319 2580">
    <p class='ocr_par' dir='ltr' id='par_1_54' title="bbox 2141 2523 3319 2580">
     <span class='ocr_line' id='line_1_54' title="bbox 2141 2523 3319 2580; baseline 0.003 -3"><span class='ocrx_word' id='word_1_347' title='bbox 2141 2524 2285 2577; x_wconf 90' lang='lat' dir='ltr'><strong><em>tomi</em></strong></span> <span class='ocrx_word' id='word_1_348' title='bbox 2316 2525 2384 2577; x_wconf 89' lang='lat' dir='ltr'><strong>IV</strong></span> <span class='ocrx_word' id='word_1_349' title='bbox 2415 2523 2503 2578; x_wconf 90' lang='lat' dir='ltr'><strong><em>ed.</em></strong></span> <span class='ocrx_word' id='word_1_350' title='bbox 2544 2525 2747 2579; x_wconf 83' lang='lat' dir='ltr'><strong><em>Lovan.</em></strong></span> <span class='ocrx_word' id='word_1_351' title='bbox 2773 2534 2828 2578; x_wconf 91' lang='lat' dir='ltr'><strong><em>et</em></strong></span> <span class='ocrx_word' id='word_1_352' title='bbox 2856 2524 2995 2578; x_wconf 82' lang='lat' dir='ltr'><strong><em>tomi</em></strong></span> <span class='ocrx_word' id='word_1_353' title='bbox 3022 2526 3096 2578; x_wconf 93' lang='lat' dir='ltr'><strong><em>III</em></strong></span> <span class='ocrx_word' id='word_1_354' title='bbox 3125 2525 3319 2580; x_wconf 85' lang='lat' dir='ltr'><strong><em>Bened.</em></strong></span> 
     </span>
    </p>
   </div>
   <div class='ocr_carea' id='block_1_55' title="bbox 2071 2610 3770 2683">
    <p class='ocr_par' dir='ltr' id='par_1_55' title="bbox 2071 2610 3770 2683">
     <span class='ocr_line' id='line_1_55' title="bbox 2071 2610 3770 2683; baseline 0.001 -17"><span class='ocrx_word' id='word_1_355' title='bbox 2071 2611 2159 2666; x_wconf 86' lang='grc'><strong>31.</strong></span> <span class='ocrx_word' id='word_1_356' title='bbox 2194 2615 2258 2666; x_wconf 90' lang='lat' dir='ltr'><strong>In</strong></span> <span class='ocrx_word' id='word_1_357' title='bbox 2313 2612 2688 2681; x_wconf 83' lang='lat' dir='ltr'><strong><em>Apocalypsin</em></strong></span> <span class='ocrx_word' id='word_1_358' title='bbox 2737 2613 2802 2666; x_wconf 94' lang='lat' dir='ltr'><strong><em>D.</em></strong></span> <span class='ocrx_word' id='word_1_359' title='bbox 2847 2610 3082 2666; x_wconf 84' lang='lat' dir='ltr'><strong><em>Joannis</em></strong></span> <span class='ocrx_word' id='word_1_360' title='bbox 3111 2612 3398 2683; x_wconf 87' lang='lat' dir='ltr'><strong><em>Expositio</em></strong></span> <span class='ocrx_word' id='word_1_361' title='bbox 3427 2613 3542 2668; x_wconf 86' lang='lat' dir='ltr'><strong><em>sive</em></strong></span> <span class='ocrx_word' id='word_1_362' title='bbox 3583 2615 3770 2672; x_wconf 83' lang='lat' dir='ltr'><strong><em>Homi-</em></strong></span> 
     </span>
    </p>
   </div>
   <div class='ocr_carea' id='block_1_56' title="bbox 2143 2700 3769 2768">
    <p class='ocr_par' dir='ltr' id='par_1_56' title="bbox 2143 2700 3769 2768">
     <span class='ocr_line' id='line_1_56' title="bbox 2143 2700 3769 2768; baseline 0.002 -14"><span class='ocrx_word' id='word_1_363' title='bbox 2143 2700 2234 2754; x_wconf 67' lang='lat' dir='ltr'><strong><em>Iiaa</em></strong></span> <span class='ocrx_word' id='word_1_364' title='bbox 2261 2701 2448 2756; x_wconf 91' lang='lat' dir='ltr'><strong>XVIII.</strong></span> <span class='ocrx_word' id='word_1_365' title='bbox 2485 2701 2740 2754; x_wconf 82' lang='lat' dir='ltr'><strong><em>Fortasse</em></strong></span> <span class='ocrx_word' id='word_1_366' title='bbox 2793 2701 3053 2768; x_wconf 84' lang='lat' dir='ltr'><strong><em>Tychonii</em></strong></span> <span class='ocrx_word' id='word_1_367' title='bbox 3102 2701 3221 2755; x_wconf 91' lang='lat' dir='ltr'><strong><em>Afri</em></strong></span> <span class='ocrx_word' id='word_1_368' title='bbox 3277 2703 3606 2757; x_wconf 68' lang='lat' dir='ltr'><strong><em>Donatistae.</em></strong></span> <span class='ocrx_word' id='word_1_369' title='bbox 3662 2705 3769 2757; x_wconf 82' lang='lat' dir='ltr'><strong><em>No-</em></strong></span> 
     </span>
    </p>
   </div>
   <div class='ocr_carea' id='block_1_57' title="bbox 2144 2790 3767 2855">
    <p class='ocr_par' dir='ltr' id='par_1_57' title="bbox 2144 2790 3767 2855">
     <span class='ocr_line' id='line_1_57' title="bbox 2144 2790 3767 2855; baseline 0.003 -13"><span class='ocrx_word' id='word_1_370' title='bbox 2144 2792 2217 2842; x_wconf 78' lang='lat' dir='ltr'><strong><em>tae</em></strong></span> <span class='ocrx_word' id='word_1_371' title='bbox 2267 2793 2400 2842; x_wconf 87' lang='lat' dir='ltr'><strong><em>sunt</em></strong></span> <span class='ocrx_word' id='word_1_372' title='bbox 2455 2803 2518 2841; x_wconf 86' lang='lat' dir='ltr'><strong><em>ex</em></strong></span> <span class='ocrx_word' id='word_1_373' title='bbox 2584 2790 2876 2855; x_wconf 88' lang='lat' dir='ltr'><strong><em>Victorino,</em></strong></span> <span class='ocrx_word' id='word_1_374' title='bbox 2928 2791 3194 2843; x_wconf 89' lang='lat' dir='ltr'><strong><em>Primasio</em></strong></span> <span class='ocrx_word' id='word_1_375' title='bbox 3239 2794 3294 2844; x_wconf 91' lang='lat' dir='ltr'><strong><em>et</em></strong></span> <span class='ocrx_word' id='word_1_376' title='bbox 3324 2791 3473 2846; x_wconf 89' lang='lat' dir='ltr'><strong><em>Beda</em></strong></span> <span class='ocrx_word' id='word_1_377' title='bbox 3501 2792 3767 2847; x_wconf 62' lang='lat' dir='ltr'><strong><em>collectas.</em></strong></span> 
     </span>
    </p>
   </div>
   <div class='ocr_carea' id='block_1_58' title="bbox 2145 2877 3771 2953">
    <p class='ocr_par' dir='ltr' id='par_1_58' title="bbox 2145 2877 3771 2953">
     <span class='ocr_line' id='line_1_58' title="bbox 2145 2877 3771 2953; baseline 0.002 -20"><span class='ocrx_word' id='word_1_378' title='bbox 2145 2879 2289 2933; x_wconf 88' lang='lat' dir='ltr'><strong><em>Exst.</em></strong></span> <span class='ocrx_word' id='word_1_379' title='bbox 2321 2877 2383 2931; x_wconf 89' lang='lat' dir='ltr'><strong><em>in</em></strong></span> <span class='ocrx_word' id='word_1_380' title='bbox 2437 2878 2524 2932; x_wconf 89' lang='lat' dir='ltr'><strong><em>ed.</em></strong></span> <span class='ocrx_word' id='word_1_381' title='bbox 2582 2880 2798 2932; x_wconf 86' lang='lat' dir='ltr'><strong><em>Erasm.</em></strong></span> <span class='ocrx_word' id='word_1_382' title='bbox 2849 2881 2988 2933; x_wconf 89' lang='lat' dir='ltr'><strong><em>tom.</em></strong></span> <span class='ocrx_word' id='word_1_383' title='bbox 3040 2879 3125 2948; x_wconf 87' lang='lat' dir='ltr'><strong><em>IX,</em></strong></span> <span class='ocrx_word' id='word_1_384' title='bbox 3161 2883 3358 2934; x_wconf 86' lang='lat' dir='ltr'><strong><em>Lovan.</em></strong></span> <span class='ocrx_word' id='word_1_385' title='bbox 3386 2880 3532 2936; x_wconf 86' lang='lat' dir='ltr'><strong><em>ibid.</em></strong></span> <span class='ocrx_word' id='word_1_386' title='bbox 3573 2881 3634 2935; x_wconf 89' lang='lat' dir='ltr'><strong><em>in</em></strong></span> <span class='ocrx_word' id='word_1_387' title='bbox 3672 2897 3771 2953; x_wconf 88' lang='lat' dir='ltr'><strong><em>ap-</em></strong></span> 
     </span>
    </p>
   </div>
   <div class='ocr_carea' id='block_1_59' title="bbox 261 2965 2787 3039">
    <p class='ocr_par' dir='ltr' id='par_1_59' title="bbox 261 2965 2787 3039">
     <span class='ocr_line' id='line_1_59' title="bbox 261 2965 2787 3039; baseline -0.002 -13"><span class='ocrx_word' id='word_1_388' title='bbox 261 3005 263 3008; x_wconf 57' lang='grc' dir='ltr'><strong><em>ι</em></strong></span> <span class='ocrx_word' id='word_1_389' title='bbox 337 2972 401 3026; x_wconf 89' lang='lat' dir='ltr'><strong><em>de</em></strong></span> <span class='ocrx_word' id='word_1_390' title='bbox 427 2972 702 3038; x_wconf 87' lang='lat' dir='ltr'><strong><em>Dignitate</em></strong></span> <span class='ocrx_word' id='word_1_391' title='bbox 731 2971 900 3039; x_wconf 87' lang='lat' dir='ltr'><strong><em>primi</em></strong></span> <span class='ocrx_word' id='word_1_392' title='bbox 925 2970 1192 3035; x_wconf 85' lang='lat' dir='ltr'><strong><em>hominis;</em></strong></span> <span class='ocrx_word' id='word_1_393' title='bbox 1227 2972 1283 3021; x_wconf 91' lang='lat' dir='ltr'><strong><em>et</em></strong></span> <span class='ocrx_word' id='word_1_394' title='bbox 1313 2966 1464 3020; x_wconf 89' lang='lat' dir='ltr'><strong><em>inter</em></strong></span> <span class='ocrx_word' id='word_1_395' title='bbox 1510 2965 1694 3036; x_wconf 86' lang='lat' dir='ltr'><strong><em>Opera</em></strong></span> <span class='ocrx_word' id='word_1_396' title='bbox 1736 2965 1963 3020; x_wconf 89' lang='lat' dir='ltr'><strong><em>Alcuini</em></strong></span> <span class='ocrx_word' id='word_1_397' title='bbox 1999 2980 2037 3036; x_wconf 73' lang='grc' dir='ltr'><strong>ς</strong></span> <span class='ocrx_word' id='word_1_398' title='bbox 2149 2965 2347 3038; x_wconf 90' lang='lat' dir='ltr'><strong><em>pend.,</em></strong></span> <span class='ocrx_word' id='word_1_399' title='bbox 2381 2970 2436 3019; x_wconf 90' lang='lat' dir='ltr'><strong><em>et</em></strong></span> <span class='ocrx_word' id='word_1_400' title='bbox 2459 2966 2652 3021; x_wconf 84' lang='lat' dir='ltr'><strong><em>Bened.</em></strong></span> <span class='ocrx_word' id='word_1_401' title='bbox 2683 2967 2787 3020; x_wconf 94' lang='lat' dir='ltr'><strong>IlI.</strong></span> 
     </span>
    </p>
   </div>
   <div class='ocr_carea' id='block_1_60' title="bbox 339 3053 1967 3126">
    <p class='ocr_par' dir='ltr' id='par_1_60' title="bbox 339 3053 1967 3126">
     <span class='ocr_line' id='line_1_60' title="bbox 339 3053 1967 3126; baseline -0.006 -12"><span class='ocrx_word' id='word_1_402' title='bbox 339 3076 469 3114; x_wconf 89' lang='lat' dir='ltr'><strong><em>cum</em></strong></span> <span class='ocrx_word' id='word_1_403' title='bbox 500 3059 609 3126; x_wconf 90' lang='lat' dir='ltr'><strong><em>tit.,</em></strong></span> <span class='ocrx_word' id='word_1_404' title='bbox 645 3059 1002 3124; x_wconf 88' lang='lat' dir='ltr'><strong><em>Cogiiationes</em></strong></span> <span class='ocrx_word' id='word_1_405' title='bbox 1043 3059 1104 3112; x_wconf 93' lang='lat' dir='ltr'><strong><em>B.</em></strong></span> <span class='ocrx_word' id='word_1_406' title='bbox 1156 3057 1350 3111; x_wconf 89' lang='lat' dir='ltr'><strong><em>Albini</em></strong></span> <span class='ocrx_word' id='word_1_407' title='bbox 1377 3056 1578 3108; x_wconf 61' lang='lat' dir='ltr'><strong><em>Levita?</em></strong></span> <span class='ocrx_word' id='word_1_408' title='bbox 1606 3053 1667 3107; x_wconf 89' lang='lat' dir='ltr'><strong><em>in</em></strong></span> <span class='ocrx_word' id='word_1_409' title='bbox 1706 3053 1827 3106; x_wconf 80' lang='lat' dir='ltr'><strong><em>haec</em></strong></span> <span class='ocrx_word' id='word_1_410' title='bbox 1857 3053 1967 3106; x_wconf 87' lang='lat' dir='ltr'><strong><em>Ge-</em></strong></span> 
     </span>
    </p>
   </div>
   <div class='ocr_carea' id='block_1_61' title="bbox 341 3143 1968 3212">
    <p class='ocr_par' dir='ltr' id='par_1_61' title="bbox 341 3143 1968 3212">
     <span class='ocr_line' id='line_1_61' title="bbox 341 3143 1968 3212; baseline -0.006 -10"><span class='ocrx_word' id='word_1_411' title='bbox 341 3165 542 3202; x_wconf 87' lang='lat' dir='ltr'><strong><em>neseos</em></strong></span> <span class='ocrx_word' id='word_1_412' title='bbox 572 3147 765 3212; x_wconf 82' lang='lat' dir='ltr'><strong><em>verba,</em></strong></span> <span class='ocrx_word' id='word_1_413' title='bbox 797 3148 1081 3199; x_wconf 85' lang='lat' dir='ltr'><strong><em>Faciamus</em></strong></span> <span class='ocrx_word' id='word_1_414' title='bbox 1136 3146 1400 3198; x_wconf 85' lang='lat' dir='ltr'><strong><em>homiuem</em></strong></span> <span class='ocrx_word' id='word_1_415' title='bbox 1429 3143 1503 3196; x_wconf 91' lang='lat' dir='ltr'><strong><em>ad</em></strong></span> <span class='ocrx_word' id='word_1_416' title='bbox 1553 3144 1843 3209; x_wconf 88' lang='lat' dir='ltr'><strong><em>imaginem</em></strong></span> <span class='ocrx_word' id='word_1_417' title='bbox 1879 3156 1968 3194; x_wconf 91' lang='lat' dir='ltr'><strong><em>no-</em></strong></span> 
     </span>
    </p>
   </div>
   <div class='ocr_carea' id='block_1_62' title="bbox 338 3231 1966 3301">
    <p class='ocr_par' dir='ltr' id='par_1_62' title="bbox 338 3231 1966 3301">
     <span class='ocr_line' id='line_1_62' title="bbox 338 3231 1966 3301; baseline -0.006 -9"><span class='ocrx_word' id='word_1_418' title='bbox 338 3242 530 3292; x_wconf 89' lang='lat' dir='ltr'><strong><em>stram.</em></strong></span> <span class='ocrx_word' id='word_1_419' title='bbox 563 3235 714 3289; x_wconf 84' lang='lat' dir='ltr'><strong><em>Exst.</em></strong></span> <span class='ocrx_word' id='word_1_420' title='bbox 745 3233 805 3289; x_wconf 91' lang='lat' dir='ltr'><strong><em>in</em></strong></span> <span class='ocrx_word' id='word_1_421' title='bbox 859 3234 948 3288; x_wconf 90' lang='lat' dir='ltr'><strong><em>ed.</em></strong></span> <span class='ocrx_word' id='word_1_422' title='bbox 989 3233 1207 3287; x_wconf 88' lang='lat' dir='ltr'><strong><em>Erasm.</em></strong></span> <span class='ocrx_word' id='word_1_423' title='bbox 1259 3236 1316 3285; x_wconf 91' lang='lat' dir='ltr'><strong><em>et</em></strong></span> <span class='ocrx_word' id='word_1_424' title='bbox 1346 3234 1545 3285; x_wconf 79' lang='lat' dir='ltr'><strong><em>Lovan.</em></strong></span> <span class='ocrx_word' id='word_1_425' title='bbox 1579 3233 1730 3301; x_wconf 58' lang='lat' dir='ltr'><strong><em>itom.</em></strong></span> <span class='ocrx_word' id='word_1_426' title='bbox 1767 3231 1833 3284; x_wconf 88' lang='lat' dir='ltr'><strong><em>IX</em></strong></span> <span class='ocrx_word' id='word_1_427' title='bbox 1854 3234 1966 3300; x_wconf 85' lang='lat' dir='ltr'><strong><em>Ap-</em></strong></span> 
     </span>
    </p>
   </div>
   <div class='ocr_carea' id='block_1_63' title="bbox 342 3325 1606 3398">
    <p class='ocr_par' dir='ltr' id='par_1_63' title="bbox 342 3325 1606 3398">
     <span class='ocr_line' id='line_1_63' title="bbox 342 3325 1606 3398; baseline 0.001 -19"><span class='ocrx_word' id='word_1_428' title='bbox 342 3325 510 3398; x_wconf 89' lang='lat' dir='ltr'><strong><em>pend.</em></strong></span> <span class='ocrx_word' id='word_1_429' title='bbox 1601 3337 1606 3340; x_wconf 87' lang='lat'>&#39;</span> 
     </span>
    </p>
   </div>
   <div class='ocr_carea' id='block_1_64' title="bbox 273 3407 1966 3470">
    <p class='ocr_par' dir='ltr' id='par_1_64' title="bbox 273 3407 1966 3470">
     <span class='ocr_line' id='line_1_64' title="bbox 273 3407 1966 3470; baseline -0.002 -2"><span class='ocrx_word' id='word_1_430' title='bbox 273 3419 356 3470; x_wconf 81' lang='grc'><strong>17.</strong></span> <span class='ocrx_word' id='word_1_431' title='bbox 396 3417 470 3468; x_wconf 90' lang='lat' dir='ltr'><strong><em>De</em></strong></span> <span class='ocrx_word' id='word_1_432' title='bbox 497 3412 706 3467; x_wconf 86' lang='lat' dir='ltr'><strong><em>Arbore</em></strong></span> <span class='ocrx_word' id='word_1_433' title='bbox 752 3413 988 3466; x_wconf 74' lang='lat' dir='ltr'><strong><em>scientiae</em></strong></span> <span class='ocrx_word' id='word_1_434' title='bbox 1037 3410 1162 3464; x_wconf 90' lang='lat' dir='ltr'><strong><em>boni</em></strong></span> <span class='ocrx_word' id='word_1_435' title='bbox 1202 3415 1253 3463; x_wconf 90' lang='lat' dir='ltr'><strong><em>et</em></strong></span> <span class='ocrx_word' id='word_1_436' title='bbox 1283 3411 1433 3464; x_wconf 87' lang='lat' dir='ltr'><strong><em>mali.</em></strong></span> <span class='ocrx_word' id='word_1_437' title='bbox 1469 3409 1618 3463; x_wconf 80' lang='lat' dir='ltr'><strong><em>Exst.</em></strong></span> <span class='ocrx_word' id='word_1_438' title='bbox 1671 3407 1732 3462; x_wconf 91' lang='lat' dir='ltr'><strong><em>in</em></strong></span> <span class='ocrx_word' id='word_1_439' title='bbox 1762 3407 1850 3462; x_wconf 92' lang='lat' dir='ltr'><strong><em>ed.</em></strong></span> <span class='ocrx_word' id='word_1_440' title='bbox 1887 3409 1966 3464; x_wconf 87' lang='lat' dir='ltr'><strong><em>E-</em></strong></span> 
     </span>
    </p>
   </div>
   <div class='ocr_carea' id='block_1_65' title="bbox 337 3497 1566 3568">
    <p class='ocr_par' dir='ltr' id='par_1_65' title="bbox 337 3497 1566 3568">
     <span class='ocr_line' id='line_1_65' title="bbox 337 3497 1566 3568; baseline -0.004 -11"><span class='ocrx_word' id='word_1_441' title='bbox 337 3519 530 3568; x_wconf 89' lang='lat' dir='ltr'><strong><em>rasm.,</em></strong></span> <span class='ocrx_word' id='word_1_442' title='bbox 564 3502 790 3566; x_wconf 65' lang='lat' dir='ltr'><strong><em>Lovan,</em></strong></span> <span class='ocrx_word' id='word_1_443' title='bbox 824 3504 881 3552; x_wconf 89' lang='lat' dir='ltr'><strong><em>et</em></strong></span> <span class='ocrx_word' id='word_1_444' title='bbox 907 3499 1098 3553; x_wconf 85' lang='lat' dir='ltr'><strong><em>Bened.</em></strong></span> <span class='ocrx_word' id='word_1_445' title='bbox 1132 3503 1178 3552; x_wconf 92' lang='lat' dir='ltr'><strong><em>t.</em></strong></span> <span class='ocrx_word' id='word_1_446' title='bbox 1222 3499 1286 3552; x_wconf 88' lang='lat' dir='ltr'><strong><em>1X</em></strong></span> <span class='ocrx_word' id='word_1_447' title='bbox 1316 3497 1566 3568; x_wconf 90' lang='lat' dir='ltr'><strong><em>append.</em></strong></span> 
     </span>
    </p>
   </div>
   <div class='ocr_carea' id='block_1_66' title="bbox 412 3585 1968 3662">
    <p class='ocr_par' dir='ltr' id='par_1_66' title="bbox 412 3585 1968 3662">
     <span class='ocr_line' id='line_1_66' title="bbox 412 3585 1968 3662; baseline -0.004 -16"><span class='ocrx_word' id='word_1_448' title='bbox 412 3589 744 3662; x_wconf 86' lang='lat' dir='ltr'><strong><em>Sequentia,</em></strong></span> <span class='ocrx_word' id='word_1_449' title='bbox 789 3603 969 3658; x_wconf 82' lang='lat' dir='ltr'><strong><em>usque</em></strong></span> <span class='ocrx_word' id='word_1_450' title='bbox 1023 3587 1094 3641; x_wconf 91' lang='lat' dir='ltr'><strong><em>ad</em></strong></span> <span class='ocrx_word' id='word_1_451' title='bbox 1138 3604 1296 3642; x_wconf 90' lang='lat' dir='ltr'><strong><em>num.</em></strong></span> <span class='ocrx_word' id='word_1_452' title='bbox 1333 3589 1424 3653; x_wconf 88' lang='lat'><strong><em>23,</em></strong></span> <span class='ocrx_word' id='word_1_453' title='bbox 1480 3590 1704 3641; x_wconf 83' lang='lat' dir='ltr'><strong><em>exstant</em></strong></span> <span class='ocrx_word' id='word_1_454' title='bbox 1759 3585 1819 3639; x_wconf 90' lang='lat' dir='ltr'><strong><em>in</em></strong></span> <span class='ocrx_word' id='word_1_455' title='bbox 1868 3602 1968 3656; x_wconf 89' lang='lat' dir='ltr'><strong><em>ap-</em></strong></span> 
     </span>
    </p>
   </div>
   <div class='ocr_carea' id='block_1_67' title="bbox 340 3675 1088 3752">
    <p class='ocr_par' dir='ltr' id='par_1_67' title="bbox 340 3675 1088 3752">
     <span class='ocr_line' id='line_1_67' title="bbox 340 3675 1088 3752; baseline -0.005 -17"><span class='ocrx_word' id='word_1_456' title='bbox 340 3679 514 3752; x_wconf 86' lang='lat' dir='ltr'><strong><em>pend.</em></strong></span> <span class='ocrx_word' id='word_1_457' title='bbox 549 3692 683 3731; x_wconf 77' lang='lat' dir='ltr'><strong><em>tom.</em></strong></span> <span class='ocrx_word' id='word_1_458' title='bbox 717 3678 738 3730; x_wconf 92' lang='grc' dir='ltr'>Ι</span> <span class='ocrx_word' id='word_1_459' title='bbox 771 3677 856 3730; x_wconf 91' lang='lat' dir='ltr'><strong><em>ed.</em></strong></span> <span class='ocrx_word' id='word_1_460' title='bbox 893 3675 1088 3731; x_wconf 87' lang='lat' dir='ltr'><strong><em>Bened.</em></strong></span> 
     </span>
    </p>
   </div>
   <div class='ocr_carea' id='block_1_68' title="bbox 277 3765 1079 3825">
    <p class='ocr_par' dir='ltr' id='par_1_68' title="bbox 277 3765 1079 3825">
     <span class='ocr_line' id='line_1_68' title="bbox 277 3765 1079 3825; baseline -0.009 0"><span class='ocrx_word' id='word_1_461' title='bbox 277 3773 366 3825; x_wconf 90' lang='grc'><strong>18.</strong></span> <span class='ocrx_word' id='word_1_462' title='bbox 407 3772 486 3824; x_wconf 90' lang='lat' dir='ltr'><strong><em>De</em></strong></span> <span class='ocrx_word' id='word_1_463' title='bbox 510 3769 883 3824; x_wconf 83' lang='lat' dir='ltr'><strong><em>Grammatica</em></strong></span> <span class='ocrx_word' id='word_1_464' title='bbox 915 3765 1079 3819; x_wconf 89' lang='lat' dir='ltr'><strong><em>liber.</em></strong></span> 
     </span>
    </p>
   </div>
   <div class='ocr_carea' id='block_1_69' title="bbox 275 3850 1788 3925">
    <p class='ocr_par' dir='ltr' id='par_1_69' title="bbox 275 3850 1788 3925">
     <span class='ocr_line' id='line_1_69' title="bbox 275 3850 1788 3925; baseline -0.005 -13"><span class='ocrx_word' id='word_1_465' title='bbox 275 3861 358 3912; x_wconf 89' lang='grc'><strong>19.</strong></span> <span class='ocrx_word' id='word_1_466' title='bbox 390 3859 668 3925; x_wconf 87' lang='lat' dir='ltr'><strong><em>Principia</em></strong></span> <span class='ocrx_word' id='word_1_467' title='bbox 697 3857 1004 3909; x_wconf 64' lang='lat' dir='ltr'><strong><em>Dialecticz</em></strong></span> <span class='ocrx_word' id='word_1_468' title='bbox 1034 3858 1084 3908; x_wconf 89' lang='lat' dir='ltr'><strong><em>et</em></strong></span> <span class='ocrx_word' id='word_1_469' title='bbox 1111 3854 1433 3908; x_wconf 83' lang='lat' dir='ltr'><strong><em>Rhetorices.</em></strong></span> <span class='ocrx_word' id='word_1_470' title='bbox 1468 3850 1618 3906; x_wconf 83' lang='lat' dir='ltr'><strong><em>Libri</em></strong></span> <span class='ocrx_word' id='word_1_471' title='bbox 1657 3855 1788 3906; x_wconf 89' lang='lat' dir='ltr'><strong><em>tres.</em></strong></span> 
     </span>
    </p>
   </div>
   <div class='ocr_carea' id='block_1_70' title="bbox 270 3939 1971 4011">
    <p class='ocr_par' dir='ltr' id='par_1_70' title="bbox 270 3939 1971 4011">
     <span class='ocr_line' id='line_1_70' title="bbox 270 3939 1971 4011; baseline -0.005 -10"><span class='ocrx_word' id='word_1_472' title='bbox 270 3949 360 4001; x_wconf 92' lang='lat'><strong><em>20.</em></strong></span> <span class='ocrx_word' id='word_1_473' title='bbox 393 3947 686 4011; x_wconf 74' lang='lat' dir='ltr'><strong><em>Categoriae</em></strong></span> <span class='ocrx_word' id='word_1_474' title='bbox 735 3943 911 3997; x_wconf 87' lang='lat' dir='ltr'><strong><em>decem</em></strong></span> <span class='ocrx_word' id='word_1_475' title='bbox 958 3958 1026 3996; x_wconf 75' lang='lat' dir='ltr'><strong><em>ea:</em></strong></span> <span class='ocrx_word' id='word_1_476' title='bbox 1056 3941 1345 3996; x_wconf 85' lang='lat' dir='ltr'><strong><em>Aristotele</em></strong></span> <span class='ocrx_word' id='word_1_477' title='bbox 1391 3940 1670 4009; x_wconf 74' lang='lat' dir='ltr'><strong><em>decerptae.</em></strong></span> <span class='ocrx_word' id='word_1_478' title='bbox 1714 3939 1971 4004; x_wconf 81' lang='lat' dir='ltr'><strong><em>Quatuor</em></strong></span> 
     </span>
    </p>
   </div>
   <div class='ocr_carea' id='block_1_71' title="bbox 345 4027 1969 4103">
    <p class='ocr_par' dir='ltr' id='par_1_71' title="bbox 345 4027 1969 4103">
     <span class='ocr_line' id='line_1_71' title="bbox 345 4027 1969 4103; baseline -0.004 -15"><span class='ocrx_word' id='word_1_479' title='bbox 345 4034 442 4088; x_wconf 88' lang='lat' dir='ltr'><strong><em>isti</em></strong></span> <span class='ocrx_word' id='word_1_480' title='bbox 469 4036 763 4099; x_wconf 88' lang='lat' dir='ltr'><strong><em>tractatus,</em></strong></span> <span class='ocrx_word' id='word_1_481' title='bbox 803 4031 902 4102; x_wconf 90' lang='lat' dir='ltr'><strong><em>qui</em></strong></span> <span class='ocrx_word' id='word_1_482' title='bbox 925 4031 1247 4103; x_wconf 82' lang='lat' dir='ltr'><strong><em>Augustino</em></strong></span> <span class='ocrx_word' id='word_1_483' title='bbox 1277 4030 1338 4084; x_wconf 90' lang='lat' dir='ltr'><strong><em>in</em></strong></span> <span class='ocrx_word' id='word_1_484' title='bbox 1366 4029 1815 4101; x_wconf 76' lang='lat' dir='ltr'><strong><em>praecedentibus</em></strong></span> <span class='ocrx_word' id='word_1_485' title='bbox 1842 4027 1969 4083; x_wconf 88' lang='lat' dir='ltr'><strong><em>edi-</em></strong></span> 
     </span>
    </p>
   </div>
   <div class='ocr_carea' id='block_1_72' title="bbox 343 4118 1971 4192">
    <p class='ocr_par' dir='ltr' id='par_1_72' title="bbox 343 4118 1971 4192">
     <span class='ocr_line' id='line_1_72' title="bbox 343 4118 1971 4192; baseline -0.004 -15"><span class='ocrx_word' id='word_1_486' title='bbox 343 4122 601 4177; x_wconf 89' lang='lat' dir='ltr'><strong><em>tionibus</em></strong></span> <span class='ocrx_word' id='word_1_487' title='bbox 632 4120 867 4192; x_wconf 87' lang='lat' dir='ltr'><strong><em>ascripti</em></strong></span> <span class='ocrx_word' id='word_1_488' title='bbox 923 4125 1088 4176; x_wconf 86' lang='lat' dir='ltr'><strong><em>erant</em></strong></span> <span class='ocrx_word' id='word_1_489' title='bbox 1118 4121 1351 4192; x_wconf 89' lang='lat' dir='ltr'><strong><em>(Erasm.</em></strong></span> <span class='ocrx_word' id='word_1_490' title='bbox 1415 4122 1470 4174; x_wconf 90' lang='lat' dir='ltr'><strong><em>et</em></strong></span> <span class='ocrx_word' id='word_1_491' title='bbox 1516 4119 1720 4173; x_wconf 85' lang='lat' dir='ltr'><strong><em>Lovan.</em></strong></span> <span class='ocrx_word' id='word_1_492' title='bbox 1755 4122 1796 4172; x_wconf 91' lang='lat' dir='ltr'><strong><em>t.</em></strong></span> <span class='ocrx_word' id='word_1_493' title='bbox 1851 4118 1892 4187; x_wconf 90' lang='grc' dir='ltr'><strong><em>Ι)</em></strong></span> <span class='ocrx_word' id='word_1_494' title='bbox 1937 4133 1971 4171; x_wconf 92' lang='lat' dir='ltr'><strong><em>a</em></strong></span> 
     </span>
    </p>
   </div>
   <div class='ocr_carea' id='block_1_73' title="bbox 343 4205 1969 4281">
    <p class='ocr_par' dir='ltr' id='par_1_73' title="bbox 343 4205 1969 4281">
     <span class='ocr_line' id='line_1_73' title="bbox 343 4205 1969 4281; baseline -0.004 -16"><span class='ocrx_word' id='word_1_495' title='bbox 343 4210 724 4266; x_wconf 87' lang='lat' dir='ltr'><strong><em>Benedictinis</em></strong></span> <span class='ocrx_word' id='word_1_496' title='bbox 786 4211 847 4264; x_wconf 90' lang='lat' dir='ltr'><strong><em>in</em></strong></span> <span class='ocrx_word' id='word_1_497' title='bbox 897 4210 1268 4281; x_wconf 87' lang='lat' dir='ltr'><strong><em>appendicem</em></strong></span> <span class='ocrx_word' id='word_1_498' title='bbox 1319 4207 1546 4279; x_wconf 85' lang='lat' dir='ltr'><strong><em>rejectis</em></strong></span> <span class='ocrx_word' id='word_1_499' title='bbox 1616 4205 1825 4278; x_wconf 88' lang='lat' dir='ltr'><strong><em>spnriis</em></strong></span> <span class='ocrx_word' id='word_1_500' title='bbox 1877 4222 1969 4260; x_wconf 89' lang='lat' dir='ltr'><strong><em>ac-</em></strong></span> 
     </span>
    </p>
   </div>
   <div class='ocr_carea' id='block_1_74' title="bbox 343 4301 985 4367">
    <p class='ocr_par' dir='ltr' id='par_1_74' title="bbox 343 4301 985 4367">
     <span class='ocr_line' id='line_1_74' title="bbox 343 4301 985 4367; baseline -0.003 -13"><span class='ocrx_word' id='word_1_501' title='bbox 343 4305 652 4356; x_wconf 87' lang='lat' dir='ltr'><strong><em>censentur</em></strong></span> <span class='ocrx_word' id='word_1_502' title='bbox 680 4303 844 4367; x_wconf 87' lang='lat' dir='ltr'><strong><em>(tom.</em></strong></span> <span class='ocrx_word' id='word_1_503' title='bbox 878 4301 985 4367; x_wconf 90' lang='lat' dir='ltr'><strong>XI).</strong></span> 
     </span>
    </p>
   </div>
   <div class='ocr_carea' id='block_1_75' title="bbox 269 4387 1542 4456">
    <p class='ocr_par' dir='ltr' id='par_1_75' title="bbox 269 4387 1542 4456">
     <span class='ocr_line' id='line_1_75' title="bbox 269 4387 1542 4456; baseline -0.002 -13"><span class='ocrx_word' id='word_1_504' title='bbox 269 4391 359 4443; x_wconf 90' lang='grc'><strong><em>21.</em></strong></span> <span class='ocrx_word' id='word_1_505' title='bbox 390 4387 604 4454; x_wconf 73' lang='lat' dir='ltr'><strong><em>Regulae</em></strong></span> <span class='ocrx_word' id='word_1_506' title='bbox 633 4387 849 4442; x_wconf 87' lang='lat' dir='ltr'><strong><em>Clericis</em></strong></span> <span class='ocrx_word' id='word_1_507' title='bbox 882 4387 1101 4440; x_wconf 72' lang='lat' dir='ltr'><strong><em>tradita:</em></strong></span> <span class='ocrx_word' id='word_1_508' title='bbox 1136 4387 1542 4456; x_wconf 82' lang='lat' dir='ltr'><strong><em>fragmentum.</em></strong></span> 
     </span>
    </p>
   </div>
   <div class='ocr_carea' id='block_1_76' title="bbox 271 4473 1973 4544">
    <p class='ocr_par' dir='ltr' id='par_1_76' title="bbox 271 4473 1973 4544">
     <span class='ocr_line' id='line_1_76' title="bbox 271 4473 1973 4544; baseline -0.004 -12"><span class='ocrx_word' id='word_1_509' title='bbox 271 4479 367 4531; x_wconf 86' lang='lat'><strong><em>22.</em></strong></span> <span class='ocrx_word' id='word_1_510' title='bbox 416 4476 619 4542; x_wconf 83' lang='lat' dir='ltr'><strong><em>Regula</em></strong></span> <span class='ocrx_word' id='word_1_511' title='bbox 649 4475 910 4536; x_wconf 78' lang='lat' dir='ltr'><strong><em>secunda.</em></strong></span> <span class='ocrx_word' id='word_1_512' title='bbox 952 4476 1154 4544; x_wconf 87' lang='lat' dir='ltr'><strong><em>(Tertia</em></strong></span> <span class='ocrx_word' id='word_1_513' title='bbox 1198 4479 1282 4529; x_wconf 92' lang='lat' dir='ltr'><strong><em>est</em></strong></span> <span class='ocrx_word' id='word_1_514' title='bbox 1312 4474 1588 4544; x_wconf 86' lang='lat' dir='ltr'><strong><em>genuina,</em></strong></span> <span class='ocrx_word' id='word_1_515' title='bbox 1621 4473 1750 4528; x_wconf 82' lang='lat' dir='ltr'><strong><em>vide</em></strong></span> <span class='ocrx_word' id='word_1_516' title='bbox 1798 4488 1973 4544; x_wconf 86' lang='lat' dir='ltr'><strong><em>supra</em></strong></span> 
     </span>
    </p>
   </div>
   <div class='ocr_carea' id='block_1_77' title="bbox 344 4561 1973 4630">
    <p class='ocr_par' dir='ltr' id='par_1_77' title="bbox 344 4561 1973 4630">
     <span class='ocr_line' id='line_1_77' title="bbox 344 4561 1973 4630; baseline -0.002 -12"><span class='ocrx_word' id='word_1_517' title='bbox 344 4581 404 4620; x_wconf 92' lang='lat' dir='ltr'><strong><em>n.</em></strong></span> <span class='ocrx_word' id='word_1_518' title='bbox 444 4562 583 4630; x_wconf 87' lang='grc'><strong>102.)</strong></span> <span class='ocrx_word' id='word_1_519' title='bbox 613 4563 770 4617; x_wconf 86' lang='lat' dir='ltr'><strong><em>Exst.</em></strong></span> <span class='ocrx_word' id='word_1_520' title='bbox 804 4563 865 4618; x_wconf 93' lang='lat' dir='ltr'><strong><em>in</em></strong></span> <span class='ocrx_word' id='word_1_521' title='bbox 908 4563 995 4617; x_wconf 87' lang='lat' dir='ltr'><strong><em>ed.</em></strong></span> <span class='ocrx_word' id='word_1_522' title='bbox 1052 4566 1268 4618; x_wconf 88' lang='lat' dir='ltr'><strong><em>Erasm.</em></strong></span> <span class='ocrx_word' id='word_1_523' title='bbox 1304 4569 1385 4618; x_wconf 90' lang='lat' dir='ltr'><strong><em>.et</em></strong></span> <span class='ocrx_word' id='word_1_524' title='bbox 1431 4565 1634 4618; x_wconf 84' lang='lat' dir='ltr'><strong><em>Lovan.</em></strong></span> <span class='ocrx_word' id='word_1_525' title='bbox 1667 4567 1806 4617; x_wconf 90' lang='lat' dir='ltr'><strong><em>tom.</em></strong></span> <span class='ocrx_word' id='word_1_526' title='bbox 1857 4562 1880 4616; x_wconf 95' lang='lat' dir='ltr'><strong><em>I</em></strong></span> <span class='ocrx_word' id='word_1_527' title='bbox 1911 4561 1973 4614; x_wconf 88' lang='lat' dir='ltr'><strong><em>in</em></strong></span> 
     </span>
    </p>
   </div>
   <div class='ocr_carea' id='block_1_78' title="bbox 343 4653 590 4724">
    <p class='ocr_par' dir='ltr' id='par_1_78' title="bbox 343 4653 590 4724">
     <span class='ocr_line' id='line_1_78' title="bbox 343 4653 590 4724; baseline 0 -17"><span class='ocrx_word' id='word_1_528' title='bbox 343 4653 590 4724; x_wconf 89' lang='lat' dir='ltr'><strong><em>append.</em></strong></span> 
     </span>
    </p>
   </div>
   <div class='ocr_carea' id='block_1_79' title="bbox 274 4739 1971 4811">
    <p class='ocr_par' dir='ltr' id='par_1_79' title="bbox 274 4739 1971 4811">
     <span class='ocr_line' id='line_1_79' title="bbox 274 4739 1971 4811; baseline -0.002 -14"><span class='ocrx_word' id='word_1_529' title='bbox 274 4744 364 4798; x_wconf 87' lang='lat'><strong><em>23.</em></strong></span> <span class='ocrx_word' id='word_1_530' title='bbox 404 4741 567 4795; x_wconf 89' lang='lat' dir='ltr'><strong><em>Liber</em></strong></span> <span class='ocrx_word' id='word_1_531' title='bbox 595 4740 660 4794; x_wconf 86' lang='lat' dir='ltr'><strong><em>de</em></strong></span> <span class='ocrx_word' id='word_1_532' title='bbox 697 4741 824 4796; x_wconf 85' lang='lat' dir='ltr'><strong><em>Vita</em></strong></span> <span class='ocrx_word' id='word_1_533' title='bbox 870 4741 1175 4795; x_wconf 86' lang='lat' dir='ltr'><strong><em>Eremitica</em></strong></span> <span class='ocrx_word' id='word_1_534' title='bbox 1206 4739 1277 4794; x_wconf 89' lang='lat' dir='ltr'><strong><em>ad</em></strong></span> <span class='ocrx_word' id='word_1_535' title='bbox 1325 4755 1603 4802; x_wconf 88' lang='lat' dir='ltr'><strong><em>sororem,</em></strong></span> <span class='ocrx_word' id='word_1_536' title='bbox 1636 4755 1809 4811; x_wconf 89' lang='lat' dir='ltr'><strong><em>quem</em></strong></span> <span class='ocrx_word' id='word_1_537' title='bbox 1853 4754 1971 4793; x_wconf 89' lang='lat' dir='ltr'><strong><em>non</em></strong></span> 
     </span>
    </p>
   </div>
   <div class='ocr_carea' id='block_1_80' title="bbox 345 4828 1972 4899">
    <p class='ocr_par' dir='ltr' id='par_1_80' title="bbox 345 4828 1972 4899">
     <span class='ocr_line' id='line_1_80' title="bbox 345 4828 1972 4899; baseline -0.002 -14"><span class='ocrx_word' id='word_1_538' title='bbox 345 4829 524 4885; x_wconf 88' lang='lat' dir='ltr'><strong><em>edidit</em></strong></span> <span class='ocrx_word' id='word_1_539' title='bbox 564 4831 846 4884; x_wconf 88' lang='lat' dir='ltr'><strong><em>Erasmus.</em></strong></span> <span class='ocrx_word' id='word_1_540' title='bbox 883 4830 1070 4882; x_wconf 84' lang='lat' dir='ltr'><strong><em>Exstat</em></strong></span> <span class='ocrx_word' id='word_1_541' title='bbox 1105 4829 1165 4881; x_wconf 92' lang='lat' dir='ltr'><strong><em>in</em></strong></span> <span class='ocrx_word' id='word_1_542' title='bbox 1219 4829 1463 4899; x_wconf 90' lang='lat' dir='ltr'><strong><em>append.</em></strong></span> <span class='ocrx_word' id='word_1_543' title='bbox 1515 4833 1556 4884; x_wconf 89' lang='lat' dir='ltr'><strong><em>t.</em></strong></span> <span class='ocrx_word' id='word_1_544' title='bbox 1612 4829 1634 4882; x_wconf 94' lang='grc' dir='ltr'>Ι</span> <span class='ocrx_word' id='word_1_545' title='bbox 1667 4828 1754 4882; x_wconf 89' lang='lat' dir='ltr'><strong><em>ed.</em></strong></span> <span class='ocrx_word' id='word_1_546' title='bbox 1786 4831 1972 4882; x_wconf 90' lang='lat' dir='ltr'><strong><em>Lovan</em></strong></span> 
     </span>
    </p>
   </div>
   <div class='ocr_carea' id='block_1_81' title="bbox 345 4915 1973 4987">
    <p class='ocr_par' dir='ltr' id='par_1_81' title="bbox 345 4915 1973 4987">
     <span class='ocr_line' id='line_1_81' title="bbox 345 4915 1973 4987; baseline -0.002 -13"><span class='ocrx_word' id='word_1_547' title='bbox 345 4925 402 4974; x_wconf 88' lang='lat' dir='ltr'><strong><em>et</em></strong></span> <span class='ocrx_word' id='word_1_548' title='bbox 453 4918 649 4974; x_wconf 86' lang='lat' dir='ltr'><strong><em>Bened.</em></strong></span> <span class='ocrx_word' id='word_1_549' title='bbox 705 4917 913 4972; x_wconf 69' lang='lat' dir='ltr'><strong><em>Elredi</em></strong></span> <span class='ocrx_word' id='word_1_550' title='bbox 984 4918 1348 4972; x_wconf 80' lang='lat' dir='ltr'><strong><em>Rievallensis</em></strong></span> <span class='ocrx_word' id='word_1_551' title='bbox 1413 4921 1497 4970; x_wconf 88' lang='lat' dir='ltr'><strong><em>est</em></strong></span> <span class='ocrx_word' id='word_1_552' title='bbox 1550 4915 1673 4987; x_wconf 89' lang='lat' dir='ltr'><strong><em>(qui</em></strong></span> <span class='ocrx_word' id='word_1_553' title='bbox 1713 4933 1840 4970; x_wconf 75' lang='lat' dir='ltr'><strong><em>saec.</em></strong></span> <span class='ocrx_word' id='word_1_554' title='bbox 1892 4933 1973 4971; x_wconf 86' lang='lat' dir='ltr'><strong><em>xu</em></strong></span> 
     </span>
    </p>
   </div>
   <div class='ocr_carea' id='block_1_82' title="bbox 346 5005 1972 5077">
    <p class='ocr_par' dir='ltr' id='par_1_82' title="bbox 346 5005 1972 5077">
     <span class='ocr_line' id='line_1_82' title="bbox 346 5005 1972 5077; baseline -0.001 -17"><span class='ocrx_word' id='word_1_555' title='bbox 346 5005 499 5077; x_wconf 84' lang='lat' dir='ltr'><strong><em>vixit)</em></strong></span> <span class='ocrx_word' id='word_1_556' title='bbox 521 5007 688 5076; x_wconf 83' lang='lat' dir='ltr'><strong><em>juxta</em></strong></span> <span class='ocrx_word' id='word_1_557' title='bbox 718 5007 924 5060; x_wconf 83' lang='lat' dir='ltr'><strong><em>Lucam</em></strong></span> <span class='ocrx_word' id='word_1_558' title='bbox 970 5007 1320 5060; x_wconf 81' lang='lat' dir='ltr'><strong><em>Holstem&#39;um.</em></strong></span> <span class='ocrx_word' id='word_1_559' title='bbox 1352 5005 1540 5061; x_wconf 87' lang='lat' dir='ltr'><strong><em>Tertia</em></strong></span> <span class='ocrx_word' id='word_1_560' title='bbox 1576 5005 1801 5060; x_wconf 89' lang='lat' dir='ltr'><strong><em>circiter</em></strong></span> <span class='ocrx_word' id='word_1_561' title='bbox 1840 5023 1972 5076; x_wconf 89' lang='lat' dir='ltr'><strong><em>pars</em></strong></span> 
     </span>
    </p>
   </div>
   <div class='ocr_carea' id='block_1_83' title="bbox 315 5094 1969 5165">
    <p class='ocr_par' dir='ltr' id='par_1_83' title="bbox 315 5094 1969 5165">
     <span class='ocr_line' id='line_1_83' title="bbox 315 5094 1969 5165; baseline 0 -17"><span class='ocrx_word' id='word_1_562' title='bbox 315 5095 407 5149; x_wconf 91' lang='lat' dir='ltr'><strong><em>-in</em></strong></span> <span class='ocrx_word' id='word_1_563' title='bbox 487 5095 768 5165; x_wconf 89' lang='lat' dir='ltr'><strong><em>Operibus</em></strong></span> <span class='ocrx_word' id='word_1_564' title='bbox 813 5095 1079 5162; x_wconf 89' lang='lat' dir='ltr'><strong><em>Anselmi,</em></strong></span> <span class='ocrx_word' id='word_1_565' title='bbox 1147 5095 1266 5150; x_wconf 89' lang='lat' dir='ltr'><strong><em>scil.</em></strong></span> <span class='ocrx_word' id='word_1_566' title='bbox 1315 5094 1503 5150; x_wconf 79' lang='lat' dir='ltr'><strong><em>Medit.</em></strong></span> <span class='ocrx_word' id='word_1_567' title='bbox 1552 5096 1634 5162; x_wconf 87' lang='grc'><strong>15,</strong></span> <span class='ocrx_word' id='word_1_568' title='bbox 1687 5097 1749 5148; x_wconf 91' lang='grc'><strong>16</strong></span> <span class='ocrx_word' id='word_1_569' title='bbox 1801 5098 1858 5148; x_wconf 90' lang='lat' dir='ltr'><strong><em>et</em></strong></span> <span class='ocrx_word' id='word_1_570' title='bbox 1909 5098 1969 5149; x_wconf 82' lang='lat' dir='ltr'><strong><em>l7</em></strong></span> 
     </span>
    </p>
   </div>
   <div class='ocr_carea' id='block_1_84' title="bbox 346 5187 588 5236">
    <p class='ocr_par' dir='ltr' id='par_1_84' title="bbox 346 5187 588 5236">
     <span class='ocr_line' id='line_1_84' title="bbox 346 5187 588 5236; baseline 0 0"><span class='ocrx_word' id='word_1_571' title='bbox 346 5187 588 5236; x_wconf 85' lang='lat' dir='ltr'><strong><em>exstant.</em></strong></span> 
     </span>
    </p>
   </div>
   <div class='ocr_carea' id='block_1_85' title="bbox 414 5271 1970 5344">
    <p class='ocr_par' dir='ltr' id='par_1_85' title="bbox 414 5271 1970 5344">
     <span class='ocr_line' id='line_1_85' title="bbox 414 5271 1970 5344; baseline 0.001 -20"><span class='ocrx_word' id='word_1_572' title='bbox 414 5271 551 5335; x_wconf 75' lang='lat' dir='ltr'><strong><em>Quae</em></strong></span> <span class='ocrx_word' id='word_1_573' title='bbox 607 5278 946 5342; x_wconf 87' lang='lat' dir='ltr'><strong><em>sequuntur,</em></strong></span> <span class='ocrx_word' id='word_1_574' title='bbox 996 5289 1176 5344; x_wconf 89' lang='lat' dir='ltr'><strong><em>usque</em></strong></span> <span class='ocrx_word' id='word_1_575' title='bbox 1231 5273 1301 5327; x_wconf 88' lang='lat' dir='ltr'><strong><em>ad</em></strong></span> <span class='ocrx_word' id='word_1_576' title='bbox 1356 5289 1415 5327; x_wconf 91' lang='lat' dir='ltr'><strong><em>n.</em></strong></span> <span class='ocrx_word' id='word_1_577' title='bbox 1474 5275 1567 5342; x_wconf 89' lang='lat'><strong><em>26,</em></strong></span> <span class='ocrx_word' id='word_1_578' title='bbox 1616 5271 1678 5326; x_wconf 89' lang='lat' dir='ltr'><strong><em>in</em></strong></span> <span class='ocrx_word' id='word_1_579' title='bbox 1723 5273 1970 5344; x_wconf 89' lang='lat' dir='ltr'><strong><em>append.</em></strong></span> 
     </span>
    </p>
   </div>
   <div class='ocr_carea' id='block_1_86' title="bbox 340 5359 1518 5417">
    <p class='ocr_par' dir='ltr' id='par_1_86' title="bbox 340 5359 1518 5417">
     <span class='ocr_line' id='line_1_86' title="bbox 340 5359 1518 5417; baseline 0.002 -4"><span class='ocrx_word' id='word_1_580' title='bbox 340 5359 481 5414; x_wconf 88' lang='lat' dir='ltr'><strong><em>tomi</em></strong></span> <span class='ocrx_word' id='word_1_581' title='bbox 514 5361 560 5413; x_wconf 91' lang='lat' dir='ltr'><strong><em>II</em></strong></span> <span class='ocrx_word' id='word_1_582' title='bbox 595 5361 684 5415; x_wconf 93' lang='lat' dir='ltr'><strong><em>ed.</em></strong></span> <span class='ocrx_word' id='word_1_583' title='bbox 724 5363 920 5417; x_wconf 86' lang='lat' dir='ltr'><strong><em>Lovan.</em></strong></span> <span class='ocrx_word' id='word_1_584' title='bbox 952 5367 1010 5417; x_wconf 90' lang='lat' dir='ltr'><strong><em>et</em></strong></span> <span class='ocrx_word' id='word_1_585' title='bbox 1030 5363 1222 5417; x_wconf 89' lang='lat' dir='ltr'><strong><em>Bened.</em></strong></span> <span class='ocrx_word' id='word_1_586' title='bbox 1274 5365 1518 5416; x_wconf 87' lang='lat' dir='ltr'><strong><em>exstant.</em></strong></span> 
     </span>
    </p>
   </div>
   <div class='ocr_carea' id='block_1_87' title="bbox 270 5449 1971 5520">
    <p class='ocr_par' dir='ltr' id='par_1_87' title="bbox 270 5449 1971 5520">
     <span class='ocr_line' id='line_1_87' title="bbox 270 5449 1971 5520; baseline 0.001 -17"><span class='ocrx_word' id='word_1_587' title='bbox 270 5449 365 5505; x_wconf 83' lang='grc'><strong><em>24.</em></strong></span> <span class='ocrx_word' id='word_1_588' title='bbox 401 5450 659 5519; x_wconf 70' lang='lat' dir='ltr'><strong><em>Epistolas</em></strong></span> <span class='ocrx_word' id='word_1_589' title='bbox 687 5450 802 5506; x_wconf 86' lang='lat' dir='ltr'><strong>XVI</strong></span> <span class='ocrx_word' id='word_1_590' title='bbox 836 5455 1052 5506; x_wconf 68' lang='lat' dir='ltr'><strong><em>mutua:</em></strong></span> <span class='ocrx_word' id='word_1_591' title='bbox 1084 5453 1141 5507; x_wconf 91' lang='lat' dir='ltr'><strong><em>S.</em></strong></span> <span class='ocrx_word' id='word_1_592' title='bbox 1185 5451 1487 5519; x_wconf 87' lang='lat' dir='ltr'><strong><em>Augustini</em></strong></span> <span class='ocrx_word' id='word_1_593' title='bbox 1515 5453 1571 5504; x_wconf 87' lang='lat' dir='ltr'><strong><em>et</em></strong></span> <span class='ocrx_word' id='word_1_594' title='bbox 1607 5465 1774 5520; x_wconf 70' lang='lat' dir='ltr'><strong><em>papae</em></strong></span> <span class='ocrx_word' id='word_1_595' title='bbox 1800 5451 1971 5506; x_wconf 88' lang='lat' dir='ltr'><strong><em>Boni-</em></strong></span> 
     </span>
    </p>
   </div>
   <div class='ocr_carea' id='block_1_88' title="bbox 336 5537 1964 5613">
    <p class='ocr_par' dir='ltr' id='par_1_88' title="bbox 336 5537 1964 5613">
     <span class='ocr_line' id='line_1_88' title="bbox 336 5537 1964 5613; baseline 0.002 -20"><span class='ocrx_word' id='word_1_596' title='bbox 336 5539 476 5606; x_wconf 82' lang='lat' dir='ltr'><strong><em>facii</em></strong></span> <span class='ocrx_word' id='word_1_597' title='bbox 498 5540 527 5593; x_wconf 90' lang='grc' dir='ltr'><strong><em>Ι</em></strong></span> <span class='ocrx_word' id='word_1_598' title='bbox 550 5537 916 5611; x_wconf 65' lang='lat' dir='ltr'><strong><em>brevissimae,</em></strong></span> <span class='ocrx_word' id='word_1_599' title='bbox 945 5557 1088 5613; x_wconf 86' lang='lat' dir='ltr'><strong><em>quas</em></strong></span> <span class='ocrx_word' id='word_1_600' title='bbox 1113 5540 1382 5612; x_wconf 86' lang='lat' dir='ltr'><strong><em>antiquas</em></strong></span> <span class='ocrx_word' id='word_1_601' title='bbox 1415 5555 1538 5597; x_wconf 88' lang='lat' dir='ltr'><strong><em>esse</em></strong></span> <span class='ocrx_word' id='word_1_602' title='bbox 1567 5539 1779 5596; x_wconf 86' lang='lat' dir='ltr'><strong><em>fatetur</em></strong></span> <span class='ocrx_word' id='word_1_603' title='bbox 1796 5539 1964 5596; x_wconf 84' lang='lat' dir='ltr'><strong><em>Eras-</em></strong></span> 
     </span>
    </p>
   </div>
   <div class='ocr_carea' id='block_1_89' title="bbox 2219 3055 3771 3131">
    <p class='ocr_par' dir='ltr' id='par_1_89' title="bbox 2219 3055 3771 3131">
     <span class='ocr_line' id='line_1_89' title="bbox 2219 3055 3771 3131; baseline 0.003 -23"><span class='ocrx_word' id='word_1_604' title='bbox 2219 3055 2356 3119; x_wconf 66' lang='lat' dir='ltr'><strong><em>Quaa</em></strong></span> <span class='ocrx_word' id='word_1_605' title='bbox 2385 3060 2724 3126; x_wconf 89' lang='lat' dir='ltr'><strong><em>sequuntur,</em></strong></span> <span class='ocrx_word' id='word_1_606' title='bbox 2756 3071 2939 3125; x_wconf 87' lang='lat' dir='ltr'><strong><em>usque</em></strong></span> <span class='ocrx_word' id='word_1_607' title='bbox 2979 3055 3048 3109; x_wconf 88' lang='lat' dir='ltr'><strong><em>ad</em></strong></span> <span class='ocrx_word' id='word_1_608' title='bbox 3076 3071 3135 3110; x_wconf 92' lang='lat' dir='ltr'><strong><em>n.</em></strong></span> <span class='ocrx_word' id='word_1_609' title='bbox 3193 3059 3282 3124; x_wconf 83' lang='grc'><strong>65,</strong></span> <span class='ocrx_word' id='word_1_610' title='bbox 3314 3063 3535 3112; x_wconf 88' lang='lat' dir='ltr'><strong><em>exstant</em></strong></span> <span class='ocrx_word' id='word_1_611' title='bbox 3581 3059 3643 3112; x_wconf 90' lang='lat' dir='ltr'><strong><em>in</em></strong></span> <span class='ocrx_word' id='word_1_612' title='bbox 3676 3077 3771 3131; x_wconf 89' lang='lat' dir='ltr'><strong><em>ap-</em></strong></span> 
     </span>
    </p>
   </div>
   <div class='ocr_carea' id='block_1_90' title="bbox 2148 3143 3772 3215">
    <p class='ocr_par' dir='ltr' id='par_1_90' title="bbox 2148 3143 3772 3215">
     <span class='ocr_line' id='line_1_90' title="bbox 2148 3143 3772 3215; baseline 0.004 -18"><span class='ocrx_word' id='word_1_613' title='bbox 2148 3145 2326 3214; x_wconf 90' lang='lat' dir='ltr'><strong><em>pend.</em></strong></span> <span class='ocrx_word' id='word_1_614' title='bbox 2385 3144 2530 3197; x_wconf 86' lang='lat' dir='ltr'><strong><em>tomi</em></strong></span> <span class='ocrx_word' id='word_1_615' title='bbox 2586 3145 2652 3197; x_wconf 88' lang='lat' dir='ltr'><strong><em>VI</em></strong></span> <span class='ocrx_word' id='word_1_616' title='bbox 2683 3143 2776 3198; x_wconf 91' lang='lat' dir='ltr'><strong><em>ed.</em></strong></span> <span class='ocrx_word' id='word_1_617' title='bbox 2842 3145 3062 3210; x_wconf 87' lang='lat' dir='ltr'><strong><em>Bened.,</em></strong></span> <span class='ocrx_word' id='word_1_618' title='bbox 3115 3151 3322 3215; x_wconf 62' lang='lat' dir='ltr'><strong><em>praeter</em></strong></span> <span class='ocrx_word' id='word_1_619' title='bbox 3375 3148 3650 3202; x_wconf 88' lang='lat' dir='ltr'><strong><em>Sermones</em></strong></span> <span class='ocrx_word' id='word_1_620' title='bbox 3698 3149 3772 3203; x_wconf 91' lang='lat' dir='ltr'><strong><em>ad</em></strong></span> 
     </span>
    </p>
   </div>
   <div class='ocr_carea' id='block_1_91' title="bbox 2147 3232 3696 3306">
    <p class='ocr_par' dir='ltr' id='par_1_91' title="bbox 2147 3232 3696 3306">
     <span class='ocr_line' id='line_1_91' title="bbox 2147 3232 3696 3306; baseline 0.003 -19"><span class='ocrx_word' id='word_1_621' title='bbox 2147 3235 2362 3287; x_wconf 88' lang='lat' dir='ltr'><strong><em>Fratres</em></strong></span> <span class='ocrx_word' id='word_1_622' title='bbox 2382 3235 2440 3286; x_wconf 85' lang='lat' dir='ltr'><strong><em>in</em></strong></span> <span class='ocrx_word' id='word_1_623' title='bbox 2464 3233 2680 3300; x_wconf 88' lang='lat' dir='ltr'><strong><em>Eremo,</em></strong></span> <span class='ocrx_word' id='word_1_624' title='bbox 2715 3232 2969 3303; x_wconf 88' lang='lat' dir='ltr'><strong><em>aliosque</em></strong></span> <span class='ocrx_word' id='word_1_625' title='bbox 3002 3233 3071 3287; x_wconf 91' lang='lat' dir='ltr'><strong><em>de</em></strong></span> <span class='ocrx_word' id='word_1_626' title='bbox 3111 3235 3319 3305; x_wconf 91' lang='lat' dir='ltr'><strong><em>quibus</em></strong></span> <span class='ocrx_word' id='word_1_627' title='bbox 3348 3253 3520 3306; x_wconf 87' lang='lat' dir='ltr'><strong><em>supra</em></strong></span> <span class='ocrx_word' id='word_1_628' title='bbox 3546 3241 3696 3292; x_wconf 84' lang='grc'><strong>9-15.</strong></span> 
     </span>
    </p>
   </div>
   <div class='ocr_carea' id='block_1_92' title="bbox 2079 3321 3773 3392">
    <p class='ocr_par' dir='ltr' id='par_1_92' title="bbox 2079 3321 3773 3392">
     <span class='ocr_line' id='line_1_92' title="bbox 2079 3321 3773 3392; baseline 0.002 -14"><span class='ocrx_word' id='word_1_629' title='bbox 2079 3325 2165 3378; x_wconf 88' lang='grc'><strong>32.</strong></span> <span class='ocrx_word' id='word_1_630' title='bbox 2221 3321 2378 3377; x_wconf 87' lang='lat' dir='ltr'><strong><em>Liber</em></strong></span> <span class='ocrx_word' id='word_1_631' title='bbox 2428 3322 2830 3377; x_wconf 83' lang='lat' dir='ltr'><strong><em>Sententiarum</em></strong></span> <span class='ocrx_word' id='word_1_632' title='bbox 2881 3339 2924 3376; x_wconf 91' lang='lat' dir='ltr'><strong><em>s.</em></strong></span> <span class='ocrx_word' id='word_1_633' title='bbox 2976 3323 3339 3388; x_wconf 64' lang='lat' dir='ltr'><strong><em>Quwstionum</em></strong></span> <span class='ocrx_word' id='word_1_634' title='bbox 3385 3325 3518 3392; x_wconf 85' lang='lat' dir='ltr'><strong>XXI,</strong></span> <span class='ocrx_word' id='word_1_635' title='bbox 3561 3343 3626 3380; x_wconf 82' lang='lat' dir='ltr'><strong><em>ex</em></strong></span> <span class='ocrx_word' id='word_1_636' title='bbox 3655 3329 3773 3380; x_wconf 81' lang='lat' dir='ltr'><strong><em>Au-</em></strong></span> 
     </span>
    </p>
   </div>
   <div class='ocr_carea' id='block_1_93' title="bbox 2148 3411 3771 3487">
    <p class='ocr_par' dir='ltr' id='par_1_93' title="bbox 2148 3411 3771 3487">
     <span class='ocr_line' id='line_1_93' title="bbox 2148 3411 3771 3487; baseline 0.002 -21"><span class='ocrx_word' id='word_1_637' title='bbox 2148 3415 2363 3480; x_wconf 87' lang='lat' dir='ltr'><strong><em>gustino</em></strong></span> <span class='ocrx_word' id='word_1_638' title='bbox 2413 3411 2654 3482; x_wconf 89' lang='lat' dir='ltr'><strong><em>aliisque</em></strong></span> <span class='ocrx_word' id='word_1_639' title='bbox 2712 3412 2870 3465; x_wconf 89' lang='lat' dir='ltr'><strong><em>nullo</em></strong></span> <span class='ocrx_word' id='word_1_640' title='bbox 2927 3412 3124 3466; x_wconf 88' lang='lat' dir='ltr'><strong><em>ordine</em></strong></span> <span class='ocrx_word' id='word_1_641' title='bbox 3171 3414 3243 3467; x_wconf 89' lang='lat' dir='ltr'><strong><em>ab</em></strong></span> <span class='ocrx_word' id='word_1_642' title='bbox 3289 3419 3520 3468; x_wconf 90' lang='lat' dir='ltr'><strong><em>auctore</em></strong></span> <span class='ocrx_word' id='word_1_643' title='bbox 3581 3416 3771 3487; x_wconf 90' lang='lat' dir='ltr'><strong><em>aliquo</em></strong></span> 
     </span>
    </p>
   </div>
   <div class='ocr_carea' id='block_1_94' title="bbox 2147 3500 3770 3571">
    <p class='ocr_par' dir='ltr' id='par_1_94' title="bbox 2147 3500 3770 3571">
     <span class='ocr_line' id='line_1_94' title="bbox 2147 3500 3770 3571; baseline 0.004 -16"><span class='ocrx_word' id='word_1_644' title='bbox 2147 3500 2576 3571; x_wconf 81' lang='lat' dir='ltr'><strong><em>imperitissimo</em></strong></span> <span class='ocrx_word' id='word_1_645' title='bbox 2635 3500 3020 3555; x_wconf 86' lang='lat' dir='ltr'><strong><em>collectarum.</em></strong></span> <span class='ocrx_word' id='word_1_646' title='bbox 3082 3502 3230 3570; x_wconf 89' lang='lat' dir='ltr'><strong><em>Exst,</em></strong></span> <span class='ocrx_word' id='word_1_647' title='bbox 3272 3502 3332 3556; x_wconf 92' lang='lat' dir='ltr'><strong><em>in</em></strong></span> <span class='ocrx_word' id='word_1_648' title='bbox 3387 3504 3520 3558; x_wconf 87' lang='lat' dir='ltr'><strong><em>edit.</em></strong></span> <span class='ocrx_word' id='word_1_649' title='bbox 3555 3507 3770 3560; x_wconf 87' lang='lat' dir='ltr'><strong><em>Erasm.</em></strong></span> 
     </span>
    </p>
   </div>
   <div class='ocr_carea' id='block_1_95' title="bbox 2146 3589 3610 3663">
    <p class='ocr_par' dir='ltr' id='par_1_95' title="bbox 2146 3589 3610 3663">
     <span class='ocr_line' id='line_1_95' title="bbox 2146 3589 3610 3663; baseline 0.001 -19"><span class='ocrx_word' id='word_1_650' title='bbox 2146 3595 2201 3644; x_wconf 90' lang='lat' dir='ltr'><strong><em>et</em></strong></span> <span class='ocrx_word' id='word_1_651' title='bbox 2222 3592 2424 3645; x_wconf 88' lang='lat' dir='ltr'><strong><em>Lovan.</em></strong></span> <span class='ocrx_word' id='word_1_652' title='bbox 2453 3593 2596 3643; x_wconf 91' lang='lat' dir='ltr'><strong><em>tom.</em></strong></span> <span class='ocrx_word' id='word_1_653' title='bbox 2637 3590 2704 3642; x_wconf 92' lang='lat' dir='ltr'><strong><em>IV</em></strong></span> <span class='ocrx_word' id='word_1_654' title='bbox 2725 3589 2784 3642; x_wconf 90' lang='lat' dir='ltr'><strong><em>in</em></strong></span> <span class='ocrx_word' id='word_1_655' title='bbox 2815 3590 3084 3660; x_wconf 88' lang='lat' dir='ltr'><strong><em>append.,</em></strong></span> <span class='ocrx_word' id='word_1_656' title='bbox 3113 3590 3213 3644; x_wconf 90' lang='lat' dir='ltr'><strong><em>ubi</em></strong></span> <span class='ocrx_word' id='word_1_657' title='bbox 3251 3595 3306 3644; x_wconf 93' lang='lat' dir='ltr'><strong><em>et</em></strong></span> <span class='ocrx_word' id='word_1_658' title='bbox 3346 3607 3610 3663; x_wconf 89' lang='lat' dir='ltr'><strong><em>sequens.</em></strong></span> 
     </span>
    </p>
   </div>
   <div class='ocr_carea' id='block_1_96' title="bbox 2079 3678 3774 3748">
    <p class='ocr_par' dir='ltr' id='par_1_96' title="bbox 2079 3678 3774 3748">
     <span class='ocr_line' id='line_1_96' title="bbox 2079 3678 3774 3748; baseline 0 -14"><span class='ocrx_word' id='word_1_659' title='bbox 2079 3681 2166 3734; x_wconf 88' lang='lat'><strong><em>33.</em></strong></span> <span class='ocrx_word' id='word_1_660' title='bbox 2221 3679 2583 3745; x_wconf 74' lang='lat' dir='ltr'><strong><em>Quaestionum</em></strong></span> <span class='ocrx_word' id='word_1_661' title='bbox 2627 3678 2756 3731; x_wconf 87' lang='lat' dir='ltr'><strong><em>LXV</em></strong></span> <span class='ocrx_word' id='word_1_662' title='bbox 2819 3678 3081 3744; x_wconf 87' lang='lat' dir='ltr'><strong><em>Dialogus</em></strong></span> <span class='ocrx_word' id='word_1_663' title='bbox 3138 3695 3207 3733; x_wconf 80' lang='lat' dir='ltr'><strong><em>ex</em></strong></span> <span class='ocrx_word' id='word_1_664' title='bbox 3251 3679 3423 3734; x_wconf 84' lang='lat' dir='ltr'><strong><em>variis</em></strong></span> <span class='ocrx_word' id='word_1_665' title='bbox 3470 3681 3774 3748; x_wconf 78' lang='lat' dir='ltr'><strong><em>Augustini</em></strong></span> 
     </span>
    </p>
   </div>
   <div class='ocr_carea' id='block_1_97' title="bbox 2151 3766 3241 3836">
    <p class='ocr_par' dir='ltr' id='par_1_97' title="bbox 2151 3766 3241 3836">
     <span class='ocr_line' id='line_1_97' title="bbox 2151 3766 3241 3836; baseline 0 -16"><span class='ocrx_word' id='word_1_666' title='bbox 2151 3766 2308 3820; x_wconf 90' lang='lat' dir='ltr'><strong><em>libris</em></strong></span> <span class='ocrx_word' id='word_1_667' title='bbox 2339 3767 2651 3820; x_wconf 82' lang='lat' dir='ltr'><strong><em>maximam</em></strong></span> <span class='ocrx_word' id='word_1_668' title='bbox 2678 3771 2901 3836; x_wconf 83' lang='lat' dir='ltr'><strong><em>partem</em></strong></span> <span class='ocrx_word' id='word_1_669' title='bbox 2923 3771 3241 3836; x_wconf 86' lang='lat' dir='ltr'><strong><em>congestus.</em></strong></span> 
     </span>
    </p>
   </div>
   <div class='ocr_carea' id='block_1_98' title="bbox 2080 3853 3777 3924">
    <p class='ocr_par' dir='ltr' id='par_1_98' title="bbox 2080 3853 3777 3924">
     <span class='ocr_line' id='line_1_98' title="bbox 2080 3853 3777 3924; baseline 0 -16"><span class='ocrx_word' id='word_1_670' title='bbox 2080 3856 2166 3908; x_wconf 67' lang='grc'><strong>34.</strong></span> <span class='ocrx_word' id='word_1_671' title='bbox 2199 3855 2361 3908; x_wconf 87' lang='lat' dir='ltr'><strong><em>Liber</em></strong></span> <span class='ocrx_word' id='word_1_672' title='bbox 2393 3855 2458 3907; x_wconf 90' lang='lat' dir='ltr'><strong><em>de</em></strong></span> <span class='ocrx_word' id='word_1_673' title='bbox 2483 3854 2614 3908; x_wconf 88' lang='lat' dir='ltr'><strong><em>Fide</em></strong></span> <span class='ocrx_word' id='word_1_674' title='bbox 2643 3853 2714 3907; x_wconf 90' lang='lat' dir='ltr'><strong><em>ad</em></strong></span> <span class='ocrx_word' id='word_1_675' title='bbox 2769 3856 2985 3909; x_wconf 86' lang='lat' dir='ltr'><strong><em>Petrum</em></strong></span> <span class='ocrx_word' id='word_1_676' title='bbox 3044 3855 3372 3924; x_wconf 88' lang='lat' dir='ltr'><strong><em>diaconum,</em></strong></span> <span class='ocrx_word' id='word_1_677' title='bbox 3435 3856 3570 3912; x_wconf 91' lang='lat' dir='ltr'><strong><em>olim</em></strong></span> <span class='ocrx_word' id='word_1_678' title='bbox 3627 3857 3777 3910; x_wconf 83' lang='lat' dir='ltr'><strong><em>inter</em></strong></span> 
     </span>
    </p>
   </div>
   <div class='ocr_carea' id='block_1_99' title="bbox 2149 3942 3776 4016">
    <p class='ocr_par' dir='ltr' id='par_1_99' title="bbox 2149 3942 3776 4016">
     <span class='ocr_line' id='line_1_99' title="bbox 2149 3942 3776 4016; baseline 0.001 -19"><span class='ocrx_word' id='word_1_679' title='bbox 2149 3960 2322 4014; x_wconf 88' lang='lat' dir='ltr'><strong><em>opera</em></strong></span> <span class='ocrx_word' id='word_1_680' title='bbox 2361 3942 2666 4013; x_wconf 83' lang='lat' dir='ltr'><strong><em>Augustini</em></strong></span> <span class='ocrx_word' id='word_1_681' title='bbox 2719 3942 3048 4013; x_wconf 87' lang='lat' dir='ltr'><strong><em>impressus,</em></strong></span> <span class='ocrx_word' id='word_1_682' title='bbox 3102 3945 3174 3999; x_wconf 89' lang='lat' dir='ltr'><strong><em>ab</em></strong></span> <span class='ocrx_word' id='word_1_683' title='bbox 3229 3947 3459 4003; x_wconf 88' lang='lat' dir='ltr'><strong><em>Erasmo</em></strong></span> <span class='ocrx_word' id='word_1_684' title='bbox 3496 3962 3628 4000; x_wconf 80' lang='lat' dir='ltr'><strong><em>vero</em></strong></span> <span class='ocrx_word' id='word_1_685' title='bbox 3659 3944 3776 4016; x_wconf 91' lang='lat' dir='ltr'><strong><em>pri-</em></strong></span> 
     </span>
    </p>
   </div>
   <div class='ocr_carea' id='block_1_100' title="bbox 2149 4030 3772 4107">
    <p class='ocr_par' dir='ltr' id='par_1_100' title="bbox 2149 4030 3772 4107">
     <span class='ocr_line' id='line_1_100' title="bbox 2149 4030 3772 4107; baseline 0.001 -21"><span class='ocrx_word' id='word_1_686' title='bbox 2149 4048 2311 4086; x_wconf 89' lang='lat' dir='ltr'><strong><em>mum</em></strong></span> <span class='ocrx_word' id='word_1_687' title='bbox 2342 4031 2394 4085; x_wconf 88' lang='lat' dir='ltr'><strong><em>ei</em></strong></span> <span class='ocrx_word' id='word_1_688' title='bbox 2423 4030 2821 4101; x_wconf 69' lang='lat' dir='ltr'><strong><em>;abjudicatus.</em></strong></span> <span class='ocrx_word' id='word_1_689' title='bbox 2853 4033 3127 4100; x_wconf 86' lang='lat' dir='ltr'><strong><em>Fulgentii</em></strong></span> <span class='ocrx_word' id='word_1_690' title='bbox 3175 4039 3261 4089; x_wconf 87' lang='lat' dir='ltr'><strong><em>est</em></strong></span> <span class='ocrx_word' id='word_1_691' title='bbox 3292 4035 3604 4107; x_wconf 83' lang='lat' dir='ltr'><strong><em>Ruspensis</em></strong></span> <span class='ocrx_word' id='word_1_692' title='bbox 3659 4033 3772 4104; x_wconf 70' lang='lat' dir='ltr'><strong><em>epi-</em></strong></span> 
     </span>
    </p>
   </div>
   <div class='ocr_carea' id='block_1_101' title="bbox 2151 4119 3776 4192">
    <p class='ocr_par' dir='ltr' id='par_1_101' title="bbox 2151 4119 3776 4192">
     <span class='ocr_line' id='line_1_101' title="bbox 2151 4119 3776 4192; baseline 0.001 -17"><span class='ocrx_word' id='word_1_693' title='bbox 2151 4120 2324 4192; x_wconf 79' lang='lat' dir='ltr'><strong><em>scapi.</em></strong></span> <span class='ocrx_word' id='word_1_694' title='bbox 2361 4122 2516 4175; x_wconf 85' lang='lat' dir='ltr'><strong><em>Exst.</em></strong></span> <span class='ocrx_word' id='word_1_695' title='bbox 2558 4119 2621 4174; x_wconf 90' lang='lat' dir='ltr'><strong><em>in</em></strong></span> <span class='ocrx_word' id='word_1_696' title='bbox 2677 4120 2763 4176; x_wconf 90' lang='lat' dir='ltr'><strong><em>ed.</em></strong></span> <span class='ocrx_word' id='word_1_697' title='bbox 2797 4123 3011 4178; x_wconf 88' lang='lat' dir='ltr'><strong><em>Erasm.</em></strong></span> <span class='ocrx_word' id='word_1_698' title='bbox 3066 4126 3122 4178; x_wconf 93' lang='lat' dir='ltr'><strong><em>et</em></strong></span> <span class='ocrx_word' id='word_1_699' title='bbox 3169 4125 3371 4180; x_wconf 86' lang='lat' dir='ltr'><strong><em>Lovan.</em></strong></span> <span class='ocrx_word' id='word_1_700' title='bbox 3430 4128 3572 4179; x_wconf 89' lang='lat' dir='ltr'><strong><em>tom.</em></strong></span> <span class='ocrx_word' id='word_1_701' title='bbox 3606 4124 3683 4178; x_wconf 92' lang='lat' dir='ltr'><strong><em>III</em></strong></span> <span class='ocrx_word' id='word_1_702' title='bbox 3715 4122 3776 4176; x_wconf 91' lang='lat' dir='ltr'><strong><em>in</em></strong></span> 
     </span>
    </p>
   </div>
   <div class='ocr_carea' id='block_1_102' title="bbox 2151 4207 2940 4281">
    <p class='ocr_par' dir='ltr' id='par_1_102' title="bbox 2151 4207 2940 4281">
     <span class='ocr_line' id='line_1_102' title="bbox 2151 4207 2940 4281; baseline 0.003 -18"><span class='ocrx_word' id='word_1_703' title='bbox 2151 4208 2434 4279; x_wconf 89' lang='lat' dir='ltr'><strong><em>append.,</em></strong></span> <span class='ocrx_word' id='word_1_704' title='bbox 2467 4207 2566 4262; x_wconf 92' lang='lat' dir='ltr'><strong><em>ubi</em></strong></span> <span class='ocrx_word' id='word_1_705' title='bbox 2596 4213 2653 4263; x_wconf 90' lang='lat' dir='ltr'><strong><em>et</em></strong></span> <span class='ocrx_word' id='word_1_706' title='bbox 2677 4225 2940 4281; x_wconf 90' lang='lat' dir='ltr'><strong><em>sequens.</em></strong></span> 
     </span>
    </p>
   </div>
   <div class='ocr_carea' id='block_1_103' title="bbox 2008 4276 3776 4370">
    <p class='ocr_par' dir='ltr' id='par_1_103' title="bbox 2008 4276 3776 4370">
     <span class='ocr_line' id='line_1_103' title="bbox 2008 4276 3776 4370; baseline -0.001 -18"><span class='ocrx_word' id='word_1_707' title='bbox 2008 4276 2052 4332; x_wconf 82' lang='grc' dir='ltr'><strong>Ῑ)</strong></span> <span class='ocrx_word' id='word_1_708' title='bbox 2081 4276 2299 4352; x_wconf 45' lang='lat' dir='ltr'><strong><em>35.nDe</em></strong></span> <span class='ocrx_word' id='word_1_709' title='bbox 2339 4299 2559 4370; x_wconf 80' lang='lat' dir='ltr'><strong><em>Spiritu</em></strong></span> <span class='ocrx_word' id='word_1_710' title='bbox 2609 4303 2662 4352; x_wconf 89' lang='lat' dir='ltr'><strong><em>et</em></strong></span> <span class='ocrx_word' id='word_1_711' title='bbox 2717 4276 2930 4355; x_wconf 48' lang='lat' dir='ltr'><strong><em>Anima</em></strong></span> <span class='ocrx_word' id='word_1_712' title='bbox 2983 4299 3148 4354; x_wconf 88' lang='lat' dir='ltr'><strong><em>liber.</em></strong></span> <span class='ocrx_word' id='word_1_713' title='bbox 3191 4298 3454 4354; x_wconf 82' lang='lat' dir='ltr'><strong><em>Continet</em></strong></span> <span class='ocrx_word' id='word_1_714' title='bbox 3507 4297 3667 4352; x_wconf 90' lang='lat' dir='ltr'><strong><em>Dicta</em></strong></span> <span class='ocrx_word' id='word_1_715' title='bbox 3719 4301 3776 4352; x_wconf 89' lang='lat' dir='ltr'><strong><em>et</em></strong></span> 
     </span>
    </p>
   </div>
   <div class='ocr_carea' id='block_1_104' title="bbox 2151 4386 3774 4444">
    <p class='ocr_par' dir='ltr' id='par_1_104' title="bbox 2151 4386 3774 4444">
     <span class='ocr_line' id='line_1_104' title="bbox 2151 4386 3774 4444; baseline 0 -2"><span class='ocrx_word' id='word_1_716' title='bbox 2151 4387 2510 4442; x_wconf 89' lang='lat' dir='ltr'><strong><em>Collectanea</em></strong></span> <span class='ocrx_word' id='word_1_717' title='bbox 2564 4404 2634 4442; x_wconf 84' lang='lat' dir='ltr'><strong><em>ex</em></strong></span> <span class='ocrx_word' id='word_1_718' title='bbox 2665 4389 2860 4444; x_wconf 84' lang='lat' dir='ltr'><strong><em>multis</em></strong></span> <span class='ocrx_word' id='word_1_719' title='bbox 2915 4392 2969 4443; x_wconf 88' lang='lat' dir='ltr'><strong><em>et</em></strong></span> <span class='ocrx_word' id='word_1_720' title='bbox 2997 4387 3233 4442; x_wconf 82' lang='lat' dir='ltr'><strong><em>diversis</em></strong></span> <span class='ocrx_word' id='word_1_721' title='bbox 3291 4386 3617 4441; x_wconf 89' lang='lat' dir='ltr'><strong><em>auctoribus</em></strong></span> <span class='ocrx_word' id='word_1_722' title='bbox 3673 4403 3774 4442; x_wconf 86' lang='lat' dir='ltr'><strong><em>ex-</em></strong></span> 
     </span>
    </p>
   </div>
   <div class='ocr_carea' id='block_1_105' title="bbox 2151 4475 2379 4546">
    <p class='ocr_par' dir='ltr' id='par_1_105' title="bbox 2151 4475 2379 4546">
     <span class='ocr_line' id='line_1_105' title="bbox 2151 4475 2379 4546; baseline 0.004 -17"><span class='ocrx_word' id='word_1_723' title='bbox 2151 4475 2379 4546; x_wconf 89' lang='lat' dir='ltr'><strong><em>scripta.</em></strong></span> 
     </span>
    </p>
   </div>
   <div class='ocr_carea' id='block_1_106' title="bbox 2079 4563 3776 4634">
    <p class='ocr_par' dir='ltr' id='par_1_106' title="bbox 2079 4563 3776 4634">
     <span class='ocr_line' id='line_1_106' title="bbox 2079 4563 3776 4634; baseline 0 -14"><span class='ocrx_word' id='word_1_724' title='bbox 2079 4567 2166 4620; x_wconf 89' lang='lat'><strong><em>36.</em></strong></span> <span class='ocrx_word' id='word_1_725' title='bbox 2199 4566 2283 4618; x_wconf 92' lang='lat' dir='ltr'><strong><em>De</em></strong></span> <span class='ocrx_word' id='word_1_726' title='bbox 2310 4566 2592 4620; x_wconf 88' lang='lat' dir='ltr'><strong><em>Amicitia.</em></strong></span> <span class='ocrx_word' id='word_1_727' title='bbox 2628 4564 2868 4618; x_wconf 89' lang='lat' dir='ltr'><strong><em>Nonnisi</em></strong></span> <span class='ocrx_word' id='word_1_728' title='bbox 2900 4563 3162 4634; x_wconf 89' lang='lat' dir='ltr'><strong><em>Epitome</em></strong></span> <span class='ocrx_word' id='word_1_729' title='bbox 3191 4567 3277 4618; x_wconf 89' lang='lat' dir='ltr'><strong><em>est</em></strong></span> <span class='ocrx_word' id='word_1_730' title='bbox 3293 4563 3470 4618; x_wconf 89' lang='lat' dir='ltr'><strong><em>trium</em></strong></span> <span class='ocrx_word' id='word_1_731' title='bbox 3491 4563 3776 4620; x_wconf 88' lang='lat' dir='ltr'><strong><em>librorum</em></strong></span> 
     </span>
    </p>
   </div>
   <div class='ocr_carea' id='block_1_107' title="bbox 2147 4651 3773 4724">
    <p class='ocr_par' dir='ltr' id='par_1_107' title="bbox 2147 4651 3773 4724">
     <span class='ocr_line' id='line_1_107' title="bbox 2147 4651 3773 4724; baseline 0.001 -17"><span class='ocrx_word' id='word_1_732' title='bbox 2147 4653 2358 4708; x_wconf 65' lang='lat' dir='ltr'><strong><em>Ailredi</em></strong></span> <span class='ocrx_word' id='word_1_733' title='bbox 2405 4651 2773 4708; x_wconf 84' lang='lat' dir='ltr'><strong><em>Rievallensis</em></strong></span> <span class='ocrx_word' id='word_1_734' title='bbox 2824 4652 2892 4706; x_wconf 91' lang='lat' dir='ltr'><strong><em>de</em></strong></span> <span class='ocrx_word' id='word_1_735' title='bbox 2948 4651 3153 4706; x_wconf 88' lang='lat' dir='ltr'><strong><em>eodem</em></strong></span> <span class='ocrx_word' id='word_1_736' title='bbox 3183 4653 3564 4724; x_wconf 64' lang='lat' dir='ltr'><strong><em>{argumento</em></strong></span> <span class='ocrx_word' id='word_1_737' title='bbox 3623 4654 3773 4709; x_wconf 87' lang='lat' dir='ltr'><strong><em>Exst.</em></strong></span> 
     </span>
    </p>
   </div>
   <div class='ocr_carea' id='block_1_108' title="bbox 2149 4739 3777 4811">
    <p class='ocr_par' dir='ltr' id='par_1_108' title="bbox 2149 4739 3777 4811">
     <span class='ocr_line' id='line_1_108' title="bbox 2149 4739 3777 4811; baseline 0.001 -18"><span class='ocrx_word' id='word_1_738' title='bbox 2149 4739 2212 4793; x_wconf 90' lang='lat' dir='ltr'><strong><em>in</em></strong></span> <span class='ocrx_word' id='word_1_739' title='bbox 2237 4740 2323 4794; x_wconf 89' lang='lat' dir='ltr'><strong><em>ed.</em></strong></span> <span class='ocrx_word' id='word_1_740' title='bbox 2372 4743 2588 4793; x_wconf 86' lang='lat' dir='ltr'><strong><em>Erasm.</em></strong></span> <span class='ocrx_word' id='word_1_741' title='bbox 2645 4743 2703 4793; x_wconf 92' lang='lat' dir='ltr'><strong><em>et</em></strong></span> <span class='ocrx_word' id='word_1_742' title='bbox 2727 4740 2936 4795; x_wconf 87' lang='lat' dir='ltr'><strong><em>Lovan.</em></strong></span> <span class='ocrx_word' id='word_1_743' title='bbox 2975 4743 3114 4794; x_wconf 88' lang='lat' dir='ltr'><strong><em>tom.</em></strong></span> <span class='ocrx_word' id='word_1_744' title='bbox 3150 4740 3220 4794; x_wconf 89' lang='lat' dir='ltr'><strong><em>IV</em></strong></span> <span class='ocrx_word' id='word_1_745' title='bbox 3241 4739 3303 4794; x_wconf 92' lang='lat' dir='ltr'><strong><em>in</em></strong></span> <span class='ocrx_word' id='word_1_746' title='bbox 3353 4740 3624 4811; x_wconf 89' lang='lat' dir='ltr'><strong><em>append.,</em></strong></span> <span class='ocrx_word' id='word_1_747' title='bbox 3677 4740 3777 4795; x_wconf 90' lang='lat' dir='ltr'><strong><em>ubi</em></strong></span> 
     </span>
    </p>
   </div>
   <div class='ocr_carea' id='block_1_109' title="bbox 2149 4831 2496 4897">
    <p class='ocr_par' dir='ltr' id='par_1_109' title="bbox 2149 4831 2496 4897">
     <span class='ocr_line' id='line_1_109' title="bbox 2149 4831 2496 4897; baseline 0 -17"><span class='ocrx_word' id='word_1_748' title='bbox 2149 4831 2206 4881; x_wconf 92' lang='lat' dir='ltr'><strong><em>et</em></strong></span> <span class='ocrx_word' id='word_1_749' title='bbox 2230 4843 2496 4897; x_wconf 89' lang='lat' dir='ltr'><strong><em>sequens.</em></strong></span> 
     </span>
    </p>
   </div>
   <div class='ocr_carea' id='block_1_110' title="bbox 2079 4916 3773 4973">
    <p class='ocr_par' dir='ltr' id='par_1_110' title="bbox 2079 4916 3773 4973">
     <span class='ocr_line' id='line_1_110' title="bbox 2079 4916 3773 4973; baseline 0 -1"><span class='ocrx_word' id='word_1_750' title='bbox 2079 4919 2164 4972; x_wconf 86' lang='lat'><strong><em>37.</em></strong></span> <span class='ocrx_word' id='word_1_751' title='bbox 2195 4919 2268 4970; x_wconf 91' lang='lat' dir='ltr'><strong><em>De</em></strong></span> <span class='ocrx_word' id='word_1_752' title='bbox 2298 4916 2618 4971; x_wconf 89' lang='lat' dir='ltr'><strong><em>Substantia</em></strong></span> <span class='ocrx_word' id='word_1_753' title='bbox 2646 4917 2950 4972; x_wconf 87' lang='lat' dir='ltr'><strong><em>dilectionis</em></strong></span> <span class='ocrx_word' id='word_1_754' title='bbox 2978 4920 3029 4971; x_wconf 89' lang='lat' dir='ltr'><strong><em>et</em></strong></span> <span class='ocrx_word' id='word_1_755' title='bbox 3057 4918 3257 4972; x_wconf 88' lang='lat' dir='ltr'><strong><em>amoris</em></strong></span> <span class='ocrx_word' id='word_1_756' title='bbox 3311 4917 3473 4973; x_wconf 91' lang='lat' dir='ltr'><strong><em>liber.</em></strong></span> <span class='ocrx_word' id='word_1_757' title='bbox 3533 4919 3654 4973; x_wconf 93' lang='lat' dir='ltr'><strong><em>Duo</em></strong></span> <span class='ocrx_word' id='word_1_758' title='bbox 3703 4917 3773 4972; x_wconf 90' lang='lat' dir='ltr'><strong><em>li-</em></strong></span> 
     </span>
    </p>
   </div>
   <div class='ocr_carea' id='block_1_111' title="bbox 2151 5005 3502 5078">
    <p class='ocr_par' dir='ltr' id='par_1_111' title="bbox 2151 5005 3502 5078">
     <span class='ocr_line' id='line_1_111' title="bbox 2151 5005 3502 5078; baseline 0 -16"><span class='ocrx_word' id='word_1_759' title='bbox 2151 5005 2239 5062; x_wconf 89' lang='lat' dir='ltr'><strong><em>bri</em></strong></span> <span class='ocrx_word' id='word_1_760' title='bbox 2271 5005 2331 5060; x_wconf 89' lang='lat' dir='ltr'><strong><em>in</em></strong></span> <span class='ocrx_word' id='word_1_761' title='bbox 2357 5022 2540 5060; x_wconf 89' lang='lat' dir='ltr'><strong><em>unum</em></strong></span> <span class='ocrx_word' id='word_1_762' title='bbox 2569 5006 2810 5062; x_wconf 81' lang='lat' dir='ltr'><strong><em>confusi.</em></strong></span> <span class='ocrx_word' id='word_1_763' title='bbox 2843 5009 3114 5061; x_wconf 90' lang='lat' dir='ltr'><strong><em>Auctores</em></strong></span> <span class='ocrx_word' id='word_1_764' title='bbox 3141 5006 3502 5078; x_wconf 83' lang='lat' dir='ltr'><strong><em>ignorantur.</em></strong></span> 
     </span>
    </p>
   </div>
   <div class='ocr_carea' id='block_1_112' title="bbox 2082 5095 3780 5168">
    <p class='ocr_par' dir='ltr' id='par_1_112' title="bbox 2082 5095 3780 5168">
     <span class='ocr_line' id='line_1_112' title="bbox 2082 5095 3780 5168; baseline -0.002 -15"><span class='ocrx_word' id='word_1_765' title='bbox 2082 5099 2168 5153; x_wconf 89' lang='lat'><strong><em>38.</em></strong></span> <span class='ocrx_word' id='word_1_766' title='bbox 2204 5095 2287 5151; x_wconf 91' lang='lat' dir='ltr'><strong><em>De</em></strong></span> <span class='ocrx_word' id='word_1_767' title='bbox 2316 5095 2587 5164; x_wconf 86' lang='lat' dir='ltr'><strong><em>diligendo</em></strong></span> <span class='ocrx_word' id='word_1_768' title='bbox 2637 5099 2737 5150; x_wconf 84' lang='lat' dir='ltr'><strong><em>Deo</em></strong></span> <span class='ocrx_word' id='word_1_769' title='bbox 2768 5095 2932 5158; x_wconf 88' lang='lat' dir='ltr'><strong><em>liber,</em></strong></span> <span class='ocrx_word' id='word_1_770' title='bbox 2968 5095 3068 5168; x_wconf 88' lang='lat' dir='ltr'><strong><em>qui</em></strong></span> <span class='ocrx_word' id='word_1_771' title='bbox 3124 5101 3180 5151; x_wconf 89' lang='lat' dir='ltr'><strong><em>et</em></strong></span> <span class='ocrx_word' id='word_1_772' title='bbox 3224 5097 3638 5152; x_wconf 86' lang='lat' dir='ltr'><strong><em>Meditationum</em></strong></span> <span class='ocrx_word' id='word_1_773' title='bbox 3693 5095 3780 5150; x_wconf 91' lang='lat' dir='ltr'><strong><em>in-</em></strong></span> 
     </span>
    </p>
   </div>
   <div class='ocr_carea' id='block_1_113' title="bbox 2152 5185 3780 5252">
    <p class='ocr_par' dir='ltr' id='par_1_113' title="bbox 2152 5185 3780 5252">
     <span class='ocr_line' id='line_1_113' title="bbox 2152 5185 3780 5252; baseline 0.001 -12"><span class='ocrx_word' id='word_1_774' title='bbox 2152 5185 2436 5241; x_wconf 86' lang='lat' dir='ltr'><strong><em>scribitur.</em></strong></span> <span class='ocrx_word' id='word_1_775' title='bbox 2488 5185 2777 5240; x_wconf 87' lang='lat' dir='ltr'><strong><em>Conﬂatns</em></strong></span> <span class='ocrx_word' id='word_1_776' title='bbox 2814 5190 2900 5239; x_wconf 89' lang='lat' dir='ltr'><strong><em>est</em></strong></span> <span class='ocrx_word' id='word_1_777' title='bbox 2929 5185 3068 5239; x_wconf 89' lang='lat' dir='ltr'><strong><em>item</em></strong></span> <span class='ocrx_word' id='word_1_778' title='bbox 3098 5203 3166 5240; x_wconf 87' lang='lat' dir='ltr'><strong><em>ex</em></strong></span> <span class='ocrx_word' id='word_1_779' title='bbox 3197 5186 3366 5241; x_wconf 85' lang='lat' dir='ltr'><strong><em>variis</em></strong></span> <span class='ocrx_word' id='word_1_780' title='bbox 3396 5186 3554 5240; x_wconf 87' lang='lat' dir='ltr'><strong><em>libris</em></strong></span> <span class='ocrx_word' id='word_1_781' title='bbox 3603 5187 3780 5252; x_wconf 87' lang='lat' dir='ltr'><strong><em>Hugo-</em></strong></span> 
     </span>
    </p>
   </div>
   <div class='ocr_carea' id='block_1_114' title="bbox 2149 5273 3774 5338">
    <p class='ocr_par' dir='ltr' id='par_1_114' title="bbox 2149 5273 3774 5338">
     <span class='ocr_line' id='line_1_114' title="bbox 2149 5273 3774 5338; baseline -0.002 -8"><span class='ocrx_word' id='word_1_782' title='bbox 2149 5278 2236 5330; x_wconf 87' lang='lat' dir='ltr'><strong><em>nis</em></strong></span> <span class='ocrx_word' id='word_1_783' title='bbox 2287 5277 2579 5338; x_wconf 83' lang='lat' dir='ltr'><strong><em>Victorini,</em></strong></span> <span class='ocrx_word' id='word_1_784' title='bbox 2637 5274 2909 5330; x_wconf 85' lang='lat' dir='ltr'><strong><em>Bernardi</em></strong></span> <span class='ocrx_word' id='word_1_785' title='bbox 2956 5279 3012 5328; x_wconf 86' lang='lat' dir='ltr'><strong><em>et</em></strong></span> <span class='ocrx_word' id='word_1_786' title='bbox 3059 5277 3312 5331; x_wconf 75' lang='lat' dir='ltr'><strong><em>Anselmi</em></strong></span> <span class='ocrx_word' id='word_1_787' title='bbox 3374 5275 3520 5328; x_wconf 88' lang='lat' dir='ltr'><strong><em>Exst.</em></strong></span> <span class='ocrx_word' id='word_1_788' title='bbox 3569 5273 3633 5328; x_wconf 89' lang='lat' dir='ltr'><strong><em>in</em></strong></span> <span class='ocrx_word' id='word_1_789' title='bbox 3685 5273 3774 5328; x_wconf 92' lang='lat' dir='ltr'><strong><em>ed.</em></strong></span> 
     </span>
    </p>
   </div>
   <div class='ocr_carea' id='block_1_115' title="bbox 2148 5362 3778 5435">
    <p class='ocr_par' dir='ltr' id='par_1_115' title="bbox 2148 5362 3778 5435">
     <span class='ocr_line' id='line_1_115' title="bbox 2148 5362 3778 5435; baseline -0.001 -17"><span class='ocrx_word' id='word_1_790' title='bbox 2148 5365 2365 5419; x_wconf 86' lang='lat' dir='ltr'><strong><em>Erasm.</em></strong></span> <span class='ocrx_word' id='word_1_791' title='bbox 2415 5365 2471 5417; x_wconf 89' lang='lat' dir='ltr'><strong><em>et</em></strong></span> <span class='ocrx_word' id='word_1_792' title='bbox 2520 5364 2726 5418; x_wconf 81' lang='lat' dir='ltr'><strong><em>Lovan.</em></strong></span> <span class='ocrx_word' id='word_1_793' title='bbox 2760 5366 2914 5433; x_wconf 78' lang='lat' dir='ltr'><strong><em>tom.</em></strong></span> <span class='ocrx_word' id='word_1_794' title='bbox 2948 5362 3015 5419; x_wconf 88' lang='lat' dir='ltr'><strong><em>IX</em></strong></span> <span class='ocrx_word' id='word_1_795' title='bbox 3048 5362 3112 5419; x_wconf 90' lang='lat' dir='ltr'><strong><em>in</em></strong></span> <span class='ocrx_word' id='word_1_796' title='bbox 3141 5362 3413 5435; x_wconf 87' lang='lat' dir='ltr'><strong><em>append.,</em></strong></span> <span class='ocrx_word' id='word_1_797' title='bbox 3466 5378 3649 5434; x_wconf 89' lang='lat' dir='ltr'><strong><em>usque</em></strong></span> <span class='ocrx_word' id='word_1_798' title='bbox 3706 5362 3778 5417; x_wconf 86' lang='lat' dir='ltr'><strong><em>ad</em></strong></span> 
     </span>
    </p>
   </div>
   <div class='ocr_carea' id='block_1_116' title="bbox 2151 5453 2327 5508">
    <p class='ocr_par' dir='ltr' id='par_1_116' title="bbox 2151 5453 2327 5508">
     <span class='ocr_line' id='line_1_116' title="bbox 2151 5453 2327 5508; baseline 0 -2"><span class='ocrx_word' id='word_1_799' title='bbox 2151 5467 2211 5508; x_wconf 89' lang='lat' dir='ltr'><strong><em>n.</em></strong></span> <span class='ocrx_word' id='word_1_800' title='bbox 2238 5453 2327 5508; x_wconf 85' lang='grc'><strong><em>48.</em></strong></span> 
     </span>
    </p>
   </div>
   <div class='ocr_carea' id='block_1_117' title="bbox 2083 5539 3777 5613">
    <p class='ocr_par' dir='ltr' id='par_1_117' title="bbox 2083 5539 3777 5613">
     <span class='ocr_line' id='line_1_117' title="bbox 2083 5539 3777 5613; baseline -0.001 -17"><span class='ocrx_word' id='word_1_801' title='bbox 2083 5542 2170 5598; x_wconf 87' lang='lat'><strong><em>39.</em></strong></span> <span class='ocrx_word' id='word_1_802' title='bbox 2200 5541 2558 5613; x_wconf 85' lang='lat' dir='ltr'><strong><em>Soliloquium</em></strong></span> <span class='ocrx_word' id='word_1_803' title='bbox 2589 5543 2785 5599; x_wconf 66' lang='lat' dir='ltr'><strong><em>animae</em></strong></span> <span class='ocrx_word' id='word_1_804' title='bbox 2812 5541 2888 5599; x_wconf 88' lang='lat' dir='ltr'><strong><em>ad</em></strong></span> <span class='ocrx_word' id='word_1_805' title='bbox 2935 5544 3121 5605; x_wconf 82' lang='lat' dir='ltr'><strong><em>Deum,</em></strong></span> <span class='ocrx_word' id='word_1_806' title='bbox 3189 5539 3352 5596; x_wconf 88' lang='lat' dir='ltr'><strong><em>liber.</em></strong></span> <span class='ocrx_word' id='word_1_807' title='bbox 3411 5540 3497 5596; x_wconf 86' lang='lat' dir='ltr'><strong><em>Ab</em></strong></span> <span class='ocrx_word' id='word_1_808' title='bbox 3547 5544 3777 5596; x_wconf 85' lang='lat' dir='ltr'><strong><em>auctore</em></strong></span> 
     </span>
    </p>
   </div>
  </div>
