4044 6190
223 304 273 356 37
1221 284 1497 341 NOTITIA
1538 284 1958 340 LlTTERARIA
1997 286 2064 339 IN
2105 285 2159 338 S.
2207 284 2678 339 AUGUSTINUM.
3645 290 3710 339 38

279 420 476 473 incerto
506 430 574 468 ex
626 411 950 482 Augustino
1001 425 1117 463 non
1172 408 1366 474 modo,
1389 408 1490 462 sed
1546 407 1673 462 aliis
1710 408 1882 462 etiam
1920 417 1963 470 A
2064 410 2380 479 Augustino
2412 410 2665 481 primum
2694 409 2754 463 in
2792 409 3061 463 omnibus
3102 426 3345 480 operum
3376 411 3532 465 illius
3590 411 3708 466 edi-

280 505 610 568 auctoribus,
656 500 837 555 veluti
893 516 961 553 ex
1032 500 1275 566 Hugonis
1336 500 1607 553 Victorini
1654 499 1800 552 libro
1833 498 1897 551 de

283 602 417 653 Arra
443 596 656 647 Anima:
682 584 950 643 collectus
978 632 989 642 .

225 685 730 743 10..11ει1ἱίαίὶοιιωη
770 680 931 732 liber.
992 678 1348 731 Lovanienses
1404 676 1557 731 inter
1615 676 1898 746 genuinos

279 774 562 841 Augustini
618 772 769 824 fetus
826 767 1199 838 reliquerant,
1261 782 1450 837 neque
1502 765 1569 819 de
1628 782 1693 819 eo
1743 766 1899 819 aliud

278 859 798 933 pronuntiaverunt,
849 872 1022 926 quam
1070 855 1222 926 quod
1280 862 1448 908 antea
1504 854 1770 908 dubitans
1818 854 1902 906 in-

280 958 564 1019 certusque
594 950 859 1000 Erasmus
888 946 1122 1008 dixerat,
1156 948 1448 997 auctorem
1480 959 1601 995 esse
1652 944 1739 997 vel
1784 946 1899 995 Au-

282 1041 581 1111 gustinum,
617 1039 706 1090 vel
739 1036 839 1105 qui
866 1036 986 1104 ejus
1025 1036 1203 1087 libros
1234 1050 1349 1087 non
1405 1032 1773 1102 indiligenter
1826 1033 1904 1085 le-

284 1130 461 1200 gisset.
494 1128 772 1181 Collectus
810 1132 894 1177 est
940 1122 1307 1193 potissimum
1359 1138 1427 1176 ex
1474 1123 1720 1175 Anselmi
1774 1121 1904 1174 scri-

286 1220 390 1289 ptis
418 1217 479 1270 ab
510 1220 743 1268 auctore
777 1230 851 1266 xu
884 1229 1035 1278 saec,
1088 1228 1193 1265 nec
1238 1228 1356 1266 non
1407 1228 1474 1264 ex
1518 1210 1755 1269 Joannis
1812 1211 1905 1264 ab-

288 1306 424 1361 batis
454 1303 818 1359 Fiscamensis
844 1318 1045 1372 opere.

228 1398 303 1449 «il.
350 1398 421 1447 De
483 1394 811 1447 Contritione
875 1390 1053 1443 cordis
1132 1388 1293 1442 liber.
1349 1390 1559 1442 Auctor
1639 1404 1772 1441 saec.
1832 1404 1904 1440 xu

288 1480 685 1537 consarcinavit
711 1495 777 1532 ex
806 1480 1057 1533 Anselmi
1099 1482 1154 1531 et
1194 1478 1437 1544 Hugonis
1478 1476 1542 1530 de
1588 1476 1651 1531 S.
1699 1479 1906 1534 Victore

292 1571 563 1642 operibus.

234 1665 305 1716 4‘2.
337 1662 595 1715 Manuale.
659 1657 1011 1730 Opusculum
1062 1672 1130 1709 ex
1175 1654 1343 1708 variis
1388 1653 1807 1724 antiquioribus
1852 1658 1907 1707 et

293 1767 403 1803 saec.
431 1767 484 1802 x1
532 1748 761 1817 scriptis
812 1748 1151 1799 collectum:
1210 1744 1552 1813 Augustino,
1604 1744 1903 1813 Cypriane,

299 1838 540 1908 Gregorio
566 1844 622 1890 et
646 1837 887 1899 Isidoro,
919 1835 1209 1899 Anselmo,
1241 1833 1548 1894 Bernardo,
1584 1839 1689 1886 etc.

252 1931 324 1981 43.
364 1928 626 1995 Speculum
668 1926 782 1977 sive
832 1924 1101 1984 Manuale,
1149 1926 1208 1974 ut
1254 1921 1316 1974 in
1356 1922 1578 1991 aliquot
1620 1919 1910 1974 codicibus

305 2016 639 2069 inscribitur:
673 2018 728 2067 et
779 2013 837 2066 in
872 2013 992 2066 cod.
1037 2011 1176 2064 Bibl.
1242 2010 1726 2063 Hernardinorrm
1758 2009 1911 2062 Pari-
1944 2004 1945 2007 “

300 2107 476 2159 siensis
518 2104 767 2158 habetur
818 2104 924 2156 sub
975 2102 1180 2155 titulo:
1228 2100 1467 2153 Libellus
1515 2100 1793 2152 catholicae
1839 2102 1908 2167 ﬁ-

298 2197 393 2257 dei.
435 2196 793 2264 alterumque
876 2192 1215 2262 adjunctum
1287 2190 1460 2243 habet
1542 2188 1906 2259 opusculum.

2075 498 2361 564 tionibus;
2419 498 2621 553 deinde
2680 500 2735 554 S.
2797 500 2962 553 Leoni
3034 516 3195 570 papa:
3248 500 3309 555 in
3374 501 3464 555 ed.
3528 501 3701 555 Psris.

2080 591 2253 654 l5ll;
2305 592 2499 658 postea
2539 589 2595 643 S.
2643 588 2928 641 Ambrosio
2974 590 3115 644 Med.
3150 606 3241 659 ep.
3297 589 3356 643 in
3389 590 3478 657 ed,
3535 591 3701 644 Rom.

2082 680 2235 743 l585,
2295 676 2355 729 in
2400 693 2511 747 qua
2560 677 2633 729 ad
2670 678 3091 745 Simplicianum
3146 678 3503 745 inscribitur;
3543 678 3704 732 deni-

2078 784 2189 837 que
2230 770 2286 819 et
2331 767 2387 820 S.
2437 766 2644 819 Isidoro
2692 768 3007 834 Hispalensi
3056 767 3117 819 in
3163 768 3253 821 ed.
3311 768 3513 821 Matrit.
3550 771 3706 830 l599,

2080 861 2137 909 et
2185 854 2357 907 Paris.
2421 857 2574 908 1601.
2626 854 2736 909 Sed
2780 855 3097 924 plurimum
3131 856 3357 925 decepit
3392 856 3709 922 Sigebertus

2082 944 2479 997 Gcmblacensis
2508 944 2572 997 de
2603 945 2719 998 Vir.
2753 944 2834 996 ill.
2877 960 2923 996 c.
2964 946 3051 1010 55,
3097 945 3368 1013 deceptus
3408 944 3526 1015 ipse
3570 945 3710 998 falsa

2089 1038 2197 1087 vet.
2241 1034 2459 1102 aliquot
2498 1032 2660 1085 codd.
2704 1032 3098 1102 inscriptione,
3144 1033 3242 1102 qui
3286 1050 3496 1087 nomen
3528 1034 3708 1087 Isido-

2083 1123 2130 1176 ri
2159 1122 2365 1175 habere
2390 1122 2676 1175 dicuntur.
2725 1122 2870 1175 Exst.
2914 1122 2973 1173 in
3014 1123 3083 1174 ed
3130 1124 3343 1177 Erasm.
3391 1129 3447 1177 et
3499 1125 3703 1177 Lovan.

2081 1214 2218 1263 tom.
2245 1211 2329 1274 lX,
2351 1210 2620 1280 append.,
2639 1210 2738 1263 ubi
2760 1214 2815 1263 et
2833 1226 3101 1280 sequens.

2013 1302 2096 1363 53,
2144 1302 2213 1352 Dc
2266 1300 2565 1352 Sobrietate
2613 1306 2662 1351 et
2704 1299 2983 1354 Castilate.
3039 1298 3222 1368 Ignoti
3262 1298 3529 1367 auctoris,
3606 1299 3706 1354 sed

2088 1388 2359 1458 antiquus
2386 1388 2530 1441 liber
2560 1392 2617 1441 et
2646 1387 2896 1456 elegans,
2922 1388 3115 1456 judice
3163 1389 3419 1455 Dupinio.

2014 1479 2099 1532 54.
2145 1480 2217 1530 De
2247 1492 2374 1529 vera
2410 1492 2471 1530 ac
2517 1477 2669 1542 falsa
2712 1478 3031 1529 Pamitentia
3075 1476 3149 1528 ad
3186 1477 3391 1531 Christi
3442 1476 3707 1531 devotam.

2084 1567 2256 1619 Totus
2284 1564 2403 1618 fere
2427 1564 2516 1617 hic
2548 1565 2693 1618 liber
2732 1580 2863 1617 cum
2890 1566 3195 1629 Augustini
3247 1565 3477 1618 nomine
3511 1565 3569 1618 in
3602 1566 3711 1619 De-

2087 1661 2238 1708 creta
2283 1655 2539 1709 Gratiani
2596 1659 2653 1707 et
2708 1654 2767 1706 in
2825 1654 3145 1707 Sententias
3211 1656 3361 1707 Petri
3422 1655 3719 1708 Lombardi

2089 1742 2396 1796 translatus
2445 1746 2547 1795 est.
2612 1742 2957 1795 Tribuerunt
3011 1746 3210 1811 postea
3275 1742 3461 1795 eidem
3519 1745 3733 1797 Petrus

2089 1833 2370 1897 Blesensis,
2411 1832 2722 1885 Vincentius
2765 1832 3147 1883 Bellovacensis
3178 1835 3233 1883 et
3268 1833 3495 1885 Thomas
3537 1833 3716 1901 Aqui-

2088 1936 2208 1974 nas.
2241 1922 2393 1973 Inter
2422 1918 2768 1973 recentiores
2793 1919 2861 1972 de
2902 1923 3131 1972 auctore
3174 1935 3205 1971 a
3253 1920 3545 1973 Trithemio
3580 1921 3714 1975 inde

2090 2006 2465 2075 disceptatum
2494 2011 2597 2061 est.
2630 2006 2770 2059 Vicit
2799 2011 2991 2060 tamen
3020 2007 3375 2076 probabilior
3411 2008 3715 2063 sententia.

2102 2100 2391 2149 auctorem
2432 2111 2548 2148 esse
2606 2095 2675 2149 ab
2732 2095 3045 2165 Augustino
3100 2095 3408 2149 diversum.
3461 2098 3609 2150 Exst.
3655 2097 3717 2151 in

2090 2184 2180 2238 ed.
2220 2188 2430 2239 Erasm.
2463 2188 2518 2237 et
2546 2186 2750 2238 Lovan.
2784 2190 2922 2238 tom.
2951 2186 3018 2237 IV
3041 2184 3286 2255 append.

299 2287 415 2339 Haec
460 2290 647 2337 autem
680 2284 794 2335 duo
840 2281 1116 2351 opuscula
1167 2279 1347 2332 nihilo
1406 2278 1627 2331 diversa
1702 2280 1837 2329 sunt
1882 2293 1914 2329 a
2020 2276 2107 2329 55.
2166 2277 2240 2327 De
2269 2275 2627 2327 Antichristo.
2673 2276 3019 2344 Plerumque
3074 2276 3303 2328 Alcuino
3348 2273 3526 2328 tribui
3555 2274 3717 2329 solet.

295 2378 430 2443 part.
462 2391 497 2438 ι,
538 2390 572 2425 ιι
615 2372 978 2437 Confessionis
1010 2368 1184 2435 Fidei,
1223 2384 1351 2438 quze
1385 2383 1521 2420 cura
1569 2369 1680 2420 Pet.
1714 2367 1908 2419 Franc.

299 2464 542 2529 Chi/fletii
570 2462 681 2513 les.
732 2458 837 2513 sub
889 2457 1112 2513 Alcuini
1168 2457 1402 2510 nomine
1448 2455 1692 2527 prodiit.
1750 2454 1912 2509 Certe

296 2558 479 2603 auctor
504 2566 629 2603 saec.
672 2566 750 2602 xu
785 2564 900 2601 non
929 2546 1239 2616 antiquior.

232 2640 312 2691 si.
344 2640 610 2707 Speculum
636 2640 956 2707 peccatoris.
991 2634 1199 2689 Incerti
1237 2633 1486 2689 auctoris
1534 2636 1619 2688 est
1666 2636 1722 2686 et
1770 2648 1903 2686 saac.

298 2744 364 2780 xu
401 2744 507 2781 non
539 2727 779 2781 excedit.

232 2819 311 2870 45.
344 2817 417 2869 De
454 2818 658 2886 triplici
676 2815 1169 2870 habitaculoliber.
1208 2812 1418 2867 Incerti
1464 2828 1567 2865 nec
1634 2805 1913 2865 ineruditi

302 2906 549 2958 auctoris.

240 2995 322 3045 46.
352 2994 491 3047 Scala
527 2992 809 3049 Paradisi.
871 2992 963 3045 Est
1014 2992 1273 3058 Guigouis
1325 3006 1423 3045 seu
1478 2989 1744 3045 Guidonis
1784 3004 1910 3042 saec.
1954 3016 1993 3070 ρ

298 3100 385 3137 ΧΗ.

227 3174 307 3225 47.
337 3176 403 3226 De
433 3174 730 3239 cognitione
759 3186 896 3225 verm
945 3171 1104 3226 Vitas.
1162 3172 1391 3225 Honorii
1442 3168 1913 3237 Augustodunen-

288 3267 357 3317 sis
384 3269 633 3333 putatur.

228 3354 303 3405 48.
344 3356 411 3405 De
466 3353 593 3405 Vita
635 3350 972 3406 Christiana.
1018 3349 1185 3403 Liber
1215 3353 1300 3402 est
1342 3348 1583 3401 Fastidii
1636 3346 1910 3401 Britanni.

229 3443 303 3493 40.
335 3442 491 3495 Liber
519 3442 943 3507 exhortatorias,
1012 3440 1182 3509 vulgo
1232 3438 1297 3491 de
1352 3437 1697 3492 Salutaribus
1744 3436 1914 3489 docu—

289 3532 475 3584 mentis
506 3530 582 3581 ad
631 3529 917 3597 quemdam
955 3531 1213 3582 comitem.
1272 3527 1510 3581 Paulino
1568 3524 1915 3596 Aquileiensi

286 3635 377 3672 seu
415 3618 790 3686 Forojuliensi
840 3616 1201 3687 patriarchae,
1259 3617 1357 3687 qui
1412 3632 1539 3670 saec.
1594 3632 1689 3667 vui
1753 3615 1912 3680 vixit,

285 3709 434 3761 haud
467 3707 677 3777 injuria
703 3712 981 3761 asserunt.
1022 3708 1166 3760 Exst.
1224 3706 1284 3759 in
1327 3706 1415 3759 ed.
1476 3709 1698 3760 Erasm.
1736 3708 1791 3758 et
1819 3706 1917 3759 Lo-

286 3810 406 3846 run.
442 3799 581 3846 tom.
618 3794 684 3845 IV
716 3792 775 3845 in
816 3792 1063 3861 append.

229 3884 302 3933 50.
359 3885 432 3935 De
518 3881 795 3934 duodecim
875 3881 1217 3935 Abusionum
1284 3878 1570 3947 gradibus.
1632 3877 1913 3948 Cypriano

290 3988 445 4041 aeque
476 3987 541 4024 ac
589 3970 909 4040 Augustino
961 3970 1103 4023 falso
1146 3970 1437 4023 tribuitur.
1496 3971 1706 4022 Auctor
1757 3967 1915 4034 igno-

297 4065 457 4188 ratus.
495 4058 646 4111 Exst.
676 4058 735 4109 in
766 4054 856 4109 ed.
908 4057 1123 4110 Erasm.
1164 4060 1219 4109 et
1270 4057 1472 4110 Lovan.
1521 4058 1658 4106 tom.
1695 4053 1782 4121 IX,
1814 4069 1913 4123 ap-

297 4150 397 4188 nen
444 4179 455 4188 .

294 4150 455 4202 penu.

225 4224 620 4278 3LTractatus
676 4222 740 4276 de
794 4227 994 4293 septem
1055 4222 1216 4277 Vitiis
1268 4227 1319 4276 et
1346 4226 1547 4291 septem
1596 4223 1761 4276 Donis
1787 4222 1916 4289 Spi-

2091 2362 2243 2415 intcr
2271 2363 2430 2432 cujus
2457 2379 2631 2432 opera
2659 2362 2899 2433 integer,
2932 2363 3024 2417 hic
3062 2380 3194 2417 vero
3240 2368 3295 2417 et
3335 2364 3482 2433 apud
3534 2364 3715 2418 Raba-

2080 2468 2209 2505 num
2264 2454 2518 2505 Maurum
2575 2450 2940 2522 imperfectus
3007 2455 3206 2505 exstat.
3278 2451 3495 2507 Szeculo
3566 2468 3717 2506 nono

2087 2540 2425 2593 asserendus
2452 2539 2693 2595 videtur.
2720 2541 2866 2594 Exst.
2904 2540 2962 2593 in
3008 2540 3096 2595 ed.
3151 2544 3365 2596 Erasm.
3414 2546 3470 2595 et
3510 2544 3716 2596 Lovan.

2085 2632 2223 2681 tom.
2261 2630 2346 2695 1X,
2371 2628 2621 2699 append.

2022 2720 2109 2772 56.
2152 2720 2499 2787 Psalterium,
2549 2718 2703 2788 quod
2743 2718 2915 2772 matri
2954 2735 3071 2772 sua;
3110 2718 3496 2789 composuisse
3540 2719 3722 2773 fertur

2092 2808 2465 2877 Augustinus.
2500 2807 2607 2861 Sed
2639 2808 2698 2860 in
2740 2824 2843 2861 ms.
2887 2808 3014 2862 cod.
3059 2809 3236 2877 Regio
3278 2807 3417 2860 4373
3458 2807 3719 2861 inscribi-

2084 2900 2207 2949 tur:
2258 2898 2318 2948 B.
2368 2896 2591 2948 Joannis
2634 2911 2796 2963 papa
2838 2898 3047 2961 factum
3089 2895 3239 2963 apud
3305 2896 3555 2949 Viennas.
3620 2895 3720 2948 Hic

2094 2988 2284 3037 autem
2322 2984 2552 3036 Joannes
2601 2983 2849 3036 creditur
2904 2999 3023 3035 esse
3068 2982 3299 3035 nomine
3344 2983 3497 3037 XXII.
3562 2984 3713 3037 Exst.

2091 3071 2151 3125 in
2183 3071 2270 3125 ed.
2307 3074 2521 3127 Erasm.
2560 3076 2616 3125 et
2648 3073 2850 3127 Lovan.
2884 3075 3024 3126 tom.
3072 3072 3159 3137 IX,
3212 3071 3485 3141 append.,
3534 3088 3719 3143 usque

2094 3160 2366 3214 adn.6l.

2024 3253 2109 3303 57.
2154 3250 2363 3305 Cantici
2412 3248 2731 3319 Magnilicat
2785 3250 3087 3317 Expositio.
3140 3250 3212 3303 Ex
3255 3251 3499 3315 Hugonis
3545 3251 3721 3307 Victo-

2095 3340 2207 3391 rini
2234 3342 2475 3392 tractatu
2509 3338 2569 3390 in
2598 3338 2751 3391 hunc
2777 3337 3057 3407 hymnum
3090 3338 3381 3409 decerpta.

2024 3429 2111 3481 58.
2153 3430 2227 3480 De
2258 3428 2639 3496 Assumptione
2676 3430 2736 3481 B.
2772 3429 2973 3480 Maria:
3013 3430 3262 3493 Virginis
3309 3428 3455 3482 liber
3485 3445 3584 3483 seu
3616 3445 3716 3500 po—

2090 3515 2202 3569 tius
2232 3532 2439 3569 sermo.
2478 3519 2689 3571 Auctor
2735 3518 2985 3570 creditur
3032 3518 3313 3571 Fulbcrtas
3358 3519 3722 3585 Carentensis,

2096 3602 2196 3674 qui
2239 3603 2475 3657 ineunte
2534 3621 2666 3657 saec.
2721 3622 2774 3658 ιιι
2826 3605 2940 3657 vita
2973 3605 3202 3658 functus
3247 3610 3352 3659 est.
3396 3606 3504 3661 Alii
3552 3608 3719 3662 codd.

2094 3693 2372 3746 Ambrosii
2403 3694 2663 3762 Autpcrti
2690 3695 2843 3764 (saec.
2877 3694 2992 3763 Vill)
3018 3710 3228 3748 nomen
3258 3696 3595 3764 praeferunt.

2024 3785 2109 3836 59.
2152 3784 2225 3836 De
2254 3783 2573 3838 Visitatione
2594 3786 2930 3851 infirmorum
2954 3782 3084 3837 libri
3118 3784 3253 3838 duo.

2025 3873 2118 3926 60.
2166 3873 2238 3924 De
2261 3872 2629 3927 Consolatione
2661 3878 2991 3926 mortuorum
3022 3872 3222 3927 libris.
3254 3889 3546 3929 sermones
3586 3874 3721 3940 duo,

2088 3977 2156 4014 ex
2183 3962 2399 4015 Joanne
2434 3962 2837 4031 Chrysostomo
2859 3961 3049 4015 forsan
3080 3961 3357 4031 decerpti.

2025 4052 2112 4105 61.
2173 4053 2246 4103 De
2296 4050 2633 4105 Rectitudine
2689 4052 2962 4104 catholica:
3022 4053 3463 4105 conversationis.
3537 4053 3729 4107 Exstat

2095 4138 2157 4191 in
2202 4138 2302 4191 lib.
2356 4156 2395 4191 ιι
2440 4138 2579 4191 Vita:
2624 4138 2681 4192 S.
2733 4139 2922 4204 Eligii,
2974 4137 3368 4191 Noviomensis
3417 4140 3590 4209 episc.
3622 4157 3726 4210 per

2096 4228 2149 4282 S.
2178 4225 2496 4280 Audoenum
2518 4226 2861 4296 Rothomag.
2892 4225 3206 4295 descriptze.
3271 4225 3381 4280 Alii
3420 4232 3613 4282 tamen
3659 4245 3726 4283 ex

284 4315 422 4366 ritus
452 4314 649 4366 sancti.
699 4311 953 4382 Hugonis
1000 4311 1294 4365 Victorini.
1360 4310 1583 4363 Primus
1628 4309 1805 4363 edidit
1834 4309 1986 4366 in—D
2095 4316 2219 4386 ipso
2254 4314 2599 4385 Eligio(sesc.
2651 4318 2763 4383 vui)
2810 4320 2867 4369 et
2911 4314 3152 4369 Casario
3204 4315 3520 4372 Arelatensi
3574 4319 3723 4388 (saec.

282 4408 364 4454 ter
422 4403 746 4457 Sanctorum
814 4404 1041 4455 Patrum
1098 4402 1450 4453 Monumenta
1524 4399 1701 4452 Paris.
1782 4400 1916 4453 1634

283 4491 428 4545 Guil.
488 4492 836 4546 Camerarius
871 4492 1058 4545 Scotus
1117 4491 1394 4559 Congreg.
1460 4488 1704 4542 Oratorii
1757 4503 1915 4558 pres-

280 4578 461 4649 byter.
510 4579 710 4633 Theol.
779 4580 840 4632 D.
902 4580 1103 4645 Paris.,
1146 4594 1277 4631 cum
1322 4580 1631 4644 Augustino
1682 4593 1800 4630 non
1848 4578 1917 4632 ab

283 4667 537 4738 antiquis
582 4684 715 4720 mss.
767 4666 1075 4734 codicibus,
1124 4668 1221 4721 sed
1266 4671 1492 4720 tantum
1539 4682 1573 4719 ιι
1622 4668 1805 4720 multis
1834 4669 1916 4719 vi-

284 4761 353 4810 ris
400 4757 575 4810 doctis
633 4756 809 4811 tribui
863 4757 1075 4811 dicens.
1151 4756 1289 4809 Inde
1345 4756 1560 4827 recepit
1630 4758 1918 4821 Vignerius

288 4848 560 4916 Supplem.
621 4852 761 4901 tom.
820 4848 861 4900 Ι.
910 4846 1017 4899 Sed
1074 4846 1211 4916 quia
1261 4845 1411 4899 inter
1453 4862 1626 4915 opera
1672 4847 1918 4913 Hugonis

285 4939 449 5007 vulgo
482 4938 740 4990 occurrit
764 4936 1095 5007 ibidemque
1127 4934 1272 4989 alius
1302 4934 1491 4988 afﬁnis
1552 4934 1623 5001 ei,
1688 4939 1741 4988 et
1787 4951 1919 5005 pars

282 5027 437 5094 quasi
502 5025 773 5096 quaedam
848 5025 1123 5095 ejusdem,
1184 5024 1526 5094 inscriptus:
1592 5026 1665 5078 De
1720 5030 1919 5092 septem

280 5114 516 5168 Peccatis
575 5115 935 5168 mortalibus:
994 5119 1181 5168 contra
1248 5129 1366 5181 quae
1416 5114 1595 5167 valent
1647 5113 1919 5168 Orationis

280 5205 575 5258 Dominica:
634 5208 836 5273 septem
885 5202 1170 5273 petitiones
1256 5200 1597 5273 reperiatur,
1676 5201 1919 5257 omisere

277 5294 649 5348 Benedictini.

214 5382 295 5433 5?.
351 5384 431 5436 De
486 5383 751 5450 Conﬂictu
837 5384 1104 5437 Vitiorum
1177 5386 1227 5436 et
1288 5384 1581 5437 Virtutum.
1636 5381 1921 5437 Ambrosii

276 5473 549 5540 Autperti
587 5476 671 5526 est
730 5487 861 5525 saec.
921 5454 1027 5525 vui
1074 5470 1383 5542 scriptoris.
1424 5473 1537 5526 Hoc
1583 5471 1921 5543 opusculum

275 5565 529 5630 quatuor
578 5560 839 5633 antiquis
909 5559 1169 5615 Ecclesiae
1216 5560 1551 5617 doctoribus
1603 5560 1917 5618 tributum:

2097 4404 2171 4475 γι)
2203 4405 2503 4458 collectum
2534 4405 2750 4457 volunt.

2028 4497 2113 4550 62.
2184 4493 2381 4548 Sermo
2410 4493 2474 4547 de
2503 4494 2769 4562 Symbolo.
2804 4494 3033 4563 Integre
3059 4494 3327 4549 collectus
3356 4512 3425 4549 ex
3454 4495 3722 4566 Symbolo

2099 4583 2290 4639 Rufini
2322 4582 2567 4653 Aquilei.
2596 4582 2786 4652 presb.
2820 4599 2885 4635 ex
2910 4582 3167 4637 Homiliis
3196 4585 3251 4639 S.
3278 4585 3506 4641 Caesarii
3553 4603 3719 4657 papae

2099 4677 2154 4727 et
2187 4674 2377 4727 Yvonis
2400 4673 2752 4725 Carnotensis
2784 4671 2936 4741 (saec.
2969 4688 3023 4725 x1
3053 4678 3109 4726 et
3138 4674 3255 4741 xu).
3288 4675 3531 4745 Insuper
3551 4677 3725 4730 etiam

2100 4761 2499 4830 complectitur
2528 4766 2713 4815 totum
2752 4761 3088 4816 Sermonem
3124 4765 3249 4825 242,
3297 4764 3397 4834 qui
3442 4769 3623 4818 exstat
3665 4765 3724 4818 in

2098 4850 2333 4921 append.
2369 4854 2508 4906 tom.
2550 4851 2593 4903 V
2623 4850 2711 4904 ed.
2760 4850 2954 4904 Bened.
2999 4852 3359 4905 membratim
3391 4853 3723 4907 dissectum.

2029 4941 2117 4993 63.
2158 4942 2355 4993 Sermo
2386 4941 2444 4993 in
2478 4941 2766 5009 pervigilio
2816 4941 3034 4994 Pascha:
3070 4941 3135 4993 de
3178 4956 3268 4995 esu
3304 4956 3430 5005 agn.
3484 4941 3725 5012 Reperi-

2100 5032 2190 5082 tur
2216 5028 2387 5082 etiam
2416 5028 2566 5082 inter
2588 5030 2650 5083 S.
2685 5030 2999 5096 Hieronymi
3028 5028 3410 5100 supposititia.

2029 5118 2114 5171 64.
2158 5116 2354 5171 Sermo
2398 5119 2459 5170 in
2510 5119 2597 5171 Ps.
2654 5132 2748 5183 xu,
2810 5117 2885 5171 ad
2933 5120 3255 5187 Neaphytos,
3302 5117 3403 5187 qui
3449 5121 3504 5173 et
3532 5121 3725 5177 Hiero-

2099 5221 2258 5273 nymo
2282 5205 2422 5259 falso
2451 5204 2744 5261 tribuitur.

2031 5297 2119 5349 65.
2162 5294 2464 5348 Sermones
2494 5298 2610 5347 tres
2640 5293 2705 5347 de
2730 5294 2944 5349 Ritibus
2968 5297 3017 5345 et
3054 5295 3315 5362 Mysterio
3340 5298 3721 5365 Baptismatis.

2104 5384 2217 5437 Hoc
2252 5382 2473 5453 primus
2516 5382 2801 5454 evulgavit
2848 5382 3167 5437 Sirmondus
3197 5382 3257 5438 in
3306 5386 3554 5457 append.
3599 5391 3729 5457 post

2101 5471 2404 5527 Sermones
2452 5471 2559 5541 XL,
2610 5471 2706 5525 sed
2765 5470 3004 5525 minime
3049 5471 3353 5542 Augustini
3395 5491 3516 5530 esse
3572 5475 3725 5529 arbi-

2105 5565 2312 5616 tratur.
