4060 6194
337 281 405 337 39

1327 281 1894 340 SUPPLEMENTUM
1931 285 2024 339 AD
2061 282 2296 342 OPERA
2333 287 2390 342 S.
2430 287 2818 346 AUGUSTINI.

3765 303 3828 358 40

474 403 785 492 Sequentia
810 419 992 476 usque
1021 403 1094 459 ad
1122 420 1215 460 an.
1247 409 1316 459 77
1346 403 1410 460 in
1437 405 1673 475 append.
1703 409 1846 462 tom.
1891 407 2031 476 VIII,
2061 409 2107 464 A
2214 408 2396 465 Orosii
2449 410 2567 482 (qui
2621 417 2760 467 exst.
2810 413 2872 468 in
2903 415 3152 488 append.
3225 419 3288 474 T.
3321 420 3414 492 VI)
3436 419 3752 479 decurtatas
3778 431 3828 481 et

409 491 500 546 ed.
531 491 726 548 Bened.

334 582 426 635 66.
495 580 773 636 Adversus
819 583 1056 652 quinque
1093 583 1333 650 haereses,
1354 598 1455 636 seu
1475 586 1661 637 contra
1676 585 1914 652 quinque
1933 585 2026 638 ho-

405 671 573 725 stium
612 687 808 739 genera
852 676 1140 736 tractatus,
1185 671 1398 726 scilicet
1437 672 1705 726 adversus
1746 674 2025 744 Paganos,

403 759 646 825 Judesos,
681 759 1040 822 Manichasos,
1071 759 1445 826 Sabellianos,
1482 764 1539 815 et
1569 759 1831 816 Arianos.
1869 763 2026 816 Hunc

407 849 673 902 Erasmus
718 846 966 902 hominis
1011 847 1242 915 eruditi,
1293 847 1482 918 arguti
1524 853 1580 902 et
1620 847 1850 903 facundi
1907 866 2026 903 esse

406 941 722 1003 censuerat,
771 952 888 990 non
939 941 1131 990 tamen
1170 938 1494 1003 Augustini,
1537 936 1651 990 nisi
1695 937 1861 1006 forte,
1926 938 2022 1006 ait,

398 1025 626 1096 juvenis
667 1025 976 1095 scripserit.
1021 1028 1334 1093 Augustino
1368 1025 1491 1080 sine
1529 1026 1888 1081 cunctatione
1925 1027 2025 1081 ad-

399 1114 660 1184 judicant
697 1116 1075 1183 Bellarminus,
1135 1117 1510 1178 Lovanienses,
1578 1116 1809 1187 aliique.
1859 1117 2025 1172 Bedze

403 1204 762 1258 auctoritate.
789 1205 937 1258 Exst.
970 1203 1031 1257 in
1062 1203 1148 1258 ed.
1179 1207 1393 1260 Erasm.
1427 1209 1482 1258 et
1505 1207 1712 1260 Lovan.
1740 1210 1884 1261 tom.
1932 1207 2022 1262 VI.

331 1296 420 1350 67.
465 1295 664 1351 Contra
703 1295 939 1360 Judseos,
973 1295 1220 1361 Paganos
1244 1299 1295 1348 et
1317 1296 1582 1351 Arianos.
1623 1295 1821 1350 Sermo
1857 1295 2020 1364 alius,

400 1387 468 1439 ut
493 1383 739 1451 videtur,
766 1383 836 1438 ab
865 1383 986 1450 illo,
1019 1383 1119 1454 qui
1142 1383 1202 1437 in
1232 1383 1488 1438 Indiculo
1518 1384 1750 1439 Possidii
1793 1384 2022 1454 legitur,

399 1477 458 1527 et
486 1488 659 1544 quem
699 1471 826 1527 ideo
855 1489 987 1526 vere
1032 1473 1333 1540 Augustini
1379 1489 1500 1527 esse
1549 1473 1770 1543 judicat
1811 1475 2026 1528 Bellar-

390 1564 612 1616 minus:
655 1578 791 1615 nam
837 1565 1038 1616 auctor
1072 1561 1236 1616 istius
1289 1560 1648 1632 exscripsisse
1699 1560 1925 1616 videtur
1963 1563 2021 1618 S.

2207 499 2538 568 depravatas
2567 503 2844 559 referunt.

2133 591 2223 642 75.
2257 589 2337 642 De
2364 592 2615 646 Essentia
2642 594 2963 648 Divinitatis
3001 593 3149 650 liber
3171 612 3339 652 unus.
3367 599 3491 654 Non
3521 603 3824 673 Augustino

2205 681 2452 746 tantum,
2493 681 2589 734 sed
2633 682 2831 736 multis
2887 682 3031 749 aliis,
3089 686 3408 754 Ambrosio,
3465 689 3820 763 Hieronymo,

2205 767 2489 836 Anselmo,
2526 769 2933 826 Bonaventurm
2959 769 3227 830 tributus.
3261 775 3454 830 Prima
3501 783 3557 832 et
3587 782 3822 838 maxima

2204 871 2336 925 pars
2357 871 2424 910 ex
2454 857 2715 912 Eucherii
2748 859 2924 931 Lugd.
2956 878 3053 932 ep.
3103 879 3276 935 Opere
3304 866 3371 920 de
3415 868 3670 934 famulis
3712 874 3821 942 spi-

2202 945 2424 998 ritualis
2456 943 2827 1014 intelligentiae
2857 955 3102 1022 sumpta.

2131 1033 2220 1086 76.
2253 1033 2490 1088 Libellus
2533 1050 2625 1090 seu
2655 1037 2904 1105 dialogus
2934 1040 3000 1094 de
3031 1043 3248 1097 Unitate
3285 1049 3484 1100 sancta
3517 1048 3820 1106 Trinitatis.

2204 1122 2391 1192 Ignoti
2420 1125 2518 1180 sed
2544 1125 2932 1198 antiquissimi
2961 1131 3226 1188 auctoris.
3267 1134 3414 1188 Exst.
3473 1134 3536 1191 in
3587 1140 3822 1210 append.

2205 1211 2292 1264 ed.
2327 1212 2502 1266 Paris.
2542 1216 2694 1270 1586.

2131 1302 2222 1352 77.
2251 1300 2336 1353 De
2362 1303 2713 1368 Dogmatibus
2759 1306 3154 1362 Ecclesiasticis
3182 1309 3330 1365 liber
3379 1313 3648 1369 Gennadii
3671 1318 3824 1373 Mas-

2203 1389 2658 1463 siliensis,'cujus
2687 1393 2791 1447 sub
2843 1394 3082 1451 nomine
3135 1399 3378 1454 seorsim
3429 1402 3603 1458 etiam
3661 1406 3826 1461 edidit

2206 1477 2433 1534 Geverh.
2492 1482 2920 1539 Elmenhorstius
2993 1486 3194 1542 Hamb.
3246 1491 3402 1556 1614,
3460 1490 3634 1548 ἱιι-4ο.
3685 1494 3820 1550 Exst.

2203 1567 2266 1620 T.
2297 1568 2373 1621 III
2403 1568 2492 1623 ed.
2524 1573 2741 1625 Erasm.
2799 1576 2855 1626 et
2877 1575 3081 1629 Lovan.
3116 1575 3176 1630 in
3203 1579 3449 1650 append.

399 1650 722 1718 Gregorium
749 1655 872 1704 tum
900 1649 962 1704 in
993 1649 1242 1716 exordio,
1284 1655 1407 1704 tum
1453 1650 1716 1722 quaedam
1769 1651 2024 1722 ejusdem
2064 1705 2103 1722 ἢ
2132 1657 2224 1709 78.
2255 1655 2451 1711 Sermo
2471 1657 2537 1712 de
2564 1659 2886 1716 Rusticiana
2926 1663 3295 1720 subdiacono.

398 1739 509 1794 alia
539 1756 667 1809 cap.
715 1742 795 1793 17.
828 1740 1019 1793 Exstat
1049 1739 1106 1792 in
1141 1740 1228 1793 ed.
1260 1741 1480 1795 Erasm.
1515 1743 1572 1793 et
1599 1741 1801 1794 Lovan.
1835 1741 1895 1794 T.
1933 1740 2020 1794 VI.

331 1831 418 1884 68.
458 1829 543 1883 De
577 1830 945 1883 Altercatione
983 1828 1240 1882 Ecclesiae
1303 1832 1354 1882 et
1390 1829 1689 1897 Synagogas
1741 1828 2019 1900 dialogus.

403 1917 651 1972 auctoris
671 1933 798 1971 saec.
825 1933 925 1970 xui
970 1917 1058 1971 vel
1101 1933 1212 1983 xiv,
1275 1935 1410 1972 nam
1459 1920 1695 1974 Joannis
1739 1919 1887 1974 Scoti
1921 1935 2022 1974 oo~

398 2011 686 2060 aetaneum
717 2021 776 2059 se
801 2005 975 2059 fuisse
1009 2010 1268 2061 testatur.
1298 2007 1445 2062 Exst.
1477 2006 1538 2062 in
1564 2008 1654 2062 ed.
1697 2011 1913 2064 Erasm.
1968 2011 2025 2063 et

395 2094 599 2148 Lovan.
631 2099 774 2148 tom.
807 2094 876 2147 VI
905 2093 966 2147 in
988 2093 1239 2163 append.

2134 1746 2223 1797 79.
2262 1743 2471 1829 (lontra
2517 1747 2858 1829 Fulgentium
2897 1751 3274 1810 Donatistam.
3336 1755 3462 1810 Non
3508 1757 3822 1829 Augustini,

2203 1827 2303 1882 sed
2329 1828 2698 1884 vetustissimi
2725 1835 2921 1886 tamen
2950 1835 3224 1899 auctoris,
3252 1842 3454 1908 utpote
3489 1841 3589 1911 qui
3611 1827 3622 1829 ἡ
3641 1827 3824 1898 conci-

2202 1914 2344 1969 lium
2369 1915 2512 1971 illud
2547 1918 2994 1991 Carthaginense
3019 1929 3220 1978 contra
3275 1926 3642 1984 Caecilianum
3674 1932 3824 1988 vide-

2202 2004 2293 2058 rit.
2327 2005 2472 2059 Exst.
2508 2005 2568 2060 in
2594 2007 2681 2062 ed.
2733 2011 2947 2066 Erasm.
3005 2015 3062 2066 et
3113 2015 3314 2068 Lovan.
3371 2017 3430 2070 T.
3469 2000 3582 2085 VII,
3616 2018 3675 2073 in
3731 2039 3822 2093 ap-

2201 2093 2371 2162 pend.
2406 2100 2553 2163 part.
2578 2113 2617 2164 1;
2656 2097 2853 2152 Bened.
2886 2100 2972 2167 ΙΧ,
3015 2101 3260 2171 append.

329 2185 416 2238 69.
461 2183 541 2237 De
569 2183 697 2237 Fide
721 2198 813 2237 seu
840 2185 1050 2236 unitate
1089 2184 1376 2237 Trinitatis
1399 2182 1661 2239 adversus
1703 2185 2022 2240 Manichaeos
2126 2183 2214 2236 80.
2245 2184 2695 2252 Hypomnesticon
2751 2192 2940 2242 contra
3006 2187 3336 2258 Pelagianos
3395 2198 3447 2247 et
3490 2194 3824 2253 Caelestianos

393 2271 555 2326 liber.
605 2273 768 2325 Hunc
819 2287 884 2325 ex
952 2270 1325 2326 vetustissimi
1381 2270 1591 2326 codicis
1661 2272 2021 2328 Corbeiensis

399 2359 735 2415 auctoritate
781 2360 989 2415 Evodio
1051 2360 1315 2425 Uzalensi,
1358 2359 1422 2414 in
1486 2359 1675 2415 Africa
1729 2361 2018 2433 episcopo,

387 2448 632 2503 asseruit
657 2451 772 2503 Jac.
814 2449 1133 2505 Sirmondus
1176 2449 1316 2504 Hist.
1367 2450 1634 2504 Praedest.
1674 2467 1723 2505 c.
1777 2454 1824 2505 1.
1869 2451 2016 2505 Exst.

396 2537 457 2592 in
481 2538 568 2592 ed.
584 2540 800 2593 Erasm.
833 2542 891 2592 et
907 2539 1108 2592 Lovan.
1131 2539 1193 2592 T.
1218 2539 1308 2592 VI.

323 2629 413 2680 70.
458 2627 927 2683 Commonitorium
958 2626 1148 2698 (vulgo
1187 2626 1243 2683 S.
1285 2627 1587 2695 Augustini
1611 2627 1783 2698 episc.
1836 2630 2019 2682 Eccle-

395 2717 491 2770 sia:
523 2714 818 2785 catholica)
853 2715 1113 2784 quomodo
1133 2718 1204 2769 sit
1235 2715 1504 2783 agendum
1523 2730 1643 2769 cum
1682 2716 2016 2783 Manichzis,

392 2807 490 2875 qui
519 2809 922 2860 convertuntur.
965 2805 1080 2859 Sub
1110 2806 1412 2873 Augustini
1448 2803 1684 2859 nomine
1723 2804 2019 2875 vulgatum

392 2898 478 2949 est
520 2894 582 2948 in
629 2894 876 2965 append.
938 2893 1007 2948 ad
1035 2894 1095 2948 T.
1138 2895 1180 2948 X
1249 2893 1338 2948 ed.
1410 2895 1587 2948 Paris.
1663 2895 1817 2948 1586.
1869 2893 2016 2947 Scri-

2198 2269 2332 2326 libri
2361 2287 2455 2325 sex
2488 2272 2650 2328 Sixto
2681 2275 2758 2329 III
2812 2277 2874 2331 Ρ.
2928 2278 2995 2331 Β.
3056 2283 3124 2336 (a.
3182 2280 3332 2350 432).
3394 2281 3690 2339 Garnerius
3743 2287 3826 2341 Je-

2199 2359 2368 2428 suita,
2428 2361 2526 2415 alii
2573 2379 2703 2417 cum
2749 2364 3054 2433 Sirmondo,
3097 2369 3273 2423 Mario
3363 2371 3658 2428 Mercatori
3730 2376 3822 2429 tri-

2197 2449 2400 2505 buunt.
2436 2451 2586 2507 Exst.
2619 2452 2681 2507 in
2713 2455 2798 2509 ed.
2833 2457 3050 2512 Erasm.
3081 2460 3140 2511 et
3179 2459 3382 2513 Lovan.
3437 2461 3497 2515 E.
3558 2463 3674 2530 VII,
3730 2481 3824 2535 ap-

2197 2539 2368 2608 pend.
2409 2543 2802 2611 p.11;Bened.
2863 2545 2925 2613 X,
2978 2546 3250 2616 append.,
3308 2547 3409 2602 ubi
3462 2553 3521 2604 et
3572 2551 3686 2605 duo
3735 2569 3825 2608 se—

2198 2633 2462 2698 quentes.
3637 2655 3646 2662 υ

2128 2718 2216 2771 81.
2256 2719 2330 2771 De
2360 2718 2835 2775 Prmdestinatione
2888 2726 2938 2776 et
2985 2723 3181 2779 Gratia
3231 2725 3399 2796 liber,
3456 2730 3830 2785 a'nonnullis

2196 2807 2469 2875 Fulgentii
2494 2809 2788 2878 Ruspensis
2841 2825 2932 2881 ep.
2985 2813 3253 2884 creditus,
3308 2816 3378 2870 ab
3423 2816 3550 2871 aliis
3584 2822 3829 2892 utroque

2199 2899 2254 2948 et
2276 2895 2596 2966 Augustino
2627 2903 2682 2952 et
2713 2899 3011 2970 Fulgentio
3040 2901 3418 2972 abjudicatus.

391 2987 558 3054 ptum
607 2982 1074 3054 antiquissimum
1133 2987 1238 3042 est,
1269 2982 1424 3054 quod
1464 2984 1736 3052 Dupinius
1792 2982 2018 3037 concilii
2049 3001 2088 3055 ρ
2129 2984 2217 3037 82.
2250 2986 2323 3038 De
2351 2985 2829 3042 Praedestinatione
2880 2989 2978 3044 Dei
3020 2989 3265 3060 libellus,
3332 2993 3518 3064 ignoti
3565 2997 3830 3054 auctoris.

392 3072 633 3142 alicujus
662 3073 868 3126 Africae
899 3071 1367 3126 constitutionem
1395 3076 1578 3142 putat.

319 3163 410 3214 71.
454 3160 652 3216 Contra
677 3161 1009 3214 Pelicianum
1035 3159 1311 3213 Arianum
1341 3159 1406 3213 de
1457 3161 1674 3214 Unitate
1729 3161 2018 3213 Trinitatis

393 3248 543 3304 liber
570 3249 646 3303 ad
685 3250 962 3318 Optatum.
1008 3247 1407 3302 Pronuntiavit
1437 3248 1577 3301 olim
1609 3248 1872 3302 Erasmus
1897 3264 2016 3302 non

391 3351 514 3390 esse
539 3335 856 3407 probabile,
905 3335 1059 3390 hunc
1099 3335 1309 3390 librum
1357 3350 1477 3389 esse
1507 3336 1811 3403 Augustini
1837 3335 2020 3407 (cujus

389 3424 452 3479 in
508 3423 1030 3480 Retractationibus
1095 3439 1212 3478 non
1274 3423 1584 3494 meminit).
1657 3422 2020 3478 Dissimulata

389 3529 525 3568 vero
593 3516 815 3570 Erasmi
860 3529 1101 3568 censura
1157 3513 1370 3567 librum
1418 3512 1592 3566 istum
1641 3512 2019 3568 Lovanienses

388 3601 542 3657 inter
583 3602 866 3674 genuinos
896 3603 1202 3672 Augustini
1235 3602 1382 3656 fetus
1411 3606 1810 3672 reposuerunt,
1841 3601 2016 3667 Bedes,

385 3694 708 3760 Lanfranci,
743 3691 972 3746 Alcuini
1019 3695 1075 3745 et
1100 3693 1247 3746 Petri
1274 3691 1569 3746 Lombardi
1607 3690 1726 3744 fere
1768 3691 2017 3745 auctori-

387 3781 598 3835 tatibus
630 3780 810 3836 ducti.
843 3781 1098 3835 Fortasse
1133 3781 1331 3848 Vigilii
1372 3782 1659 3850 Tapsensis
1707 3784 1811 3835 est.
1861 3781 2013 3836 Exst.

386 3869 451 3924 in
482 3870 572 3924 ed.
593 3873 808 3925 Erasm.
831 3872 1036 3925 Lovan.
1057 3871 1120 3925 T.
1141 3870 1229 3925 VI.

316 3962 407 4014 72.
453 3960 870 4031 Questiunculw
896 3959 961 4013 de
994 3961 1264 4014 Trinitate
1308 3964 1360 4014 et
1396 3959 1462 4014 de
1509 3960 1719 4026 Genesi,
1771 3975 1901 4030 quae
1949 3975 2018 4014 ex

386 4049 624 4104 Alcuino
686 4048 985 4120 descriptae
1045 4054 1196 4104 sunt.
1241 4049 1389 4105 Exst.
1437 4048 1501 4102 in
1556 4048 1644 4104 ed.
1691 4051 1911 4104 Erasm.
1962 4053 2019 4104 et

386 4139 588 4192 Lovan.
623 4138 686 4191 T.
721 4137 820 4204 III,
853 4137 1128 4209 append.-

318 4229 408 4282 73.
455 4229 525 4281 De
570 4229 779 4282 Deitate
827 4231 879 4281 et
933 4228 1314 4282 Incarnatione
1353 4225 1518 4283 Verbi
1564 4225 1635 4280 ad
1681 4224 2018 4279 Ianuarium

386 4315 520 4370 libri
559 4316 697 4382 duo,
756 4316 978 4370 collecti
1023 4332 1093 4370 ex
1140 4315 1401 4386 Origenis
1447 4331 1618 4388 opere
1658 4328 1770 4390 περὶ
1828 4326 2018 4390 Ἀρχῶν

385 4404 552 4474 juxta
593 4405 912 4459 versionem
971 4406 1156 4473 Ruﬁni
1205 4405 1453 4476 Aquilei.
1499 4406 1689 4476 presb.
1747 4410 1899 4465 Exst.
1957 4406 2020 4460 in

391 4493 480 4547 ed.
524 4495 738 4547 Erasm.
795 4497 852 4547 et
897 4493 1100 4548 Lovan.
1152 4493 1216 4547 T.
1248 4493 1342 4564 VI,
1396 4495 1667 4566 append.,
1711 4513 1894 4568 usque
1947 4494 2018 4549 ad

386 4597 446 4635 n.
474 4583 566 4634 76.

317 4671 406 4725 74.
449 4672 522 4725 De
546 4670 812 4724 Trinitate
836 4674 888 4725 et
917 4672 1134 4726 Unitate
1179 4671 1288 4725 Dei
1334 4671 1498 4727 liber.
1549 4673 1859 4728 Distinctus
1881 4672 2020 4727 olim

385 4759 498 4814 fuit
527 4759 586 4813 in
618 4759 800 4830 capita
827 4762 911 4825 13,
940 4776 1189 4831 quorum
1219 4763 1251 4815 9
1291 4761 1608 4832 posteriora
1652 4767 1837 4817 totum
1879 4763 2016 4828 fere,

388 4849 488 4904 sed
519 4854 868 4902 contractum
889 4853 944 4904 et
963 4849 1374 4920 interpolatum
1390 4851 1446 4907 S.
1475 4854 1785 4918 Augustini
1809 4852 2021 4906 librum

389 4943 578 4994 contra
616 4938 920 4994 Sermonem
968 4941 1310 4994 Arianorum
1357 4941 1754 4996 continebant.
1826 4940 2023 5011 Capita

390 5030 582 5081 autem
651 5025 846 5098 priora
903 5028 1248 5100 quaestiones
1317 5029 1539 5102 aliquat
1594 5030 1810 5102 dialogi
1864 5031 2024 5085 Pauli

395 5212 472 5277 (at
492 5206 557 5259 In
584 5205 933 5276 Hipponensi
963 5206 1310 5261 Bibliotheca
1336 5222 1629 5277 magnam,
1673 5204 1852 5260 immo
1875 5222 2023 5277 pene

322 5276 580 5332 omnium
639 5275 914 5332 librorum
969 5278 1270 5349 Augustini
1349 5275 1759 5349 supellectilem
1826 5275 2021 5349 fuisse,

318 5365 447 5421 quae
478 5349 736 5402 ﬂammas
762 5351 936 5404 etiam
960 5348 1285 5421 acrapinas
1307 5348 1717 5421 Wandalorum
1760 5348 2021 5415 evaserit,

320 5415 521 5488 multa,
571 5437 700 5474 cum
743 5420 1070 5492 Augustini,
1116 5415 1242 5476 tum
1282 5420 1529 5492 aliorum
1567 5420 1690 5492 loca
1719 5424 2022 5492 testantur,

320 5497 377 5563 et
404 5497 761 5563 postremum
785 5489 1044 5562 quidem,
1065 5493 1191 5557 hoc,
1245 5491 1403 5563 quod
1430 5491 1721 5563 Possidius
1761 5491 1832 5546 ad
1869 5489 2026 5544 illius

317 5561 592 5618 intuitum
621 5561 871 5618 indicem
899 5563 1244 5635 scriptorum
1261 5561 1828 5634 Augustinianorum
1866 5577 2024 5638 com-

2055 4294 2100 4350 D

2127 3072 2214 3126 83.
2250 3072 2542 3142 Hymnus:
2578 3075 2651 3128 Te
2695 3078 2862 3131 Deum
2917 3078 3222 3147 laudamus,
3277 3081 3572 3137 Ambrosio
3627 3090 3686 3139 et
3720 3090 3831 3141 Au-

2200 3160 2430 3230 gustino
2459 3161 2629 3216 simul
2660 3164 2837 3219 tribui
2863 3166 3084 3234 solitus,
3117 3167 3188 3224 de
3228 3170 3388 3240 cujus
3418 3175 3648 3227 auctore
3678 3179 3831 3229 certo

2200 3248 2345 3304 nihil
2374 3251 2545 3306 statui
2578 3255 2780 3322 potest.

2801 3361 3028 3417 CAPUT
3063 3363 3158 3417 III.

2382 3465 2564 3522 Varie
2587 3464 2848 3522 editiones
2877 3484 3094 3538 operum
3144 3471 3202 3527 S.
3263 3471 3582 3540 Augustini.

2820 3607 3138 3649 PROOEMIUM.

2197 3693 2363 3750 Haud
2393 3711 2538 3767 opus
2567 3713 2689 3752 esse
2721 3701 2862 3768 puto
2894 3700 2978 3754 rei
3027 3699 3323 3756 litterariae
3379 3705 3435 3757 et
3487 3704 3837 3760 ecclesiasti—

2127 3799 2208 3840 ca:
2260 3783 2516 3839 historiae
2569 3787 2854 3854 studiosis,
2895 3792 2959 3844 ut
2988 3789 3057 3843 de
3087 3790 3335 3858 ratione,
3370 3806 3485 3861 qua
3535 3797 3620 3847 tot
3648 3797 3836 3850 tanta-

2118 3888 2261 3943 que,
2324 3873 2532 3944 quibus
2599 3876 2905 3946 Augustini
2971 3877 3184 3948 scripta
3241 3880 3834 3950 comprehenduntur,

2124 3961 2424 4016 volumina
2455 3963 2526 4017 ab
2555 3963 2735 4035 ipsius
2763 3965 2895 4019 inde
2928 3966 3174 4024 auctoris
3201 3983 3374 4021 manu
3409 3973 3723 4041 propagata
3777 3975 3842 4025 et

2126 4051 2197 4106 ad
2250 4053 2650 4124 typographiaa
2705 4054 2976 4108 salutaria
3040 4058 3303 4125 tempora
3349 4061 3568 4111 servata
3621 4058 3844 4113 fuerint

2128 4140 2326 4195 sedulo
2358 4140 2677 4214 disquirant
2708 4159 2721 4196 :
2753 4142 3041 4214 siquidem
3063 4143 3186 4214 jam
3205 4161 3306 4200 sua
3331 4150 3497 4200 atate
3526 4163 3654 4201 cum
3685 4148 3845 4203 fama

2129 4228 2253 4299 ejus
2283 4229 2627 4301 scriptorum
2663 4233 3016 4303 exemplaria
3045 4249 3279 4289 omnem
3308 4251 3454 4306 pene
3484 4236 3680 4290 orbem
3709 4253 3846 4308 per-

2129 4319 2332 4388 vagata
2360 4322 2568 4388 essent,
2622 4324 2678 4372 et
2728 4324 2858 4388 post
2902 4321 3128 4376 obitum
3159 4322 3284 4392 ejus
3313 4339 3680 4394 nequaquam
3713 4341 3848 4379 ces—

2127 4410 2289 4459 sante
2320 4422 2518 4461 eorum
2551 4423 2660 4462 usu
2689 4424 2806 4463 non
2836 4409 3148 4476 defuerint,
3181 4409 3282 4480 qui
3334 4415 3392 4463 et
3437 4413 3851 4467 conservandis

2129 4498 2185 4548 et
2241 4495 2697 4567 multiplicandis
2780 4497 3005 4552 assidue
3062 4497 3358 4552 studerent
3415 4499 3512 4570 (a).
3568 4499 3855 4558 Observat

2128 4582 2416 4638 Fabricius
2454 4584 2552 4654 (b),
2607 4585 2830 4639 saeculis
2856 4586 3075 4656 aliquot
3098 4585 3168 4640 ab
3194 4602 3425 4641 excessu
3455 4589 3577 4659 ejus
3607 4591 3848 4661 elapsis,

2126 4674 2286 4726 tanto
2316 4671 2377 4726 in
2435 4673 2621 4744 pretio
2679 4673 2852 4728 fuisse
2906 4674 3004 4728 illa
3060 4681 3458 4744 monumenta,
3517 4682 3580 4732 ut
3637 4694 3852 4734 eorum

2127 4777 2314 4829 causa,
2345 4777 2478 4818 cum
2510 4761 2571 4814 in
2625 4761 2899 4832 Hispania
2955 4763 3304 4834 exemplaria
3354 4765 3634 4832 deessent,
3690 4767 3858 4823 circa.

2127 4865 2180 4904 a.
2241 4852 2366 4916 650,
2433 4849 2568 4904 Taio
2644 4851 3185 4923 Caesaraugustanus
3231 4852 3532 4924 episcopus
3587 4855 3843 4911 Romam

2128 4938 2475 4993 mitteretur.
2509 4938 2884 5010 Sequioribus
2916 4945 3107 4995 autem
3163 4942 3519 5012 temporibus
3550 4960 3681 4998 cum
3734 4945 3846 5000 bo-

2129 5044 2220 5083 na:
2249 5027 2456 5082 litterae
2484 5028 2682 5083 lumen
2718 5045 2888 5084 suum
2919 5028 3237 5101 benignum
3287 5032 3458 5102 plane
3518 5033 3853 5088 abscondis-

2129 5204 2418 5281 posuerit;
2463 5204 2531 5281 de
2559 5206 2766 5281 quibus
2795 5205 3065 5281 omnibus
3097 5207 3322 5275 adeant,
3383 5209 3480 5281 qui
3537 5209 3680 5264 tanti
3711 5226 3857 5281 ipu-

2131 5277 2276 5350 tant,
2308 5277 2634 5350 Engelberti
2665 5278 2942 5348 Klupfelii
2971 5278 3142 5350 disp.,
3175 5297 3244 5334 an
3259 5286 3308 5336 et
3339 5277 3598 5348 quomodo
3631 5277 3858 5336 Biblio-

2134 5349 2286 5402 theca
2315 5349 2370 5403 S.
2404 5351 2711 5416 Augustini
2751 5350 3036 5405 incolumis
3064 5349 3286 5406 servata
3312 5354 3483 5416 merit
3525 5354 3585 5406 in
3624 5353 3858 5408 excidio

2131 5421 2300 5502 Hipp.
2333 5420 2766 5502 430,_inse_rtam
2818 5421 3002 5502 ejusd.
3059 5424 3209 5502 γεεί,
3233 5422 3855 5502 ΙζὶὸξᾼΕοοιεβξᾳείίοω,

2132 5491 2555 5564 voI._i,7part._r
2581 5491 2866 5564 (Friburgi
2892 5491 3077 5564 rBrisg.
3111 5495 3235 5559 780,
3255 5491 3449 5564 ιιι-Βῆ).
3474 5509 3533 5564 p.
3571 5491 3853 5564 183,3qq.

2208 5561 2287 5631 (b)
2317 5563 2382 5616 In
2432 5561 2595 5619 Bibl.
2629 5563 2760 5618 Lat.
2793 5561 2855 5618 T.
2888 5563 2960 5633 II,
2991 5561 3137 5628 [ιν.
3169 5578 3216 5618 c.
3252 5565 3305 5630 3,
3335 5561 3426 5619 ed.
3459 5561 3618 5631 Ven,
3642 5561 3702 5636 p7.
3739 5561 3857 5620 3—5—3
