4060 6194
218 301 267 350 .-,.
1090 318 1098 327 σ
1209 291 1483 346 norma
1524 291 1943 346 LITTERARIA
1988 291 2051 345 IN
2091 292 2146 346 s.
2189 295 2664 352 AUGUSTINUM.

3624 313 3691 364 42

215 423 338 485 sent,
381 417 552 486 hujus
599 421 793 470 tamen
850 415 1025 469 libros
1078 429 1188 468 non
1234 431 1299 469 ex
1354 414 1620 469 manibus
1681 430 1880 468 mona-
1918 414 1962 468 Α
1994 414 2209 483 gularis
2239 419 2530 472 vetustatis
2561 419 2772 475 indicia
2809 423 3000 478 habet.
3059 427 3270 482 Eodem
3322 446 3455 485 vero
3517 449 3688 502 anno,

214 509 424 563 chorum
472 521 710 559 excuses
755 503 948 568 fuisse,
1004 519 1120 556 non
1172 503 1358 557 solum
1415 507 1500 557 tot
1554 519 1622 556 ex
1679 504 1883 558 seculo

214 610 365 659 nono,
396 593 614 648 decimo
644 597 700 646 et
740 591 1108 663 sequentibus
1137 590 1411 662 proximis
1467 591 1688 662 reliqua
1735 608 1875 647 mss.

213 683 533 754 exemplaria
570 685 908 753 loquuntur,
936 682 1030 735 sed
1060 682 1400 735 documento
1440 686 1570 734 sunt
1601 681 1770 734 etiam
1801 697 1885 734 va-

212 772 286 826 ria
335 773 427 826 illa
507 773 840 828 Colleetanea
885 787 983 823 seu
1035 772 1326 838 Florileqia
1378 771 1776 824 Sententiarum
1829 772 1884 823 et

210 861 444 913 locorum
470 859 871 929 insigniorum,
906 874 1034 928 quae
1080 858 1288 926 pusillo
1345 857 1534 911 studio
1576 873 1640 910 ex
1695 856 1883 926 operi-

209 948 304 1001 bus
333 950 448 1018 ejus
476 948 739 1017 decerpta
769 952 825 1000 et
872 951 1166 1016 compacta
1196 950 1348 1014 sunt,
1406 961 1678 1016 quorum,
1730 945 1883 1014 quod

207 1037 344 1092 felici
369 1037 557 1091 omine
615 1037 874 1106 contigit,
927 1035 1269 1106 paucissima
1317 1040 1509 1088 tamen
1561 1034 1710 1105 typis
1752 1039 1886 1087 sunt

207 1127 486 1197 impressa,
528 1126 622 1179 sed
673 1124 885 1195 passim
942 1123 1001 1176 in
1051 1123 1410 1177 bibliothecis
1433 1123 1605 1193 justis
1637 1123 1883 1176 tenebris

205 1217 534 1284 premuntur
561 1212 662 1283 (α).
729 1214 803 1265 De
863 1213 1060 1267 Carolo
1117 1212 1317 1279 Magno
1373 1210 1772 1280 pervulgatum
1803 1213 1885 1262 est

206 1301 501 1373 Eginhardi
530 1299 878 1366 testimonio,
913 1299 1111 1371 quanti
1164 1299 1338 1353 libros
1391 1299 1456 1351 de
1509 1300 1737 1355 Civitate
1790 1300 1884 1352 Dei

200 1391 402 1446 fecerit.
434 1390 540 1445 Sed
581 1390 734 1461 quod
789 1389 986 1459 paucis
1042 1392 1247 1442 notum
1304 1386 1493 1453 fuerit,
1553 1387 1786 1441 Carolus
1816 1387 1880 1452 V,

203 1496 295 1533 rex
345 1478 552 1543 Gallias,
599 1478 784 1531 virum
842 1477 992 1531 inter
1046 1477 1236 1531 doctos
1295 1492 1412 1530 suae
1470 1475 1654 1530 astatis
1711 1476 1882 1545 longe

201 1568 708 1622 eminentissimum
748 1565 1112 1636 Radolphum
1166 1565 1233 1618 de
1286 1566 1536 1618 Preulles
1587 1565 1882 1634 stipendiis

200 1673 325 1728 rege
353 1656 537 1727 dignis
564 1656 774 1725 adegit,
809 1660 872 1709 ut
900 1655 1052 1708 idem
1082 1671 1224 1724 opus
1254 1653 1312 1707 in
1343 1655 1619 1708 Gallicum
1675 1669 1882 1707 sermo-

202 1765 328 1802 nem
383 1747 799 1802 transfunderet
859 1745 1284 1800 commentariis
1341 1745 1580 1799 eruditis
1632 1745 1880 1799 illustra-

200 1843 286 1890 ret
313 1835 405 1906 (b).
437 1837 514 1889 Ex
542 1852 657 1906 quo
686 1851 818 1889 vero
849 1836 1053 1889 saeculo
1081 1835 1301 1888 decimo
1333 1836 1533 1905 quinto
1589 1834 1734 1886 mira
1787 1833 1884 1886 illa

201 1925 364 1980 libros
392 1924 812 1994 multiplicandi
849 1939 940 1976 ars
979 1923 1236 1993 occmpit,
1297 1923 1446 1976 inter
1500 1922 1714 1993 primos
1773 1927 1883 1975 sta-

197 2015 318 2080 tim,
369 2014 466 2084 qui
524 2018 787 2084 typorum
819 2013 1090 2066 formulas
1129 2011 1473 2082 flagitarent,
1534 2013 1882 2079 Augustinus

195 2103 318 2165 fuit,
363 2119 466 2156 nec
521 2103 669 2156 ullus
728 2101 1060 2156 Latinorum
1114 2102 1455 2172 scriptorum
1512 2100 1762 2154 crebrius
1817 2118 1882 2155 eo

195 2193 349 2262 prelo
379 2191 643 2262 deinceps
673 2191 972 2244 mandatus
1002 2195 1106 2244 est.
1155 2190 1410 2243 Primum
1465 2194 1677 2254 autem,
1730 2190 1882 2260 quod

195 2281 401 2335 staneis
457 2280 875 2334 characteribus
933 2279 1281 2349 exscriptum
1311 2283 1395 2332 est
1411 2294 1574 2349 opus,
1601 2279 1708 2332 fuit
1737 2278 1883 2333 liber

194 2372 310 2440 ejus
341 2369 408 2422 de
432 2370 568 2423 Arte
592 2368 935 2437 praedicandi
964 2384 1063 2422 seu
1094 2367 1329 2420 ultimus
1361 2383 1424 2420 ex
1450 2371 1696 2436 quatuor
1726 2367 1882 2421 libris

194 2461 256 2514 de
287 2461 541 2513 Doctrina
561 2458 893 2522 Christiana,
918 2455 1066 2510 circa
1095 2473 1309 2510 annum
1349 2457 1502 2522 1465,
1529 2458 1884 2522 Argento-rati

191 2547 338 2619 apud
369 2549 623 2600 Joannem
675 2546 1040 2608 Mentelinum,
1076 2561 1248 2615 quem
1289 2544 1491 2598 eodem
1549 2546 1634 2597 vel
1683 2544 1880 2614 proxi-

187 2651 281 2688 mo
315 2634 509 2689 statim
535 2649 683 2687 anno
712 2633 938 2702 repetiit
965 2635 1207 2688 Joannes
1250 2635 1373 2686 Fust
1395 2635 1701 2700 Moguntiae.
1758 2634 1883 2688 Jam

185 2741 318 2778 vero
370 2739 403 2776 a
467 2724 596 2777 1467
653 2738 718 2776 ex
778 2722 986 2776 celebri
1041 2722 1138 2776 illo
1195 2721 1506 2777 Sublacensi
1558 2724 1882 2776 monasterio

187 2812 398 2883 prodiit
422 2810 763 2882 primarium
803 2811 923 2881 ejus
976 2827 1119 2881 opus
1171 2811 1236 2863 de
1279 2811 1507 2866 Civitate
1558 2813 1670 2876 Dei,
1707 2815 1762 2865 et
1792 2827 1881 2864 se-

187 2901 390 2973 quenti
419 2900 612 2954 statim
641 2899 1017 2970 proximoque
1050 2915 1199 2953 anno
1232 2902 1410 2955 Romae
1438 2900 1508 2968 ab
1566 2899 1768 2953 iisdem
1799 2905 1880 2969 ty-

1921 1704 1962 1759 B

1993 519 2165 572 quem
2198 506 2628 562 Mediolanensis
2655 510 2891 580 profert,
2927 515 3089 584 prelo
3145 516 3305 572 dedit
3353 519 3438 573 Jo.
3495 523 3687 576 Amer-

1995 592 2128 645 bach
2161 593 2484 666 iterumque
2545 600 2698 664 1490,
2763 617 2890 670 qua:
2943 610 3278 674 sequentem
3334 607 3538 664 habuit
3570 612 3687 665 Fri-

1992 680 2337 751 burgensem
2385 701 2440 739 a.
2484 687 2638 750 1494,
2685 690 3040 745 Basileensem
3088 695 3476 766 Langendorﬁi
3530 703 3686 764 1515,

1992 774 2050 858 et
2078 772 2486 837 Lugdunensem
2549 778 2700 829 1520.
2750 779 2835 832 Ad
2877 779 2997 833 haec
3042 782 3227 851 prima
3282 786 3429 840 circa
3462 791 3688 858 Augus-

1992 856 2098 911 tini
2131 859 2304 913 libros
2333 862 2518 915 studia
2551 865 2796 932 pertinet
2825 883 2993 935 porro
3050 872 3109 924 in
3163 874 3466 929 Germania
3514 856 3690 933 editio

1992 947 2124 1001 libri
2153 948 2218 1002 de
2248 951 2522 1005 Consensu
2553 955 2635 1006 IV
2685 956 3176 1027 Evangelistarum,
3239 963 3499 1035 Lavingaz
3533 969 3686 1022 1473.

1993 1037 2134 1090 Item
2163 1037 2294 1091 libri
2324 1039 2388 1093 de
2415 1041 2545 1094 Fide
2592 1046 2642 1096 et
2673 1043 2953 1112 Operibus,
3007 1049 3232 1104 Colonia:
3280 1053 3460 1107 eodem
3508 1072 3649 1111 anno
3670 1077 3690 1121 ;

1992 1125 2263 1196 variaque
2295 1127 2507 1182 ibidem
2540 1130 2747 1184 minori
2774 1131 2959 1186 forma
2991 1152 3192 1190 excusa
3237 1144 3526 1211 opuscula,
3562 1161 3690 1215 qua:

1993 1214 2186 1267 omnia
2215 1216 2284 1269 ad
2316 1217 2582 1271 eumdem
2622 1235 2840 1274 annum
2895 1223 3081 1278 redire
3129 1225 3410 1283 videntur.
3468 1214 3690 1303 Supipar

1993 1301 2197 1356 iisdem
2227 1304 2480 1368 fortasse,
2521 1309 2692 1362 modo
2749 1311 3082 1366 Germanica
3138 1315 3230 1381 sit,
3288 1301 3687 1384 Confessionum

1994 1391 2169 1445 editio
2201 1393 2300 1446 loci
2327 1398 2377 1447 et
2403 1398 2538 1449 anni
2582 1397 2793 1451 indicio
2827 1399 3116 1468 destituta,
3173 1421 3417 1474 quarum
3471 1415 3691 1464 vetusta

1993 1480 2304 1536 admodum
2358 1483 2661 1554 descriptio
2714 1487 3010 1542 Mediolani
3063 1491 3207 1546 facta
3262 1499 3348 1548 est
3420 1497 3574 1562 1475,
3635 1503 3692 1552 et

1993 1585 2122 1623 mox
2155 1585 2200 1624 s.
2232 1571 2267 1624 l.
2306 1573 2461 1627 1482.
2514 1575 2786 1629 Sermones
2819 1577 2991 1632 etiam
3051 1579 3384 1652 frequenter
3430 1600 3533 1654 per
3585 1586 3691 1640 hoc

1993 1661 2222 1728 tempus
2255 1661 2413 1729 prela
2445 1669 2842 1731 exercuerunt,
2903 1683 2971 1721 ex
3027 1669 3234 1739 quibus
3277 1673 3687 1744 antiquissima:

1995 1749 2239 1802 Humilia)
2272 1751 2328 1803 L.
2364 1752 2624 1815 Augustae
2680 1769 2782 1823 per
2818 1757 2994 1810 Anth.
3048 1758 3204 1824 Sorg.
3260 1763 3392 1814 1475
3447 1779 3687 1830 excusas,

1995 1853 2134 1906 quas
2165 1844 2507 1907 exceperunt
2558 1843 2833 1896 Sermones
2892 1845 2965 1898 ad
3020 1849 3282 1903 Eremitas
3316 1852 3540 1915 fratres,
3575 1855 3692 1906 Mu-

1994 1927 2118 1978 tina:
2149 1942 2199 1979 a.
2239 1928 2404 1992 1477;
2432 1928 2725 1983 Mediolani
2771 1933 2942 1998 1484;
3000 1935 3204 1990 Bria'ia’
3236 1938 3402 2004 1486;
3456 1941 3689 1994 Venetiis

1991 2029 2094 2083 per
2126 2016 2329 2080 Pagan.
2370 2016 2434 2068 de
2463 2019 2762 2084 Paganinis
2821 2023 2988 2088 1487;
3030 2023 3230 2078 ibidem
3269 2042 3372 2094 per
3431 2029 3586 2082 Vino.
3629 2030 3692 2082 de

1992 2104 2228 2156 Benaliis
2259 2105 2425 2168 1492;
2475 2105 2704 2159 tandem
2740 2110 3177 2166 Amerbaehiana
3226 2115 3490 2180 Collectio,
3543 2117 3692 2170 inter

1993 2207 2134 2260 quos
2167 2207 2363 2246 recens
2407 2194 2630 2264 farrago
2678 2196 3015 2252 Sermonum
3069 2201 3134 2253 de
3167 2204 3418 2272 Tempore
3455 2207 3588 2258 1494
3637 2211 3692 2259 et

1997 2279 2151 2345 1495,
2175 2281 2414 2350 repetita
2447 2282 2545 2336 illa
2593 2286 2825 2340 Parisiis
2865 2289 3013 2357 apud
3043 2290 3236 2343 Jodoc.
3265 2292 3497 2347 Badium
3533 2297 3667 2347 1516

1992 2373 2048 2420 et
2094 2369 2358 2435 Hagenoae
2407 2374 2560 2424 1521.
2619 2351 3000 2440 Epistolarum
3059 2393 3228 2446 porro
3283 2351 3691 2449 impressiones

1991 2462 2200 2527 praeter
2229 2463 2512 2528 antiquam
2560 2463 2668 2515 loco
2723 2468 2773 2516 et
2812 2479 2951 2517 anno
2997 2481 3101 2518 non
3158 2469 3476 2535 insignitum
3528 2471 3689 2525 facta}

1993 2552 2123 2600 sunt
2151 2547 2220 2600 ab
2276 2549 2495 2616 eodem,
2541 2551 2639 2620 qui
2669 2552 2835 2606 toties
2867 2553 3031 2607 nobis
3089 2555 3403 2611 laudandus
3459 2564 3562 2624 est,
3592 2561 3686 2614 Jo.

1992 2636 2349 2690 Amerbachio
2379 2653 2428 2690 a.
2487 2639 2618 2692 1493
2662 2645 2717 2693 et
2774 2643 2928 2706 1494,
2989 2643 3240 2714 itemque
3294 2647 3690 2702 Enarrationes

1993 2727 2051 2777 in
2082 2725 2319 2779 Psalmos
2351 2726 2607 2795 repetitis
2655 2728 2872 2783 vicibus
2902 2746 2953 2784 a.
3013 2733 3171 2797 1489,
3209 2736 3342 2788 1493
3377 2736 3562 2806 (cujus
3591 2754 3689 2790 an-

1994 2812 2052 2865 ni
2091 2813 2303 2866 Veneta
2355 2815 2526 2868 etiam
2587 2816 2760 2870 editio
2819 2819 3034 2872 laudari
3093 2820 3273 2886 solet),
3313 2824 3466 2889 1494,
3531 2826 3688 2890 1497,

1994 2916 2060 2954 ex
2119 2918 2222 2956 sua
2277 2901 2503 2955 officina
2554 2903 2704 2957 exire
2758 2921 2955 2974 passus
3007 2911 3106 2971 est,
3168 2924 3414 2979 eumque
3463 2918 3690 2966 secutus

182 2990 499 3061 pographis
529 2989 856 3059 repetitum,
886 2988 996 3042 cito
1047 3004 1244 3042 omnes
1297 3004 1443 3058 pene
1495 2987 1668 3041 Italiae
1701 2987 1881 3042 oftici-
1922 2998 1961 3054 C
1995 2990 2367 3057 Lugdunensis
2405 2991 2604 3044 artifex
2655 3009 2704 3045 a.
2760 2995 2912 3046 1519.
2974 2994 3067 3048 His
3118 2995 3352 3066 insuper
3397 2999 3537 3052 adde
3599 3001 3686 3054 iu-

186 3097 286 3133 nas
341 3077 724 3150 pervolitavit.
810 3077 989 3146 Igitur
1038 3092 1308 3131 excusum
1363 3079 1445 3129 est
1483 3076 1681 3129 eodem
1735 3093 1884 3130 anno

189 3171 324 3223 1470
375 3169 633 3229 Venetiis,
666 3166 997 3236 ibidemque
1028 3166 1116 3220 bis
1154 3168 1286 3220 1475
1316 3165 1466 3236 apud
1524 3167 1640 3218 Nic.
1680 3166 1886 3219 Jenson

183 3261 237 3309 et
278 3254 451 3311 Gabr.
503 3255 643 3307 Petr.
695 3252 759 3306 de
819 3255 1097 3317 S‘arvisio;
1158 3255 1332 3307 Romae
1379 3253 1534 3316 1474,
1583 3252 1732 3322 apud
1781 3252 1888 3306 Ud-

183 3347 287 3398 alr.
319 3344 578 3406 Gallum;
612 3341 837 3410 Neapoli
861 3343 1031 3409 1477';
1054 3343 1294 3395 Venetiis
1329 3341 1485 3406 1486,
1517 3341 1682 3404 1489;
1740 3343 1885 3394 Tho—

180 3437 306 3488 losav
346 3433 506 3486 1488.
542 3431 652 3484 Nec
698 3430 889 3484 minus
917 3430 977 3484 in
1030 3429 1332 3484 Germania
1361 3429 1507 3482 circa
1558 3428 1707 3482 idem
1745 3445 1887 3499 opus

181 3525 233 3578 in
268 3522 438 3593 prela
469 3520 874 3586 incubuerunt,
907 3535 1257 3591 quamquam
1311 3518 1493 3572 serius
1557 3518 1884 3588 aliquando,

179 3628 310 3665 cum
341 3611 469 3681 jam
502 3608 792 3663 remissior
818 3609 998 3662 factus
1029 3613 1174 3662 esset
1208 3608 1268 3660 in
1318 3606 1476 3660 Italia
1526 3606 1747 3676 primus
1791 3606 1886 3660 ille

179 3702 471 3755 librorum
499 3699 966 3753 excudendorum
1016 3697 1201 3752 ardor.
1237 3697 1422 3750 Unum
1479 3695 1665 3748 solum
1722 3696 1885 3748 novi-

177 3807 309 3844 mus
342 3789 644 3859 antiquius
675 3788 967 3858 exemplar
1008 3801 1276 3840 excusum
1300 3801 1333 3838 a
1393 3787 1547 3839 1473.
1587 3785 1890 3852 Moguntiav

176 3879 334 3949 apud
391 3880 537 3934 Petr.
594 3878 889 3946 Schoi/fer;
954 3875 1156 3930 deinde
1211 3874 1604 3929 Basilecnsibus
1659 3874 1889 3943 signum

176 3968 392 4024 extulit
438 3967 602 4022 Mich.
652 3967 927 4020 Wenszler
958 3981 1008 4018 a.
1047 3966 1202 4031 1479,
1250 3978 1423 4033 quem
1454 3963 1651 4016 decem
1710 3978 1889 4016 annos

174 4063 306 4130 post
334 4061 550 4110 secutae.
611 4063 745 4109 sunt
798 4055 1244 4109 Amerbachiane
1295 4051 1718 4122 impressiones,
1767 4054 1887 4106 Fri-

173 4148 474 4215 burgensis
537 4146 690 4210 1499,
735 4143 1116 4212 Langendorﬁi
1185 4143 1340 4209 1515,
1402 4140 1652 4208 Lugdun.
1733 4144 1888 4196 1520.

175 4239 383 4291 Exstat
439 4249 668 4305 quoque
717 4233 1064 4286 Lovaniensis
1123 4231 1278 4284 1488.
1343 4229 1688 4284 Germanicis
1756 4246 1888 4283 vero

171 4324 536 4392 plerumque
591 4319 843 4390 adjuncti
929 4318 1180 4390 conspici
1247 4317 1430 4372 solent
1499 4317 1893 4372 commentarii

177 4413 416 4466 Thema:
449 4411 630 4465 Valois
663 4413 718 4462 et
765 4410 977 4464 Nieolai
1029 4409 1265 4474 Triveth,
1323 4407 1529 4478 quibus
1589 4407 1894 4461 admodum

171 4504 306 4554 tum
343 4499 663 4553 delectatos
693 4497 864 4550 fuisse
903 4497 1168 4550 videntur
1196 4495 1538 4550 obscurioris
1566 4496 1738 4565 hujus
1765 4495 1896 4550 doc-

173 4588 358 4642 trinas
419 4591 723 4650 amatores,
782 4585 962 4639 donec
1009 4601 1113 4655 per
1158 4586 1488 4640 Ludovicum
1537 4587 1720 4638 Vivem
1769 4589 1900 4638 sunt

168 4675 426 4746 sepulti.
461 4676 601 4728 Cum
632 4674 1047 4728 Basilecnsibus
1086 4674 1364 4728 librorum
1421 4673 1486 4727 de
1521 4674 1749 4729 Civitate
1806 4675 1900 4727 Dei

170 4763 546 4818 editionibus
578 4765 745 4833 hujus
777 4763 957 4817 aetatis
988 4763 1112 4832 pari
1154 4763 1270 4817 fere
1301 4779 1471 4832 passu
1529 4762 1802 4817 incedunt
1832 4762 1898 4815 li-

169 4853 269 4906 bri
300 4853 376 4906 de
421 4855 705 4906 Trinitate.
741 4853 956 4906 Horum
984 4852 1171 4922 prima
1226 4851 1529 4921 descriptio
1590 4851 1760 4904 fuisse
1811 4850 1898 4904 vi-

167 4941 362 4996 detur
405 4942 703 4994 Venetiana
731 4941 946 5010 absque
987 4941 1122 4994 anni
1154 4941 1444 4996 mentione
1474 4957 1577 5011 per
1629 4943 1899 5010 Paganin.

167 5030 244 5084 de
300 5031 636 5097 Paganinis,
680 5033 777 5082 aut
807 5029 1226 5085 Mediolanensis
1277 5046 1380 5100 per
1433 5031 1627 5084 Leonh.
1687 5029 1899 5083 Pachel.

175 5121 360 5174 1489.
401 5119 664 5172 Fortasse
693 5123 883 5172 autem
914 5118 1217 5172 Germania
1273 5118 1652 5189 antiquiorem
1705 5117 1905 5172 habuit

166 5208 236 5263 in
277 5225 380 5278 ea,
427 5223 556 5280 quia
585 5207 694 5261 loci
723 5207 955 5278 quidem
987 5212 1042 5262 et
1071 5207 1206 5262 anni
1245 5208 1408 5279 signo
1464 5212 1615 5262 caret
1662 5209 1758 5262 sed
1787 5207 1903 5261 sin-

249 5391 338 5456 (a)
405 5385 815 5454 Subjunximus
879 5384 1032 5456 infra,
1103 5384 1368 5456 quaedam
1437 5401 1504 5438 ex
1561 5383 1786 5438 Oudino
1854 5389 1910 5439 et

161 5455 457 5514 M.Bibl.
515 5458 658 5511 Eccl.
711 5455 1041 5511 Coloniensi
1101 5455 1170 5511 de
1230 5456 1513 5526 ejusmodi
1564 5457 1910 5522 Deﬂoratori-

162 5531 282 5584 bus
318 5533 383 5583 et
447 5527 963 5584 Commentatoribus
1016 5532 1133 5582 tam
1184 5526 1450 5598 antiquis,
1511 5541 1684 5596 quam
1715 5541 1908 5581 recen-

155 5602 376 5684 tibus.

573 5687 846 5753 PATROL.
897 5687 1147 5754 XLVII.

1928 4286 1977 4343 D

1995 3083 2226 3148 gentem
2259 3095 2563 3133 numerum
2595 3096 2792 3134 eorum
2851 3081 3149 3148 librorum,
3205 3085 3305 3154 qui
3336 3091 3570 3156 propter
3597 3088 3685 3142 in-

1994 3165 2273 3221 diciorum
2305 3173 2360 3221 et
2389 3173 2654 3222 notarum
2711 3169 2991 3224 defectum
3031 3177 3183 3226 certo
3218 3190 3366 3227 anno
3395 3176 3551 3246 attigi
3582 3193 3682 3231 ne-

1997 3261 2237 3326 queunt,
2289 3258 2610 3327 cujusmodi
2658 3274 2771 3312 non
2805 3275 2918 3313 una
2947 3266 3126 3315 exstat
3181 3262 3352 3318 editio
3411 3265 3686 3320 librorum

1995 3344 2061 3397 de
2116 3347 2372 3398 Doctrina
2411 3346 2742 3413 Christiana,
2787 3347 2852 3401 de
2896 3349 3211 3413 Quantitate
3269 3354 3463 3405 animae
3495 3355 3687 3408 Solilo-

1997 3434 2267 3500 quiat-um,
2330 3435 2662 3500 Sermonum,
2737 3435 2803 3489 de
2907 3439 3190 3505 Trinitate,
3253 3441 3679 3507 Con/essionum,

2005 3523 2385 3588 Epistolarum,
2445 3523 2509 3576 de
2535 3524 2802 3578 Consensu
2832 3529 3066 3592 quatuor
3094 3529 3586 3596 Evangelistarum,
3628 3532 3692 3584 de

1995 3610 2213 3678 Spiritu
2237 3616 2286 3663 et
2315 3611 2543 3676 Littera,
2577 3612 2642 3665 de
2669 3614 2896 3668 Civitate
2925 3617 3022 3667 Dei
3046 3634 3063 3680 ;
3115 3617 3173 3670 in
3211 3620 3569 3685 Evangelium
3597 3622 3692 3675 Jo-

1995 3700 2173 3765 annis,
2226 3699 2536 3752 Enchiridii
2587 3700 2660 3752 ad
2717 3702 3091 3770 Laurentium,
3124 3708 3272 3771 etc.;
3329 3723 3469 3776 quos
3495 3723 3692 3762 omnes

1997 3802 2100 3839 suo
2156 3787 2276 3840 loco
2331 3787 2637 3856 diligenter
2689 3789 3010 3843 notavimus
3059 3795 3114 3845 et
3170 3809 3276 3862 pro
3328 3795 3544 3850 viribus
3594 3796 3692 3850 de-

1996 3874 2233 3944 scriptos
2262 3876 2540 3929 dedimus.

2069 3966 2290 4018 Interea
2319 3964 2569 4034 plurima
2620 3965 2788 4019 etiam
2847 3967 2970 4036 ejus
3023 3969 3295 4037 opuscula
3333 3971 3522 4042 colligi
3556 3973 3696 4027 etin

1997 4069 2178 4108 unum
2217 4069 2422 4122 corpus
2451 4052 2616 4106 condi
2657 4059 2840 4122 coepta
2884 4060 3032 4120 sunt,
3089 4056 3219 4110 licet
3275 4057 3334 4111 in
3385 4060 3697 4130 allegendis

2000 4141 2240 4211 singulis
2269 4157 2385 4194 non
2415 4156 2640 4209 semper
2663 4142 2804 4194 ratio
2835 4143 3099 4212 quaedam
3131 4149 3188 4197 et
3216 4146 3516 4201 consilium
3545 4165 3697 4218 spec-

1998 4233 2181 4283 tatum
2211 4228 2338 4294 fuit,
2372 4228 2468 4281 sed
2503 4229 2656 4282 casui
2687 4229 2885 4299 magis,
2925 4230 3023 4300 qui
3069 4231 3224 4284 varia
3253 4232 3497 4288 invicem
3543 4235 3698 4290 illius

2005 4317 2215 4387 scripta
2260 4316 2546 4382 sociasset,
2587 4322 2879 4372 curatores
2961 4318 3216 4374 obsecuti
3253 4337 3372 4374 esse
3411 4321 3696 4379 videntur.

2005 4406 2260 4460 Primum
2307 4406 2364 4460 in
2412 4405 2498 4458 his
2546 4406 2735 4460 locum
2795 4406 2901 4461 sibi
2961 4407 3255 4463 vindicant
3315 4413 3597 4468 Tractatus
3645 4431 3698 4468 a.

2011 4495 2148 4550 1484
2181 4497 2415 4550 Venetiis
2436 4511 2534 4564 per
2563 4496 2840 4550 Andream
2871 4497 2936 4550 de
2965 4500 3174 4552 Bonetis
3221 4498 3288 4553 de
3342 4503 3518 4570 Papia
3546 4503 3698 4558 in-4°

2001 4584 2248 4656 junctim
2275 4584 2434 4651 editi,
2469 4585 2579 4638 nisi
2609 4584 2783 4638 iidem
2831 4585 2972 4639 forte
3024 4587 3144 4656 jam
3189 4604 3257 4641 ex
3287 4588 3467 4658 priori
3504 4594 3703 4648 Veneta

2006 4690 2110 4743 per
2141 4675 2419 4728 Octavian.
2469 4675 2682 4728 Scotum
2734 4676 2869 4728 1483
2914 4675 3028 4728 sint
3059 4676 3316 4744 derivati,
3373 4680 3522 4749 quod
3551 4686 3703 4734 certo

2008 4763 2345 4816 conﬁrmare
2368 4778 2483 4815 non
2515 4779 2784 4832 possum;
2821 4768 2876 4817 et
2931 4765 3342 4830 Argentinensis
3393 4767 3570 4822 editio
3602 4786 3704 4840 per

2008 4854 2229 4907 Martin.
2270 4852 2437 4905 Flach
2474 4868 2523 4904 a.
2563 4854 2722 4919 1489,
2755 4856 2810 4906 et
2847 4854 3042 4907 iterum
3080 4854 3278 4908 ibidem
3308 4871 3512 4910 excusa
3546 4859 3700 4913 1491.

2009 4940 2296 4993 Posterior
2326 4941 2538 4993 Veneta
2597 4940 2844 4993 editione
2897 4956 3011 4994 non
3074 4957 3276 5011 parum
3334 4942 3548 4995 auctior
3599 4949 3705 5013 est,

2011 5027 2143 5081 licet
2163 5028 2314 5080 ultra
2346 5026 2641 5080 dimidiam
2676 5032 2896 5097 partem
2920 5045 3049 5083 cum
3084 5029 3282 5083 eadem
3312 5029 3540 5100 egregie
3571 5048 3705 5086 con-

2013 5117 2224 5184 cordet,
2261 5115 2402 5170 adeo
2433 5119 2493 5169 ut
2521 5116 2750 5170 difficile
2779 5116 2931 5171 dictu
2964 5117 3055 5183 sit,
3105 5122 3297 5171 utrum
3345 5119 3597 5189 vestigiis
3639 5121 3704 5175 il-

2014 5205 2124 5258 lius
2149 5204 2439 5272 institerit,
2469 5221 2542 5258 an
2571 5205 2798 5275 incepto
2847 5207 3017 5276 plane
3061 5205 3281 5260 diverso
3311 5207 3384 5261 sit
3412 5208 3704 5265 adornata.

2089 5385 2168 5452 (b)
2203 5385 2281 5436 De
2308 5381 2653 5452 imperatore
2707 5383 2905 5439 Carolo
2965 5384 3026 5449 V,
3060 5383 3230 5453 hujus
3261 5386 3512 5440 nominis
3559 5389 3711 5444 idem

2016 5471 2274 5510 narrasse
2335 5455 2556 5507 Gallum
2615 5455 2922 5524 quemdam
2969 5453 3030 5507 in
3088 5455 3432 5524 Ephemerid.
3488 5460 3706 5514 Erudit.

2021 5526 2278 5598 (Journal
2307 5525 2589 5598 desSau.)
2622 5528 2770 5587 1666,
2817 5528 2901 5578 15.
2956 5525 3141 5594 Mart.,
3200 5527 3406 5582 alicubi
3464 5529 3523 5582 in
3572 5531 3710 5584 Bibl.

2020 5596 2198 5651 ('oton.
2237 5597 2376 5650 Eccl.
2411 5596 2671 5665 legimus.
2753 5609 2760 5612 '

3323 5694 3362 5751 2
