4044 6190
363 296 432 349 43
1370 289 1925 345 SUPPLEMENTUM
1965 291 2056 345 AD
2093 289 2324 345 OPERA
2363 292 2416 343 S.
2461 289 2842 344 AUGUSTINI.
3809 291 3878 342 44

365 418 610 488 Utraque
641 419 830 470 tamen
878 415 1013 469 talia
1058 413 1449 484 complectitur
1503 429 1697 484 opera,
1757 430 1886 484 quas
1939 429 2057 468 non
2093 411 2138 465 A
2169 413 2543 483 recognitum,
2586 413 2679 467 sed
2711 410 3124 466 commentario
3155 410 3392 480 insuper
3422 411 3742 479 illustravit,
3777 415 3877 467 cui

365 521 576 576 magna
604 503 908 558 voluminis
935 503 1083 557 mole
1111 506 1389 562 constant,
1423 507 1571 555 certe
1606 518 1719 555 non
1751 502 2059 572 prolixiora

363 593 520 648 libris
567 594 632 647 de
685 596 938 647 Doctrina
985 593 1322 655 Christiana,
1389 590 1561 660 idque
1613 592 1720 644 hoc
1771 589 2057 660 imprimis

363 688 645 751 respectu,
680 681 834 750 quod
863 681 961 732 illa
1015 678 1102 732 vel
1152 678 1389 732 seorsim
1433 679 1551 748 jam
1586 684 1930 749 prostarent,
1963 695 2056 732 ve-

361 770 466 823 luti
498 770 564 823 de
606 771 846 822 Civitate
885 770 998 834 Dei,
1053 767 1118 820 de
1177 766 1460 833 Trinitate,
1519 771 1943 822 Enarrationum
1999 767 2057 820 in

353 858 607 911 Psalmos
634 856 788 921 libri,
835 855 921 908 vel
965 855 1312 925 peculiarem
1346 855 1451 908 sibi
1509 871 1755 926 quasque
1801 856 2054 926 postula-

353 951 480 1000 rent
509 960 764 1015 operam,
815 944 1043 1014 qualem
1102 943 1408 1013 contigisse
1463 943 1634 996 etiam
1687 945 1950 1012 Epistolis
2003 947 2059 996 et

349 1034 689 1091 Sermonibus
737 1032 1002 1087 vidimus.
1050 1032 1257 1086 Eadem
1316 1032 1554 1086 fortasse
1615 1033 1827 1086 Veneta
1877 1031 2053 1086 editio

352 1123 624 1194 rescripta
649 1126 732 1176 est
775 1121 976 1176 ibidem
1025 1122 1178 1192 apud
1208 1124 1430 1190 Dionys.
1488 1121 1837 1175 Bertholdum
1899 1123 2053 1188 1491,

352 1228 530 1282 aqua
585 1211 798 1265 distant
847 1210 1151 1276 editiones,
1209 1211 1520 1264 Parmensis
1615 1225 1717 1279 per
1785 1210 2054 1274 Angelum

356 1302 632 1367 Ugoletum
661 1304 718 1353 et
776 1302 976 1355 Veneta
1026 1315 1128 1369 per
1173 1299 1510 1364 Pelegrinum
1557 1297 1623 1350 de
1669 1297 2050 1365 Pasqualibus,

353 1396 594 1460 utraque
627 1405 678 1443 a.
727 1391 882 1451 1491,
915 1404 1056 1458 quas
1110 1387 1318 1456 opinor
1366 1387 1686 1456 exemplum
1745 1385 2052 1456 prmbuisse

352 1477 593 1532 editioni
625 1478 811 1531 Jodoci
841 1477 1007 1530 Badii
1046 1478 1315 1542 Ascensii,
1351 1492 1569 1528 excusa'
1626 1477 1855 1530 Parisiis
1919 1477 2053 1528 1520

355 1568 506 1638 apud
533 1569 612 1620 Jo.
670 1568 907 1620 Parvum
946 1572 1004 1618 et
1051 1565 1319 1619 adhibitae
1369 1565 1674 1635 diligenter
1722 1579 1755 1616 a
1793 1562 2052 1617 Patribus

352 1655 648 1710 Maurinis.
693 1656 804 1708 Nec
848 1652 1074 1708 silentio
1106 1653 1571 1723 praetereundum
1624 1657 1707 1704 est
1762 1651 2050 1722 singulare

353 1743 612 1814 ejusdem
641 1742 827 1798 Jodoci
871 1743 1036 1795 Badii
1066 1748 1123 1794 et
1174 1742 1475 1807 Augustini
1503 1739 1568 1793 de
1594 1741 1898 1808 Ratispona
1927 1755 2058 1791 con-

351 1832 546 1885 silium
573 1834 632 1884 in
666 1829 1005 1899 colligendis
1063 1829 1412 1899 edendisque
1461 1845 1560 1880 sua
1591 1843 1765 1898 opera
1793 1827 2057 1881 correctis

354 1919 590 1974 diversis
644 1920 1006 1988 Quastionum
1085 1918 1391 1984 Augustini
1447 1916 1620 1970 libris.
1681 1914 1897 1969 Prodiit
1951 1915 2057 1968 hoc

353 2024 498 2077 opus
529 2025 580 2061 a.
632 2009 785 2062 1497.
821 2006 1076 2072 Lugduni
1127 2022 1230 2076 per
1283 2007 1372 2061 Jo.
1413 2004 1689 2058 ‘Trechsel.
1722 2005 1902 2070 in-fol.
1935 2003 2054 2058 exi-

357 2096 471 2149 mia
499 2095 777 2149 industria
799 2099 856 2148 et
879 2095 1058 2147 multo
1087 2110 1212 2147 cum
1237 2092 1452 2162 judicio
1481 2092 1838 2146 instructum.

429 2185 522 2237 His
557 2183 785 2237 tandem
815 2183 1078 2235 omnibus
1125 2181 1457 2252 [ii-reparatis
1511 2182 1604 2234 Jo.
1666 2180 2056 2234 Amerbachius

360 2270 429 2324 de
460 2269 619 2323 omni
649 2285 710 2322 re
737 2268 1015 2322 litteraria
1040 2272 1095 2321 et
1133 2268 1416 2337 imprimis
1445 2267 1836 2320 ecclesiasticis
1884 2267 2057 2336 scrip-

355 2359 578 2412 toribus
606 2358 818 2412 Latinis
865 2357 1291 2424 meritissimus,
1345 2373 1462 2410 non
1511 2361 1574 2410 ut
1627 2356 1870 2410 aliorum
1902 2356 2054 2410 frue-

355 2453 515 2501 retur
545 2446 868 2517 diligentia,
899 2462 1033 2499 nam
1067 2463 1165 2498 sua
1196 2445 1375 2516 ipsius
1405 2445 1515 2499 huc
1541 2445 1905 2515 potissimum
1957 2445 2055 2499 ad-

360 2537 530 2591 ducta
559 2553 646 2590 res
688 2541 830 2601 erat,
889 2536 988 2589 sed
1019 2551 1089 2588 ne
1120 2535 1489 2588 incrementis
1531 2535 1868 2599 litterarum,
1928 2550 2056 2604 quae

359 2632 584 2679 matura
640 2625 996 2690 videbantur,
1044 2624 1282 2690 deesset,
1330 2623 1629 2677 consilium
1686 2626 2056 2677 universorum

356 2716 654 2780 Augustini
701 2729 916 2783 operun
962 2729 1061 2781 per
1085 2717 1268 2780 partes
1316 2712 1642 2766 edendorum
1693 2711 1859 2782 cepit.
1913 2712 2057 2766 Con-

354 2804 488 2856 fecit
540 2803 717 2873 igitur
780 2803 845 2855 XI
898 2802 1208 2866 volumina,
1269 2817 1516 2872 quorum
1566 2805 1691 2854 octo
1767 2800 2056 2870 prioribus

358 2891 553 2945 omnia
582 2891 760 2961 ipsius
799 2889 1007 2960 scripta
1066 2890 1268 2943 ordine
1324 2889 1724 2958 clironologico
1784 2889 1851 2942 ad
1885 2887 2057 2942 tidem

359 2979 854 3034 Retractationum
886 2981 1006 3048 ejus
1031 2978 1308 3049 disposuit
1337 2978 1664 3048 addiditque
1695 2977 1876 3031 tribus
1896 2976 2054 3030 insu-

357 3085 480 3138 per,
515 3084 603 3136 ea,
659 3084 786 3133 quas
819 3069 878 3121 in
923 3067 1443 3121 Retractationibus
1496 3069 1582 3119 vel
1635 3065 1843 3120 omissa
1875 3070 2058 3132 erant,

357 3158 445 3211 vel
501 3156 684 3209 serius
714 3156 1018 3208 elaborata.
1075 3155 1254 3209 Simul
1301 3171 1430 3208 vero
1480 3170 1551 3208 ne
1600 3155 1779 3208 moles
1837 3154 1896 3208 in
1943 3154 2059 3206 im-

358 3260 623 3298 mensum
682 3248 958 3297 cresceret
988 3248 1042 3296 et
1074 3243 1228 3314 quod
1280 3243 1626 3313 exemplaria
1683 3242 1835 3296 haud
1887 3241 2057 3296 dubie

357 3336 744 3402 superessent,
804 3331 1088 3384 rationem
1163 3330 1364 3384 habuit
1411 3347 1629 3391 eorum,
1683 3347 1812 3401 quae
1890 3337 2060 3384 antea

356 3419 595 3475 seorsim
625 3435 691 3473 ex
722 3435 824 3473 sua
881 3418 1108 3472 ofﬁcina
1138 3419 1471 3488 protulerat,
1505 3419 1913 3488 Epistolasque,
1941 3420 2058 3474 Ser-

357 3524 535 3563 mones
595 3512 653 3561 et
701 3509 1088 3562 Enarrationes
1133 3508 1191 3560 in
1233 3507 1472 3560 Psalmos
1531 3506 1601 3560 ab
1645 3506 1749 3560 hac
1807 3506 2056 3561 editione

359 3597 625 3668 sejunxit.
701 3595 913 3650 Prodiit
991 3595 1112 3648 haec
1188 3595 1641 3648 Amerbachiana
1721 3595 1956 3649 Basilea:
2002 3611 2052 3649 a.

362 3689 520 3755 1506,
553 3690 610 3739 et
654 3685 877 3754 magnis
932 3684 1214 3750 omnium,
1260 3683 1360 3754 qui
1413 3684 1578 3738 hasce
1636 3683 1852 3737 litteras
1907 3699 2059 3736 ama-

359 3775 518 3840 bant,
553 3774 848 3844 plausibus
877 3773 986 3827 fuit
1041 3777 1286 3842 accepta,
1342 3788 1540 3826 recusa
1593 3771 1766 3825 etiam
1827 3773 2056 3825 Parisiis

359 3877 409 3914 a.
468 3863 622 3914 1515.
675 3859 909 3913 Videtur
955 3862 1145 3912 autem
1178 3857 1298 3911 haec
1348 3857 1520 3911 editio
1567 3858 1735 3928 plene
1789 3857 2058 3910 omnibus

361 3946 658 4002 desideriis
689 3945 1044 4000 satisfecisse.
1080 3947 1221 4000 Nam
1279 3945 1349 4000 ad
1401 3961 1617 3998 annum
1668 3962 1847 4017 usque
1897 3949 2054 4014 1529,

357 4053 473 4091 non
504 4037 689 4091 solum
721 4035 864 4090 nihil
902 4035 1237 4089 innovatum
1279 4038 1363 4088 est
1408 4035 1467 4088 in
1497 4034 1859 4088 Amerbachii
1890 4034 2054 4088 insti-

355 4130 500 4194 tuto,
531 4126 627 4180 sed
669 4124 1000 4196 singulatim
1042 4124 1214 4179 etiam
1259 4124 1425 4195 pauci
1469 4123 1762 4195 iidemque
1804 4123 2055 4177 minores

356 4213 661 4285 Augustini
710 4214 888 4268 libelli
924 4215 1034 4268 hoc
1107 4213 1406 4268 intervallo
1474 4213 1771 4284 temporis,
1827 4213 2055 4269 Coloniae

2166 517 2363 572 parem
2399 501 2653 554 ubertate
2684 505 2741 554 et
2786 499 3071 570 elegantia
3098 499 3159 552 in
3216 499 3333 552 ullo
3362 499 3548 568 prisco
3591 501 3873 570 scriptore

2164 606 2236 643 ne
2267 589 2390 643 Itali
2421 590 2654 660 quidem
2679 589 2974 654 viderant;
3007 592 3316 658 tantusque
3345 603 3378 640 a
3408 589 3630 641 cunctis
3661 589 3765 643 aevi
3797 590 3876 642 is»

2164 677 2278 732 tius
2328 678 2649 731 litterarum
2707 676 3062 730 amatoribus
3122 676 3304 730 honos
3360 676 3588 729 habitus
3647 677 3778 745 fuit,
3815 682 3881 731 ut

2165 767 2426 821 Erasmus
2459 783 2603 820 novo
2655 766 2714 820 in
2774 767 2880 820 hoc
2932 781 3106 834 opere
3141 765 3333 818 labore
3395 765 3760 834 supersedere
3817 783 3880 820 se

2160 871 2324 926 posse
2365 855 2650 926 judicaret
2705 859 3002 925 totumque
3047 853 3108 908 in
3171 853 3482 907 editionem
3526 869 3688 908 suam
3730 855 3880 908 reci-

2169 949 2350 1014 peret.

2235 1035 2542 1087 ERASMIANA
2599 1038 2791 1086 autem
2846 1031 2944 1085 illa
2995 1029 3270 1096 recensio,
3318 1045 3447 1100 quae
3501 1029 3633 1083 licet
3682 1029 3869 1083 diver-

2162 1121 2404 1192 sissima,
2457 1138 2560 1192 pro
2619 1137 2798 1187 more,
2859 1119 3216 1190 experiretur
3259 1118 3496 1189 judicia,
3549 1118 3733 1172 studia
3773 1125 3868 1172 ta—

2162 1226 2294 1264 men
2344 1211 2401 1264 in
2453 1211 2559 1264 hoc
2590 1225 2796 1280 genere
2850 1208 3183 1263 incredibile
3236 1211 3514 1277 quantum
3577 1208 3862 1262 accendit.

2161 1298 2474 1354 Consilium
2515 1299 2618 1351 soli
2655 1297 2932 1351 Frobenio
2971 1297 3230 1360 debetur,
3291 1295 3390 1366 qui
3431 1295 3603 1348 nullis
3661 1297 3770 1350 hac
3811 1296 3871 1349 in

2163 1403 2220 1440 re
2251 1389 2575 1457 sumptibus
2617 1386 2873 1457 pepercit
2902 1391 2957 1439 et
2990 1386 3094 1439 hoc
3125 1385 3356 1438 nomine
3411 1390 3634 1439 tantum
3687 1385 3872 1438 vitam

2161 1475 2268 1529 sibi
2311 1477 2545 1546 produci
2580 1492 2613 1528 a
2662 1491 2886 1528 summo
2941 1474 3176 1527 numine
3222 1475 3472 1544 optabat,
3537 1480 3592 1526 ut
3641 1477 3768 1526 haac
3801 1473 3875 1526 ad

2160 1564 2379 1618 exitum
2408 1564 2687 1633 perducta
2714 1563 2948 1616 videret.
3001 1563 3107 1616 Sed
3139 1563 3248 1614 voti
3283 1563 3452 1631 hujus
3483 1578 3713 1631 compos
3751 1577 3876 1615 non

2159 1653 2342 1705 factus
2397 1656 2500 1712 est,
2562 1657 2747 1706 morte
2781 1656 3102 1721 praereptus
3146 1667 3277 1704 cum
3328 1651 3423 1704 vix
3473 1651 3588 1704 duo
3643 1650 3877 1720 priores

2102 1727 2307 1794 Btomi
2339 1739 2580 1793 absoluti
2634 1745 2838 1794 essent.
2876 1739 3118 1793 Dederat
3171 1742 3365 1793 autem
3421 1738 3684 1792 Frobenii
3731 1755 3874 1809 pre-

2165 1829 2325 1883 cibus
2359 1831 2639 1892 Erasmus,
2673 1833 2735 1883 ut
2773 1846 2933 1898 opus,
2993 1830 3155 1899 cujus
3211 1827 3444 1881 nonnisi
3494 1831 3719 1898 partem
3764 1829 3878 1881 exi-

2166 1933 2336 1987 guam
2369 1917 2426 1971 in
2460 1933 2516 1971 se
2549 1917 2870 1986 recepisset,
2903 1931 3032 1968 cum
3055 1913 3418 1985 proﬂiganda
3467 1929 3637 1966 nemo
3671 1929 3876 1966 succe-

2166 2006 2299 2060 dere
2325 2007 2508 2071 vellet,
2551 2010 2730 2058 totum
2762 2005 2994 2059 tandem
3045 2003 3372 2068 sustineret,
3402 2018 3584 2073 eoque
3636 2006 3876 2056 mortuo

2166 2093 2297 2148 tiliis
2326 2095 2446 2162 ejus
2491 2094 2652 2147 idem'
2675 2092 3018 2163 obsequium
3064 2091 3456 2163 praestandum
3511 2107 3630 2144 esse
3682 2091 3870 2144 duxit.

2165 2183 2292 2236 Tria
2322 2183 2498 2253 igitur
2527 2183 2584 2235 in
2613 2183 2716 2236 hac
2747 2182 2996 2236 editione
3035 2182 3327 2235 feneratus
3380 2185 3465 2234 est
3494 2180 3587 2234 hic
3616 2180 3874 2249 scriptor

2163 2289 2439 2344 perquam
2495 2289 2701 2342 magna
2740 2273 2810 2325 ad
2842 2271 3295 2341 promovendum
3352 2270 3531 2340 ipsius
3589 2256 3873 2324 studium.

2166 2362 2421 2415 Primum
2456 2361 2798 2414 munditiem
2827 2378 2858 2414 a
2888 2359 3308 2413 cliaracteribus
3339 2365 3394 2412 et
3423 2359 3633 2412 chartis
3673 2364 3730 2411 et
3773 2360 3872 2429 ju-

2165 2455 2313 2503 stum
2342 2451 2570 2520 aliquod
2619 2449 2790 2503 decus
2835 2449 2894 2502 in
2931 2453 3048 2502 toto
3101 2447 3299 2501 habitu
3353 2463 3414 2500 ac
3459 2447 3872 2517 descriptione.

2167 2540 2230 2592 In
2283 2539 2749 2592 Amerbachianis
2797 2537 2949 2591 enim
3009 2536 3322 2606 impressis,
3356 2541 3419 2588 ut
3449 2535 3666 2590 nemini
3696 2537 3872 2606 igno-

2163 2631 2286 2680 tum
2319 2643 2438 2680 esse
2479 2632 2685 2696 potest,
2744 2627 3037 2680 liberalior
3089 2626 3275 2680 cultus
3324 2624 3527 2678 merito
3578 2625 3870 2678 desidera-

2165 2720 2278 2778 tur,
2313 2716 2446 2768 dum
2474 2716 2682 2786 partim
2714 2715 2916 2768 litterae
2972 2716 3042 2768 ad
3101 2718 3390 2784 aspectum
3451 2713 3686 2784 ingratae
3732 2719 3870 2767 sunt

2167 2803 2456 2869 adhibitae,
2491 2803 2698 2873 partim
2725 2805 2920 2856 charta
2949 2803 3106 2856 adest
3135 2802 3366 2856 crudior
3395 2808 3452 2856 et
3482 2801 3669 2855 omnia
3695 2801 3868 2854 deni—

2166 2907 2276 2961 que
2322 2891 2548 2962 paginaz-
2603 2891 2785 2962 spatia
2852 2891 2991 2944 adeo
3056 2895 3192 2944 sunt
3257 2890 3508 2960 oppleta,
3573 2889 3870 2944 sordidum

2168 2997 2310 3050 pene
2366 2981 2425 3034 in
2477 2999 2544 3035 eo
2617 2997 2674 3033 se
2729 2979 3040 3050 praebuisse
3119 2979 3560 3032 Amerbachium
3619 2977 3861 3035 dixeris.

2172 3068 2381 3122 Deinde
2414 3069 2635 3138 integra
2665 3069 2916 3139 primum
2948 3067 3174 3122 exhibet
3200 3067 3378 3138 ipsius
3431 3084 3623 3138 opera.
3676 3069 3870 3122 Tertia

2169 3159 2415 3228 denique
2443 3159 2544 3211 dos
2574 3157 2682 3211 fuit
2729 3162 2917 3210 textus
2948 3160 3232 3210 correctus
3283 3173 3316 3209 a
3360 3156 3511 3210 vitiis
3539 3156 3870 3211 innumeris

2168 3262 2231 3299 ex
2264 3246 2635 3316 grammatico
2666 3244 3032 3314 potissimum
3088 3260 3317 3314 genere,
3370 3249 3428 3297 et
3473 3243 3562 3308 iis,
3617 3260 3752 3314 qua:
3797 3245 3868 3297 ab

2167 3334 2491 3404 ignorantia
2539 3334 2894 3404 antiquitatis
2952 3341 3009 3386 et
3055 3333 3327 3387 doctrinm
3376 3333 3582 3386 veteris
3634 3337 3764 3386 orta
3793 3335 3871 3387 vi-

2169 3423 2290 3476 deri
2323 3427 2607 3492 poterant,
2645 3427 2767 3476 tum
2816 3439 2960 3476 nova
3015 3421 3246 3492 partitio
3295 3426 3351 3475 et
3401 3421 3619 3492 judicia
3671 3422 3743 3476 de
3776 3423 3866 3488 iis,

2166 3528 2294 3582 quas
2323 3517 2420 3566 aut
2447 3512 2684 3564 omnino
2715 3527 2826 3564 non
2862 3510 3114 3581 genuina
3161 3515 3366 3577 essent,
3399 3514 3498 3564 aut
3527 3512 3733 3564 saltem
3788 3512 3870 3565 vi-

2169 3602 2442 3654 derentur
2470 3599 2665 3654 dubia.

2235 3689 2454 3759 Stepius
2487 3693 2676 3741 autem
2709 3687 2910 3742 iterata
2939 3692 2996 3741 et
3044 3687 3355 3741 identidem
3385 3693 3550 3743 aucta
3603 3693 3688 3743 est
3740 3691 3872 3744 11830

2165 3777 2360 3831 editio.
2393 3776 2480 3830 Sic
2519 3793 2634 3830 non
2688 3776 3118 3830 contemnendis
3168 3778 3480 3832 Sermonum
3526 3778 3868 3831 accessioni-

2164 3865 2269 3918 bus
2300 3864 2644 3934 locupletata
2685 3869 2768 3917 est
2814 3867 3043 3918 Parisiis
3074 3865 3225 3933 apud
3255 3867 3651 3921 Chcrauonium
3699 3869 3870 3920 1531-

2165 3956 2251 4019 32,
2287 3958 2339 4007 et
2369 3953 2567 4006 ibidem
2597 3953 2748 4020 apud
2779 3955 3028 4007 Carolum
3068 3954 3322 4008 Guillard
3376 3956 3526 4018 1541,
3584 3969 3686 4006 nec
3742 3969 3871 4007 non

2165 4042 2222 4096 in
2251 4041 2487 4112 singulis
2516 4043 2901 4096 Busitcensium
2933 4042 3390 4112 repetitionibus,
3449 4057 3655 4112 nempe
3693 4045 3870 4098 1541-

2163 4133 2252 4196 43,
2283 4131 2374 4184 cui
2413 4130 2702 4201 suppetias
2742 4130 2872 4184 tulit
2899 4131 3173 4186 Martinus
3226 4132 3498 4200 Lypsius;
3567 4134 3721 4197 1556,
3773 4147 3872 4185 cu-

2162 4225 2323 4274 rante
2351 4221 2566 4273 Joanne
2619 4221 2905 4286 Costorio;
2953 4224 3008 4272 et
3045 4222 3197 4283 1569,
3231 4234 3359 4288 quas
3414 4219 3614 4272 ultima
3647 4219 3871 4274 Frobe-

357 4303 644 4372 imprimis
673 4306 828 4370 1527,
857 4303 922 4355 de
948 4305 1206 4357 Doctrina
1259 4304 1588 4370 Christiana,
1647 4303 1713 4356 de
1759 4303 1974 4371 Spiritu
2001 4307 2052 4356 et
2090 4317 2132 4371 Ι)
2167 4307 2337 4362 niana
2369 4303 2477 4361 fuit
2528 4307 2947 4360 absolutissima
2993 4312 3051 4361 et
3101 4305 3442 4360 nitidissima
3487 4308 3772 4374 omnium,
3809 4308 3873 4362 in

355 4392 603 4456 Littera;
669 4393 823 4458 1528,
875 4391 941 4443 de
1005 4390 1137 4443 Fide
1175 4395 1224 4443 et
1274 4391 1559 4458 Operibus,
1593 4390 1658 4443 de
1741 4393 1956 4447 Natura
2005 4397 2055 4444 et

361 4478 575 4543 Gratia,
629 4481 739 4535 etc.
795 4478 933 4530 ltem
989 4479 1253 4545 Augustae
1330 4477 1728 4532 Vindelicorum
1782 4481 1934 4544 1523,
1989 4479 2054 4532 de

359 4566 491 4620 Fide
553 4571 603 4620 et
664 4566 926 4635 Operibus
1000 4565 1358 4620 Enchiridion
1433 4566 1507 4620 ad
1567 4567 1939 4633 Laurentium,
2000 4571 2055 4620 et

356 4655 721 4721 Norimbergae
767 4653 1035 4725 denique,
1093 4654 1267 4708 veluti
1319 4670 1370 4708 a.
1431 4656 1585 4715 1524,
1635 4655 1704 4708 de
1747 4655 1959 4710 Natura
2005 4659 2056 4708 et

360 4747 572 4810 Gratia,
600 4743 848 4814 evulgati
880 4749 1032 4806 sunt,
1086 4744 1296 4811 quibus
1326 4744 1592 4798 omnibus
1621 4749 1810 4798 textus
1838 4748 2053 4814 Augus-

357 4835 465 4889 tini
491 4833 634 4888 nihil
681 4831 1021 4886 incrementi
1050 4833 1218 4902 cepit.
1274 4834 1452 4887 Tanto
1500 4833 1802 4902 benignior
1831 4834 2056 4887 fortuna

359 4925 419 4978 in
445 4925 623 4978 libros
653 4922 718 4976 de
749 4923 979 4978 Civitate
1033 4922 1139 4975 Dei
1171 4921 1365 4975 omnia
1397 4923 1727 4990 cumulavit,
1777 4939 1906 4992 qua;
1951 4937 2056 4992 per

356 5012 526 5067 istam
562 5017 786 5067 mtatem
826 5027 859 5064 a
891 5010 1188 5064 doctorum
1219 5009 1519 5064 hominum
1551 5010 1784 5080 ingenio
1833 5027 1895 5063 ac
1927 5009 2054 5064 dili-

355 5101 546 5170 gentia
575 5101 634 5154 in
661 5100 986 5155 exornando
1019 5100 1163 5154 libro
1204 5099 1379 5154 veteri
1411 5099 1724 5169 exspectari
1767 5103 2052 5169 poterant,

357 5188 640 5259 siquidem
688 5193 767 5244 J0.
817 5191 1123 5246 Ludovicus
1171 5192 1328 5245 Vives
1374 5190 1692 5243 litterarum
1747 5189 2056 5257 elegantio-

355 5291 485 5329 rum
538 5276 599 5329 in
652 5278 920 5347 Hispania
959 5284 1014 5333 et
1045 5278 1235 5349 Belgio
1265 5281 1439 5332 stator
1467 5282 1522 5332 et
1578 5278 1804 5342 vindex,
1836 5276 1899 5329 in
1929 5277 2053 5330 edi-

355 5364 513 5419 tione
543 5367 839 5438 Basilcensgi
858 5368 1008 5437 apud
1044 5367 1385 5434 Probenium,
1445 5382 1562 5420 non
1619 5367 1788 5420 modo
1837 5370 2054 5420 textum

357 5469 423 5507 ex
437 5452 727 5508 codicibus
752 5470 885 5509 mss.
922 5456 992 5508 ad
1023 5472 1271 5526 quorum
1293 5471 1460 5510 usum
1483 5471 1752 5525 magnam
1772 5455 2054 5508 sermonis

358 5543 546 5598 Latini
577 5549 632 5599 et
655 5543 855 5615 priscae
888 5544 1160 5601 doctrinae
1199 5546 1521 5600 facultatem
1575 5545 1868 5610 afferebat,
1898 5544 2054 5599 dedit

2164 4412 2336 4466 quam
2387 4395 2557 4448 etiam
2613 4397 2891 4449 Sermones
2939 4395 3043 4461 illi,
3112 4411 3255 4464 quos
3300 4395 3549 4465 primum
3605 4412 3671 4448 ex
3725 4412 3867 4450 mss.

2164 4483 2450 4537 codicibus
2481 4483 2675 4537 eduxit
2703 4489 2758 4537 et
2788 4485 3017 4537 Lovanii
3045 4499 3096 4536 a.
3152 4485 3288 4537 1564
3324 4484 3635 4554 publicavit
3677 4485 3873 4538 Joan-

2161 4586 2254 4626 nes
2308 4573 2672 4638 Vlimmerius,
2707 4571 3052 4642 migrarunt.
3089 4573 3263 4625 Porro
3319 4589 3516 4626 recusa
3562 4578 3646 4628 est
3685 4573 3872 4628 etiam

2163 4661 2420 4728 Lugduni
2476 4663 2702 4714 1561-62
2760 4660 2913 4713 in-8°
2963 4665 3019 4714 et
3060 4663 3291 4714 Parisiis
3353 4664 3479 4714 1571
3546 4659 3744 4726 iu-t‘ol.,
3815 4667 3876 4716 et

2163 4748 2418 4818 impuras
2495 4749 2665 4802 etiam
2744 4751 3060 4804 Venetorum
3142 4749 3585 4820 bibliopolarum
3654 4765 3876 4805 manus

2163 4853 2328 4907 passa
2359 4854 2406 4891 a.
2449 4838 2598 4900 1545,
2660 4841 2815 4904 1552,
2877 4842 3010 4892 1570
3064 4847 3117 4892 et
3179 4841 3334 4892 1584.
3389 4840 3673 4893 Caeterum
3722 4839 3876 4894 Era—

2164 4924 2444 4978 smianam
2475 4924 2863 4980 reconsionem
2911 4931 3251 4995 sequuntur,
3303 4932 3588 4997 quotquot
3631 4926 3699 4980 ab
3739 4927 3876 4996 ejus

2165 5012 2416 5066 editione
2465 5013 2700 5067 diversis
2746 5015 2805 5068 in
2863 5015 3002 5068 locis
3048 5015 3284 5068 seorsim
3334 5015 3520 5069 excusi
3562 5021 3694 5068 sunt
3745 5018 3878 5069 Au-

2166 5102 2476 5173 gustiniani
2514 5103 2713 5171 libelli,
2770 5119 3016 5174 quorum
3047 5104 3199 5158 haud
3233 5104 3469 5175 exiguus
3499 5104 3731 5175 quidem
3764 5121 3880 5160 nu-

2164 5207 2358 5245 merus
2390 5191 2514 5260 fuit,
2559 5192 2656 5245 sed
2683 5193 2826 5246 nihil
2858 5209 2924 5246 ex
2953 5193 3022 5246 iis
3054 5194 3355 5263 Augustini
3386 5194 3552 5248 lectio
3582 5193 3724 5247 lucri
3787 5195 3878 5249 fe-

2165 5279 2260 5334 cit.
2294 5281 2943 5352 Frequenterimprimis
2976 5282 3242 5336 lectitataa
3295 5299 3415 5337 esse
3452 5283 3661 5338 debent
3714 5283 3878 5338 Con-

2161 5371 2438 5438 fessiones,
2473 5384 2602 5440 quae
2661 5371 2888 5425 Coloniae
2946 5373 3074 5426 1531
3137 5377 3194 5426 et
3251 5374 3404 5436 1569,
3457 5372 3688 5426 Lovanii
3724 5374 3876 5427 1563

2166 5461 2220 5510 et
2265 5459 2421 5524 1571,
2476 5460 2790 5527 Antucrpiz
2845 5463 2978 5514 1567
3039 5465 3095 5515 et
3153 5463 3288 5514 1568
3339 5459 3638 5530 descriptas
3686 5466 3873 5528 sunt;

2164 5544 2302 5600 item
2332 5545 2477 5601 liber
2504 5547 2570 5600 de
2596 5547 2812 5616 Spiritu
2827 5553 2877 5603 et
2916 5550 3123 5604 Littera
3151 5563 3386 5602 excusus
3419 5550 3667 5614 Parisiis,
3701 5549 3873 5614 1558,
