4044 6190
384 307 450 361 47
1397 306 1954 385 SUPRLEMENTUM
1994 308 2084 363 AD
2122 306 2354 364 OPERA
2393 309 2449 363 S.
2490 305 2878 361 AUGUSTINI.
3815 308 3885 359 48

387 435 476 487 ret
506 433 602 502 (α).
662 429 944 486 Caeterum
979 428 1331 501 ignoramus,
1364 446 1437 485 an
1488 429 1715 485 Clarelli
1762 431 1911 486 istud
1943 447 2077 486 con-
2116 436 2159 489 A
2187 446 2415 502 pressae.
2477 428 2659 484 Nulla:
2714 431 2936 481 exstant
2985 424 3332 497 paginarum
3407 422 3744 478 foliorumve
3795 426 3889 478 vel

389 519 583 574 silium
613 535 932 574 successum
962 517 1246 584 habuerit,
1302 518 1396 572 sed
1454 519 1647 589 procul
1706 520 1878 574 dubio
1930 520 2084 574 haud

390 607 637 661 multum
667 607 738 662 ab
760 622 825 661 eo
855 606 1076 661 abludit
1105 620 1191 671 ea,
1216 620 1387 676 quam
1421 620 1472 659 a.
1524 608 1658 659 1729
1689 611 1747 659 et
1797 605 2084 676 sequenti-

390 696 498 751 bus
526 695 737 750 ibidem
771 694 1002 765 prodire
1043 693 1212 764 jussit
1254 694 1497 748 Joannes
1536 696 1787 765 Baptista
1815 695 2080 749 Albrizzi.

466 784 722 854 Reliqua,
787 799 916 853 quae
969 781 1272 853 separatim
1326 798 1359 836 a
1404 782 1897 836 Benedictinorum
1951 781 2084 836 inde

394 878 559 929 aetate
584 874 646 927 in
675 870 1059 942 Augustinum
1087 871 1293 925 collata
1324 876 1477 938 sunt,
1509 872 1663 926 haud
1711 870 1944 942 capiunt
1970 887 2087 925 ma-

392 962 659 1035 gniﬁcam
715 960 1291 1015 commendationem.
1358 963 1487 1014 Duae
1542 958 1776 1030 quidem
1831 960 2088 1029 Epistolas

392 1047 467 1101 ad
495 1046 769 1115 Optatum,
801 1044 978 1099 altera
1011 1043 1075 1097 1e
1103 1045 1320 1099 Natura
1364 1048 1415 1098 et
1465 1043 1687 1112 Origine
1738 1043 1971 1111 Animae,
2004 1043 2086 1096 al-

390 1140 515 1189 tera
539 1133 604 1187 de
625 1135 796 1203 poenis
816 1132 1190 1202 parvulorum,
1225 1133 1322 1202 qui
1353 1133 1467 1185 sine
1512 1131 1777 1202 baptismo
1805 1131 2084 1195 decedunt,

392 1239 591 1278 recens
641 1238 710 1276 ex
763 1220 955 1276 codice
997 1219 1238 1274 abbatias
1299 1219 1683 1275 Gottwicensis
1742 1218 1802 1273 in
1858 1218 2090 1273 Austria

391 1311 655 1366 inferiori
684 1313 861 1364 erutae
888 1312 1040 1374 sunt,
1103 1310 1321 1363 Vienna
1352 1310 1488 1362 1732
1517 1311 1573 1361 et
1616 1309 1848 1362 Parisiis
1894 1309 2088 1361 iterum

395 1401 533 1454 1734
560 1397 875 1469 impressae.
919 1398 1235 1451 Memoratu
1283 1396 1456 1450 etiam
1512 1396 1686 1466 digna
1732 1396 1960 1452 videtur
2003 1398 2086 1451 Jo.

392 1489 648 1545 Schilteri
702 1487 786 1542 IC.
846 1485 1021 1540 editio
1067 1484 1199 1540 libri
1257 1484 1322 1540 de
1379 1486 1671 1555 Conjugiis
1743 1485 2084 1551 adulterinis,

391 1579 528 1632 Ienz
570 1578 734 1643 1698;
792 1592 823 1629 a
879 1574 1086 1646 quibus
1143 1578 1369 1644 caetera,
1421 1574 1598 1628 veluti
1655 1575 1955 1629 Tricassini
1995 1573 2085 1627 ed.

390 1666 673 1720 librorum
703 1664 768 1718 de
789 1664 982 1720 Gratia
1011 1667 1197 1717 contra
1238 1663 1516 1730 Pelagium
1545 1658 1599 1716 et
1624 1663 1940 1734 (antestium,
1965 1664 2087 1717 Mo-

2192 518 2553 590 plagularum
2583 519 2753 569 notas.
2786 512 3280 581 Distinctionibus,
3336 527 3478 582 quas
3521 515 3803 565 commata
3832 516 3889 564 et

2191 611 2404 677 puncta
2451 604 2827 675 appellamus,
2857 600 3100 654 inseruit
3154 599 3367 653 lineola
3417 598 3723 669 duplicata,
3775 613 3891 668 qua

2194 694 2333 748 alias
2387 690 2746 763 grammatici
2793 689 2852 743 in
2893 689 3081 744 verbis
3144 687 3540 757 bicompositis
3569 686 3653 741 uti
3684 686 3887 749 solent,

2194 797 2483 854 quamque
2534 780 2650 843 ὓφεν
2730 782 2951 832 vocant.
3026 777 3353 832 Tribuimus
3409 791 3541 829 vero
3614 775 3890 829 volumini

2193 873 2379 928 locum
2439 872 2591 926 inter
2642 870 2916 942 opuscula
2963 872 3202 940 propter
3253 865 3612 939 sequentium
3643 882 3773 920 cum
3826 881 3893 919 eo

2195 958 2649 1026 similitudinem,
2682 974 2812 1029 quia
2840 956 2890 1010 si
2914 973 3027 1011 non
3061 957 3260 1012 eodem
3316 972 3493 1025 anno,
3543 959 3795 1010 attamen
3830 971 3894 1009 ex

2195 1047 2394 1102 eadem
2445 1047 2674 1102 ofﬁcina
2727 1062 2858 1100 vere
2913 1045 3270 1117 prodierunt,
3328 1049 3394 1099 ut
3452 1060 3605 1097 nunc
3658 1043 3894 1114 quidem

2194 1137 2619 1209 comparatione
2651 1136 3012 1207 singulorum
3039 1134 3191 1188 inter
3218 1149 3276 1188 se
3307 1132 3529 1187 inducti
3567 1131 3893 1204 opinamur,

2198 1230 2253 1280 et
2297 1224 2587 1296 egregiam
2645 1223 2782 1278 artis
2831 1222 3246 1294 perfectionem
3295 1220 3357 1275 in
3406 1221 3605 1292 paucis
3646 1220 3896 1292 plagulis

2198 1314 2528 1369 ostendunt.
2578 1313 2795 1382 Nempe
2842 1311 2975 1378 tria,
3016 1327 3145 1382 qua:
3211 1314 3531 1381 sequuntur
3578 1310 3895 1375 volumina,

2197 1402 2403 1457 eodem
2433 1402 2777 1469 charactere,
2804 1400 2901 1455 sed
2925 1398 3271 1454 nitidissima
3319 1402 3377 1453 et
3423 1413 3537 1469 quo
3578 1397 3898 1451 absolutius

2197 1490 2391 1545 hocin
2423 1506 2632 1562 genere
2673 1490 2763 1543 vix
2810 1488 3129 1560 quidquam
3160 1486 3303 1557 tingi
3339 1486 3539 1557 possit,
3595 1485 3656 1539 in
3699 1485 3901 1539 charta

2196 1580 2369 1651 longe
2390 1579 2607 1650 optima
2641 1582 2698 1633 et
2728 1577 2990 1649 fulgenti,
3025 1574 3236 1647 pagina
3281 1575 3462 1629 lineas
3492 1577 3556 1628 27
3608 1574 3899 1644 complec-

2198 1672 2375 1734 tente,
2424 1666 2702 1737 impressa
2751 1670 2901 1720 sunt.
2963 1665 3242 1719 Caeterum
3298 1663 3688 1717 characterum
3747 1665 3901 1716 notas

392 1756 744 1823 gunt.1687;
803 1752 964 1806 Liber
1016 1750 1082 1804 de
1124 1726 1431 1804 eresibus
1479 1726 1805 1821 Cantabrig.
1867 1726 1998 1805 16'8'7
2031 1754 2089 1803 et
2127 1726 2167 1780 Β
2197 1726 2373 1810 nulla;
2397 1726 2633 1826 prorsus
2661 1758 2994 1819 cernuntur,
3038 1767 3142 1805 nec
3185 1750 3319 1817 loci,
3368 1766 3472 1805 nec
3520 1749 3655 1804 anni
3711 1751 3900 1804 ullum

395 1843 572 1897 Oxon.
612 1843 777 1906 1721;
806 1840 1091 1909 Speculum
1117 1839 1418 1904 Augustini
1462 1854 1496 1891 a
1554 1840 1825 1892 Tommasi
1871 1838 2086 1892 editum

392 1932 569 1986 Romae
599 1930 764 1995 1679;
821 1927 1213 1981 Confessiones
1261 1942 1389 1980 cum
1443 1925 1826 1997 prolixissimo
1883 1927 2084 1981 Franc.

392 2018 730 2084 Archangeli
783 2016 849 2070 de
891 2017 1306 2070 Przsentatione
1360 2014 1770 2069 commentario
1809 2015 2087 2085 evulgatae

392 2107 674 2161 Florentiae
716 2107 871 2169 1757,
906 2107 962 2156 et
989 2102 1191 2171 libelli,
1252 2117 1393 2174 quos
1442 2118 1628 2173 nuper
1685 2105 1904 2171 Teegius
1934 2104 2087 2158 Thu-

393 2196 594 2266 ringus
624 2193 695 2247 ad
716 2191 1217 2247 Benedictinorum
1245 2191 1574 2262 exemplum
1597 2192 2089 2263 typographorum

394 2282 659 2337 formulis
701 2280 939 2336 exscribi
963 2280 1096 2335 fecit
1123 2281 1327 2351 Lipsia.0
1378 2284 1534 2347 1767,
1587 2285 1652 2336 69
1712 2285 1768 2335 et
1792 2284 1863 2335 70
1916 2282 2088 2353 longo

393 2371 695 2426 intervallo
721 2369 952 2425 distant.
986 2370 1049 2423 In
1079 2369 1184 2423 hoc
1228 2373 1386 2424 tanto
1443 2373 1635 2424 autem
1664 2369 1965 2440 Augustini
1994 2385 2089 2424 re-

395 2459 632 2514 centiori
674 2463 837 2513 aetate
892 2458 1156 2529 neglectu
1210 2458 1527 2529 optandum
1580 2457 1748 2525 foret,
1804 2462 1886 2525 ut,
1934 2458 2087 2528 quod

392 2549 683 2603 Parisinus
739 2546 974 2619 quidam
1004 2548 1099 2601 Ph.
1137 2548 1207 2601 D.
1240 2549 1448 2601 Pierres
1478 2562 1710 2601 exorsus
1771 2551 1893 2600 erat
1932 2545 2089 2600 insti-

394 2641 604 2702 tutum,
636 2636 908 2707 praeclaro
938 2634 1249 2706 specimine
1279 2634 1340 2688 in
1378 2634 1725 2690 nitidissima
1783 2635 2090 2701 Confessio-

394 2742 525 2780 num
552 2725 930 2796 descriptione
961 2740 1012 2777 a.
1046 2729 1179 2778 1776
1208 2724 1525 2795 proposito,
1559 2740 1675 2778 non
1726 2723 2089 2792 deseruisset,

399 2820 496 2869 aut
547 2813 645 2868 alii
694 2814 754 2868 in
812 2813 988 2868 simili
1043 2812 1427 2868 subsidiorum
1483 2812 1810 2868 criticorum
1862 2812 2092 2867 fortuna

394 2901 778 2957 imitarentur.

2196 1843 2489 1899 indicium.
2521 1844 2985 1914 Complectuntur
3020 1847 3246 1895 autem:

2274 1937 2332 1987 1°
2369 1931 2599 1987 Librum
2629 1931 2695 1986 de
2725 1931 2911 1997 Agone
2939 1930 3247 1986 Christiano
3298 1945 3415 1983 una
3454 1943 3585 1982 cum
3614 1927 3803 1998 ipsius
3834 1928 3900 1982 de

2198 2020 2402 2075 eodem
2425 2019 2663 2090 judicio,
2715 2034 2783 2073 ea:
2830 2018 2987 2072 libris
3034 2019 3526 2083 Retractationum;
3572 2014 3793 2069 librum
3841 2015 3902 2068 de

2198 2110 2450 2165 Sermone
2497 2109 2713 2163 Domini
2752 2110 2811 2161 in
2860 2110 3036 2161 monte
3085 2104 3294 2171 habito,
3349 2104 3509 2174 cujus
3561 2103 3622 2158 in
3680 2103 3803 2157 ﬁne
3833 2102 3901 2156 ad

2199 2198 2408 2252 calcem
2460 2195 2807 2251 voluminis:
2868 2196 3120 2264 Emplicit
3149 2194 3286 2248 liber
3307 2195 3523 2264 primus
3576 2192 3719 2246 beati
3750 2193 3899 2259 Aug.

2201 2285 2264 2341 de
2290 2287 2571 2340 Montana.

2267 2378 2331 2431 2°
2365 2375 2691 2428 Tractatum
2743 2372 2812 2428 de
2851 2373 3003 2440 Fuga
3076 2372 3399 2437 mulierum;
3449 2372 3521 2423 tr.
3587 2368 3652 2423 de
3703 2369 3893 2425 Conti-

2197 2465 2419 2528 nentia;
2472 2461 2685 2515 librum
2717 2459 2783 2513 de
2815 2460 3129 2528 Contemptu
3158 2458 3380 2524 mundi;
3408 2456 3721 2526 Epistolam
3754 2457 3898 2511 beati

2198 2552 2450 2607 Ieronimi
2509 2548 2583 2603 ad
2636 2548 2928 2603 Paulinum
2981 2547 3382 2616 presbiterum;
3433 2547 3715 2601 Sermones
3768 2545 3899 2600 duos

2198 2640 2500 2706 Augustini
2542 2637 2606 2691 de
2663 2637 2929 2691 communi
2955 2638 3070 2690 vita
3116 2636 3427 2689 clericorum
3457 2633 3557 2704 qui
3584 2631 3894 2704 incipiunt,

2203 2730 2425 2798 Propter
2439 2727 2582 2796 quod
2607 2728 2774 2795 volui,
2797 2729 2926 2792 etc.,
2954 2728 3005 2778 et
3029 2725 3291 2779 charitati
3316 2726 3525 2788 vestrae,
3551 2727 3656 2776 etc.

2271 2820 2334 2872 3°
2378 2816 2608 2871 Omelias
2660 2815 2718 2868 Β.
2770 2811 3092 2883 Augustini,
3136 2817 3193 2866 et
3243 2810 3432 2881 primo
3496 2810 3563 2863 de
3612 2825 3691 2877 eo,
3752 2810 3900 2880 quod

2199 2905 2493 2961 Psalmista
2521 2905 2635 2957 ait:
2670 2903 2804 2968 Quis
2824 2906 2901 2956 est
2931 2902 3102 2967 homo,
3134 2901 3233 2970 qui
3271 2899 3389 2953 vult
3434 2901 3607 2953 vitam
3659 2902 3710 2952 et
3750 2901 3903 2968 cupit

468 2990 576 3045 Sed
606 2995 961 3045 transeamus
991 2989 1222 3044 tandem
1253 2989 1322 3045 ad
1347 2989 1588 3045 Annales
1646 2990 1940 3045 editionum
1968 2990 2091 3044 Au—
2130 3017 2169 3070 ο
2198 2992 2380 3046 videre
2426 2990 2540 3045 dies
2600 2991 2758 3045 bonos
2787 3007 2800 3056 ;
2829 3020 2896 3029 —
2917 2988 3167 3043 secundo
3198 2988 3264 3042 de
3320 3002 3396 3055 eo,
3434 2986 3578 3056 quod
3633 2987 3900 3056 scriptum

397 3080 634 3150 gustini,
663 3094 805 3149 quos
829 3078 1063 3148 quidem
1092 3078 1170 3132 ita
1204 3077 1624 3149 descripsimus,
1660 3082 1724 3131 ut
1753 3079 1772 3131 Ι
1783 3121 1795 3134 .
1851 3078 2094 3147 Scripto-

400 3184 523 3222 rum
549 3168 883 3222 collectorum
911 3182 942 3219 a
979 3164 1182 3236 primis
1206 3164 1405 3220 initiis.
1441 3166 1509 3219 II.
1545 3165 1897 3234 Singulorum
1932 3166 2096 3235 juxta

403 3256 610 3311 seriem
656 3259 985 3309 consuetam
1043 3270 1073 3307 a
1119 3254 1283 3308 nobis
1351 3258 1826 3325 proponerentur.
1878 3253 2097 3318 Quibus

402 3346 669 3399 omnibus
698 3342 971 3397 absolutis
995 3343 1354 3413 paragrapho
1382 3341 1657 3413 peculiari
1685 3343 1947 3413 quaedam
1979 3358 2097 3397 non

401 3432 631 3487 inutilia
688 3431 754 3485 de
803 3429 1286 3499 Epitomatoribus,
1345 3430 1765 3499 Deﬂoratoribus
1836 3435 1891 3484 et
1945 3431 2096 3486 Com-

400 3520 787 3576 mentatoribus
815 3520 1139 3587 Augustini,
1171 3522 1289 3573 tam
1320 3519 1592 3591 antiquis,
1626 3535 1799 3589 quam
1846 3518 2095 3573 recenti-

402 3609 529 3676 bus,
560 3608 953 3678 subjicientur.
988 3606 1276 3677 Ejusmodi
1302 3611 1495 3662 autem
1532 3608 1761 3678 scripta,
1812 3624 1940 3678 quas
1980 3623 2097 3661 non

402 3702 522 3752 tam
548 3695 894 3766 explicandis
950 3700 1050 3748 aut
1077 3696 1531 3750 commentandis
1583 3697 1751 3751 certis
1794 3695 2099 3768 Augustini

366 3790 369 3797 “
404 3785 565 3841 libris
595 3784 927 3848 inserviunt,
947 3799 1121 3854 quam
1140 3784 1209 3838 de
1240 3784 1499 3839 doctrina
1517 3784 1823 3856 Augustini
1852 3785 1940 3839 vel
1966 3784 2099 3839 uni-

403 3890 583 3941 versa,
612 3873 702 3927 vel
729 3873 798 3927 de
830 3871 1071 3942 singulis
1129 3871 1283 3926 illius
1329 3872 1611 3943 capitibus
1657 3873 1771 3927 sive
1823 3872 2103 3928 instruen-

404 3962 483 4030 di,
541 3977 642 4016 seu
699 3958 1095 4028 convincendi,
1144 3964 1244 4014 aut
1293 3959 1509 4015 alienas
1555 3961 1851 4033 opiniones
1900 3962 2102 4016 redar-

404 4049 619 4123 guendi
670 4065 841 4103 causa
887 4051 1153 4115 tractant,
1210 4048 1360 4104 intra
1411 4049 1621 4105 limites
1688 4049 1879 4121 operis
1933 4050 2103 4122 hujus

402 4139 557 4197 haud
588 4142 719 4210 apte
748 4137 879 4209 cogi
906 4152 1072 4209 posse
1101 4136 1363 4193 arbitrati
1389 4155 1604 4195 sumus.

1001 4268 1288 4334 annanst
1319 4296 1513 4335 PRIMUS

530 4407 874 4459 Collectiones
906 4410 1133 4472 Operum
1164 4413 1217 4459 et
1263 4410 1649 4473 Opusculorum
1681 4410 1981 4475 Augustini.

1079 4559 1296 4598 θεουιο
1325 4560 1397 4598 ιν
1409 4584 1422 4599 ο

482 4685 637 4740 1473.
669 4684 917 4752 Colonia,
948 4685 1090 4738 in-80
1120 4685 1254 4756 maj.
1288 4685 1640 4756 Augustinus
1692 4685 1761 4740 de
1808 4684 1963 4741 Fide.
2021 4687 2107 4743 Ab

406 4772 611 4827 initio:
641 4775 840 4842 Incipit
889 4772 1023 4827 liber
1060 4777 1238 4828 sancti
1281 4776 1587 4842 Augustini
1618 4775 1690 4829 ad
1724 4777 1937 4830 Petrum
1966 4775 2107 4831 Dia-

408 4878 597 4918 conum
622 4862 688 4916 de
712 4862 837 4931 ﬁde.
875 4862 941 4916 In
960 4860 1077 4915 ﬁne
1102 4877 1116 4915 :
1145 4863 1308 4918 Liber
1332 4865 1434 4917 iste
1473 4865 1534 4918 S.
1581 4864 1886 4931 Augustini
1914 4863 1981 4918 de
2003 4864 2109 4934 ﬁde

408 4952 673 5007 catholica
718 4949 796 5005 ad
822 4952 1037 5004 Petrum
1064 4952 1360 5006 Diaconum
1389 4952 1623 5008 Coloniae
1670 4954 1967 5023 impressus
2005 4959 2106 5008 est.

405 5040 470 5094 In
516 5041 714 5109 vigilia
761 5041 937 5095 sancti
1012 5039 1274 5094 Johannis
1346 5042 1610 5110 Baptiste.
1677 5041 1836 5095 Anno
1904 5041 2111 5096 domini

408 5129 483 5183 M.
516 5129 695 5185 CCCC.
736 5129 1128 5199 septuagesimo
1159 5132 1338 5184 tercio.

480 5214 782 5271 Character
809 5217 980 5289 hujus
1016 5216 1324 5271 voluminis
1389 5220 1474 5271 est
1521 5216 1786 5273 Gothicus
1840 5217 2109 5289 antiquus

411 5303 754 5372 luculentus,
785 5307 980 5360 charta
1005 5304 1200 5376 densa,
1247 5305 1478 5376 paginae
1526 5298 1694 5361 lineis
1739 5306 1869 5361 latis
1896 5308 1965 5360 26
1992 5306 2108 5361 im-

485 5471 556 5544 (a)
586 5471 887 5545 Reperitur
919 5475 1138 5531 Clarelli
1156 5473 1394 5545 epistola
1444 5473 1506 5527 in
1543 5474 1698 5529 Actis
1752 5473 2107 5545 Eruditorum

412 5544 562 5614 Lips.
604 5544 761 5599 Febr.
802 5546 959 5611 1707,
985 5561 1154 5615 pagg.
1190 5544 1408 5600 794-96.
1465 5544 1623 5599 Conf.
1656 5544 1902 5600 Oudinus
1963 5545 2117 5599 Con-.

2202 3085 2315 3134 est:
2351 3082 2480 3135 Esto
2510 3080 2837 3134 consentiens
2889 3077 3205 3132 adversario
3250 3080 3362 3145 tuo,
3402 3080 3508 3129 etc.
3556 3076 3627 3129 Et
3656 3077 3760 3144 qui
3792 3073 3901 3129 odit

2202 3172 2433 3237 fratrem
2488 3184 2663 3237 suum,
2721 3167 2992 3222 homicida
3044 3171 3163 3233 est;
3191 3195 3261 3205 —
3290 3164 3460 3218 tertio
3511 3163 3576 3216 de
3623 3178 3702 3231 eo,
3756 3161 3902 3232 quod

2202 3261 2458 3313 Dominus
2488 3260 2605 3312 ait:
2658 3258 2876 3326 Diligite
2912 3258 3160 3311 inimicos
3211 3258 3454 3319 vestros;
3482 3282 3554 3294 —
3582 3256 3796 3322 quarto
3842 3250 3904 3304 de

2204 3363 2279 3410 eo,
2323 3347 2468 3417 quod
2509 3350 2774 3416 scriptum
2803 3351 2880 3400 est
2909 3346 2969 3399 in
2998 3347 3190 3400 Ysaia:
3224 3346 3432 3412 Clama,
3485 3358 3551 3396 ne
3596 3355 3808 3408 cesses;
3837 3370 3908 3381 —

2205 3436 2405 3507 quinto
2435 3436 2501 3489 de
2530 3451 2586 3489 eo
2647 3434 2789 3504 quod
2829 3435 3119 3505 Apostolus
3149 3435 3263 3487 ait:
3304 3431 3489 3488 Radix
3518 3432 3761 3485 omnium
3792 3446 3907 3484 ma-

2205 3525 2377 3578 lorum
2408 3522 2722 3592 cupiditas;
2748 3552 2820 3561 —
2848 3525 3005 3576 sexto
3044 3521 3109 3575 de
3153 3536 3229 3588 eo,
3288 3519 3434 3588 quod
3488 3520 3757 3587 scriptum
3797 3521 3905 3572 est:

2204 3614 2419 3679 Beatus,
2461 3614 2559 3681 qui
2580 3616 2702 3682 post
2731 3627 2925 3666 aurum
2962 3626 3069 3665 non
3096 3610 3273 3675 abiit;
3312 3639 3382 3649 ——
3434 3606 3679 3678 septimo
3711 3605 3786 3661 de
3828 3620 3902 3673 eo,

2207 3702 2351 3771 quod
2369 3702 2665 3771 Apostolus
2688 3703 2805 3755 ait:
2835 3699 3170 3755 Redimentes
3226 3702 3431 3767 tempus
3459 3711 3580 3751 cum
3625 3695 3744 3750 dies
3772 3696 3907 3749 mali

2207 3795 2352 3845 sunt.

2279 3879 2563 3950 Opuscula
2589 3894 2649 3932 n.
2691 3880 2752 3932 2°
2783 3881 2839 3932 et
2890 3879 2949 3932 3°
2978 3876 3228 3931 exhibita
3274 3875 3681 3930 commemorat
3726 3871 3909 3925 etiam

2210 3970 2397 4022 Catal.
2428 3969 2708 4024 Crevennaz
2736 3968 3060 4022 novissimus
3104 3967 3167 4022 T.
3200 3967 3248 4032 Ι,
3283 3981 3342 4036 p.
3382 3965 3480 4018 106
3528 3965 3582 4016 et
3634 3962 3758 4027 107,
3808 3960 3909 4014 ad-

2211 4058 2429 4128 ditque.

2280 4148 2340 4200 4ο
2370 4144 2603 4200 Librum
2630 4144 2696 4198 de
2726 4144 3027 4215 Disciplina
3083 4143 3398 4199 Christiana
3446 4154 3619 4211 supra
3671 4152 3887 4192 enume

2211 4235 2349 4289 ratis
2377 4235 2546 4306 plane
2575 4232 2925 4287 conformem
2977 4248 3032 4286 n.
3066 4233 3192 4298 470,
3223 4234 3280 4285 et

2287 4328 2345 4377 5°
2376 4325 2678 4379 Sermonem
2750 4338 2921 4393 super
2996 4322 3304 4378 Orationem
3384 4318 3735 4383 Dominicam,
3813 4330 3919 4368 nec

2212 4428 2329 4466 non
2376 4411 2731 4466 Enchiridion
2768 4412 2843 4465 ad
2892 4412 3247 4465 Laurentium
3273 4427 3294 4474 ;
3325 4424 3380 4463 n.
3426 4409 3531 4461 469
3563 4403 3918 4476 posteriores

2211 4502 2498 4565 tractatus,
2551 4516 2695 4571 quos
2746 4515 2944 4553 omnes
3009 4513 3116 4569 per
3176 4498 3417 4553 Ulricum
3462 4496 3548 4550 Zel
3587 4495 3653 4548 de
3706 4494 3914 4548 Hanau

2213 4588 2361 4643 circa
2411 4590 2546 4643 1470
2599 4602 2833 4642 excusos
2885 4602 3006 4641 esse
3063 4586 3262 4641 statuit
3307 4584 3513 4650 editor,
3575 4586 3811 4636 secutus
3856 4581 3917 4633 in

2213 4693 2279 4732 eo
2326 4677 2606 4747 iudicium
2656 4676 2889 4729 Deburii
2932 4674 2994 4729 in
3033 4675 3149 4730 Cat.
3197 4674 3338 4729 Bibl.
3374 4676 3534 4728 Ducis
3564 4671 3629 4725 de
3659 4671 3715 4724 la
3786 4670 3909 4724 Val.

2213 4768 2273 4821 T.
2310 4768 2351 4832 Ι,
2402 4782 2460 4836 p.
2510 4769 2606 4819 172
2648 4781 2758 4835 sq.,
2790 4763 2889 4836 qui
2941 4780 2999 4818 n.
3046 4766 3148 4819 478
3180 4762 3524 4835 posteriores
3551 4761 3723 4814 hosce
3770 4763 3917 4812 trac-

2212 4858 2361 4908 tatus
2382 4854 2618 4920 notavit,
2649 4852 2864 4907 addens
2896 4852 3145 4924 primum
3178 4867 3405 4915 novem,
3439 4850 3686 4905 alterum
3704 4863 3803 4901 sex
3835 4846 3924 4900 fo-

2213 4943 2305 4997 liis
2324 4947 2596 4997 constare.
2632 4942 2852 4997 Ibidem
2892 4959 2951 4997 n.
3013 4944 3138 5009 473,
3192 4957 3323 4996 cum
3371 4939 3532 4994 libris
3588 4954 3621 4991 a
3649 4935 3824 4990 nobis
3858 4951 3916 4988 n.

2212 5035 2271 5088 2°
2326 5031 2784 5086 commemoratis
2852 5030 3022 5086 simul
3094 5030 3344 5084 existunt
3413 5034 3470 5083 et
3539 5025 3778 5098 quidem
3849 5023 3921 5075 ab

2212 5121 2397 5176 initio.

2284 5213 2344 5265 6°
2373 5212 2431 5267 S.
2454 5210 2752 5278 Augustini
2782 5209 2916 5264 liber
2946 5208 3012 5263 de
3043 5209 3172 5264 Vita
3222 5209 3398 5263 beata.
3430 5207 3593 5261 Liber
3635 5204 3702 5258 de
3733 5204 3922 5258 Hone-

2214 5305 2352 5356 state
2383 5284 2685 5355 mulierum.
2709 5297 2943 5353 Libellus
2974 5297 3039 5352 de
3066 5298 3357 5353 Honestate
3382 5299 3523 5351 vitae.

2220 5480 2377 5530 ment.
2413 5479 2553 5531 tom.
2589 5475 2633 5541 ῐ,
2672 5490 2845 5545 pagg.
2880 5476 2982 5528 985
3016 5491 3108 5547 sq.
