4060 6194
199 333 262 382 49
1131 400 1134 402 η
1225 330 1505 387 ΝΟΤΙΤΙΑ
1548 333 1883 390 LITTERAH

2034 337 2073 390 Ν
2116 339 2174 390 S.
2215 339 2678 396 AUGUSTINUM.

961 454 1114 509 1483.

253 544 492 595 Venetiis
522 557 656 595 cura
682 546 731 595 et
759 543 1017 609 impensis
1061 543 1346 597 Octaviani
1388 543 1537 596 Scoti
1587 545 1720 597 civis
1764 545 1886 597 Mo-

175 631 484 697 doetiensis,
513 631 691 696 iri-4°,
726 631 784 682 Β.
820 629 1126 700 Augustini
1156 631 1429 701 opuscula
1482 631 1735 685 Ascetica
1775 631 1883 686 mi-

172 733 330 771 nera.
390 719 670 772 Recenset
723 718 778 771 C.
839 719 984 786 Pray
1039 718 1098 772 in
1150 719 1462 773 rarioribus
1522 720 1682 774 libris
1741 721 1878 774 Bibl.

175 805 424 861 Budens.
451 808 512 861 Τ.
547 808 590 860 I.

961 896 1114 950 1484.

243 983 494 1037 Venetiis
537 998 637 1052 per
687 983 966 1037 Andream
1013 983 1079 1036 de
1124 986 1337 1039 Bonetis
1384 985 1450 1038 de
1478 988 1674 1054 Papia,
1701 986 1877 1042 in-«io.

167 1073 226 1125 S.
265 1071 584 1141 Augustini
628 1073 916 1142 opuscula.
956 1073 1016 1126 In
1055 1072 1206 1126 ﬁne:
1240 1075 1488 1142 Erplicit
1519 1075 1654 1128 liber
1685 1078 1742 1130 S.
1771 1078 1884 1130 Au-

166 1161 381 1226 gustini
409 1159 479 1212 de
516 1176 644 1214 vera
682 1160 956 1227 religione,
1006 1165 1055 1213 et
1097 1161 1163 1214 de
1204 1162 1516 1214 clericorum
1558 1164 1673 1215 vita
1710 1166 1885 1217 sancti

167 1250 501 1313 Augustini,
540 1264 630 1302 nec
666 1264 772 1302 non
818 1248 1104 1316 cujusdam
1149 1249 1463 1314 dignissimi
1519 1254 1782 1305 tractatus
1819 1252 1885 1305 de

163 1338 373 1404 spiritu
411 1341 464 1389 et
495 1338 698 1389 anima.
734 1338 842 1404 (lue
870 1338 1049 1389 omnia
1088 1339 1145 1389 in
1182 1339 1286 1391 isto
1333 1337 1468 1391 libro
1507 1341 1878 1393 continentur:

163 1441 280 1478 cum
318 1440 540 1478 summa
587 1424 876 1492 diligentia
924 1440 1022 1492 per
1061 1427 1137 1479 Μ.
1181 1426 1459 1480 Andream
1497 1426 1562 1479 de
1584 1427 1785 1481 bonetis
1819 1427 1884 1481 de

161 1515 335 1581 papia
367 1515 596 1566 venetiis
619 1515 882 1581 impressa
900 1515 1140 1578 fuerunt.
1194 1515 1380 1568 inclito
1417 1516 1668 1583 principe
1712 1518 1883 1568 Joan-

162 1616 225 1654 ne
275 1603 556 1667 mocenigo
609 1603 944 1656 venetiarum
1009 1602 1158 1658 duce.
1208 1607 1280 1658 Μ.
1332 1604 1512 1660 CCCC.
1565 1605 1875 1658 LXXXIIII.

166 1690 252 1743 die
281 1691 459 1745 XXII.
490 1692 688 1744 Mensis
717 1692 874 1744 Julii.

237 1779 449 1832 Insunt
485 1778 707 1844 eadem,
737 1794 865 1848 qua:
893 1777 953 1831 in
998 1777 1248 1833 editione
1293 1779 1556 1851 sequenti
1600 1783 1878 1850 Argento-

167 1869 386 1921 ratensi
414 1867 674 1920 numeris
707 1870 857 1920 1-22.
899 1866 1260 1924 exhibentur.
1305 1868 1446 1922 Hinc
1482 1885 1614 1922 vero
1662 1869 1880 1938 adjecta

169 1961 342 2009 sunt:
401 1959 503 2010 23°
561 1954 791 2009 Eusebii
843 1956 1072 2012 Corradi
1116 1957 1374 2011 canonici
1403 1957 1682 2028 regularis
1724 1959 1878 2012 Late-

167 2044 434 2098 ranensis
467 2044 715 2113 Epistola
753 2043 827 2097 ad
865 2045 1084 2099 Siwtum
1121 2047 1218 2112 IV,
1270 2049 1333 2101 Β.
1381 2049 1467 2107 Ρ.,
1520 2046 1585 2099 de
1633 2047 1879 2111 auferen-

167 2131 234 2186 do
287 2132 360 2186 ab
420 2133 666 2186 Ecclesia
709 2148 888 2186 errore
939 2133 1304 2200 scribentium,
1363 2133 1416 2188 S.
1492 2134 1877 2204 Augustinum

165 2221 344 2274 fuisse
374 2219 679 2274 eremitam
711 2237 724 2286 ;
756 2223 851 2275 24°
880 2223 1086 2289 Regula
1113 2222 1170 2276 S.
1213 2223 1519 2290 Augustini
1544 2241 1559 2287 ;
1601 2225 1698 2275 25°
1753 2223 1879 2275 Vita

163 2312 220 2365 S.
272 2313 595 2378 Augustini
643 2309 855 2380 scripta
919 2327 951 2364 a
992 2311 1054 2364 S.
1099 2311 1362 2377 Possidio,
1405 2313 1648 2380 episc0po
1704 2311 1878 2367 Cala-

165 2403 378 2460 mensi;
413 2402 512 2453 26°
539 2399 758 2454 Eusebii
787 2399 1020 2455 Corradi
1045 2398 1119 2452 ad
1147 2400 1365 2453 Sixtum
1396 2399 1463 2451 IV
1494 2403 1551 2452 et
1599 2397 1879 2452 Cardine-

165 2489 247 2541 Ies
276 2488 618 2555 Annotatio,
649 2503 750 2540 seu
798 2487 990 2557 potius
1033 2489 1304 2540 tractatus
1357 2485 1542 2540 brevis
1599 2485 1665 2538 de
1702 2501 1880 2540 errore

163 2577 544 2640 scribentium,
589 2576 645 2630 S.
688 2575 1055 2644 Augustinum
1083 2576 1257 2640 fuisse
1298 2577 1601 2630 eremitam.
1633 2577 1730 2628 27°
1775 2577 1875 2628 Li-

165 2665 252 2718 ber
283 2666 346 2720 S.
383 2665 691 2730 Augustini
721 2664 787 2717 de
815 2666 1037 2719 Anima.
1065 2663 1376 2733 Diligenter
1393 2664 1540 2717 hanc
1566 2662 1878 2716 editionem

160 2755 280 2823 jam
359 2753 433 2806 ab
491 2753 617 2806 aliis
666 2752 1080 2822 bibliographis
1131 2752 1316 2806 obiter
1369 2756 1876 2806 commemoratam

165 2841 460 2895 recensuit
486 2842 566 2896 Cl.
602 2843 874 2896 Seemiller
901 2841 1036 2895 fasc.
1079 2857 1159 2906 Ill,
1191 2857 1252 2909 p.
1297 2845 1354 2908 ‘7,
1391 2857 1505 2910 quo
1544 2841 1684 2894 duce
1734 2840 1878 2894 nihil

166 2929 384 2983 certius
413 2928 473 2981 in
509 2928 746 2994 lubrica,
780 2929 885 2982 hac
915 2927 1117 2982 semita
1145 2927 1652 2998 deprehendimus.
1697 2927 1779 2981 Ab
1810 2943 1877 2981 eo

166 3018 348 3087 igitur
382 3017 683 3084 docemur,
715 3017 911 3070 omnia
940 3018 1062 3071 haec
1091 3017 1363 3086 opuscula
1401 3017 1604 3070 eodem
1642 3017 1877 3071 charac-

166 3111 301 3166 tere.
338 3105 580 3161 Gothico
612 3105 885 3159 nimirum
910 3105 1156 3171 minuto,
1189 3105 1409 3160 duabus
1457 3104 1738 3159 columnis
1780 3104 1873 3158 ni-

167 3193 303 3247 tidae
337 3209 403 3246 ac
427 3193 613 3246 ﬁrmat
641 3191 812 3246 simul
838 3193 1048 3246 chartae
1077 3193 1354 3264 impressa
1401 3207 1541 3246 esse.
1605 3192 1877 3247 Observat

170 3297 344 3350 porro
394 3297 501 3350 per
546 3280 740 3350 priora
793 3280 996 3350 viginti
1045 3281 1156 3335 duo
1201 3281 1475 3352 opuscula
1503 3279 1655 3334 foliis
1683 3295 1876 3350 super-

171 3370 416 3438 scriptos
456 3384 577 3421 esse
607 3368 821 3436 titulos,
855 3385 974 3423 non
1020 3368 1157 3425 item
1214 3369 1276 3424 in
1324 3369 1581 3440 reliquis.
1636 3368 1876 3422 Litteras

173 3457 444 3524 initiales,
497 3456 862 3511 custodes-et
905 3474 1175 3512 numeros
1221 3457 1566 3530 paginarum
1614 3457 1874 3522 deﬁcere,

173 3547 405 3600 easdem
433 3550 629 3599 tamen
650 3562 771 3599 esse
800 3545 1067 3617 signatas.
1102 3548 1167 3600 In
1209 3548 1328 3602 Cat.
1372 3547 1511 3601 Bibl.
1555 3549 1685 3613 Reg.
1734 3547 1793 3599 T.
1831 3545 1874 3606 Ι,

173 3652 228 3704 p.
281 3638 412 3699 379,
474 3633 739 3688 laudatur
802 3652 836 3688 a
889 3635 1074 3704 primo
1126 3636 1542 3690 Meditationum
1579 3633 1874 3704 opusculo.

175 3724 284 3776 Nec
316 3738 448 3776 raro
482 3721 652 3777 etiam
699 3723 783 3792 fit,
839 3727 902 3777 ut
947 3723 1158 3794 singuli
1188 3740 1255 3777 ex
1304 3724 1410 3777 hac
1458 3722 1786 3776 collectione
1818 3720 1880 3774 li-

176 3811 261 3865 bri
309 3816 610 3881 tamquam
660 3810 898 3864 seorsim
937 3811 994 3865 h.
1045 3811 1083 3865 l.
1133 3817 1190 3865 et
1219 3827 1270 3864 a.
1305 3809 1515 3873 excusi,
1547 3809 1635 3863 vel
1664 3807 1882 3862 incuria

177 3901 548 3971 scriptorum,
580 3899 663 3953 vel
697 3899 852 3970 quod
899 3899 1078 3953 avulsi
1100 3916 1133 3952 a
1173 3899 1395 3970 reliquo
1435 3913 1671 3968 corpore
1703 3896 1880 3951 inter-

180 3990 319 4045 dum
345 3989 672 4051 obveniant.
699 3991 1241 4042 commemorentur.

975 4078 1134 4132 1489.

244 4167 610 4234 Argentorati
630 4180 725 4235 per
762 4167 989 4220 Martin.
1029 4165 1210 4218 Flach.
1258 4163 1450 4217 in—fol.
1503 4162 1723 4216 Aurelii
1766 4161 1887 4214 Au-

178 4258 394 4325 gusti-ni
419 4255 678 4323 opuscula
697 4254 956 4322 plurima.
985 4253 1110 4306 Haec
1141 4253 1261 4306 sola
1293 4250 1448 4305 tituli
1473 4250 1650 4304 instar
1678 4248 1890 4319 pagina

3628 354 3696 406 50

1921 463 1965 514 Α
2072 463 2182 542 IIo_s_
2209 461 2401 542 menda
2429 469 2680 542 appertes
2702 468 2826 520 tulit
2853 470 3161 542 Argentum
3196 487 3208 523 :
3237 474 3515 542 premique

2135 532 2409 586 Martinus
2443 534 2607 588 docili
2637 536 2817 590 simus
2845 540 2912 592 ab
2944 532 3067 594 arte
3097 532 3264 596 dedit.

2065 648 2289 703 Litterae
2321 655 2453 703 sunt
2482 651 2751 706 Gothicae.
2788 654 3017 725 Paginze
3047 658 3329 712 columnis
3377 657 3528 713 binis
3577 660 3692 714 im—

1991 752 2218 806 pressae,
2255 737 2409 804 folia,
2444 755 2536 792 sex
2578 739 2865 809 prioribus
2895 745 3162 814 exceptis,
3209 752 3530 814 numerata,
3577 749 3690 801 sin—

1990 827 2124 894 gula
2153 826 2338 897 capita
2370 829 2624 882 numeris
2655 829 2772 883 suis
2797 835 2853 884 et
2885 833 3240 901 argumentis
3257 839 3389 888 sunt
3411 851 3689 906 perquam

1990 914 2288 968 commode
2323 915 2606 970 distincta.
2641 919 2843 972 Insunt
2884 921 3216 989 sequentia:
3276 927 3327 976 1°
3376 924 3688 978 Meditatio~

1989 1018 2100 1065 nes,
2149 1005 2209 1056 2°
2265 1006 2531 1074 Soliquia,
2592 1010 2650 1059 3°
2708 1008 2959 1060 Manuale
2992 1009 3056 1061 de
3112 1011 3268 1064 verbo
3320 1012 3447 1079 Dei,
3490 1014 3550 1066 4ο
3572 1015 3690 1066 En-

1991 1093 2260 1147 chiridion
2285 1093 2359 1146 ad
2391 1095 2760 1160 Laurentium,
2793 1100 2854 1148 5°
2879 1097 3039 1150 Liber
3067 1098 3131 1152 de
3163 1099 3368 1166 triplici
3405 1100 3688 1154 habitacu-

1989 1181 2056 1244 lo,
2087 1184 2145 1233 6°
2169 1181 2340 1234 Scala
2355 1181 2630 1249 paradisi,
2662 1187 2723 1234 7°
2753 1183 2816 1235 de
2855 1184 3132 1238 duodecim
3173 1186 3507 1240 Abusionum
3551 1204 3687 1256 gra-

1989 1268 2164 1333 dibus,
2189 1271 2247 1321 8°
2278 1269 2342 1321 dc
2371 1271 2536 1321 Beata
2572 1272 2714 1337 Vita,
2752 1274 2809 1323 9°
2844 1272 2908 1323 de
2937 1277 3323 1341 Assumptionc
3361 1276 3524 1329 beata.°
3570 1278 3686 1330 Ma-

1987 1357 2087 1409 ria:
2117 1358 2368 1422 virginis,
2405 1359 2494 1412 10°
2524 1359 2589 1412 de
2620 1360 2970 1414 Divinatione
3013 1365 3313 1417 Dwmonum
3363 1369 3550 1418 contra
3579 1367 3688 1419 Pa-

1989 1459 2176 1510 ganos,
2226 1448 2313 1498 11°
2343 1446 2408 1499 de
2429 1449 2716 1501 Honestate
2742 1451 3045 1516 mulierum,
3100 1454 3190 1505 12°
3217 1452 3281 1505 de
3329 1454 3473 1509 Cura
3519 1468 3689 1518 agen-

1989 1533 2064 1585 da
2116 1549 2214 1601 pro
2269 1536 2494 1589 mortuis
2545 1536 2618 1589 ad
2675 1538 2964 1592 Paulinum
3011 1541 3134 1595 Nol.
3169 1543 3297 1609 Ep.,
3329 1544 3418 1595 13°
3448 1541 3513 1594 de
3551 1544 3690 1596 Vera

1989 1637 2051 1675 ac
2077 1623 2237 1676 Falsa
2267 1625 2608 1691 Poenitentia,
2653 1628 2742 1679 140
2774 1627 2839 1680 de
2865 1630 3194 1684 Contritione
3242 1631 3439 1696 cordis,
3492 1633 3582 1683 15°
3626 1631 3690 1683 de

1923 1749 1960 1802 Β
1993 1711 2306 1779 Contemptu
2347 1713 2540 1767 mundi
2585 1714 2659 1767 ad
2708 1717 2944 1783 clericos,
2998 1721 3090 1770 16°
3150 1718 3214 1771 de
3243 1719 3620 1773 Convenientia
3646 1721 3692 1772 Χ

1986 1807 2374 1870 praeceptorum
2398 1807 2447 1855 et
2473 1805 2520 1856 Χ
2554 1803 2846 1870 plagarum
2884 1807 3122 1873 .Egypti,
3184 1811 3271 1860 17°
3309 1806 3374 1860 de
3415 1808 3686 1874 Cognitio-

1985 1907 2053 1944 ne
2089 1907 2228 1944 verm
2273 1893 2417 1958 vita),
2473 1894 2566 1944 18°
2595 1891 2980 1961 Confessiones,
3021 1897 3108 1947 190
3138 1895 3202 1948 de
3229 1896 3490 1949 Doctrina
3524 1895 3686 1950 Chri—

1985 1981 2185 2043 stiana,
2217 1981 2310 2034 200
2341 1978 2406 2031 de
2445 1979 2576 2032 Fide
2623 1980 2696 2032 ad
2724 1982 2938 2034 Petrum
2987 1984 3299 2050 Diaconum,
3333 1985 3428 2035 21°
3471 1983 3688 2037 Sermo-

1983 2082 2074 2121 nes
2129 2067 2233 2121 duo
2276 2067 2341 2120 de
2389 2069 2516 2122 Vita
2564 2071 2614 2120 et
2660 2069 2894 2123 moribus
2934 2070 3262 2138 clericorum,
3308 2073 3403 2123 22o
3448 2071 3512 2123 de
3545 2072 3687 2125 Vera

1985 2156 2256 2223 Religione
2297 2155 2371 2208 ad
2418 2157 2826 2222 Romanianum,
2869 2161 2964 2212 23°
3014 2158 3079 2212 de
3127 2161 3339 2227 Spiritu
3381 2163 3430 2212 et
3459 2159 3684 2221 Anima,

1985 2246 2081 2298 240
2105 2244 2171 2298 de
2196 2245 2321 2298 Vita
2349 2242 2664 2298 Christiana
2701 2245 2775 2298 ad
2821 2260 3054 2299 sororem
3098 2262 3252 2300 suam
3298 2246 3542 2313 viduam,
3589 2249 3686 2299 25°

1985 2333 2051 2386 de
2093 2332 2510 2402 Deﬁnitionibus
2561 2333 2870 2387 orthodoaeaz
2910 2333 3040 2400 ﬁdei
3067 2338 3116 2386 et
3150 2335 3516 2388 ecclesiasticis
3546 2334 3686 2401 dog-

1984 2422 2240 2488 matibus,
2282 2424 2379 2475 26°
2418 2421 2483 2474 de
2524 2421 2818 2489 disciplina
2858 2423 3187 2487 Christiana,
3232 2424 3328 2475 27°
3382 2423 3563 2476 Sermo
3621 2421 3686 2474 de

1986 2511 2271 2568 charitate.
2321 2511 2417 2562 28°
2455 2509 2519 2562 de
2563 2509 2739 2562 decem
2780 2510 3015 2578 chordis,
3062 2513 3159 2565 29°
3191 2511 3370 2566 Sermo
3405 2510 3471 2563 de
3495 2511 3682 2564 Ebrie-

1987 2603 2114 2664 tate,
2162 2599 2255 2652 30°
2311 2600 2596 2652 Tractatus
2636 2598 2702 2652 de
2742 2601 2982 2652 vanitate
3024 2600 3187 2668 hujus
3225 2601 3426 2664 saeculi,
3477 2601 3570 2652 31°
3620 2599 3685 2652 de

1986 2687 2304 2742 Obedientia
2359 2691 2408 2740 et
2455 2686 2778 2754 humilitate,
2847 2689 2940 2740 32°
2986 2687 3052 2740 de
3106 2689 3292 2754 Agone
3351 2687 3681 2751 Christiano,

1988 2776 2080 2829 33°
2122 2774 2187 2827 de
2233 2776 2377 2828 Bono
2419 2774 2744 2843 disciplinae,
2795 2776 2886 2828 34°
2927 2775 3130 2841 Regula
3180 2775 3245 2826 de
3276 2771 3542 2827 communi
3568 2775 3682 2825 vita

1986 2862 2317 2928 clericorum,
2373 2865 2466 2916 35°
2496 2861 2840 2916 Possidonius
2878 2863 2943 2914 de
2966 2865 3083 2915 vita
3111 2862 3427 2926 Augustini.
3466 2862 3682 2913 Praece-

1987 2950 2130 3004 dunt
2160 2954 2367 3020 praeter
2395 2951 2547 3004 hunc
2575 2949 2762 3019 ipsum
2795 2948 3055 3003 omnium
3085 2948 3490 3018 opusculorum
3527 2946 3683 3000 indi-

1917 3049 1954 3103 c
1987 3053 2129 3101 cem,
2175 3037 2491 3106 peculiares
2539 3035 2758 3106 aliquot
2795 3036 3173 3107 quorumdam
3201 3035 3479 3088 librorum
3523 3034 3684 3087 tabu-

1981 3125 2070 3177 las.
2112 3123 2281 3178 Miror
2308 3125 2386 3180 Cl.
2455 3124 2839 3190 Seemillerum,
2891 3122 2990 3193 qui
3049 3120 3311 3174 eamdem
3373 3120 3681 3175 editionem

1981 3211 2041 3266 in
2089 3211 2530 3268 commentarios
2575 3212 2705 3265 fasc.
2758 3228 2837 3277 1n,
2880 3227 2936 3280 p.
2983 3213 3096 3269 171,
3152 3207 3363 3274 retulit,
3405 3223 3522 3261 non
3557 3223 3682 3260 con-

1981 3299 2228 3353 tendisse
2284 3315 2415 3353 cum
2470 3298 2560 3352 ed.
2615 3299 2827 3352 Veneta
2885 3299 3040 3352 1484.
3107 3295 3288 3350 Habet
3351 3295 3523 3349 etiam
3597 3294 3677 3351 Cl.

1982 3389 2187 3442 Braun.
2217 3388 2257 3442 l.
2290 3389 2334 3442 Ι.
2363 3389 2422 3441 Τ.
2459 3388 2526 3453 Il,
2550 3388 2756 3456 p.174.

2782 3484 2938 3537 1491.

2056 3584 2255 3638 Ibidem
2300 3583 2391 3636 ad.
2439 3581 2616 3636 eumd.
2649 3580 2887 3634 in-folio.
2943 3578 3152 3633 Eadem
3199 3593 3266 3631 ea:
3295 3567 3686 3631 secunda??-

1987 3679 2147 3731 tione.
2178 3677 2239 3730 In
2271 3675 2382 3729 ﬁne
2420 3691 2432 3728 :
2467 3675 2541 3728 M.
2573 3672 2752 3729 CCCC.
2784 3671 2912 3725 XCI.
2942 3671 3030 3723 die
3059 3670 3148 3723 XI.
3199 3669 3392 3721 mensis
3427 3667 3682 3732 Augusti.

1989 3765 2121 3835 Ejus
2192 3762 2517 3832 exemplum
2565 3774 2832 3812 mancum
2885 3762 3079 3812 tamen
3142 3756 3363 3810 notavit
3415 3756 3688 3812 Gemeiner

1987 3855 2026 3908 l.
2059 3855 2102 3907 Ι.
2126 3870 2183 3923 p.
2211 3854 2334 3918 203,
2357 3850 2645 3919 integrum
2666 3851 2730 3902 ut
2754 3851 3013 3901 nostrum
3035 3847 3110 3902 Cl.
3141 3847 3344 3900 Braun.
3370 3845 3408 3898 l.
3444 3846 3485 3898 Ι.
3510 3845 3572 3899 Τ.
3613 3845 3684 3910 Il,

1984 3956 2044 4010 p.
2074 3941 2198 3994 213.

2793 4025 2920 4033 ...-

2061 4073 2269 4125 Parma:
2321 4086 2420 4139 per
2473 4070 2742 4138 Angelum
2793 4070 3084 4136 Ugoletum,
3151 4065 3332 4120 in-fol.
3386 4065 3689 4135 Augustini

1995 4159 2271 4230 opuscula
2317 4157 2474 4211 varia
2517 4157 2678 4211 finita
2728 4157 2910 4210 Pridie
2965 4154 3190 4208 Kalend.
3265 4154 3503 4221 Aprilis.
3569 4154 3686 4209 Cat.

1995 4249 2133 4302 Bibl.
2179 4247 2373 4302 Smith.
2421 4262 2476 4315 p.
2521 4248 2610 4311 28,
2661 4249 2717 4298 et
2764 4245 3044 4300 Crevennw
3079 4244 3279 4296 noviss.
3307 4243 3366 4295 T.
3399 4242 3441 4306 Ι,
3475 4258 3530 4310 p.
3569 4244 3686 4296 110.

181 4346 372 4417 prima
403 4343 707 4408 habentur,
739 4341 1062 4395 charactere
1111 4339 1346 4396 Gothico
1395 4339 1599 4410 majori
1643 4339 1884 4409 impres-
1927 4344 1969 4398 D
2001 4334 2314 4392 Ordiuntur
2337 4333 2542 4387 seriem
2582 4330 2714 4385 libri
2761 4335 2948 4384 contra
2995 4329 3361 4393 Academicos,
3397 4328 3544 4382 unde
3573 4331 3693 4384 Mo-

179 4452 256 4488 sa.
286 4435 356 4488 In
405 4433 559 4486 ﬁne:
607 4434 669 4486 B.
718 4430 935 4485 Aurelii
976 4430 1276 4497 Augustini
1310 4429 1668 4498 Hipponensis
1716 4427 1878 4495 episc.

180 4539 240 4578 ac
279 4523 519 4577 doctoris
556 4521 804 4574 Ecclesia:
830 4520 1164 4573 sanctissimi
1184 4519 1398 4586 pariter
1434 4521 1484 4570 et
1518 4515 1884 4585 perspicacis—

178 4615 310 4666 simi
359 4624 371 4663 :
404 4609 766 4678 plurimorum
800 4607 1195 4676 opusculorum,
1240 4620 1333 4659 nec
1379 4619 1486 4658 non
1526 4605 1652 4657 vitae
1689 4602 1804 4670 ejus
1851 4616 1886 4653 a

181 4696 502 4753 Possidonio
557 4696 906 4763 conscriptae:
987 4693 1244 4762 impensis
1311 4697 1360 4746 et
1431 4707 1594 4761 opera
1660 4689 1888 4744 Martini

183 4787 357 4842 Flach
422 4785 742 4852 Argentinw
807 4784 1209 4836 accuratissime
1265 4783 1669 4850 impressorum.
1738 4779 1887 4832 Finis

186 4879 356 4928 Anno
395 4891 429 4927 a
481 4874 771 4926 nativitate
841 4871 1144 4926 Saluatoris
1217 4871 1292 4923 Μ.
1364 4869 1544 4924 CCCC.
1617 4866 1885 4922 LXXXIX.

190 4964 336 5017 XIII.
370 4959 626 5015 kalendas
647 4959 885 5027 Apriles.

259 5087 369 5140 Hos
392 5084 556 5151 juvat
586 5086 784 5149 arguta
813 5083 1053 5136 scrutari
1087 5081 1345 5148 indagine
1371 5096 1571 5135 verum.

336 5157 461 5209 Illos
494 5155 747 5207 Dulichio
775 5153 938 5206 verba
968 5153 1142 5219 lepore
1167 5155 1359 5205 tenent.

259 5229 371 5281 Ast
402 5227 527 5278 aliis
557 5229 776 5290 gratum
805 5228 880 5278 est
904 5225 1086 5277 uarios
1115 5237 1329 5276 versare
1357 5222 1574 5275 libellos.

336 5299 475 5353 Sunt
507 5311 638 5363 quos
678 5296 885 5362 scripta
923 5293 1116 5362 quibus
1153 5309 1258 5346 non
1286 5295 1397 5346 nisi
1437 5296 1626 5346 sancta
1657 5291 1889 5359 placent.

261 5369 523 5435 Quisquis
553 5381 604 5419 es
631 5381 698 5419 ea:
729 5367 877 5419 istis:
904 5367 1096 5433 paucis
1124 5365 1357 5418 nummis
1369 5379 1477 5417 eme
1491 5364 1684 5417 multos

334 5438 559 5492 Aurelii
587 5437 750 5490 libros
776 5452 790 5489 :
835 5437 1076 5502 hancque
1104 5436 1274 5488 levato
1302 5436 1470 5488 sitim.

262 5511 526 5564 Nereosos
552 5523 731 5561 cernes
751 5509 1024 5560 rationum
1041 5506 1251 5559 viribus
1275 5521 1287 5558 :
1313 5509 1474 5572 atque

338 5581 611 5636 Ornatas:
644 5581 824 5633 varios
851 5593 864 5631 :
896 5576 962 5631 de
991 5576 1189 5631 deitate
1225 5576 1408 5631 simul.

1991 4427 2155 4482 rellus
2184 4425 2245 4479 in
2275 4426 2392 4481 Cat.
2426 4423 2565 4478 Bibl.
2595 4422 2781 4477 Pinell.
2815 4421 2922 4474 hoc
2943 4419 3176 4473 nomine
3193 4435 3259 4473 ea
3286 4419 3478 4474 refert.

2071 4596 2306 4651 Venetiis
2329 4609 2429 4663 per
2467 4591 2795 4660 Dionysium
2833 4589 3162 4656 Berloldum,
3190 4587 3371 4642 in-fol.
3402 4589 3539 4642 Aur.
3573 4591 3694 4642 Au-

1996 4683 2210 4756 gustini
2239 4682 2496 4752 epuscula
2524 4682 2766 4748 plurima
2791 4696 2804 4732 :
2838 4679 3084 4749 quaedam
3114 4693 3219 4732 non
3253 4678 3376 4746 plus
3410 4678 3693 4745 impressa.

2000 4775 2128 4829 Haec
2159 4771 2219 4824 in
2249 4769 2496 4840 speciem
2523 4767 2675 4822 tituli
2708 4768 2769 4821 in
2798 4768 2985 4838 prima
3014 4765 3186 4837 primi
3207 4765 3330 4832 folii
3348 4764 3578 4836 pagina.
3612 4766 3698 4817 In-

1998 4861 2216 4932 cipiunt
2245 4875 2279 4912 a
2307 4856 2774 4920 Meditationibus,
2827 4870 3070 4926 quarum
3119 4853 3316 4907 titulus
3362 4851 3540 4905 minio
3587 4851 3695 4904 im-

1998 4964 2261 5022 pressus;
2296 4947 2565 5000 ultimum
2593 4951 2679 4999 est
2713 4946 2838 5000 Vita
2871 4944 2995 5012 eius
3027 4957 3130 5013 per
3158 4940 3529 4996 Possidonium
3563 4955 3698 4991 con-

1998 5037 2227 5107 scripta,
2259 5036 2332 5090 ad
2360 5035 2520 5104 cujus
2549 5034 2759 5087 calcem
2788 5048 2802 5085 :
2839 5031 3092 5100 Ejusdem
3117 5030 3360 5084 videlicet
3391 5029 3536 5085 Aur,
3565 5029 3694 5079 Au-

2000 5128 2208 5196 gustini
2260 5123 2622 5194 Hipponensis
2657 5122 2893 5189 episcopi
2944 5136 3006 5174 ac
3028 5118 3258 5173 doctoris
3289 5115 3537 5170 Ecclesiae
3563 5130 3694 5168 san-

2002 5215 2231 5270 ctissimi
2267 5213 2497 5282 pariter,
2548 5223 2642 5263 nec
2677 5223 2784 5262 non
2821 5210 2930 5261 vite
2969 5207 3084 5274 ejus
3130 5220 3163 5256 a
3214 5202 3520 5257 Possidonio
3565 5218 3696 5257 con-

2001 5304 2237 5372 scripte:
2286 5302 2540 5369 impensis
2580 5303 2630 5352 et
2676 5313 2839 5368 opera
2891 5295 3137 5361 Dionysii
3174 5291 3415 5346 Bertoldi
3444 5291 3509 5345 de
3535 5293 3695 5345 Bolo—

2002 5394 2098 5446 nia
2122 5390 2335 5444 Venetie
2353 5388 2760 5443 accuratissime
2785 5387 3164 5453 impressorum
3188 5381 3315 5449 ﬁnis
3343 5395 3482 5434 anno
3525 5396 3560 5432 a
3587 5395 3694 5433 na-

2005 5478 2217 5532 tivitate
2275 5476 2563 5530 salvatoris
2618 5471 2817 5527 nostris
2867 5469 2993 5539 (sic)
3061 5469 3134 5523 M.
3182 5468 3375 5525 CCCC.
3428 5466 3558 5522 XCI.
3609 5465 3698 5519 dei

2004 5568 2192 5622 XXVI.
2246 5565 2456 5620 Martii.
2505 5562 2602 5616 His
2637 5559 2885 5630 denique
2937 5557 3292 5630 epigramma
3347 5559 3433 5611 est
3476 5551 3698 5621 subjec-
