4044 6190
344 330 404 381 51
858 346 861 353 ·
1348 322 1907 379 SUPPLEMENTUM
1949 323 2038 379 Al)
2076 321 2309 378 OPERA
2345 321 2401 375 S.
2442 316 2835 374 AUGUSTINI.
3777 310 3857 362 5‘2

341 454 483 504 tum.
513 449 719 503 Textus
757 450 995 518 occupat
1021 445 1157 501 folia
1205 462 1484 502 cccxxxrx.
1516 447 1807 503 Accedunt
1841 450 2032 502 autem
2069 449 2116 503 A

344 538 415 592 ab
446 537 611 591 initio
660 536 964 592 voluminis
1004 539 1213 605 praeter
1249 535 1479 589 titulum
1518 540 1645 590 octo
1686 536 1820 591 folia
1864 536 2035 590 tabu-

341 628 458 681 lam
482 624 853 680 materiarum
880 623 1223 678 exhibentia.
1256 624 1525 694 Superest
1563 624 1624 678 in
1671 624 1784 679 fine
1830 623 2034 679 folium
2134 664 2146 671 .

342 730 473 768 cum
529 715 853 767 chartarum
896 710 1138 781 registro
1195 712 1514 779 symbolum
1563 709 1908 783 typographi
1931 710 2034 763 sis-

345 808 487 856 tens.
543 802 764 855 Littera:
810 804 941 854 sunt
973 798 1246 855 Gothicae.
1300 800 1609 870 Descriptio
1649 800 1792 854 facta
1826 802 1909 853 est
1937 812 2039 868 per

346 891 507 944 binas
561 889 876 950 columnas,
925 888 1204 958 expressis
1256 887 1530 943 foliorum
1586 887 1841 942 numeris
1871 902 1934 941 ac
1969 885 2039 940 si-

346 977 622 1049 gnaturis,
656 982 720 1031 ut
746 981 938 1031 tamen
982 977 1242 1031 custodes
1294 975 1707 1032 desiderentur.
1759 976 2040 1030 Debemus

345 1067 516 1136 hujus
572 1071 628 1118 et
681 1066 970 1136 sequentis
1012 1064 1281 1119 editionis
1341 1065 1604 1119 notitiam
1650 1066 1726 1121 Cl.
1778 1065 2036 1129 Braunio,

347 1157 513 1210 Notit.
546 1156 653 1209 Lit.
688 1155 750 1209 Τ.
774 1155 842 1221 ΙΙ,
869 1170 928 1223 p.
960 1156 1084 1208 229.
1129 1154 1355 1207 Utinam
1388 1169 1520 1208 vero
1559 1154 1680 1208 viro
1730 1152 2044 1223 diligentis-

346 1243 490 1296 simo
529 1247 797 1296 contenta
822 1242 1097 1312 ejusdem,
1130 1243 1216 1295 vel
1245 1258 1602 1310 enumerare,
1635 1243 1723 1298 vel
1761 1258 1892 1296 cum
1921 1240 2044 1295 aliis

348 1333 549 1386 saltem
578 1346 909 1402 comparare
940 1330 1263 1401 placuisset.
1752 1338 1769 1353 ‘

429 1555 658 1608 Venetiis
717 1568 822 1623 per
893 1554 1232 1621 Pelegrinum
1296 1554 1361 1607 de
1413 1555 1776 1623 Pasqualibus
1847 1554 2044 1608 In—fol.

348 1641 490 1697 min.
522 1643 766 1697 Plurima
790 1643 1048 1711 opuscula
1072 1644 1134 1697 S.
1159 1645 1482 1710 Augustini.
1530 1644 1659 1697 Haec
1698 1658 1803 1713 pro
1846 1642 2038 1697 titulo.

2320 463 2739 532 Inquisitibnum
2758 460 3014 515 Januarii
3041 461 3091 512 et
3141 457 3208 511 de
3246 454 3721 511 consuetudinibus
3753 468 3856 508 ec-

2530 540 2684 593 clesie
2720 541 2791 593 ΙΙ.

2356 621 2700 690 Questionum
2730 618 2991 672 Honorati
3019 615 3084 669 de
3104 614 3297 670 Gratia
3317 614 3385 668 Ν.
3428 614 3487 666 Τ.
3512 612 3648 665 liber
3673 624 3846 664 unus.

2358 701 2704 766 Questionam
2734 700 2972 766 quinque
3000 695 3221 763 Hylarii
3244 693 3453 748 libellus
3482 706 3644 745 unus.

2355 779 2699 846 Questionum
2727 795 2821 831 seu"
2866 781 3052 830 contra
3091 776 3339 842 Paganos
3378 771 3454 825 ad
3499 769 3851 839 Deogratias,

2499 858 2708 911 libellus
2728 871 2887 910 unus.

2356 941 2487 994 ltem
2505 940 2740 992 omnium
2766 938 2995 990 istorum
3018 933 3221 988 indices
3246 936 3298 986 et
3340 931 3756 987 retractationes
3787 928 3856 979 in

2428 1017 2671 1083 faciebus
2693 1018 2894 1085 posita.

2150 1134 2279 1189 Haac
2325 1133 2385 1186 in
2416 1132 2603 1186 fronte
2649 1131 2821 1197 tituli,
2884 1128 3093 1201 quibus
3131 1124 3372 1196 subjecti
3425 1127 3558 1179 sunt
3597 1123 3657 1176 in
3687 1136 3856 1175 com-

2149 1221 2571 1277 mendationem
2619 1220 2742 1290 ejus
2784 1216 3041 1272 versiculi
3092 1215 3312 1287 aliquot
3348 1213 3420 1267 ad
3470 1214 3534 1267 D.
3574 1209 3858 1280 Augusti-

2150 1327 2311 1366 num.
2362 1312 2427 1365 ln
2467 1310 2581 1364 line
2630 1312 2915 1379 (extrema:
2958 1304 3185 1377 paginae
3242 1303 3510 1357 columna
3562 1299 3796 1370 prima)
3840 1314 3857 1351 :

2150 1399 2309 1454 Finis
2340 1413 2435 1452 sea:
2456 1397 2793 1467 questionum
2812 1396 2928 1450 divi
2963 1395 3161 1448 aurelii
3201 1392 3483 1459 augustini
3527 1391 3616 1458 epi
3660 1391 3861 1442 contra

2151 1502 2394 1558 paganos
2422 1487 2497 1541 ad
2524 1487 2619 1540 deo
2637 1488 2886 1554 gratias:
2917 1488 2968 1538 et
2987 1498 3089 1553 per
3123 1489 3444 1551 consequens
3480 1478 3643 1532 totius
3684 1475 3863 1544 hujus

2154 1577 2348 1646 operis.
2374 1576 2487 1629 Deo
2506 1577 2735 1644 gratias.
2771 1573 3047 1627 Columna
3077 1571 3253 1625 altera
3282 1566 3489 1623 deinde
3519 1569 3649 1634 post
3687 1563 3861 1618 Badii

2152 1664 2574 1736 perorationem
2632 1667 2688 1717 et
2720 1661 3039 1732 subjectum
3079 1658 3265 1713 eidem
3309 1657 3638 1710 chartarum
3703 1649 3864 1722 regi-

347 1730 433 1784 Ad
463 1731 711 1785 calcem:
746 1732 1040 1784 Finiuntur
1094 1732 1353 1799 opuscula
1395 1732 1451 1786 S.
1499 1732 1801 1798 Augustini
1859 1732 2045 1800 hippo-

2320 1770 2335 1806 ι
2360 1769 2372 1806 :
2406 1754 2728 1822 Impressum
2757 1730 2838 1805 est
2860 1753 3037 1803 autem
3066 1749 3161 1802 hoc
3188 1760 3321 1817 opus
3361 1743 3653 1811 Lugduni:
3687 1755 3864 1810 opera

347 1818 529 1869 nensis
556 1831 697 1869 anno
735 1833 769 1869 a
814 1818 1103 1870 nativitate
1144 1817 1352 1871 domini
1396 1820 1474 1872 M.
1526 1819 1713 1875 CCCC.
1770 1819 2042 1874 LXXXIII.

349 1904 438 1958 die
482 1919 604 1957 vero
652 1907 716 1958 lO
743 1905 1044 1959 novembris
1092 1907 1356 1974 impressa
1394 1908 1620 1973 fuerunt
1676 1908 1908 1963 Venetiis
1948 1922 2046 1976 per

348 1992 688 2058 Pelegrinum
715 1991 780 2044 de
807 1993 1173 2060 Pasqualibus
1204 1991 1269 2046 de
1288 1995 1546 2047 Bononia.

418 2080 698 2133 Volumen
740 2084 823 2133 est
864 2079 1135 2134 foliorum
1183 2096 1348 2134 cxxxx
1392 2080 1737 2151 exscriptum
1765 2079 1916 2151 typis
1944 2081 2046 2136 Go-

347 2166 535 2233 thicis,
586 2166 867 2221 columnis
911 2167 1089 2224 binis.
1138 2169 1339 2222 Insunt
1363 2168 1591 2222 numeri
1621 2185 1684 2222 ac
1713 2168 2042 2239 signaturaa,

349 2272 454 2311 nec
505 2260 699 2310 tamen
770 2255 1050 2310 custodes.
1106 2255 1342 2310 Initium
1397 2256 1611 2311 faciunt
1660 2256 1793 2311 libri
1854 2262 2050 2311 contra

348 2343 734 2407 Academicos,
781 2359 911 2398 cum
963 2345 1070 2398 hac
1120 2344 1433 2415 epigraphe
1483 2344 1664 2398 minio
1720 2343 2044 2415 impressa:

348 2433 476 2486 Divi
504 2432 642 2485 Aur.
685 2431 987 2499 Augustini
1010 2433 1371 2500 Hipponensis
1400 2434 1638 2500 episcopi
1675 2436 1862 2485 contra
1891 2435 2049 2485 Aca—

352 2519 619 2585 demicos;
682 2519 769 2572 vel
817 2519 882 2572 de
934 2519 1299 2585 Academicis,
1360 2534 1515 2588 quem
1560 2518 1737 2572 adhuc
1787 2519 2046 2574 Calechu-

347 2623 530 2663 menus
577 2607 769 2662 edidit.
832 2607 1207 2661 Prmmittitur
1258 2607 1497 2678 epistola
1551 2608 1793 2662 Severini
1841 2605 2045 2667 Chalci,

350 2695 766 2751 Canonicorum
800 2696 1152 2766 regularium
1181 2696 1236 2749 S.
1272 2695 1462 2750 Crucis
1512 2694 1893 2749 Montanensis
1940 2695 2049 2748 Ca-

349 2784 540 2838 noniai
588 2784 882 2855 Praepositi
929 2784 1001 2838 ad
1050 2785 1339 2850 lectorem,
1380 2783 1472 2837 cui
1508 2798 1750 2854 operum
1793 2782 1964 2836 iudex
1994 2787 2051 2836 et

351 2871 710 2943 epigramma
728 2870 961 2942 aliquod
979 2870 1233 2925 subnexa
1260 2875 1410 2923 sunt.

1122 2987 1275 3039 1495.

422 3091 644 3145 Basilea:
685 3106 785 3158 per
822 3092 1077 3144 Joannem
1108 3089 1174 3143 de
1217 3089 1536 3143 Amerbach.
1578 3091 1775 3157 In-fol.
1824 3092 1897 3146 VI
1941 3092 2047 3145 υυι.

355 3176 411 3231 S.
471 3175 777 3246 Augustini
829 3178 1031 3246 Opera.
1082 3178 1267 3231 Maett.
1320 3179 1382 3231 T.
1429 3178 1473 3242 Ι,
1513 3183 1658 3247 part.
1710 3194 1766 3243 ιι,
1819 3194 1874 3248 p.
1926 3181 2050 3245 588,

354 3281 420 3319 ex
454 3265 567 3319 ﬁde
615 3265 681 3319 de
724 3267 780 3320 la
827 3266 1027 3333 Caille,
1067 3282 1123 3335 p.
1175 3268 1264 3320 82.
1314 3264 1421 3320 Sed
1471 3265 1681 3320 frustra
1724 3282 1852 3320 eam
1900 3267 2053 3337 apud

356 3353 497 3407 alios
528 3353 802 3407 litteratos
832 3353 1003 3421 viros,
1035 3360 1090 3406 et
1120 3353 1180 3407 in
1206 3353 1553 3423 Optimarum
1582 3354 2054 3409 bibliothecarum

355 3440 626 3512 catalogis
665 3439 1132 3511 conquisivimus.
1182 3442 1391 3495 Vereor
1434 3457 1595 3512 ergo,
1638 3458 1711 3497 ne
1757 3459 1862 3514 per
1899 3459 2054 3498 erro-

356 3545 499 3595 rem,
547 3529 738 3583 nescio
782 3545 976 3600 quem,
1016 3530 1144 3583 talis
1182 3528 1385 3584 notitia
1428 3528 1715 3597 inciderit,
1764 3530 1920 3602 quod
1966 3532 2054 3586 vel

355 3633 421 3673 ex
460 3634 527 3672 eo
566 3618 631 3672 fit
673 3617 1001 3685 verisimile,
1052 3619 1205 3689 quod
1232 3620 1479 3673 formam
1511 3619 1835 3673 chartarum
1864 3619 2053 3690 dupli-

353 3721 498 3772 cem,
552 3708 679 3774 folii
728 3706 941 3761 scilicet
987 3712 1044 3761 et
1085 3710 1294 3777 quarti,
1335 3706 1606 3777 prodidit.
1648 3707 1903 3763 Meminit
1932 3709 2054 3778 ejus

352 3794 586 3865 quidem
629 3795 802 3848 etiam
857 3797 1139 3863 Vignerius
1180 3796 1243 3849 in
1284 3798 1449 3863 Praef.
1493 3796 1565 3851 ad
1592 3797 1872 3866 Supplem.
1906 3796 2052 3866 Ope-

354 3902 485 3941 rum
534 3886 858 3955 Augustini.
918 3887 1027 3942 Sed
1091 3903 1205 3941 non
1256 3886 1456 3959 majori
1509 3888 1641 3942 ﬁde.
1699 3889 1880 3942 Immo
1905 3904 2052 3958 pene

353 3979 539 4030 certus
586 3991 734 4042 sum,
798 3974 981 4029 varias
1031 3976 1392 4046 singulorum
1440 3975 1745 4046 Augustini
1805 3975 2052 4047 scripto-

351 4081 503 4134 rum,
554 4064 731 4119 veluti
775 4067 1205 4120 Enarrationum
1252 4067 1311 4119 in
1357 4066 1617 4128 Psalmos,
1677 4065 2051 4133 Epistolan

349 4157 406 4207 et
448 4154 759 4208 Sermonum
806 4152 1080 4206 editiones
1138 4168 1240 4223 per
1290 4168 1472 4206 annos
1516 4154 1669 4217 1493,
1709 4153 1798 4217 94,
1834 4156 1920 4217 95,
1956 4155 2048 4221 97,

350 4239 662 4294 identidem
720 4241 791 4294 ab
852 4240 1224 4295 Amerbachio
1281 4256 1533 4306 excusas,
1591 4241 1745 4295 hunc
1796 4256 2049 4295 errorem

352 4327 660 4396 peperisse.

1132 4417 1289 4468 1497.

411 4515 668 4591 Lugduni
701 4532 803 4586 per
842 4520 923 4572 Jo.
979 4519 1240 4573 Trechsel.
1282 4518 1464 4574 in-fol.
1509 4519 1657 4589 Opus
1714 4520 2051 4588 questionum

352 4595 468 4649 divi
496 4595 816 4664 Augustini,
849 4599 907 4651 in
935 4614 1039 4667 quo
1077 4598 1167 4652 hec
1198 4600 1378 4652 omnia
1406 4600 1765 4653 continentur.

493 4678 856 4745 Heptateucon
917 4693 1049 4747 Opus
1104 4680 1392 4733 variarum
1468 4682 1806 4748 questionum
1887 4694 2052 4747 super

643 4761 844 4825 septem
903 4758 1068 4812 libros
1124 4758 1285 4812 biblie
1311 4777 1324 4814 :

632 4835 772 4902 dem,
803 4839 1001 4905 septem
1034 4835 1216 4891 libros.

490 4916 836 4986 Questionum
880 4916 1008 4969 novi
1060 4920 1111 4969 et
1172 4916 1365 4970 veteris
1426 4916 1754 4970 Testamenti
1803 4914 1897 4969 lib.
1951 4916 2044 4970 III.

472 4998 566 5050 .De
589 5008 845 5050 consensu
870 4996 1351 5062 Evangelistarum
1382 4994 1513 5051 libri
1533 4996 1618 5050 IV
1640 5035 1654 5049 .

491 5075 842 5139 Questionum
868 5075 1286 5141 Evangeliorum
1316 5074 1445 5128 libri
1472 5075 1570 5128 III.

491 5152 837 5218 Questionum
865 5156 1137 5220 octoginta
1160 5154 1325 5206 trium
1346 5153 1480 5207 liber
1503 5154 1547 5207 Ι.

494 5231 838 5298 Questionum
909 5234 1061 5289 LXV
1132 5231 1346 5287 Orosii:
1423 5230 1661 5299 ejusdem
1759 5231 2042 5299 dgalogus,

1399 4758 1847 4828 comprehendam
1916 4760 2049 4813 toti—

633 5312 729 5376 qui
757 5315 834 5364 est
864 5312 1000 5366 liber
1021 5324 1177 5365 unus.

494 5387 840 5452 Questionum
863 5395 975 5444 octo
996 5389 1243 5444 Dulcidii
1264 5387 1474 5442 libellus
1494 5402 1652 5442 unus.

490 5467 835 5535 Qucstionum
884 5470 1170 5524 Laurentii
1207 5469 1273 5523 de
1312 5468 1437 5538 ﬁde,
1492 5482 1585 5538 spe
1630 5472 1682 5521 et
1736 5468 2038 5523 charitate:

625 5545 982 5601 enchiridion.

2153 1847 2203 1897 et
2237 1843 2494 1911 impensis
2539 1841 2624 1894 Μ.
2671 1840 2897 1895 Joannis
2943 1836 3186 1891 Trechsel
3215 1834 3506 1889 Alemanni
3528 1847 3548 1884 :
3585 1844 3729 1883 anno
3755 1842 3863 1883 sa-

2150 1932 2279 1986 lutis
2334 1934 2509 1984 nostre
2566 1929 2847 1983 Millesimo
2921 1925 3456 1994 quadringentesimo
3504 1919 3859 1985 nonagesimo

2150 2021 2392 2089 septimo.
2468 2018 2584 2073 VII.
2652 2014 2882 2070 Kalend.
2940 2015 3152 2068 Maias.
3205 2009 3422 2075 Quibus
3474 2007 3537 2061 in
3596 2010 3863 2059 extrema

2151 2106 2366 2177 pagina
2411 2103 2709 2175 subjicitur
2764 2102 3086 2173 symbolum
3150 2096 3514 2170 typographi.
3575 2093 3862 2149 Praefatus

2154 2200 2241 2249 est
2284 2195 2511 2249 Jodocus
2556 2193 2756 2250 Cadius
2790 2192 2858 2246 ad
2889 2191 3219 2262 Magistrum
3250 2190 3483 2243 Petrum
3512 2184 3860 2250 Gerardum,

2156 2299 2327 2338 sacra:
2386 2282 2559 2337 theol.
2617 2281 2854 2353 profess.
2915 2284 2971 2334 et
3020 2279 3253 2333 fratrem
3322 2274 3699 2331 Eremitarum
3743 2276 3862 2328 Au-

2155 2370 2372 2442 gustini
2446 2369 2841 2425 Parchiensem
2904 2369 3028 2439 (sic)
3096 2366 3369 2438 priorem,
3429 2364 3504 2435 (d.
3568 2360 3859 2433 Lugduni.

2156 2461 2255 2514 VII
2304 2460 2417 2513 kal.
2470 2459 2576 2514 Mai
2625 2458 2801 2526 1497.)
2848 2459 2925 2511 Ex
2972 2473 3039 2510 eo
3088 2455 3322 2526 quidem
3364 2452 3656 2517 discimus,
3709 2464 3866 2518 opus

2155 2548 2264 2601 hoc
2308 2548 2607 2602 collectum
2630 2563 2751 2602 esse
2806 2550 2977 2616 atque
3021 2543 3359 2613 castigatum
3415 2541 3486 2595 ab
3545 2537 3866 2605 Augustino

2157 2637 2225 2692 de
2280 2636 2604 2706 Ratispona,
2659 2637 2716 2691 S.
2787 2635 2964 2689 Theol.
3024 2633 3399 2694 Baccalaureo,
3458 2628 3528 2683 de
3558 2622 3864 2680 scholasti-

2157 2740 2355 2780 corum
2399 2725 2618 2795 aliquot
2659 2724 2961 2778 doctorum
3008 2720 3254 2791 scriptis,
3306 2719 3430 2790 jam
3482 2719 3612 2769 ante
3662 2711 3865 2777 editis,

2156 2814 2302 2867 bene
2332 2812 2553 2867 merito.
2586 2813 2779 2882 Neque
2808 2826 2940 2865 vero
2971 2809 3148 2879 ipsius
3178 2807 3352 2861 etiam
3388 2804 3553 2860 Badii
3600 2800 3869 2856 studium

2159 2899 2321 2971 operi
2344 2899 2544 2966 defuit,
2584 2897 2867 2970 siquidem
2909 2902 2966 2950 et
3010 2894 3416 2966 conquirendis
3466 2907 3641 2963 quam
3676 2887 3867 2959 pluri-

2157 2990 2284 3056 bus,
2331 3005 2474 3061 quos
2521 2988 2617 3042 ille
2659 2984 2907 3040 nancisci
2949 3000 3068 3039 non
3107 2987 3389 3054 potuerat,
3436 2978 3770 3036 tractatibus
3801 2981 3868 3029 et

2162 3075 2508 3146 corrigendis
2549 3074 2755 3129 iisdem
2801 3089 2916 3127 non
2963 3071 3246 3126 modicam
3277 3070 3387 3125 sibi
3408 3067 3738 3140 hujusmodi
3767 3064 3867 3121 di-

2161 3164 2411 3236 ligentiae
2464 3162 2803 3235 particulam
2852 3160 3135 3215 vindicare
3197 3174 3363 3230 posse
3435 3158 3659 3211 fatetur.
3715 3158 3868 3213 Nam

2160 3257 2414 3324 primum,
2463 3251 2671 3322 inquit,
2726 3265 2863 3318 eum,
2923 3264 3079 3317 quem
3115 3250 3174 3302 in
3206 3252 3353 3315 tergo
3408 3246 3668 3315 conspicis
3697 3245 3871 3298 ordi-

2160 3358 2296 3407 nem,
2382 3341 2719 3395 observatum
2788 3339 3081 3392 voluimus:
3144 3340 3206 3389 ut
3256 3336 3430 3404 primo
3502 3334 3609 3387 loco
3655 3336 3867 3388 veteris

2162 3430 2453 3484 dumtawat
2498 3431 2821 3483 Testamenti
2856 3429 3184 3495 questiones;
3230 3423 3458 3478 secundo
3506 3424 3633 3476 novi
3676 3426 3729 3474 et
3767 3437 3872 3474 ve-

2163 3521 2290 3574 teris
2308 3538 2328 3585 ;
2362 3521 2517 3573 tertio
2546 3518 2972 3586 evangeliorum,
3005 3530 3122 3584 quae
3162 3514 3288 3568 novi
3315 3511 3605 3566 dumtawat
3622 3515 3749 3562 sunt
3768 3526 3787 3563 :
3812 3514 3873 3564 et

2160 3609 2352 3662 ultimo
2394 3608 2596 3676 relique
2630 3610 2979 3675 ponerentur.
3031 3603 3272 3659 Ceterum
3317 3602 3368 3654 si
3398 3601 3546 3666 forte
3580 3599 3872 3667 quispiam

2158 3694 2581 3764 reprehenderit,
2649 3692 2793 3761 quod
2849 3692 2914 3747 de
2978 3704 3233 3745 consensu
3294 3687 3750 3754 evangelistarum
3816 3693 3874 3741 et

2158 3777 2497 3837 enchiridion
2522 3785 2664 3836 inter
2693 3783 2991 3851 questiones
3016 3780 3377 3833 inseruimus:
3417 3791 3521 3830 non
3560 3779 3698 3828 recte
3733 3777 3873 3828 ani-

2083 3876 2086 3879 λ
2159 3871 2529 3936 madverterit,
2560 3874 2821 3938 quantum
2864 3883 2927 3922 ea
2969 3881 3132 3935 opera
3178 3881 3296 3920 cum
3323 3862 3685 3933 questionibus
3724 3876 3873 3916 con-

2157 3960 2396 4013 veniant.
2442 3958 2655 4012 Deinde
2699 3957 3105 4012 retractationes
3154 3955 3330 4022 ipsius
3377 3951 3692 4018 Augustini,
3734 3949 3870 4004 ubi-

2159 4062 2384 4117 cumque
2422 4049 2629 4114 fecerit,
2676 4048 2827 4115 Operi
2862 4045 3296 4115 praeposuimus:
3344 4044 3393 4094 et
3414 4041 3472 4093 in
3518 4038 3872 4105 marginibus

2158 4136 2410 4203 locorum,
2458 4150 2589 4204 quos
2632 4136 2908 4201 tractavit,
2987 4134 3137 4201 ipsas
3209 4130 3668 4196 consignavimus.
3728 4127 3875 4182 Τυηι

2156 4239 2371 4291 grecum
2419 4226 2534 4278 suis
2567 4222 2968 4277 characteribus
3006 4221 3421 4289 conscripsimus
3454 4221 3505 4271 et
3530 4218 3588 4269 in
3615 4216 3877 4283 margine

2083 4320 2132 4375 D
2157 4314 2245 4376 iis,
2304 4314 2402 4380 qui
2446 4312 2635 4367 Grecos
2682 4313 2956 4378 ignorant,
3002 4310 3190 4364 latinis
3253 4308 3577 4376 repetimus:
3641 4303 3875 4381 adjecta

2159 4415 2563 4469 nonnumquam
2606 4400 3015 4467 signiﬁcatione.
3076 4400 3213 4450 Tum
3260 4396 3467 4466 quoties
3515 4396 3575 4446 in
3622 4393 3876 4448 diversis

2157 4488 2430 4543 codicibus
2465 4487 2748 4557 duplicem,
2797 4501 3029 4555 quarum
3066 4490 3263 4540 neutra
3308 4480 3657 4553 aspernanda
3702 4487 3871 4549 esset,

2158 4576 2430 4631 lectionem
2473 4576 2813 4645 offendimus,
2878 4578 3166 4642 utramque
3229 4573 3512 4643 posuimus
3530 4588 3548 4625 :
3620 4569 3717 4624 sed
3782 4571 3874 4625 al-

2159 4668 2327 4718 teram
2373 4665 2471 4719 sub
2519 4666 2781 4731 margine.
2839 4665 2971 4718 Tum
3018 4663 3182 4717 libros
3229 4663 3287 4716 in
3322 4664 3504 4728 fronte
3541 4659 3877 4714 chartarum

2156 4751 2534 4808 distinct-imus.
2594 4755 2728 4807 Tum
2785 4752 2991 4807 indices
3030 4753 3288 4817 omnium,
3339 4765 3458 4819 qua
3507 4751 3568 4802 in
3626 4748 3877 4813 singulis

2155 4840 2405 4909 operibus
2433 4842 2850 4908 continerentur,
2879 4842 3017 4910 ipsis
3041 4840 3464 4909 preposuimms,
3492 4840 3544 4891 et
3585 4834 3875 4889 interdum

2155 4930 2319 4983 etiam
2373 4933 2498 4983 ante
2536 4931 2660 4999 ipsa
2716 4931 2901 4998 capita
2950 4931 3310 4997 reposuimus.
3361 4927 3425 4980 In
3463 4925 3661 4994 primis
3682 4927 3877 4979 tamen

2155 5017 2546 5086 questionibus,
2594 5032 2731 5086 quas
2766 5020 2825 5071 in
2866 5017 3103 5083 fonnam
3146 5017 3486 5084 questionum
3531 5010 3876 5080 redegimus,

2159 5120 2266 5160 non
2293 5119 2425 5175 opus
2474 5107 2701 5175 repetito
2742 5107 2921 5160 visum
2962 5108 3068 5159 est:
3118 5118 3185 5158 ne
3201 5105 3345 5172 forte
3384 5102 3709 5172 prznotatio
3736 5101 3880 5168 ipsa

2152 5197 2471 5249 narratione
2510 5194 2688 5264 major
2732 5197 3047 5249 nasceretur
3065 5212 3083 5248 :
3134 5193 3249 5248 loca
3282 5196 3458 5246 tamen
3497 5188 3677 5256 biblie,
3719 5187 3881 5243 unde

2152 5287 2373 5352 excepta
2402 5288 2548 5348 sunt,
2597 5281 2913 5348 diligentius
2957 5297 3076 5337 cum
3114 5283 3255 5352 ipsis
3286 5277 3655 5348 questionibus
3685 5289 3876 5331 anno-

2153 5373 2407 5428 tavimus.
2444 5373 2556 5426 Nec
2585 5369 2902 5425 omittenda
2937 5370 3108 5442 plane
3141 5368 3306 5423 nobis
3344 5365 3589 5432 \idetur,
3634 5379 3765 5435 quas
3806 5364 3878 5420 in

2152 5463 2406 5513 extrema
2445 5460 2712 5513 columna
2764 5457 2975 5530 legitur
3019 5457 3274 5528 ejusdem
3324 5454 3484 5509 Badii
3536 5454 3605 5508 de
3666 5453 3875 5522 operis

2150 5548 2588 5619 complementa,
2623 5552 2680 5603 ct
2699 5551 2764 5602 ut
2804 5548 3001 5602 dicunt
3031 5544 3295 5616 registro,
3346 5542 3413 5596 ad
3461 5541 3872 5612 magistratum
