4044 6190
206 334 268 387 53
1224 330 1497 387 NOTITIA
1538 332 1951 388 LITTERARIA
1990 334 2059 387 IN
2101 333 2155 387 S.
2200 333 2660 390 AUGUSTINUM.
3619 344 3686 396 54

202 455 431 504 nostrum
483 450 723 505 Petrum
774 451 1023 515 Gerardi,
1059 452 1332 522 priorem,
1384 458 1514 520 etc.,
1576 455 1883 521 Peroratio,
1925 458 1965 510 A
2001 456 2192 510 tomis.
2227 460 2286 511 lt.
2318 460 2611 526 Augustini
2646 462 2828 529 prima
2881 476 3013 529 pars
3040 462 3318 530 librorum,
3352 479 3483 532 quos
3514 466 3689 520 edidit

198 556 312 611 quae
346 538 419 592 sic
466 544 674 593 sonat:
740 542 866 594 Haec
905 545 1031 595 sunt
1081 544 1527 609 magistratorum
1573 548 1877 597 nostrorum

194 630 689 698 optime:magister
747 636 897 697 petre
928 630 1195 687 Gerardi:
1246 647 1350 699 quo
1399 632 1464 685 de
1508 633 1875 700 questionibus

190 717 295 771 diri
320 720 491 785 patris
515 720 838 782 augustini:
860 720 1025 773 multo
1042 718 1258 787 quidem
1280 720 1457 773 labore
1474 726 1643 788 parta
1662 721 1877 775 tandem

186 812 266 859 tuo
295 808 493 859 nomini
509 804 697 858 dicata
744 809 1037 861 emittimus
1063 823 1074 860 :
1102 813 1380 876 precantes
1409 824 1586 862 omnes
1609 825 1670 862 ea
1696 811 1877 879 perle-

186 900 337 947 ctones
368 896 423 947 in
451 900 661 961 partem
679 897 955 964 accipiant
974 896 1163 949 bonam
1187 913 1199 949 :
1232 899 1556 965 veniamque
1568 898 1711 951 dmi:
1736 898 1879 951 sivel

180 986 445 1051 pauciores
477 986 806 1051 questiones,
832 1001 993 1052 quam
1018 988 1132 1053 ipse
1155 988 1529 1039 sanctissimus
1560 986 1744 1040 doctor
1775 1002 1876 1039 au-

180 1074 413 1137 gustinus
443 1074 715 1137 confecit:
758 1074 840 1125 vel
889 1074 985 1127 has
1012 1076 1187 1127 minus
1240 1077 1482 1140 cognitas
1512 1078 1871 1129 omiserimus.

182 1161 440 1214 Pauculus
466 1163 608 1213 enim
639 1161 818 1215 deesse
860 1178 1041 1215 remur
1070 1167 1233 1230 atque
1260 1178 1349 1215 eas
1388 1168 1619 1229 tantum,
1672 1180 1773 1232 que
1804 1164 1878 1216 ad

176 1251 577 1317 simpliciauum
642 1251 952 1304 mediolam.
1030 1254 1265 1319 episcop,
1349 1255 1646 1321 conscripte
1712 1258 1874 1307 sunt:

177 1353 305 1405 quas
333 1340 595 1392 hactenus
646 1341 887 1408 reperire
935 1356 1041 1393 non
1093 1342 1406 1408 potuimus:
1461 1370 1519 1382 —-
1583 1343 1754 1394 locum
1785 1346 1874 1395 ta-

178 1442 307 1488 men,
353 1443 463 1494 quo
500 1430 673 1481 inseri
706 1433 945 1497 possent,
990 1430 1310 1497 reliquimus
1366 1430 1529 1483 trium
1557 1432 1876 1497 quaternio-

177 1531 323 1568 num:
357 1517 495 1569 Mm.
537 1518 642 1572 Nn.
702 1518 800 1573 00.
848 1532 1003 1584 quem
1038 1519 1089 1570 si
1138 1521 1411 1570 vocantem
1441 1516 1873 1585 dereliquimus:

180 1606 302 1656 vitio
340 1604 594 1657 dandum
636 1605 819 1659 nullus
877 1607 986 1658 nisi
1036 1606 1365 1659 inhumanus
1413 1610 1462 1658 et
1517 1606 1877 1660 calumniator

175 1693 434 1746 censebit:
488 1709 607 1747 cum
666 1694 747 1747 vel
796 1695 1016 1761 singula
1075 1708 1239 1761 opera
1283 1694 1444 1761 plena
1481 1695 1618 1747 sint:
1655 1700 1705 1748 et
1725 1710 1877 1749 seor-

174 1797 278 1834 sum
300 1784 486 1835 emitti
522 1784 754 1851 possint.
790 1812 859 1822 -—
891 1784 1002 1847 Que
1040 1798 1163 1837 vero
1206 1787 1391 1835 errata
1420 1798 1694 1837 veremur:
1723 1784 1875 1852 ejus-

175 1870 309 1923 modi
357 1870 662 1937 credimus,
721 1886 823 1939 que
878 1873 993 1925 sine
1045 1872 1407 1938 recognitione
1470 1875 1567 1924 aut
1623 1871 1877 1925 admoni—

174 1961 301 2012 tione
336 1964 536 2013 nostra
580 1960 745 2025 facile
769 1962 952 2028 quivis
981 1960 1391 2029 deprehenderit
1415 1963 1466 2013 et
1494 1960 1874 2015 emendaverit.

171 2049 242 2101 Ne
294 2051 427 2117 quis
476 2054 661 2101 autem
712 2040 1026 2102 chartarum
1084 2048 1561 2102 convertendarum
1628 2051 1876 2116 ignoret:

171 2136 226 2189 ob
252 2137 310 2188 id
333 2137 523 2190 deesse
554 2136 859 2205 quidquam
886 2141 1035 2205 putet
1060 2153 1073 2189 :
1108 2138 1198 2190 hec
1226 2138 1389 2190 series
1416 2142 1522 2191 est:
1576 2152 1687 2201 a-s,
1720 2138 1873 2203 A-G,

171 2224 373 2287 Aa-Ll,
422 2226 524 2292 Pp.
590 2224 833 2289 Quorum
892 2225 941 2291 b,
994 2225 1045 2285 Ii,
1107 2241 1161 2292 q,
1206 2240 1255 2291 r,
1296 2226 1337 2279 G
1383 2231 1432 2278 et
1461 2226 1543 2287 ιι,
1577 2230 1722 2279 terne
1754 2230 1879 2279 sunt

168 2328 253 2380 pp.
278 2314 475 2380 quine:
526 2312 737 2381 relique
791 2317 969 2366 autem
1018 2318 1294 2382 quaterue,
1353 2318 1461 2366 etc.
1519 2313 1877 2383 Exscriptum

172 2406 243 2453 est
271 2417 420 2470 opus
453 2402 627 2455 hocce
662 2401 985 2455 charactere
1040 2400 1275 2456 Gothico
1327 2401 1548 2454 minuto
1595 2401 1745 2455 binis
1776 2418 1877 2456 co-

174 2490 402 2555 lumnis,
454 2490 627 2543 lineis
667 2490 811 2543 adeo
846 2490 1068 2559 scriptis
1100 2494 1161 2543 ut
1215 2492 1280 2543 55
1325 2488 1594 2559 paginam
1626 2488 1872 2559 capiant,

175 2578 468 2631 Enimvero
508 2593 793 2648 perquam
851 2577 1151 2632 commode
1192 2577 1538 2631 adornatum
1574 2580 1676 2629 est.
1716 2577 1876 2630 Tam-

176 2667 267 2719 etsi
326 2667 484 2719 enim
566 2666 837 2720 foliorum
909 2666 1324 2736 paginarumve
1382 2664 1629 2728 numeri,
1688 2669 1872 2718 custo-

182 2753 370 2823 daque
404 2754 621 2818 desint,
662 2754 839 2808 habet
895 2759 1085 2808 tamen
1143 2755 1467 2807 chartarum
1528 2753 1871 2822 signaturas,

190 2844 493 2897 continuam
529 2844 593 2896 in
654 2859 880 2896 summa
935 2843 1144 2914 pagina
1194 2841 1625 2911 inscriptionem
1675 2842 1871 2895 chara-

202 2936 319 2983 ctere
370 2932 693 3002 majusculo
769 2947 1123 3001 expressam;
1181 2930 1386 2984 littera:
1438 2929 1575 2982 item
1627 2928 1874 2983 initiales

1990 546 2441 601 Cathecumenus.
2504 577 2571 587 —-
2614 550 2747 603 Pars
2804 552 2871 604 II.
2922 552 3095 618 Libri,
3140 567 3270 619 quos
3324 556 3543 622 scripsit
3582 558 3686 609 Ba-

1982 636 2249 704 ptizatus.
2312 666 2377 673 —
2428 638 2563 690 Pars
2607 640 2703 691 IlI.
2765 640 2935 707 Libri,
2988 656 3119 707 quos
3165 642 3341 695 edidit
3382 644 3680 711 Presbyter.

1991 751 2058 762 —
2092 724 2224 775 Pars
2275 724 2545 779 IV-Vltl.
2614 726 2786 792 Libri,
2856 742 2986 794 quos
3038 728 3210 781 edidit
3259 730 3583 799 Episcopus.
3620 762 3684 771 —

1988 813 2123 865 Pars
2156 813 2355 865 ΙΧ-ΧΙ.
2415 811 2590 877 Libri,
2654 829 2785 881 quos
2830 830 2934 869 non
2980 822 3210 871 recenset
3255 820 3313 872 in
3373 819 3530 874 libris
3584 822 3687 874 Re-

1990 903 2395 955 tractationum.

2061 994 2267 1049 Primae
2292 995 2461 1063 hujus
2493 1012 2733 1065 operum
2772 998 3075 1067 Augustini
3108 1000 3371 1053 editionis
3428 1004 3687 1072 exempla

1988 1084 2129 1137 adeo
2159 1099 2287 1136 rara
2314 1088 2464 1149 sunt,
2498 1089 2560 1136 ut
2594 1083 2722 1137 licet
2749 1101 2861 1138 non
2893 1102 3101 1153 paucos
3148 1090 3448 1143 evolverim
3500 1091 3685 1145 diver-

1989 1188 2178 1225 sarum
2212 1170 2689 1225 bibliothecarum
2722 1174 3029 1242 catalogos,
3079 1175 3140 1228 in
3190 1176 3410 1229 duobus
3463 1182 3685 1233 tantum

1989 1260 2262 1312 hactenus
2294 1259 2543 1327 reperire
2573 1259 2876 1329 contigerit
2916 1262 3012 1330 (b),
3048 1262 3146 1331 qui
3204 1263 3369 1316 ambo
3419 1266 3683 1319 eumdem

1989 1346 2241 1415 quidem,
2274 1363 2444 1416 quem
2477 1347 2535 1400 in
2584 1349 2890 1418 conspicuo
2939 1350 3232 1418 posuimus
3283 1367 3517 1417 annum,
3552 1370 3685 1423 pro-

1989 1436 2147 1500 dunt,
2186 1452 2472 1507 quemque
2503 1437 2826 1491 Maettarius
2858 1439 3008 1492 eruit
3034 1439 3124 1508 (e).
3188 1441 3360 1493 Datur
3410 1441 3685 1497 nimirum

1988 1524 2047 1577 in
2078 1522 2166 1576 his
2200 1524 2583 1593 discrepantia
2612 1526 2897 1595 quaedam,
2930 1527 3065 1581 dum
3094 1528 3213 1595 alii,
3244 1529 3400 1583 velut
3429 1532 3687 1584 auctores

1988 1613 2375 1674 Colonienses,
2409 1629 2623 1666 annum
2681 1616 2835 1681 1504,
2893 1613 2987 1667 alii
3030 1630 3244 1669 annum
3280 1618 3407 1670 1501
3444 1621 3500 1671 et
3551 1621 3684 1673 1503

1986 1702 2300 1771 przeferunt
2346 1701 2443 1770 (d),
2494 1702 2645 1777 unde
2706 1702 2945 1756 fortasse
2992 1702 3122 1772 jure
3182 1703 3372 1774 aliquo
3429 1705 3683 1776 colligas,

1988 1806 2104 1844 non
2134 1805 2249 1842 uno
2299 1804 2452 1841 anno
2507 1794 2684 1842 totam
2734 1790 2881 1843 hanc
2933 1790 3245 1845 editionem
3291 1808 3412 1846 esse
3466 1794 3685 1849 absolu-

1987 1882 2129 1943 tam,
2163 1876 2260 1930 sed
2321 1876 2608 1946 inceptam
2671 1893 2823 1930 anno
2884 1880 3038 1942 1503,
3098 1878 3167 1931 ad
3223 1878 3397 1932 finem
3454 1884 3684 1937 tandem

1987 1982 2038 2019 a.
2078 1968 2210 2019 1506
2233 1965 2589 2034 perductam,
2624 1982 2806 2036 eoque
2837 1982 3009 2029 anno,
3041 1965 3141 2037 qui
3196 1965 3477 2021 terminus
3532 1969 3681 2024 inte-

1986 2053 2076 2124 gri
2128 2054 2315 2123 operis
2344 2052 2565 2111 fuisset.
2600 2054 2855 2123 singulos
2885 2057 3066 2107 tomos
3114 2070 3233 2107 esse
3290 2055 3542 2124 signatos
3591 2060 3681 2127 (e).

1987 2141 2100 2195 Nec
2146 2145 2439 2195 tomorum
2495 2156 2804 2194 numerum
2856 2141 3123 2195 eumdem
3175 2158 3373 2195 omnes
3428 2145 3681 2212 tradunt,

1985 2228 2085 2281 sed
2137 2228 2234 2281 alii
2284 2244 2489 2294 novem,
2540 2228 2636 2282 alii
2691 2230 2939 2283 undecim
2998 2233 3255 2283 constare
3304 2247 3447 2301 opus
3499 2236 3683 2289 totum

1984 2316 2201 2379 volunt,
2243 2330 2358 2368 non
2418 2332 2553 2369 sane
2602 2316 2896 2386 scriptura:
2945 2317 3136 2387 aliquo
3192 2333 3403 2384 errore,
3465 2319 3560 2374 sed
3602 2322 3687 2375 di-

1986 2403 2151 2457 sertis
2176 2402 2363 2455 verbis
2391 2418 2697 2457 numerum
2729 2404 3109 2458 enuntiantes.
3147 2404 3292 2468 Quid
3315 2406 3343 2460 ?
3371 2407 3523 2477 quod
3564 2408 3684 2461 Tri-

1982 2489 2231 2544 themius
2261 2484 2566 2558 quindecim
2622 2491 3009 2545 voluminibus
3062 2492 3403 2563 impressum
3448 2510 3568 2549 esse
3597 2494 3681 2549 di-

1983 2583 2072 2633 cat
2100 2581 2192 2647 (f).

2056 2669 2216 2721 Nunc
2244 2670 2459 2734 tamen,
2490 2682 2562 2720 ne
2591 2666 2804 2720 diutius
2833 2667 2986 2721 hisce
3036 2668 3398 2739 experiundis
3449 2684 3678 2739 operam

1984 2754 2471 2824 impenderemus,
2507 2754 2691 2806 eﬂecit
2721 2754 2979 2807 Oudinus
3010 2755 3130 2824 qui,
3187 2756 3469 2809 declarata
3509 2756 3682 2809 totius

1981 2842 2315 2913 partitione,
2353 2841 2487 2895 satis
2516 2841 2801 2911 significat
2832 2842 3013 2912 ipsam
3046 2843 3354 2897 editionem
3386 2861 3419 2897 a
3448 2860 3505 2897 se
3535 2843 3681 2897 fuis—

1984 2947 2042 2984 se
2072 2930 2410 3000 inspectam.
2440 2932 2610 2983 Docet
2639 2934 2831 2983 autem
2885 2931 3131 2985 undecim
3188 2932 3464 3002 partibus,
3497 2948 3680 2986 novem

195 3021 359 3088 parvis
383 3022 623 3092 quidem
656 3020 920 3075 indicata:
952 3024 1102 3085 sunt,
1135 3019 1229 3073 sed
1277 3018 1525 3089 cujusvis
1577 3017 1777 3088 capitis
1805 3018 1871 3071 li-
1912 3037 1950 3090 ο
1981 3036 2115 3074 vero
2144 3019 2317 3074 tomis
2359 3035 2479 3074 esse
2537 3019 3030 3088 comprehensam,
3085 3024 3253 3090 atque
3308 3020 3387 3074 sic
3444 3020 3678 3074 distinc-

192 3124 277 3161 nea
309 3109 491 3178 prima
522 3109 919 3162 characterem
973 3109 1251 3177 majorem
1305 3105 1505 3159 sortita
1566 3110 1671 3170 est,
1729 3122 1870 3176 gau-

184 3196 365 3267 detque
396 3201 753 3267 argnmento
798 3211 1156 3265 numeroque
1189 3193 1505 3264 praemisso,
1539 3192 1637 3262 qui
1669 3207 1871 3245 nume-

182 3299 259 3337 nis
290 3285 490 3338 litteris
526 3283 807 3338 Romanis
833 3284 1002 3337 simul
1034 3284 1091 3336 in
1132 3282 1389 3352 margine
1444 3281 1717 3350 repetitus
1764 3283 1867 3334 est.

177 3373 433 3427 Pracedit
464 3388 646 3442 porro
680 3378 894 3442 septem
925 3372 1075 3426 foliis
1104 3370 1485 3442 quaestionum
1518 3370 1710 3423 tabula
1740 3383 1871 3422 cum

177 3462 442 3514 sententia
472 3460 658 3530 ipsius
688 3459 996 3529 Augustini
1024 3475 1195 3529 super
1223 3457 1645 3523 Quaastionibus
1699 3473 1765 3509 ex
1798 3456 1867 3508 li-

172 3549 272 3602 bris
303 3548 827 3611 Retractationum,
860 3548 920 3601 in
947 3565 1059 3618 qua
1087 3563 1269 3602 unum
1294 3548 1400 3600 hoc
1429 3544 1753 3599 observanti
1785 3544 1869 3597 di-

171 3654 333 3704 gnum
366 3644 574 3701 restat,
608 3637 763 3706 quod
793 3636 1071 3706 singulari
1127 3634 1498 3688 annotatione
1548 3634 1734 3688 editor
1784 3634 1867 3687 le-

170 3726 411 3780 ctionem
437 3728 849 3794 scripturarum
878 3730 1092 3778 sanctas
1118 3731 1315 3777 contra
1348 3724 1584 3776 alteram
1627 3725 1869 3791 scriptu—

169 3819 488 3868 rassanctas
535 3812 926 3883 complurium
956 3813 1213 3867 codicum
1240 3811 1574 3865 auctoritate
1641 3815 1871 3864 excusat

169 3916 221 3955 ac
271 3903 560 3957 defendit.
612 3901 871 3956 Meminit
925 3901 1096 3970 hujus
1154 3900 1245 3955 ed.
1307 3900 1387 3956 Cl.
1434 3902 1637 3953 Braun.
1699 3900 1762 3953 Τ.
1795 3899 1866 3965 ll,

169 4006 217 4059 p.
246 3994 373 4045 295.
412 3992 537 4045 Nec
568 3991 680 4044 alia
707 3990 945 4043 fortasse
977 3994 1061 4043 est
1111 3988 1181 4042 ab
1238 4003 1323 4053 ea,
1357 3986 1520 4056 cujus
1566 3986 1671 4040 sub
1703 3985 1868 4039 titulo

165 4081 332 4146 primi
392 4095 648 4149 operum
689 4077 992 4147 Augustini
1043 4076 1186 4130 tomi
1236 4074 1501 4129 meminit
1546 4078 1868 4131 Maettarius

167 4165 219 4217 Τ.
249 4166 292 4232 l,
320 4182 385 4235 p.
426 4168 561 4229 482,
596 4164 708 4219 ﬁde
762 4165 828 4218 de
859 4166 912 4218 la
942 4164 1109 4220 Caille
1136 4162 1429 4224 subnixus,
1491 4161 1643 4231 apud
1696 4177 1869 4231 quem

164 4267 259 4319 per
307 4268 581 4306 errorem
633 4268 681 4305 a.
744 4253 871 4305 1487
906 4267 1009 4320 pro
1070 4250 1201 4303 1497
1260 4248 1501 4317 scriptus
1557 4264 1679 4303 esse
1711 4248 1862 4303 vide-

162 4346 246 4395 tur
270 4342 343 4409 (α)
356 4385 368 4395 .

854 4424 1065 4462 διεδειο
1086 4424 1195 4460 XVI.

227 4597 463 4653 Basileae
505 4594 658 4665 apud
700 4506 1461 4649 Joannenibﬁmerbachium.
1523 4589 1587 4641 In
1645 4588 1744 4642 fol.
1804 4588 1869 4643 IX

228 4730 299 4793 (al
362 4728 532 4780 Nunc
562 4724 717 4779 idem
743 4724 863 4793 jam
921 4724 1339 4789 Hambergerum
1384 4720 1673 4775 monuisse
1702 4720 1867 4774 video

168 4805 310 4851 tomo
342 4798 447 4862 III,
481 4811 617 4866 pag.
642 4798 760 4849 104.

228 4870 303 4935 ‹ω
350 4861 588 4936 Νεαὶρό
619 4866 677 4919 in
728 4865 992 4933 Catalogo
1023 4864 1167 4918 Bibl.
1204 4862 1577 4936 Bodleiante,‘
1609 4861 1707 4931 qui
1737 4861 1872 4936 citat

161 4934 469 5008 Augustini
508 4931 711 5008 opera
744 4938 807 4991 l.\'
863 4931 1033 5008 tomis
1089 4950 1193 5006 per
1231 4931 1684 5008 _Amerbachium
1743 4934 1865 5008 Bas:

164 5002 313 5075 15035,
354 5016 411 5061 et
443 5001 573 5061 Cat'.
638 5007 777 5061 bibl.
829 5001 1382 5077 principfecclesiaa
1438 5008 1493 5057 et
1540 5001 1868 5077 monasterii

158 5081 287 5135 0rd.
350 5081 413 5133 S.

160 5158 303 5221 part.
338 5168 356 5205 ι
395 5152 579 5216 (1748,
635 5150 831 5214 in-So),
890 5148 971 5221 in_
1007 5163 1147 5221 quo‘
1179 5145 1402 5221 plenior
1452 5144 1657 5221 titulus
1711 5160 1768 5213 p.
1799 5145 1868 5197 40

158 5216 317 5293 seqq.
380 5223 817 5293 ascriptusest,
882 5219 976 5273 sed
1020 5216 1261 5293 :omissis
1316 5216 1573 5293 partibus
1602 5232 1655 5281 v,
1687 5231 1761 5280 vx,
1792 5230 1867 5267 vn

158 5302 208 5346 et
234 5286 295 5351 x'.
338 5286 604 5346 mancum
636 5291 779 5344 illud
812 5291 1139 5357 exemplum
1178 5303 1298 5342 esse
1336 5286 1619 5357 proditur.

227 5366 294 5421 lc")
334 5364 496 5416 Tom.
532 5364 602 5429 II,
638 5370 862 5433 partui,
896 5376 950 5428 p.
983 5362 1105 5412 216.
1335 5428 1344 5433 _
1514 5426 1543 5433 Α
1587 5424 1599 5433 _
1688 5422 1698 5433 .

228 5435 305 5497 ib)
333 5424 595 5487 Pertinet
640 5424 759 5486 huc
808 5424 981 5491 locus,
1047 5445 1219 5498 quem
1275 5428 1445 5481 etiam
1506 5424 1867 5498 Colonienses

162 5494 474 5569 adducunt,
506 5521 572 5557 ex
609 5500 865 5560 Sweertii
902 5494 1130 5555 Athenis
1184 5500 1329 5565 Belg.
1387 5515 1443 5567 p.
1502 5497 1623 5569 148,
1664 5494 1776 5569 _ubi_
1797 5495 1867 5548 de

168 5576 375 5630 Dodone
398 5566 632 5630 scribit:
670 5575 889 5629 Primus
943 5572 1203 5637 congessit
1237 5575 1287 5624 et
1316 5566 1603 5633 castigavit
1653 5566 1708 5621 S.
1742 5567 1866 5619 Au—

486 5078 774 5132 Benedicti
830 5073 900 5132 ad
958 5073 1032 5131 Sf
1092 5076 1483 5130 Emmerarum
1546 5073 1868 5127 Ratisbonaa

1980 3112 2119 3173 tam,
2150 3110 2215 3160 ut
2242 3110 2355 3159 octo
2384 3104 2605 3174 priores
2654 3122 2750 3158 eos
2802 3104 3105 3174 Augustini
3158 3104 3350 3171 libros,
3386 3121 3529 3175 quos
3560 3105 3680 3175 ipse

1982 3193 2043 3246 in
2099 3193 2215 3247 suis
2271 3195 2762 3250 Retractationibus
2808 3199 3084 3260 recenset,
3140 3195 3491 3261 contineant,
3542 3196 3681 3249 reli-

1982 3296 2111 3350 quie
2141 3285 2393 3345 cmteros,
2444 3298 2691 3352 quorum
2746 3284 2906 3337 nulla
2959 3283 3017 3336 in
3080 3284 3185 3337 hoc
3239 3299 3410 3353 opere
3462 3283 3680 3337 mentio

1980 3369 2251 3438 injicitur,
2286 3372 2754 3440 complectantur,
2789 3372 2937 3442 quod
2986 3372 3068 3425 ita
3105 3387 3163 3425 se
3220 3371 3429 3425 habere
3460 3387 3526 3425 ex
3576 3372 3678 3426 Ca-

1979 3459 2173 3527 talogo
2204 3458 2341 3513 bibl.
2377 3460 2728 3513 Emmeranus
2760 3460 3167 3527 intelleximus,
3199 3460 3299 3530 qui
3357 3464 3472 3514 tres
3528 3461 3679 3530 prio-

1980 3562 2070 3600 res
2120 3551 2311 3616 partes
2368 3564 2480 3601 uno
2528 3552 2685 3601 tomo
2744 3565 2843 3602 seu
2897 3549 3186 3602 volumine
3236 3550 3681 3618 comprehensas

1979 3635 2246 3689 ostendit.
2299 3634 2481 3689 Simul
2537 3641 2754 3699 monet,
2815 3636 3095 3706 plurimos
3134 3639 3433 3698 Sermones,
3497 3637 3677 3706 pluri-

1978 3740 2216 3794 masque
2247 3726 2541 3792 Epistolas,
2586 3741 2689 3778 nec
2720 3741 2836 3779 non
2866 3728 3253 3780 Enarrationes
3304 3727 3363 3778 in
3415 3724 3679 3789 Psalmos,

1980 3816 2178 3881 utpote
2209 3828 2338 3883 quae
2364 3812 2484 3882 jam
2507 3818 2674 3865 antea
2703 3830 2805 3882 per
2860 3830 3041 3866 annos
3099 3814 3257 3880 1489,
3310 3814 3466 3878 1494,
3522 3814 3674 3878 1495,

1982 3901 2114 3955 1497
2144 3900 2346 3954 excudi
2384 3905 2697 3964 curaverat,
2767 3901 3035 3955 undecim
3089 3901 3176 3955 his
3232 3901 3494 3971 partibus
3531 3900 3678 3969 adji-

1979 4004 2105 4042 cere
2135 3987 2405 4043 noluisse.
2467 3990 2610 4043 Usus
2658 3992 2849 4042 autem
2906 3989 3092 4043 fuerat
3146 3992 3229 4043 Jo.
3284 3986 3680 4043 Amerbachius

1978 4078 2040 4131 in
2070 4077 2322 4147 paranda
2366 4077 2471 4131 hac
2519 4076 2770 4130 editione
2812 4092 2986 4146 opera
3033 4076 3329 4144 cujusdam
3373 4077 3683 4142 Augustini

1978 4165 2236 4229 Dodonis,
2265 4165 2447 4229 Frisii,
2501 4163 2725 4218 Basilea:
2777 4163 2851 4216 ad
2906 4164 2962 4218 S.
3024 4161 3364 4215 Leonardum
3411 4163 3675 4226 canonici,

1979 4252 2100 4321 qui,
2134 4251 2233 4305 illo
2263 4254 2526 4319 sumptus
2554 4249 2865 4319 praebente,
2915 4247 3110 4312 Italiae,
3172 4247 3366 4303 Gallia:
3421 4252 3478 4301 et
3534 4248 3674 4302 Gcr~

1982 4340 2193 4395 manias
2224 4339 2593 4394 bibliothecas
2624 4342 3006 4408 perscrutatus
3034 4340 3173 4399 erat,
3213 4342 3270 4391 et
3299 4336 3440 4406 ipse,
3498 4335 3547 4389 si
3576 4352 3679 4405 per

1980 4429 2098 4483 fata
2134 4428 2403 4491 licuisset,
2467 4427 2735 4498 operibus
2805 4426 3062 4496 undique
3114 4425 3503 4496 comportatis,
3556 4441 3676 4479 ma-

1980 4532 2122 4571 num
2152 4517 2490 4571 admoturus
2514 4515 2731 4569 fuisset.

1980 4718 2189 4783 gustini
2245 4730 2409 4783 opera
2464 4717 2663 4779 omnia,
2706 4714 2908 4781 adjecit
2944 4719 2994 4767 et
3051 4718 3364 4781 argumento
3413 4715 3473 4766 in
3518 4727 3679 4781 opera

1979 4788 2199 4852 singula
2226 4802 2288 4839 ac
2318 4801 2590 4849 censuras,
2623 4786 2717 4839 sed
2760 4788 3107 4838 immaturam
3135 4785 3251 4851 ejus
3313 4799 3529 4851 operam
3555 4797 3677 4849 pes-

1980 4861 2051 4911 tis
2084 4857 2404 4925 absumpsit,
2456 4872 2511 4909 eo
2551 4859 2669 4924 ipso
2714 4871 2875 4919 anno,
2927 4871 3031 4923 quo
3082 4856 3232 4923 prelo
3288 4852 3677 4925 subjiciendum

1979 4943 2112 4994 opus
2160 4923 2292 4991 erat,
2356 4928 2511 4992 1501,
2560 4923 2867 4995 prodiitque
2904 4930 3027 4995 post
3069 4930 3289 4979 mortem
3342 4939 3409 4976 ea:
3455 4923 3678 4990 officina

1978 4998 2333 5051 Amerbachii
2366 5000 2521 5052 1503.

2048 5070 2124 5137 (e)
2158 5068 2449 5122 Consentit
2469 5067 2712 5122 Oudinus
2776 5067 2835 5119 in
2895 5068 3182 5122 Comment.
3238 5064 3297 5115 Τ.
3336 5062 3500 5137 ΫΙἏῙ).
3552 5060 3673 5127 934,

1978 5135 2124 5193 circa
2149 5155 2365 5192 annum
2404 5140 2537 5192 1500
2584 5138 2899 5211 inceptum,
2954 5152 3104 5190 anno
3140 5148 3288 5211 _vero
3328 5135 3462 5186 1506
3518 5148 3674 5186 com-

1974 5211 2194 5281 pletum
2227 5226 2348 5281 esse
2383 5225 2540 5281 opus
2569 5204 2779 5281 dicens.
2817 5210 2923 5262 Pro
2943 5204 3503 5281 poster‘iorinumero
3535 5219 3675 5281 ope-

1980 5273 2174 5334 rarum
2207 5280 2344 5332 vitio
2378 5273 2457 5333 ibi
2509 5279 2855 5348 exscriptum
2911 5273 2992 5348 est
3052 5277 3203 5327 1586.
3265 5273 3553 5348 Oudinum
3602 5274 3679 5348 fe-

1980 5368 2039 5405 re
2074 5357 2256 5405 totum
2314 5344 2731 5420 exscripserurit
2787 5346 3163 5420 Colonienses,
3228 5344 3339 5397 nisi
3372 5344 3549 5420 quod
3607 5344 3677 5397 de

1981 5439 2082 5476 suo
2112 5420 2475 5482 addiderunt,
2499 5417 2693 5473 omnia
2724 5437 2774 5472 a.
2809 5419 2962 5481 1504,
2991 5417 3155 5468 lucem
3186 5419 3481 5484 aspexisse.

2052 5494 2129 5561 (Γ)
2172 5494 2234 5544 In
2270 5491 2516 5560 Epistola
2547 5491 2615 5543 ad
2650 5490 2829 5561 Iacob.
2893 5486 3256 5561 Kymolanum
3311 5485 3673 5561 Carmelitam

1981 5557 2121 5618 data
2149 5557 2439 5633 Herbipoli
2470 5564 2531 5615 16
2562 5558 2802 5630 Augusti
2835 5561 2987 5625 1507,
3022 5557 3168 5629 apud
3200 5558 3383 5612 Maett.
3419 5558 3490 5611 II.
