4060 6194
323 313 390 362 Σὶὅ
1318 317 1866 374 SUI’I’LEMENTUM
1909 321 1998 374 AD
2038 318 2271 375 Ol‘ERA
2309 319 2364 371 S.
2406 314 2793 372 AUGUSTINI.
3756 312 3822 361 56

1085 443 1237 493 1515.

384 525 707 580 Parisiis...
744 527 947 592 In—fol.
988 529 1062 582 IX
1105 530 1280 582 tomis.
1336 528 1455 583 Divi
1507 529 1725 584 Aurelii
1785 532 2011 601 Augus-

312 615 424 670 tini
456 631 630 684 opera
648 615 818 683 jumta
846 614 1339 670 Amerbachianaﬁi
1368 618 1660 688 descripta.
1710 620 1875 673 Deest
1905 620 2012 673 hu-

303 705 406 774 jus
439 703 705 757 editionis
746 704 1025 757 memoria
1067 705 1130 758 in
1183 706 1496 760 Maettario.
1553 708 2014 762 Commemorant

314 807 442 844 eam
478 789 860 854 Colonienses,
895 796 1053 844 notat
1114 792 1414 863 Catalogus
1471 793 1610 848 bibl.
1674 796 2010 850 Bodleianaz.

315 881 380 933 In
401 878 701 932 Germania
729 877 820 930 vix
840 894 1020 931 unum
1048 879 1170 949 ejus
1197 882 1489 951 exemplar
1520 881 1763 937 inveniri
1793 889 2011 954 putem,

319 982 421 1019 nec
453 966 512 1018 in
545 965 723 1018 Gallia
754 966 1009 1036 quidem,
1068 969 1179 1022 nisi
1211 969 1271 1023 in
1317 970 1682 1026 bibliothecis
1727 973 2015 1026 obscurio-

313 1053 471 1107 ribus
520 1053 750 1109 lateant.
811 1056 971 1110 Certe
1035 1057 1152 1112 Cat.
1235 1058 1373 1113 bibl.
1452 1060 1587 1131 Heg.
1657 1061 1834 1114 Paris.
1889 1077 2017 1115 eam

317 1142 565 1212 ignorat.

1101 1236 1258 1290 1517.

386 1320 511 1374 Sine
543 1321 670 1374 loco.
701 1321 896 1386 In-fol.
931 1321 1101 1375 Index
1161 1323 1410 1393 Operam
1463 1325 1518 1378 S.
1581 1324 1886 1395 Augustini
1918 1342 2020 1395 per

315 1406 589 1460 eximium
655 1409 926 1462 Joannem
1005 1411 1352 1466 Theuschlein
1430 1414 1494 1466 de
1564 1415 2015 1482 Frickcnhausen,

320 1510 386 1548 ex
436 1494 827 1564 Rottenburga
869 1496 1172 1551 Tuberina.
1234 1499 1324 1553 Sic
1362 1505 1545 1554 exstat
1601 1501 1664 1554 in
1717 1503 1833 1556 Cat.
1875 1503 2018 1556 Bibl.

323 1585 676 1637 Emmeranaa
709 1601 767 1653 p.
817 1587 906 1638 4t.
939 1587 1230 1641 Pertinere
1263 1593 1452 1642 autem
1485 1594 1624 1659 puto
1685 1591 1757 1645 ad
1821 1590 2020 1645 editio-

320 1687 454 1724 nem
485 1671 1018 1726 Amerbachianam.

1105 1765 1256 1816 1520.

395 1848 627 1900 Parisiis
684 1848 834 1915 apud
882 1851 1137 1902 Joannem
1210 1853 1464 1907 Parvum.
1530 1853 1706 1907 In-40.
1767 1855 1832 1908 D.
1884 1857 2022 1908 Aur.

321 1931 625 2001 Augustini
678 1931 811 1987 libri
858 1939 971 1988 tres
1015 1940 1214 1990 contra
1263 1938 1648 2001 Academicos,
1712 1940 2027 2011 Soliloquia

322 2025 380 2073 et
419 2019 530 2072 alia
561 2021 834 2089 opuscula
858 2038 870 2074 :
905 2026 1152 2092 quatuor
1181 2025 1303 2078 haac
1323 2025 1446 2094 jam
1470 2027 1720 2095 primum
1747 2027 2027 2097 impressa

326 2109 395 2161 de
424 2107 763 2162 Visitatione
793 2110 1157 2164 inﬁrmorum
1184 2128 1197 2179 ;
1233 2113 1302 2167 de
1336 2113 1687 2168 Adulterinis
1720 2115 2022 2186 conjugiis,

328 2195 398 2249 de
424 2196 576 2250 bono
599 2196 901 2268 Conjugali
932 2203 986 2252 et
1016 2199 1166 2254 bono
1196 2200 1491 2271 Virginali.
1543 2203 1659 2258 Cat.
1704 2203 1847 2259 Bibl.
1896 2206 2023 2271 Reg.

324 2284 387 2338 T.
421 2285 464 2353 I,
489 2301 616 2355 pag.
639 2288 761 2340 376.

1039 2379 1343 2431 1528—29.

402 2463 622 2516 Basileae
675 2477 742 2515 ea:
799 2467 1022 2533 ofﬁcina
1079 2466 1434 2520 Frobeniana.
1493 2469 1695 2533 I-n-fol.
1758 2470 1806 2522 X
1852 2470 2026 2522 tomis.

332 2551 397 2603 D.
453 2551 668 2604 Aurelii
721 2554 1046 2623 Augustini,
1104 2554 1358 2624 episcopi
1401 2556 1802 2626 Hipponensis,
1847 2557 2031 2627 Opera

332 2638 529 2692 omnia
561 2655 628 2692 ex
660 2641 1060 2695 emendatione
1090 2643 1218 2696 Des.
1246 2647 1479 2698 Erasmi.

403 2726 728 2781 Pleniorem
759 2728 1013 2798 titulum,
1040 2732 1192 2784 unde
1240 2732 1624 2800 hauriremus,
1673 2749 1788 2786 non
1835 2734 2031 2788 datum

334 2812 460 2867 fuit.
504 2814 821 2884 Opinamur
847 2823 1061 2885 autem,
1091 2835 1208 2872 non
1239 2820 1438 2888 procul
1471 2837 1602 2874 eum
1653 2821 1922 2874 abludere
1965 2822 2034 2875 ab

330 2917 417 2963 eo,
452 2919 622 2972 quem
668 2904 840 2958 editio
885 2922 935 2958 a.
995 2908 1128 2960 1543
1179 2907 1429 2977 praefert.
1472 2909 1579 2963 Sed
1613 2924 1743 2962 cum
1784 2910 1906 2979 jam
1942 2926 2030 2962 ac-

2056 446 2096 498 A
2126 441 2215 496 sit.
2244 438 2470 494 Accedit
2499 437 2653 510 quod
2697 434 2928 507 primus-
2965 433 3105 487 item
3147 434 3410 487 Erasmus
3463 430 3824 502 depravatio-

2119 545 2260 582 num
2288 532 2473 582 textus
2492 524 2898 596 Augustiniani
2929 538 3149 587 causas,
3200 521 3469 591 variaque
3525 524 3823 590 corrupto-

2120 634 2247 672 rum
2283 632 2493 686 genera
2517 613 2890 684 indagaverit,
2919 626 3164 682 quorum
3197 608 3502 679 descriptio
3545 608 3825 678 quodam-

2122 706 2297 761 modo
2341 704 2606 758 eumdem
2672 717 2836 754 usum
2885 704 3156 770 praestare
3218 702 3423 768 potest,
3479 696 3577 767 qui
3623 696 3762 750 alias
3793 713 3829 749 a

2122 793 2381 847 codicum
2408 791 2611 845 notitia
2640 791 2782 844 bene
2812 789 3089 858 explicata
3111 786 3426 856 exspectari
3448 786 3612 838 solet.
3637 787 3827 854 Atque

2121 882 2243 935 haec
2297 879 2647 951 przefaminis
2715 879 2860 943 loco,
2919 893 2990 930 ne
3051 874 3355 928 inserenda
3410 872 3827 927 hac‘oratione

2123 971 2268 1024 bene
2294 971 2464 1039 longa
2494 967 2855 1037 negligenter
2886 970 2985 1018 aut
3015 980 3221 1034 parum
3275 960 3580 1016 verecundi
3614 961 3829 1031 aliqui—

2124 1060 2229 1113 bus
2257 1058 2602 1111 videremur.
2634 1057 2756 1110 Jam
2803 1055 2994 1124 ipsum
3025 1052 3178 1106 audi.
3216 1051 3304 1106 Sic
3336 1051 3490 1103 enim
3517 1051 3576 1104 in
3607 1049 3834 1120 episto—

2125 1150 2181 1203 la
2212 1148 2367 1216 (data
2398 1146 2662 1216 Friburgi
2700 1141 3024 1212 Brisgaviae,
3063 1140 3238 1206 {529),
3297 1156 3409 1209 qua
3457 1143 3644 1192 totum
3691 1154 3836 1208 opus

2126 1239 2356 1302 Alfonso
2405 1239 2660 1302 Fonsecaz,
2718 1233 2961 1303 principi
3016 1235 3064 1283 et
3110 1230 3516 1297 archiepiscopo
3583 1229 3838 1281 Toletano

2130 1329 2398 1393 totiusque
2428 1326 2706 1393 Hispania:
2758 1321 3010 1391 primati,
3061 1321 3372 1386 nuncupat,
3424 1317 3700 1386 cujusque
3745 1314 3837 1369 di-

2130 1413 2364 1467 midiam
2393 1418 2617 1482 partem
2666 1410 2727 1464 in
2776 1408 2974 1462 laudes
3032 1405 3334 1476 Augustini
3393 1404 3694 1475 impendit,
3754 1405 3842 1456 lo-

2130 1503 2327 1574 quitur
2351 1519 2363 1555 :

2203 1608 2229 1642 α
2262 1590 2383 1653 Quo
2415 1588 2682 1643 dilabor?
2714 1603 2832 1641 non
2863 1585 3016 1640 enim
3076 1583 3440 1638 institueram
3503 1581 3840 1636 encomium

2136 1677 2462 1748 Augustini,
2506 1675 2661 1746 quod
2695 1675 2740 1728 si
2793 1673 3188 1744 suscepissem,
3247 1673 3369 1726 haec
3431 1676 3607 1742 quota
3647 1669 3845 1740 portio

2138 1764 2377 1819 laudum
2405 1763 2557 1816 illius
2584 1766 2706 1815 erat
2733 1763 2761 1814 ?
2793 1761 2936 1814 Illud
2965 1764 3189 1813 tantum
3220 1759 3481 1812 volebam
3515 1757 3844 1820 ostendere,

2139 1869 2312 1924 quam
2343 1851 2654 1905 dolendum
2705 1849 2898 1916 fuerit,
2930 1853 3155 1903 tantum
3213 1847 3464 1901 ecclesiae
3501 1847 3844 1900 thesaurum

2137 1944 2255 1993 tam
2303 1954 2431 1991 sero
2479 1952 2582 2006 per
2639 1935 3028 2006 typographos
3077 1933 3354 2004 prodiisse
3401 1933 3458 1986 in
3519 1932 3848 2002 publicum,

2138 2041 2311 2096 quem
2342 2024 2586 2079 maxime
2615 2023 2897 2076 referebat
2927 2022 2988 2075 in
3017 2021 3276 2074 omnium
3309 2021 3518 2074 versari
3550 2019 3844 2074 manibus.

2140 2114 2471 2168 Deterrebat
2500 2111 2776 2165 nimirum
2833 2109 2958 2164 illos
3004 2110 3427 2180 impendiorum
3477 2108 3846 2180 magnitudo.

2138 2203 2364 2257 Primus
2389 2202 2497 2255 hoc
2558 2199 2854 2270 egregium
2897 2199 3114 2253 facinus
3145 2214 3316 2252 ausus
3370 2203 3470 2264 est,
3531 2198 3616 2251 vir
3643 2198 3851 2267 singu-

2138 2290 2243 2344 lari
2301 2290 2513 2360 pietate
2591 2290 2833 2343 JOANNES
2906 2292 3313 2352 AMERBACEIUS,
3368 2303 3429 2341 re
3487 2292 3571 2340 sat
3617 2287 3852 2354 beatus,

2137 2379 2237 2432 sed
2274 2378 2452 2432 animi
2498 2378 2726 2432 dotibus
2765 2378 2933 2447 longe
2963 2376 3201 2442 beatior,
3234 2392 3405 2446 quem
3449 2392 3549 2429 nec
3580 2379 3854 2444 sumptus

2137 2465 2404 2520 immensi
2434 2481 2539 2519 nec
2569 2466 2628 2518 in
2653 2463 3061 2534 conquirendis
3094 2463 3493 2534 undecumque
3551 2463 3850 2532 exempla-

2137 2555 2298 2609 ribus
2351 2552 2641 2618 instantia,
2715 2568 2818 2606 nec
2884 2552 2944 2606 in
3002 2551 3362 2605 conferendis
3414 2550 3672 2616 taedium,
3734 2566 3850 2604 nec

2139 2643 2328 2714 operis
2365 2641 2689 2706 difficultas,
2752 2656 2856 2694 nec.
2901 2640 3287 2694 distractionis
3342 2640 3486 2704 alea,
3543 2654 3649 2692 nec
3721 2639 3852 2691 ulla

2141 2748 2230 2785 res
2305 2731 2418 2784 alia
2474 2729 2770 2798 deterruit,
2840 2729 3148 2800 quominus
3203 2733 3387 2782 totum
3454 2727 3851 2799 Augustinum

2141 2820 2402 2874 redderet
2435 2818 2702 2872 omnibus
2745 2833 3134 2872 communem.
3172 2818 3295 2870 Non
3343 2819 3454 2870 huc
3484 2815 3742 2870 invitavit
3774 2815 3854 2868 vi-

2143 2925 2272 2962 rum
2303 2912 2552 2978 quaestus
2581 2921 2762 2972 amor,
2813 2905 2912 2958 sed
2957 2905 3174 2958 sincera
3229 2904 3428 2975 pietas,
3471 2920 3658 2975 .quam
3707 2919 3850 2957 om-

328 2993 664 3046 cesserimus
691 2995 763 3049 ad
805 3010 930 3049 eam
975 2995 1308 3065 editionem,
1359 3014 1486 3068 qua:
1535 3014 1651 3051 non
1681 2999 1852 3053 modo
1884 2999 2032 3053 inte-
2072 3021 2110 3075 ρ
2143 3013 2242 3050 nes
2271 2996 2425 3050 illius
2462 2994 2830 3064 praefationes
2881 2993 3119 3063 spirant,
3181 3009 3243 3046 ac
3271 2993 3571 3047 revocandi
3622 2992 3846 3063 priscos

330 3095 432 3148 gra
463 3096 524 3133 ac
555 3081 724 3150 plena
743 3082 929 3152 prima
968 3083 1078 3137 dici
1108 3089 1312 3153 potest,
1347 3086 1445 3138 sed
1498 3085 1860 3155 sequentium
1913 3103 2032 3140 om-

333 3167 517 3236 nium,
548 3183 666 3220 non
723 3175 954 3239 excepta
1013 3171 1337 3237 novissima,
1388 3172 1766 3227 fundamenta
1809 3175 1949 3244 jecit
1975 3180 2029 3228 et

332 3253 391 3306 in
422 3253 492 3308 iis
522 3256 945 3326 quodammodo
991 3259 1337 3326 dominatur,
1384 3277 1612 3315 necesse
1645 3263 1772 3327 erit,
1807 3267 1869 3316 ut
1897 3268 2028 3317 ante

334 3343 548 3409 omnia,
579 3361 706 3414 quae
735 3345 857 3414 ipse
890 3348 1150 3400 Erasmus
1183 3348 1251 3402 de
1299 3348 1545 3403 instituti
1577 3350 1667 3404 sui
1713 3351 1936 3406 ratione
1969 3352 2030 3406 in

334 3431 586 3485 medium
617 3434 822 3498 attulit,
859 3451 987 3488 cum
1038 3435 1343 3490 lectoribus
1397 3438 1902 3494 communicemus.
1965 3443 2030 3494 Et

333 3520 484 3574 enim
519 3522 880 3591 sequentium
907 3523 1223 3578 editionum
1283 3531 1571 3580 curatores
1624 3533 1724 3580 aut
1776 3528 2029 3582 contenti

331 3607 583 3676 fuerunt,
635 3611 1022 3664 Erasmianam
1065 3629 1299 3683 operam
1347 3615 1760 3670 accessionibus
1814 3617 2031 3687 aliquot

331 3697 738 3767 locupletatam
797 3700 954 3769 prelo
1005 3703 1378 3769 committere,
1440 3708 1536 3757 aut
1583 3704 1734 3758 ultra
1777 3705 2030 3776 vestigiis

332 3783 511 3853 ipsius
538 3785 868 3841 institerunt
899 3793 954 3841 et
973 3789 1186 3858 partim
1216 3789 1528 3856 codicibus,
1571 3791 1783 3860 partim
1815 3792 2030 3862 judicio

333 3888 434 3925 suo
483 3873 680 3927 conﬁsi
745 3877 1198 3932 emendatiorem
1265 3895 1328 3932 ac
1404 3879 1777 3934 sinceriorem
1830 3881 2030 3935 efferre

333 3961 771 4028 contenderunt,
799 3971 900 4019 aut
929 3967 1103 4020 etiam
1135 3967 1204 4021 ab
1235 3967 1334 4022 illo
1365 3968 1594 4038 longius
1650 3975 2026 4024 recesserunt.

331 4047 585 4112 Quorum
614 4052 872 4107 omnium
905 4055 1091 4109 studia
1150 4061 1319 4126 atque
1367 4056 1669 4110 conamina
1701 4073 1813 4111 non
1846 4057 2031 4112 dicam

331 4138 635 4207 zestimare,
672 4141 771 4195 sed
809 4158 882 4196 ne
927 4145 1252 4199 examinare
1287 4144 1521 4215 quidem
1550 4146 1766 4217 absque
1808 4163 2032 4201 accura-

331 4231 390 4279 ta
422 4228 765 4284 Erasmianae
788 4247 977 4300 operae
1007 4233 1332 4302 cognitione
1364 4233 1514 4287 licet.
1560 4233 1672 4286 Nec
1720 4249 1850 4288 vero
1901 4234 2032 4287 uni-

2139 3085 2266 3139 illos
2297 3083 2556 3138 Ecclesiae
2583 3084 2843 3137 doctores
2873 3082 3147 3148 studium,
3178 3099 3321 3153 quos
3350 3082 3578 3137 videbat
3625 3099 3687 3136 ac
3733 3083 3844 3136 do-

2139 3174 2291 3227 lebat
2317 3171 2738 3243 propemodum
2775 3171 3120 3240 antiquatos.
3171 3171 3416 3226 Proinde
3448 3187 3562 3224 non
3616 3170 3843 3236 dubito,

2139 3260 2280 3331 quin
2328 3260 2482 3314 illius
2511 3260 2778 3313 manibus
2806 3260 2952 3313 bene
2998 3263 3304 3330 precentur
3349 3275 3564 3323 omnes,
3607 3259 3706 3330 qui
3735 3275 3850 3329 per

2137 3348 2447 3419 Augustini
2499 3348 2674 3402 libros
2722 3348 2790 3402 ad
2846 3348 3124 3418 pietatem
3171 3347 3554 3418 profecerunt.
3590 3348 3746 3402 Idem
3780 3348 3845 3401 in

2137 3439 2430 3491 universas
2461 3436 2794 3507 Hieronymi
2821 3436 3254 3491 lucubrationes
3284 3437 3487 3507 majori
3518 3436 3689 3490 etiam
3719 3441 3844 3490 stu-

2139 3526 2232 3580 dio
2263 3525 2590 3579 molientem
2633 3525 2772 3578 deus
2831 3524 2900 3578 ad
2959 3541 3194 3594 superos
3232 3524 3503 3577 evocavit.
3562 3525 3691 3576 Eam
3746 3527 3844 3576 ta-

2138 3630 2272 3668 men
2325 3613 2677 3684 provinciam
2733 3613 2918 3667 tribus
2971 3613 3127 3679 ﬁliis,
3177 3612 3453 3674 Brunoni,
3515 3611 3739 3676 Basilio,
3786 3616 3850 3665 et.

2140 3702 2446 3769 Bonifacio,
2480 3718 2621 3772 quos
2654 3701 2715 3756 in
2744 3701 2848 3756 hoc
2889 3707 3118 3756 curarat
3145 3701 3321 3756 trium
3353 3701 3559 3770 peritia
3612 3701 3843 3770 lingua-

2138 3808 2268 3846 rum
2291 3791 2689 3858 instituendos,
2735 3790 2985 3845 moriens
3012 3791 3313 3861 delegavit,
3363 3806 3466 3861 per
3520 3805 3661 3860 quos
3720 3805 3844 3842 non

2141 3880 2364 3934 minore
2393 3879 2602 3946 studio,
2646 3896 2821 3950 quam
2852 3879 2960 3934 fide
3008 3885 3302 3949 peractum
3351 3882 3452 3944 est,
3514 3877 3668 3948 quod
3697 3877 3847 3946 opti-

2142 3984 2268 4022 mus
2299 3972 2461 4040 pater
2484 3967 2681 4022 voluit.
2718 3968 2806 4022 Sic
2834 3968 2990 4021 enim
3021 3968 3147 4022 illos
3178 3972 3234 4022 et
3270 3968 3340 4022 ad
3377 3967 3650 4038 pietatem
3681 3965 3843 4020 et-ad

2142 4057 2522 4111 eruditionem
2567 4053 2854 4122 educarat,
2903 4060 2967 4110 ut
2997 4056 3420 4127 quodammodo
3452 4071 3510 4110 se
3560 4055 3744 4126 major
3776 4071 3842 4108 ac

2143 4146 2347 4200 melior
2402 4145 2464 4200 in
2512 4146 2622 4199 illis
2680 4150 3022 4216 superesset,
3065 4146 3347 4216 hodieque
3395 4145 3662 4216 supersit.
3695 4145 3842 4198 Nam

2142 4241 2282 4290 natu
2315 4235 2597 4290 maximus
2655 4240 2878 4291 tantum
2932 4235 2992 4288 in
3049 4235 3164 4290 fata
3221 4234 3518 4289 concessit.
3551 4235 3658 4288 Tot
3705 4239 3846 4287 sunt

331 4330 490 4366 verse
520 4321 692 4384 atque
723 4319 919 4386 paucis
975 4320 1241 4374 didicisse
1293 4321 1524 4387 sufficit,
1578 4323 1873 4375 Erasmum
1903 4327 2029 4374 tex-
2071 4310 2114 4364 ί)
2140 4324 2402 4378 examina
2454 4325 2867 4378 monachorum
2907 4324 2966 4377 in
3009 4324 3168 4391 orbe,
3199 4338 3446 4394 quorum
3489 4321 3672 4376 otium
3714 4337 3843 4375 ma-

332 4403 455 4451 tum
501 4401 852 4464 emendasse,
931 4404 1181 4472 genuina
1232 4421 1266 4457 a
1313 4405 1692 4474 supposititiis
1725 4407 2025 4461 secrevisse

334 4490 387 4539 et
442 4491 641 4540 cuncta
687 4504 834 4542 novo
879 4491 1078 4544 ordine
1111 4508 1231 4545 esse
1277 4493 1660 4562 dispartitum,
1721 4511 1834 4565 quo
1891 4511 2025 4548 sane

333 4590 436 4627 nec
467 4575 536 4628 ad
569 4577 837 4646 auctoris,
868 4594 972 4632 nec
1027 4581 1099 4633 ad
1155 4580 1386 4635 editoris
1443 4581 1739 4652 ingenium
1795 4598 2025 4653 cognos-

333 4661 577 4716 cendum
611 4681 958 4735 magnopere
995 4667 1284 4738 juvamur.
1337 4669 1443 4723 Sed
1493 4685 1623 4724 cum
1673 4670 1895 4741 primus
1930 4671 2024 4724 ille

331 4749 610 4822 explicare
641 4767 938 4823 aggressus
967 4755 1060 4824 sit,
1091 4773 1220 4826 quas
1271 4757 1575 4827 peculiaris
1625 4759 1931 4831 Augustini
1963 4775 2026 4813 ac

331 4839 581 4895 maxime
614 4840 848 4910 propria
873 4845 989 4896 tam
1030 4843 1090 4896 in
1121 4845 1437 4913 sentiendo,
1472 4863 1646 4917 quam
1679 4847 2020 4918 eloquendo,

331 4927 508 4982 virtus
537 4928 730 4996 fuerit,
753 4945 994 5001 eamque
1052 4933 1348 4988 notionem
1408 4934 1637 5001 deinde,
1659 4952 1772 5008 qua
1793 4937 1935 4991 solet
1963 4937 2022 4990 in

331 5016 548 5069 caeteris
607 5033 836 5088 quoque
899 5020 1285 5074 ecclesiasticis
1351 5023 1720 5093 scriptoribus
1772 5026 2020 5091 solertia,

332 5104 400 5157 ad
427 5105 838 5174 explorandam
868 5112 984 5162 tam
1015 5108 1340 5164 universam
1371 5112 1711 5183 scriptorum
1769 5114 2023 5184 genuita-

329 5195 463 5256 tem,
499 5208 672 5263 quam
703 5195 1062 5267 singulorum
1092 5199 1343 5253 locorum
1393 5201 1694 5256 sanitatem
1752 5203 2021 5257 traduxe-

330 5281 422 5346 rit,
455 5281 723 5353 omnique
752 5284 882 5340 inde
914 5287 1116 5340 saeculo
1173 5287 1391 5342 critices
1447 5289 1639 5361 aliqua
1687 5291 1935 5344 formula
1962 5291 2022 5344 in

328 5371 648 5440 Augustino
677 5373 1026 5430 restituendo
1079 5377 1386 5447 praeiverit,
1433 5394 1548 5432 non
1597 5379 1761 5434 facile
1816 5395 2021 5451 quem-

330 5476 525 5531 quam,
560 5461 660 5532 qui
714 5462 902 5517 liaacce
961 5467 1147 5520 studia
1199 5472 1380 5535 curat,
1437 5469 1577 5536 fore,
1624 5469 1890 5536 arbitror,
1923 5469 2023 5538 qui

328 5549 434 5602 hac
465 5550 681 5605 Erasmi
733 5551 1116 5623 disputatione
1145 5556 1359 5628 absque
1410 5557 1620 5610 damno
1669 5573 1859 5611 carere
1890 5574 2020 5629 pos-

2133 4411 2260 4481 gnis
2293 4411 2557 4466 censibus
2586 4412 2773 4466 alitur.
2821 4414 2928 4465 Tot
2956 4415 3086 4465 sunt
3115 4411 3348 4486 abbates
3397 4411 3592 4481 opimo
3623 4409 3837 4475 reditu,

2132 4500 2274 4552 nihil
2301 4499 2454 4554 aliud
2505 4516 2680 4570 quam
2729 4499 3096 4566 aediﬁcantes,
3129 4502 3216 4554 vel
3254 4501 3471 4555 alentes
3517 4515 3716 4569 equos,
3747 4500 3841 4551 vel

2132 4588 2449 4655 epulantes.
2492 4587 2592 4640 Hic
2647 4591 2770 4640 erat
2825 4587 3056 4642 illorum
3112 4588 3384 4660 proprius
3436 4587 3619 4654 labor,
3660 4601 3840 4657 quem

2131 4674 2301 4729 homo
2356 4675 2531 4730 laicus
2566 4691 2667 4729 sua
2695 4681 2896 4746 sponte
2947 4677 3216 4748 suscepit.
3279 4681 3464 4748 Atque
3515 4677 3576 4731 in
3607 4678 3840 4745 Augus-

2128 4762 2249 4816 tino
2282 4763 2516 4834 quidem
2547 4768 2772 4818 tantum
2802 4764 3122 4820 adhibitum
3154 4769 3236 4820 est
3270 4766 3338 4819 ab
3366 4765 3464 4819 illo
3493 4779 3665 4829 curas,
3709 4767 3839 4816 stu—

2129 4851 2226 4915 dii,
2261 4851 2590 4921 vigilantiae,
2651 4858 2928 4923 quantum
2971 4853 3069 4908 illa
3105 4858 3228 4908 tum
3285 4854 3503 4908 ferebat
3550 4858 3704 4916 astas,
3739 4867 3841 4904 ru-

2129 4938 2253 4993 dior
2283 4939 2465 4993 adhuc
2505 4945 2560 4994 et
2615 4957 2930 5012 perpaucos
2987 4942 3202 4996 habens
3258 4943 3318 4996 in
3352 4943 3459 4997 hoc
3507 4958 3716 5013 genere
3745 4941 3841 4995 lit-

2130 5032 2383 5082 terarum
2438 5030 2794 5096 exercitatos,
2850 5032 2996 5086 Illud
3039 5031 3230 5102 potius
3280 5031 3626 5096 mirandum,
3680 5031 3838 5102 quod

2131 5131 2258 5169 cum
2300 5116 2608 5187 Augustini
2641 5119 3068 5174 lucubrationes
3119 5123 3202 5174 tot
3227 5121 3350 5191 jam
3395 5118 3558 5174 annis
3609 5133 3840 5172 versen-

2131 5210 2224 5258 tur
2247 5204 2395 5259 inter
2424 5221 2628 5260 manus
2659 5206 3040 5276 eruditorum,
3069 5211 3230 5263 nulla
3279 5207 3561 5263 exstiterit
3615 5208 3684 5262 de
3731 5206 3835 5260 illo

2130 5294 2358 5363 publica
2399 5295 2775 5366 querimonia,
2817 5297 3304 5367 quemadmodum
3365 5297 3435 5352 de
3489 5296 3836 5367 Hieronymo

2131 5399 2299 5438 nemo
2341 5399 2455 5438 non
2495 5385 2863 5456 querebatur.
2943 5386 3117 5458 Atqui
3180 5386 3240 5441 ni
3293 5387 3505 5440 multos
3557 5385 3833 5439 haberem

2131 5475 2318 5539 testes,
2381 5473 2481 5542 qui
2532 5473 2688 5543 operi
2775 5475 3103 5529 excudendo
3159 5476 3242 5529 vel
3312 5475 3685 5543 praefuerunt,
3738 5474 3828 5527 vel

2131 5560 2458 5629 adfuerunt,
2489 5577 2660 5616 nemo
2692 5561 2838 5617 mihi
2866 5562 3185 5618 crediturus
3215 5563 3306 5630 sit,
3338 5567 3618 5634 quantum
3671 5579 3832 5616 men-
