4044 6190
1198 345 1477 401 NOTlTlA
1517 346 1933 402 LITTEltAllIA
1972 346 2037 399 ΙΝ
2078 346 2133 397 S.
2176 343 2638 399 AUGUSTINUM.
3602 345 3668 396 58

194 468 375 521 derum
408 464 744 519 olfenderim
793 481 858 520 ac
903 465 1248 531 sustulerim,
1301 465 1472 520 etiam
1527 466 1702 533 illinc,
1765 463 1863 520 ubi
1901 467 1945 521 A
1979 466 2414 535 nugamentum,
2447 480 2518 517 ne
2546 462 2655 517 sim
2685 461 2889 529 taedio;
2926 462 3225 534 decerpam
3253 463 3420 517 modo
3463 480 3666 533 pauca,

190 556 319 609 nihil
359 571 472 609 esse
507 555 886 625 depravatum
934 556 1258 626 putabatur.
1310 556 1488 610 Habet
1536 556 1691 609 enim
1750 556 1863 610 Au-

189 645 426 713 gustinus
469 659 635 696 suum
699 644 987 713 quoddam
1042 642 1265 696 dicendi
1311 659 1514 714 genus,
1570 648 1862 712 argutum,

184 738 231 783 et
264 730 507 800 periodis
545 731 605 783 in
656 733 894 801 longum
940 731 1232 802 productis
1278 732 1460 785 multa
1503 733 1862 798 convolvens,

183 820 323 890 quod
346 820 608 872 lectorem
657 825 715 873 et
762 821 1126 888 familiarem,
1180 826 1237 874 et
1279 825 1528 885 acutum,
1580 825 1636 874 et
1680 824 1862 874 atten-

181 916 313 973 tum,
378 912 436 959 et
498 908 645 960 bene
711 924 1030 962 memorem
1087 908 1347 979 requirit,
1414 908 1659 979 denique
1707 909 1865 962 taedii

179 996 489 1065 laborisque
531 997 868 1066 patientem,
920 999 1114 1068 quales
1172 1013 1286 1050 non
1329 997 1408 1050 ita
1452 999 1661 1051 multos
1704 1014 1865 1067 repe-

176 1085 298 1136 rias.
349 1084 474 1136 Jam
528 1084 758 1136 tametsi
798 1083 1062 1154 profanas
1093 1083 1309 1136 litteras
1339 1083 1561 1153 parcius
1597 1088 1860 1150 ostentat,

176 1188 339 1241 quam
376 1171 782 1242 Hieronymus,
834 1178 1026 1225 tamen
1070 1172 1255 1225 obiter
1298 1172 1367 1225 ad
1404 1188 1498 1224 eas
1537 1173 1866 1241 frequenter

173 1261 391 1314 alludit.
460 1261 556 1314 llis
615 1262 785 1315 rebus
834 1262 1045 1315 factum
1086 1266 1187 1327 est,
1227 1266 1294 1315 ut
1329 1262 1521 1329 lector,
1555 1260 1865 1314 audaculus

172 1349 343 1418 magis
383 1364 561 1418 quam
610 1353 870 1419 argutus,
916 1349 1151 1403 mutarit
1188 1349 1468 1420 quidquid
1518 1348 1860 1402 offendebat.

172 1440 370 1490 Verum
416 1454 549 1507 qua:
601 1440 689 1491 vel
743 1438 1110 1491 librariorum
1156 1438 1395 1501 incuria,
1453 1438 1537 1490 vel
1589 1440 1865 1491 lectorum

169 1526 384 1578 inscitia
428 1526 740 1579 commissa
782 1531 933 1592 sunt,
968 1526 1181 1579 habent
1224 1531 1535 1596 utcumque
1591 1527 1861 1592 colorem,

169 1631 270 1684 quo
328 1615 564 1684 culpam
614 1614 802 1683 liceat,
860 1616 905 1667 si
969 1630 1087 1668 non
1145 1630 1432 1680 excusare,
1500 1619 1651 1668 certe
1716 1621 1866 1669 exte-

168 1718 383 1756 nuare:
441 1718 803 1773 quamquam
868 1704 1013 1757 hanc
1068 1703 1322 1773 oportuit
1388 1719 1507 1757 esse
1578 1704 1861 1774 publicam

168 1791 515 1861 principum,
582 1793 894 1861 praesulum
954 1797 1010 1846 et
1061 1793 1331 1847 abbatum
1380 1809 1596 1859 curam,
1652 1799 1716 1847 ut
1764 1794 1867 1847 uti-

171 1878 319 1944 lium,
376 1879 483 1933 sed
534 1881 828 1951 praecipue
868 1897 1157 1935 sacrorum
1195 1882 1551 1936 voluminum
1589 1884 1869 1952 exempla-

168 1968 241 2020 ria
269 1984 375 2038 per
421 1968 683 2023 eruditos
720 1970 869 2022 viros
913 1986 1086 2040 quam
1126 1970 1557 2040 diligentissime
1597 1970 1868 2041 castigata

168 2062 529 2110 servarentur
558 2057 622 2110 in
662 2057 903 2128 publicis
938 2058 1319 2113 bibliothecis.
1362 2058 1490 2112 Illos
1528 2074 1680 2123 vero,
1724 2075 1869 2129 quos

166 2144 415 2199 absolvat
473 2163 509 2199 a
564 2146 850 2215 sacrilegii
887 2146 1148 2213 crimine,
1201 2146 1300 2217 qui
1344 2163 1447 2200 nec
1500 2163 1712 2212 errore,
1767 2164 1869 2201 nec

166 2234 270 2286 ulla
302 2234 674 2298 necessitate,
716 2236 813 2288 sed
847 2235 1041 2304 inepta
1069 2234 1329 2301 libidine,
1363 2234 1552 2289 studio
1574 2240 1871 2289 mutarunt

167 2322 324 2392 hujus
358 2323 471 2375 viri
502 2322 738 2393 scripta,
781 2329 1065 2378 vertentes
1098 2340 1198 2392 que
1224 2324 1286 2378 in
1324 2331 1393 2386 et,
1443 2329 1494 2377 et
1528 2324 1589 2377 in
1627 2340 1747 2392 que,
1775 2325 1870 2379 sed

170 2410 219 2462 in
268 2416 340 2475 at,
380 2418 444 2463 at
470 2428 532 2464 in
566 2412 685 2477 sed,
715 2412 862 2466 dixit
889 2412 949 2465 in
981 2416 1081 2478 ait,
1114 2415 1195 2466 ait
1224 2413 1283 2465 in
1314 2412 1476 2473 dixit,
1526 2412 1762 2465 verbum
1810 2412 1872 2465 in

168 2499 561 2571 participium,
613 2500 984 2571 participium
1023 2501 1083 2554 in
1131 2501 1391 2566 verbum,
1434 2500 1657 2571 aliaque
1698 2501 1869 2554 innu-

172 2604 311 2641 mera
348 2590 443 2643 his
481 2589 836 2657 consimilia,
872 2590 1033 2660 quasi
1071 2590 1313 2645 luserint
1350 2592 1411 2645 in
1440 2608 1611 2662 opere
1657 2592 1865 2644 alieno.

177 2677 269 2729 Hoc
316 2677 618 2747 ﬂagitium
678 2694 808 2731 cum
847 2678 1007 2745 alias,
1061 2683 1185 2734 tum
1234 2680 1521 2750 praacipue
1559 2680 1871 2750 deprehen-

182 2766 341 2819 dimus
368 2768 430 2819 in
484 2766 657 2820 libris
698 2768 767 2821 de
806 2767 1101 2823 Trinitate.
1147 2768 1639 2839 Deprehendimus
1678 2773 1869 2822 autem

191 2869 241 2905 et
272 2856 580 2909 collatione
644 2856 866 2924 codicis,
921 2873 1095 2928 quem
1164 2858 1330 2913 nobis
1400 2856 1649 2928 praebuit
1712 2859 1869 2911 Flau-

201 2941 305 2997 ἀήρ
338 2944 730 2998 mnasterium
785 2946 1084 3017 quoddam,
1145 2948 1306 3016 cujus
1354 2962 1564 3001 nomen
1613 2946 1672 2999 in
1721 2962 1867 3016 prae-

1974 554 2123 607 unde
2168 553 2347 606 facilis
2396 554 2467 605 sit
2510 553 2851 623 conjectura,
2900 569 3073 623 quam
3123 558 3328 607 caetera
3373 552 3520 607 nihil
3566 552 3666 606 ha-

1973 643 2148 696 beant
2177 641 2382 695 mentis
2402 642 2554 695 hunc
2590 642 2648 695 in
2697 642 2931 695 modum
2981 641 3241 695 orditur:
3291 644 3356 697 Si
3385 644 3525 695 enim
3573 656 3665 706 ego

1974 735 2089 801 ipse
2122 737 2181 786 ut
2214 732 2278 785 de
2317 733 2419 797 his,
2462 731 2596 799 quid
2630 733 2878 795 sentiam,
2921 730 3137 792 habeas,
3171 731 3537 798 differentiam
3572 732 3663 796 fa-

1973 826 2182 874 cturum
2212 836 2291 873 me
2318 822 2675 889 speraverim.
2720 820 2991 888 Agnoscis
3022 820 3299 873 sermonis
3331 822 3553 872 ﬂorem.
3591 822 3668 872 Ac

1974 926 2108 962 mox
2150 926 2161 963 :
2215 912 2279 963 Ut
2330 912 2468 963 enim
2498 910 2571 962 ad
2612 911 2722 962 vim
2749 911 2966 962 termini
3003 908 3341 977 proficiscar,
3382 908 3666 975 Apostolos

1975 1000 2236 1066 Graecum,
2268 998 2468 1051 dicitur
2501 999 2569 1051 ab
2597 1014 2744 1066 apos,
2784 997 2927 1064 quod
2956 1002 3105 1051 notat
3145 1003 3539 1063 argumentum,
3581 996 3665 1048 vel

1973 1089 2422 1155 praamirwntiam,
2458 1091 2506 1139 et
2534 1087 2729 1151 scolon,
2775 1085 2917 1153 quod
2956 1089 3031 1137 est
3072 1087 3275 1148 missio,
3320 1086 3481 1152 quasi
3516 1098 3665 1150 pm-

1974 1178 2234 1228 minenter
2272 1178 2485 1241 missus,
2533 1176 2606 1228 ad
2641 1176 3127 1241 augmentationem
3163 1174 3364 1227 scilicet
3398 1172 3527 1241 ﬁdei
3564 1187 3661 1224 ca—

1977 1263 2199 1330 tholicae,
2226 1265 2308 1316 vel
2336 1265 2606 1332 apostolus
2651 1266 2810 1331 quasi
2837 1265 3174 1331 postmissus,
3221 1265 3323 1315 etc.
3373 1260 3518 1325 Quid
3563 1259 3669 1313 hac

1977 1349 2313 1403 deliratione
2368 1350 2789 1421 prodigiosius?
2850 1352 2998 1418 Apos
3049 1348 3202 1402 enim
3252 1348 3402 1417 apud
3448 1348 3668 1401 Graecos

1977 1443 2200 1491 tantum
2243 1439 2544 1509 signiticet,
2594 1443 2873 1509 quantum
2918 1437 3336 1491 Kiskildrivium
3376 1434 3527 1503 apud
3561 1434 3657 1487 La-

1976 1526 2142 1592 tinos,
2188 1531 2246 1580 et
2300 1528 2475 1581 scolon
2520 1526 2725 1581 Graecis
2772 1531 2938 1580 sonat
2976 1525 3403 1579 oﬁ‘endiculum.
3451 1522 3661 1576 Deinde

1976 1616 2306 1670 stultissime
2336 1616 2685 1685 imaginatur
2711 1615 2769 1669 in
2800 1614 3033 1669 nomine
3066 1614 3359 1683 apostolus,
3392 1614 3549 1680 apost
3578 1609 3670 1663 ad-

1976 1703 2159 1757 ditum
2180 1720 2285 1774 pro
2331 1703 2670 1772 postmodum
2699 1719 2802 1773 pro
2845 1719 2956 1773 quo
3000 1702 3232 1755 Barbari
3272 1702 3458 1756 dicere
3490 1700 3673 1753 solent

1977 1792 2181 1860 depost.
2225 1791 2395 1862 Atqui
2457 1792 2503 1844 si
2553 1793 2744 1846 Graeca
2791 1807 2899 1845 vox
2940 1796 3026 1845 est
3073 1791 3387 1861 apostolus,
3447 1796 3507 1842 ut
3548 1788 3669 1859 ipse

1979 1882 2161 1948 docet,
2186 1880 2337 1934 unde
2368 1880 2482 1933 illic
2530 1880 2726 1934 Latina
2778 1880 3109 1950 praepositio
3165 1884 3327 1949 post?
3375 1877 3665 1948 Sequitur,

1975 1971 2239 2041 propheta
2270 1974 2459 2022 autem
2493 1985 2665 2038 apro,
2697 1969 2754 2023 id
2788 1974 2871 2023 est
2899 1969 3117 2038 procul,
3143 1973 3200 2023 et
3232 1970 3510 2034 for,faris,
3540 1982 3670 2020 cum

1980 2059 2260 2129 propheta
2307 2058 2514 2113 Graecis
2571 2058 2712 2111 nihil
2764 2057 2919 2112 aliud
2964 2062 3129 2111 sonet
3161 2098 3174 2123 ,
3232 2072 3405 2127 quam
3461 2052 3671 2108 Latinis

1978 2147 2297 2218 prmdictor.
2355 2149 2483 2201 Hmc
2519 2147 2881 2217 proposuisse
2921 2147 3058 2201 satis
3102 2146 3339 2211 arbitor,
3386 2145 3457 2198 ad
3498 2143 3672 2197 totius

1980 2236 2315 2305 nugamenti
2345 2241 2575 2306 gustum
2609 2236 2938 2308 quemdam,
2963 2236 3115 2307 quod
3146 2235 3224 2288 ita
3253 2238 3529 2288 attextum
3563 2237 3671 2297 est,

1980 2324 2141 2394 quasi
2171 2325 2299 2394 quis
2318 2340 2423 2394 pro
2454 2324 2770 2393 Augustino
2802 2323 3107 2378 Paulinum
3156 2323 3376 2387 doceat,
3436 2323 3505 2375 de
3555 2338 3669 2392 quo

1980 2412 2329 2483 signiﬁcarat
2362 2429 2419 2467 se
2450 2413 2730 2468 dubitare.
2768 2413 2925 2467 Alter
2958 2413 3115 2466 locus
3160 2416 3244 2464 est
3280 2412 3339 2464 in
3394 2410 3539 2464 libro
3582 2425 3670 2463 se-

1980 2502 2164 2555 cundo
2200 2501 2265 2554 de
2296 2502 2543 2555 Sermone
2582 2502 2805 2555 Domini
2840 2502 2899 2554 in
2938 2505 3111 2554 monte
3142 2500 3343 2552 habito.
3390 2496 3670 2561 Quoniam

1978 2589 2127 2643 inter
2155 2589 2370 2643 fructus
2410 2589 2643 2660 spiritus
2686 2590 2895 2643 Paulus
2924 2593 3335 2642 commemorat
3373 2586 3671 2656 gaudium,

1979 2694 2050 2732 ne
2099 2677 2225 2749 quis
2255 2677 2618 2740 existimaret,
2662 2678 2825 2731 illum
2876 2678 2943 2732 de
2994 2676 3192 2748 quovis
3231 2676 3437 2747 gaudio
3489 2674 3671 2745 loqui,

1980 2767 2059 2821 sic
2087 2768 2277 2822 locum
2327 2768 2591 2838 explanat
2632 2767 3029 2837 Augustinus:
3072 2768 3210 2822 Sane
3257 2764 3528 2819 sciendum
3573 2768 3669 2827 est,

1982 2859 2067 2911 hic
2106 2857 2369 2923 gaudium
2394 2859 2617 2925 proprie
2640 2859 2897 2925 positum.
2937 2856 3074 2909 Mali
3108 2857 3245 2907 enim
3294 2854 3529 2906 homines
3568 2866 3673 2904 non

1980 2945 2233 3013 gaudere,
2286 2944 2380 2998 sed
2423 2947 2619 3011 gestire
2664 2944 2920 2996 dicuntur
2962 2944 3205 3011 proprie,
3246 2944 3385 2995 sicut
3422 2942 3672 3008 superius

196 3033 349 3084 sentia
410 3050 527 3087 non
602 3036 871 3099 occurrit,
950 3052 1083 3090 sane
1142 3036 1358 3090 bellum
1433 3051 1496 3088 ac
1562 3039 1845 3089 vetustum
1908 3051 1945 3106 ρ
1981 3034 2223 3088 diximus
2267 3033 2594 3087 voluntatem
2616 3034 2840 3101 proprie
2863 3034 3119 3101 positam,
3153 3045 3316 3100 quam
3344 3044 3448 3083 non
3479 3029 3678 3082 habent

190 3118 389 3175 dixisses
445 3124 627 3177 bona:
682 3123 836 3189 ﬁdei,
888 3140 1225 3195 magnaeque
1293 3124 1639 3178 auctoritatis
1679 3140 1868 3177 exem-

184 3209 297 3276 plar.
332 3212 433 3264 Vix
462 3228 759 3282 umquam
790 3214 1160 3267 occurrebant
1188 3214 1298 3268 duo
1342 3230 1554 3281 versus,
1599 3214 1739 3283 quin
1781 3229 1867 3265 es-

182 3304 256 3362 set,
304 3301 463 3369 quod
516 3301 821 3371 jugularet
876 3306 1229 3356 transversus
1284 3303 1554 3356 calamus.
1607 3302 1705 3356 llic
1752 3317 1868 3353 non

178 3394 273 3440 erat
300 3405 472 3442 error
502 3396 609 3443 aut
660 3390 979 3459 oscitantia,
1022 3391 1121 3445 sed
1162 3392 1376 3462 impius
1414 3390 1582 3445 ludus
1619 3388 1867 3444 hominis

174 3476 296 3530 male
327 3478 550 3531 feriati.
586 3477 737 3532 Alibi
772 3478 961 3531 nescio
1002 3479 1131 3549 quis
1180 3479 1487 3533 sententias
1525 3480 1864 3548 expleverat,

172 3565 383 3634 adjectis
434 3567 636 3622 verbis
686 3567 905 3637 aliquot
958 3585 1069 3621 non
1119 3568 1488 3623 necessariis:
1530 3569 1688 3621 velut
1726 3583 1865 3637 quo-

170 3653 254 3707 lies
283 3656 496 3709 beatus
529 3656 887 3727 Augustinus
914 3657 1123 3710 citabat
1144 3673 1173 3710 e
1203 3656 1508 3727 Scripturis
1555 3656 1862 3722 canonicis,

168 3750 437 3812 quantum
465 3746 543 3799 ad
579 3744 657 3810 id,
687 3745 841 3816 quod
886 3745 1183 3815 agebatur,
1225 3745 1359 3799 satis
1399 3749 1540 3812 erat,
1585 3744 1683 3799 ille
1719 3744 1865 3799 Scri-

168 3838 333 3899 ptura:
387 3834 798 3887 testimonium
832 3833 1000 3887 altius
1028 3835 1337 3905 repetitum
1386 3850 1453 3888 ex
1493 3833 1697 3889 eodem
1746 3834 1866 3887 loco

170 3922 380 3990 longius
420 3924 905 3993 prosequebatur,
948 3940 1076 3977 cum
1115 3924 1257 3977 nihil
1294 3928 1439 3977 esset
1487 3924 1555 3978 ad
1591 3939 1712 3976 rem
1760 3939 1865 3976 ne-

168 4026 324 4064 cesse.
362 4012 424 4065 [d
450 4012 752 4081 praecipue
784 4012 996 4066 factum
1034 4012 1422 4081 comperimus
1462 4012 1523 4065 in
1562 4013 1864 4066 Commen~

166 4099 312 4152 tariis
354 4117 505 4170 quos
558 4100 783 4170 scripsit
824 4100 886 4153 in
936 4100 1244 4171 Epistolam
1282 4102 1352 4153 ad
1394 4102 1683 4155 Romanos
1712 4105 1769 4153 et
1794 4100 1861 4153 ad

166 4185 397 4241 Galatas.
448 4187 707 4242 Risimus
757 4204 871 4242 non
905 4187 1099 4257 paucis
1138 4188 1277 4241 locis
1320 4186 1607 4257 insignem
1652 4186 1861 4241 scriba-

164 4291 281 4328 rum
304 4276 744 4338 delirationem,
776 4277 895 4347 qui,
940 4278 1095 4347 quod
1136 4278 1309 4330 lector
1359 4276 1642 4345 ineptiens
1690 4290 1865 4328 anno-

1977 3122 2131 3187 mali,
2183 3126 2291 3174 etc.
2342 3122 2470 3174 Haec
2514 3120 2822 3188 Augustini
2857 3120 3030 3173 verba
3069 3135 3199 3173 cum
3238 3118 3382 3172 nihil
3425 3117 3675 3171 habeant

1978 3210 2360 3275 obscuritatis,
2399 3215 2592 3262 tamen
2633 3208 2838 3279 aliquis
2877 3212 3114 3262 conatus
3158 3211 3296 3273 erat,
3345 3205 3670 3269 dilucidius,

1976 3300 2209 3362 scilicet,
2279 3300 2561 3368 explicare
2634 3297 2915 3351 sententia
2992 3296 3146 3351 hisce
3212 3295 3434 3349 verbis:
3492 3297 3677 3363 Neque

1975 3390 2237 3457 gaudium
2260 3390 2480 3442 virtutis
2509 3390 2599 3455 sit,
2628 3390 2772 3442 sicut
2819 3388 3088 3453 voluntas,
3144 3390 3194 3440 et
3237 3387 3344 3440 haec
3372 3387 3555 3454 potius
3599 3385 3673 3438 ad

1975 3484 2185 3532 sanctos
2208 3480 2518 3546 pertinent:
2552 3476 2627 3529 ad
2661 3480 2963 3545 peccatores
2996 3491 3119 3529 vero
3167 3478 3346 3543 gestus
3392 3474 3566 3540 magis
3619 3478 3669 3526 et

1974 3567 2248 3637 cupiditas
2297 3567 2611 3636 deputanda
2644 3572 2788 3620 sunt.
2824 3568 2889 3620 Et
2922 3566 3031 3619 hoc
3068 3568 3185 3618 tam
3238 3563 3520 3617 insulsum
3563 3579 3675 3615 nu-

1974 3661 2307 3725 gamentum
2338 3672 2368 3708 e
2407 3656 2590 3725 spatio
2628 3654 2907 3725 marginis
2945 3654 3007 3707 in
3047 3657 3374 3707 contextum
3422 3651 3666 3704 relatum

1975 3744 2327 3815 aliquamdiu
2360 3760 2465 3797 nos
2494 3744 2677 3797 torsit.
2716 3746 2857 3797 Cum
2889 3740 3222 3814 hujusmodi
3252 3740 3535 3811 portentis
3567 3737 3677 3791 fuit

1974 3832 2139 3886 nobis
2168 3833 2407 3886 subinde
2436 3832 2789 3886 luctandum.
2821 3831 2981 3885 Alius
3029 3846 3096 3886 ex
3135 3846 3216 3885 un
3234 3831 3535 3899 dequaque
3569 3826 3673 3879 de-

1973 3923 2181 3990 cerptis
2232 3920 2509 3987 frustulis,
2560 3920 2736 3974 veluti
2783 3936 2998 3974 novum
3045 3936 3206 3991 opus,
3253 3916 3555 3989 Augustini
3608 3919 3673 3969 ti-

1972 4012 2093 4064 tulo
2143 4016 2569 4077 construxerat,
2612 4011 2757 4064 alius
2800 4010 2984 4063 aliena
3014 4026 3141 4063 cum
3186 4006 3491 4078 Augustini
3542 4005 3675 4058 scri-

1973 4099 2085 4168 ptis
2115 4099 2419 4152 miscuerat
2446 4119 2460 4165 ;
2488 4099 2634 4151 alius
2664 4115 2731 4152 ex
2759 4098 3074 4167 quaestione
3103 4098 3313 4150 fecerat
3348 4094 3668 4164 epistolam,

1974 4186 2176 4239 assutis
2231 4186 2393 4240 initio
2452 4186 2646 4256 paucis
2695 4186 2899 4239 verbis.
2940 4186 3018 4238 Ne
3067 4184 3293 4255 singula
3334 4196 3667 4252 persequar,

1970 4278 2062 4333 vix
2103 4280 2165 4333 in
2204 4279 2436 4333 alterius
2475 4284 2593 4332 tam
2623 4277 2822 4348 impie,
2864 4293 3038 4349 quam
3080 4275 3141 4329 in
3181 4276 3355 4345 hujus
3393 4272 3535 4327 sacri
3577 4273 3671 4327 do-

162 4366 297 4418 tarat
317 4366 380 4417 in
406 4364 675 4435 margine
696 4365 783 4418 sui
806 4365 1036 4431 codicis,
1061 4365 1383 4418 retulerunt
1416 4364 1856 4431 incontextum.
1900 4359 1944 4413 D
1973 4368 2144 4422 ctoris
2196 4366 2586 4422 voluminibus
2643 4366 2781 4420 lusit
2830 4366 3145 4420 otiosorum
3207 4364 3520 4418 temeritas.
3604 4364 3674 4417 Ut

164 4451 230 4503 Ex
260 4452 465 4505 multis
499 4452 617 4505 duo
658 4468 976 4521 preponam
1010 4452 1291 4521 exempla,
1332 4467 1576 4523 quorum
1617 4452 1860 4504 alterum

162 4545 237 4592 est
264 4542 325 4595 in
356 4541 609 4611 epistola
637 4543 725 4605 58,
752 4540 850 4594 ubi
872 4542 1142 4610 leguntur
1160 4541 1283 4594 hsec
1312 4539 1613 4610 Augustini
1644 4540 1815 4593 verba
1844 4555 1856 4592 :

165 4632 258 4683 Hos
278 4636 465 4683 autem
492 4631 812 4698 prophetas,
866 4645 996 4698 quos
1030 4634 1158 4699 post
1200 4630 1468 4697 apostolos
1504 4630 1709 4697 posuit,
1754 4643 1861 4681 non

160 4726 283 4785 puto
330 4721 457 4772 illos
507 4734 639 4783 esse,
688 4721 785 4788 qui
837 4719 1027 4773 ordine
1074 4723 1372 4787 temporum
1421 4722 1544 4770 ante
1594 4718 1860 4785 apostolos

164 4810 401 4871 fuerunt,
430 4808 535 4863 sed
563 4810 712 4875 istos,
747 4809 941 4876 quibus
959 4810 1081 4878 jam
1102 4807 1200 4861 sub
1231 4807 1487 4875 apostolis
1504 4821 1604 4875 per
1621 4807 1861 4874 gratiam

164 4898 488 4962 donabatur,
532 4902 628 4952 aut
670 4899 1044 4964 interpretatio
1071 4898 1485 4965 Scripturarum
1515 4900 1566 4949 et
1602 4897 1859 4964 inspectio

162 4993 440 5052 manium,
484 4992 583 5040 aut
634 4986 919 5055 pradictio
968 4988 1220 5055 temporis
1276 4987 1529 5040 secuturi.
1586 4986 1648 5038 In
1678 4984 1860 5054 priori

158 5076 407 5129 editione
436 5074 812 5146 participium
848 5076 1102 5139 secuturi,
1150 5090 1183 5127 a
1212 5090 1313 5127 suo
1352 5073 1604 5135 nomine,
1656 5078 1859 5141 tempo-

160 5166 251 5228 ris,
284 5164 516 5235 prolixo
544 5164 853 5218 verborum
885 5166 1212 5215 assumento
1254 5161 1538 5216 divulsum
1580 5162 1858 5231 comperi-

160 5269 298 5317 mus,
349 5253 529 5324 idque
568 5268 687 5306 non
729 5253 915 5305 solum
955 5251 1260 5323 insigniter
1296 5250 1589 5304 indoctum
1635 5253 1755 5303 erat
1796 5265 1859 5303 ac

162 5344 417 5405 stultum,
456 5356 747 5395 verumne
777 5340 850 5393 ad
882 5356 1004 5394 rem
1035 5340 1266 5411 quidem
1298 5340 1585 5393 tantillum
1624 5338 1853 5392 faciens.

164 5431 277 5484 .‘ion
321 5430 479 5484 enim
514 5430 631 5485 illic
669 5428 1086 5500 ambigebatur,
1134 5429 1234 5500 qui
1277 5432 1466 5482 essent
1501 5427 1765 5499 apostoli,
1803 5433 1859 5482 et

162 5520 307 5575 unde
333 5521 507 5575 ducta
534 5537 662 5587 vox,
694 5518 796 5572 sed
841 5518 910 5571 de
949 5534 1062 5589 quo
1091 5518 1501 5588 prophetarum
1541 5532 1749 5585 genere
1779 5517 1858 5571 lo-

166 5615 429 5677 queretur
468 5608 585 5663 illic
628 5607 962 5680 Apostolus.
1014 5608 1138 5661 Non
1188 5611 1444 5679 repetam
1488 5605 1580 5660 hic
1617 5605 1855 5678 longum

1972 4456 2234 4512 omittam
2273 4457 2504 4511 interim
2551 4455 3071 4527 pseudepigrapha,
3114 4455 3377 4525 quaedam
3415 4468 3533 4507 non
3581 4454 3671 4507 in-

1970 4546 2214 4613 erudita,
2275 4546 2535 4617 quaedam
2598 4544 2685 4598 vix
2741 4544 3084 4609 tolerabilia,
3134 4544 3397 4614 quaedam
3437 4557 3671 4613 prorsus

1970 4634 2214 4690 indocta.
2248 4636 2457 4688 Verum
2487 4634 2545 4686 in
2586 4632 2877 4700 omnibus,
2916 4648 3047 4703 quae
3093 4632 3177 4686 illi
3215 4632 3355 4686 falso
3397 4636 3531 4685 sunt
3578 4632 3665 4685 in-

1968 4724 2195 4793 scripta,
2227 4722 2369 4776 nihil
2422 4722 2695 4776 insulsius
2738 4727 2835 4775 aut
2874 4721 3260 4792 impudentius
3298 4720 3669 4776 Sermonibus

1968 4813 2038 4866 ad
2094 4811 2388 4879 Eremitas,
2428 4810 2489 4864 in
2531 4810 2738 4881 quibus
2787 4826 2892 4864 nec
2936 4809 3126 4875 verba,
3185 4826 3290 4864 nec
3350 4808 3670 4862 sententia:-

1970 4917 2072 4954 nec
2101 4904 2315 4971 pectus,
2346 4916 2451 4953 nec
2481 4900 2714 4953 omnino
2746 4898 3057 4969 quidquam
3102 4904 3187 4952 est
3227 4898 3543 4968 Augustino
3582 4896 3669 4949 di-

1969 5005 2183 5059 gnum:
2221 4992 2276 5041 et
2311 4992 2503 5042 tamen
2541 4987 2800 5057 quisquis
2830 4989 2934 5041 hoc
2975 5002 3120 5058 Opus
3165 4985 3453 5049 conﬁnxit,
3492 4985 3665 5038 homo

1968 5077 2152 5130 suavis
2204 5076 2313 5131 sibi
2353 5076 2615 5147 promisit
2652 5076 2932 5141 futurum,
2981 5080 3047 5129 ut
3082 5072 3431 5143 Augustinus
3478 5073 3664 5126 crede-

1969 5169 2145 5232 retur,
2204 5169 2261 5219 et
2320 5180 2453 5219 sane
2514 5169 2854 5234 repererunt
2905 5163 3117 5217 similes
3184 5160 3344 5215 labra
3394 5160 3662 5217 lactucas.

1970 5255 2121 5310 Nihil
2150 5259 2339 5308 tamen
2370 5254 2579 5308 horum
2617 5253 3029 5319 submovimus,
3070 5249 3182 5303 nisi
3216 5248 3371 5321 quod
3408 5266 3493 5317 ea,
3538 5267 3665 5321 quae

1968 5342 2056 5396 bis
2081 5346 2180 5396 aut
2208 5342 2415 5412 saepius
2448 5341 2989 5396 habebanturiinter
3027 5338 3197 5407 hujus
3243 5337 3348 5393 viri
3392 5340 3660 5393 lucubra-

1968 5430 2171 5497 tiones,
2205 5436 2289 5484 sat
2335 5431 2643 5486 habuimus
2691 5430 2865 5484 semel
2911 5443 3144 5497 ponere,
3186 5445 3256 5483 ne
3298 5428 3660 5484 voluminum

1966 5519 2425 5587 magnitudinem
2453 5533 2802 5589 supervacua
2833 5516 3055 5570 sarcina
3087 5534 3454 5572 oneraremus
3480 5534 3491 5570 :
3537 5533 3665 5570 cen-

1967 5606 2111 5660 suris
2141 5612 2364 5661 tantum
2386 5608 2592 5661 additis
2626 5605 3021 5677 indicavimus,
3045 5607 3183 5678 quid
3207 5608 3451 5661 nothum
3494 5609 3662 5667 esset,
