4060 6194
332 291 398 340 59
1340 287 1889 344 SUPPLEMENTUM
1931 287 2022 342 AD
2059 286 2289 343 OPERA
2327 289 2384 343 S.
2426 287 2810 344 AUGUSTlNl.
3772 291 3840 342 60

331 411 472 481 quid
513 411 872 482 ambiguum,
909 412 1047 483 quid
1082 410 1471 467 commixtum.
1539 412 1664 466 Haec
1725 411 1903 483 igitur
1965 411 2024 464 in
2060 412 2106 464 A
2135 415 2321 465 essent
2361 409 2563 464 orbati.
2628 411 2770 464 Nam
2809 410 3092 481 quidquid
3149 415 3269 464 erat
3315 427 3451 481 erga
3498 411 3840 465 Frobenium

333 506 450 555 tam
491 500 698 554 eximio
739 501 1012 570 scriptore
1052 499 1331 554 committi
1381 516 1514 554 sane
1558 500 1866 554 dolendum
1913 505 2024 566 est;

335 590 434 644 sed
477 605 643 660 asque
684 589 916 654 mirum,
959 603 1130 658 super
1167 587 1254 641 his
1290 589 1504 641 nullam
1545 588 1816 642 hactenus
1855 587 2027 642 fuisse

333 680 723 734 studiosorum
775 678 1235 749 querimoniam:
1305 679 1458 732 unde
1515 680 1837 747 conjectura
1904 678 2029 750 capi

334 773 540 839 potest,
576 768 766 821 divum
795 766 1178 836 Augustinum
1213 767 1450 819 antehae
1488 783 1520 819 a
1555 765 1843 837 plerisque
1871 766 2028 820 theo-

332 858 478 927 logis
521 861 618 910 aut
665 872 780 909 non
832 855 945 925 legi
983 855 1235 920 solitum,
1285 861 1385 909 aut
1439 855 1806 925 indiligenter
1858 854 2029 910 fuisse

337 946 572 999 lectum.
622 945 702 997 Ne
759 944 903 997 mihi
954 944 1187 1014 quidem
1231 959 1506 1013 umquam
1560 943 1888 1012 persuaderi
1933 959 2031 1012 po-

337 1033 560 1097 tuisset,
613 1036 838 1086 tantum
893 1033 950 1086 in
1002 1038 1118 1086 tam
1167 1032 1378 1086 celebri
1448 1032 1722 1100 scriptore
1800 1032 2030 1085 latuisse

338 1120 700 1174 mendarum.
735 1121 1010 1192 Equidem
1043 1121 1182 1175 nihil
1206 1121 1393 1175 minus
1423 1121 1700 1174 habebam
1737 1120 1794 1173 in
1815 1121 2028 1188 animo,

335 1225 508 1278 quam
572 1210 720 1262 hanc
767 1226 1057 1279 capessere
1111 1209 1477 1280 provinciam.
1543 1210 1870 1263 Deterrebat
1923 1209 2030 1263 im-

331 1312 529 1350 mensa
566 1297 927 1350 voluminum
970 1298 1169 1362 moles,
1211 1303 1267 1350 et
1305 1297 1493 1366 operis
1529 1296 1832 1350 difﬁcultas
1876 1296 2032 1366 juve-

333 1384 449 1438 nile
495 1385 694 1452 robur,
743 1400 806 1438 ac
840 1401 1072 1455 prorsus
1114 1385 1544 1439 adamantinum
1596 1385 1900 1456 quemdam
1932 1384 2032 1437 ho-

332 1474 548 1528 minem
574 1473 874 1543 exigebat:
909 1491 999 1528 me
1045 1490 1177 1528 vero
1223 1475 1342 1544 jam
1387 1479 1444 1528 et
1488 1480 1623 1527 aetas
1670 1478 1727 1527 et
1767 1472 2031 1526 valetudo

333 1561 404 1614 ab
440 1561 547 1614 hoc
580 1577 790 1632 genere
822 1563 1079 1617 laborum
1130 1563 1189 1616 in
1231 1568 1418 1616 totum
1457 1563 1885 1617 dehortabatur.
1925 1561 2032 1615 Sed

337 1649 519 1702 felicis
579 1651 871 1704 memoriae
935 1652 1180 1706 JOANNEs
1249 1653 1576 1718 FROBENIUS,
1638 1651 1726 1704 vir
1783 1651 1853 1705 ob
1922 1650 2032 1703 sin-

337 1739 599 1807 gularem
631 1755 764 1809 erga
809 1740 990 1794 studia
1039 1739 1289 1793 favorem
1337 1739 1599 1794 omnium
1645 1739 2030 1794 studiosorum

333 1841 537 1879 amore
568 1827 810 1895 perenni
841 1828 1066 1897 dignus,
1110 1830 1341 1883 tandem
1392 1829 1530 1883 illud
1581 1845 1610 1881 a
1649 1844 1738 1882 me
1767 1828 2030 1898 precibus

335 1918 666 1980 extorserat,
699 1919 763 1968 ut
792 1915 850 1968 in
892 1915 1156 1985 Epistolis
1193 1916 1427 1970 unicum
1471 1916 1790 1970 ternionem
1841 1931 2031 1968 emen-

334 2000 553 2068 darem,
606 2017 720 2072 quo
775 2007 966 2072 posset
1031 2005 1217 2074 operis
1275 2005 1562 2074 specimen
1634 2004 1694 2057 in
1758 2003 2030 2074 proximis

330 2088 605 2143 nundinis
641 2092 958 2145 ostendere.
994 2092 1282 2146 Pollicitus
1313 2108 1458 2158 sum,
1495 2093 1590 2147 sed
1629 2093 1732 2146 hac
1770 2093 1915 2161 lege,
1959 2107 2029 2146 ne

334 2178 473 2247 quid
513 2183 767 2248 speraret
816 2180 1082 2249 amplius.
1131 2182 1365 2235 Annuit.
1399 2183 1680 2235 Caeterum
1721 2197 1850 2235 cum
1898 2198 2028 2252 per-

335 2266 639 2336 spicerem,
670 2267 754 2321 illi
793 2274 1007 2323 eertum
1048 2286 1168 2323 esse
1214 2270 1539 2337 consilium,
1587 2270 1851 2324 volumen
1899 2269 2029 2340 Epi-

333 2357 609 2410 stolarum
640 2357 952 2426 absolvere,
985 2374 1169 2428 neque
1201 2375 1550 2429 quemquam
1593 2374 1713 2412 esse
1744 2363 2026 2428 paratum,

333 2444 431 2512 qui
455 2449 665 2514 posset,
705 2449 804 2498 aut
834 2450 986 2499 certe
1015 2447 1200 2512 vellet,
1234 2445 1577 2500 emendandi
1614 2451 1801 2516 partes
1832 2447 1987 2500 obire
2014 2464 2026 2501 :

335 2532 470 2586 vicit
540 2532 715 2586 animi
773 2533 1238 2602 destinationem,
1300 2551 1430 2588 cum
1491 2535 1794 2604 singularis
1862 2534 2031 2588 amici

335 2621 592 2689 pertinax
632 2623 914 2689 voluntas,
958 2628 1079 2676 tum
1110 2623 1234 2694 ipsa
1271 2623 1488 2693 negotii
1535 2623 1735 2694 pietas.
1784 2625 1901 2678 Hoc
1939 2640 2032 2677 vo-

333 2709 533 2762 lumen
570 2713 752 2763 totum
777 2711 847 2764 ad
879 2727 969 2764 me
997 2711 1204 2780 recepi,
1235 2711 1331 2764 sed
1363 2711 1615 2777 unicum,
1648 2711 1820 2764 etiam
1861 2715 2030 2782 atque

330 2797 504 2851 etiam
563 2798 888 2864 testiﬁcans,
939 2804 998 2852 ut
1048 2799 1094 2852 si
1147 2815 1386 2870 pergere
1441 2800 1630 2865 vellet,
1656 2799 1832 2853 alium
1880 2801 2032 2854 inve-

330 2886 479 2940 niret
523 2887 942 2958 castigatorem,
1001 2903 1104 2942 nee
1153 2904 1244 2942 me
1276 2905 1377 2942 suo
1428 2905 1658 2959 quoque
1709 2888 2026 2959 dispendio,

2137 499 2390 564 affectus,
2452 499 2514 552 in
2558 499 2664 553 hos
2707 499 2991 553 transtuli.
3035 502 3229 570 Itaque
3272 500 3574 554 obfirmato
3625 501 3843 565 animo,

2137 587 2215 640 sic
2240 592 2301 642 ut
2330 588 2490 657 operi
2530 593 2648 642 tam
2701 604 2858 642 sacro
2913 588 3088 642 satius
3120 589 3388 643 ducerem
3437 590 3689 642 animam
3733 590 3845 642 im-

2138 675 2408 744 pendere,
2467 690 2640 744 quam
2725 675 2901 728 semel
2969 679 3291 745 susceptum
3367 691 3480 729 non
3526 675 3847 742 absolvere,

2137 762 2370 816 taedium
2395 779 2566 816 omne
2606 763 2820 817 devici:
2873 779 3102 834 quoquc
3147 780 3272 817 sum
3321 764 3490 820 altius
3528 764 3844 834 ingressus,

2136 852 2244 906 hoc
2276 852 2437 906 labor
2467 851 2830 905 assuetudine
2869 851 3048 904 factus
3079 857 3162 906 est
3195 852 3385 918 levior,
3429 853 3574 922 ipso,
3617 859 3680 906 ut
3717 852 3844 922 opi-

2137 958 2262 1007 nor,
2296 941 2613 1010 Augustino
2653 940 2852 1010 emptis
2882 940 3094 993 nostris
3135 957 3410 1011 prospera
3451 941 3656 995 favoris
3702 958 3848 994 aura

2138 1030 2362 1084 eaalitus
2429 1030 2758 1099 aspirante,
2817 1029 2994 1082 donec
3051 1029 3283 1082 tandem
3341 1031 3537 1099 procul
3593 1029 3848 1099 aperiret

2139 1135 2259 1171 sese
2292 1123 2512 1188 portus,
2543 1117 2604 1170 in
2626 1134 2799 1188 quam
2830 1117 3065 1187 propitii
3097 1118 3354 1171 numinis
3383 1119 3592 1172 auxilio
3641 1118 3843 1185 delati,

2138 1207 2336 1260 laetum
2378 1206 2666 1259 eeleusma
2698 1222 2849 1259 nunc
2896 1205 3172 1259 canimus.
3220 1207 3282 1259 In
3323 1206 3637 1276 dirigendis
3668 1223 3843 1274 porro

2137 1294 2526 1348 voluminibus
2556 1295 2707 1348 hunc
2729 1293 2990 1347 ordinem
3019 1294 3197 1347 secuti
3225 1310 3442 1348 sumus.
3475 1294 3538 1347 In
3585 1294 3846 1347 Primum

2139 1384 2408 1437 volumen
2445 1381 2792 1435 contulimus
2843 1397 2928 1448 ea,
2982 1399 3050 1435 ex
3112 1381 3322 1452 quibus
3368 1386 3488 1434 tota
3535 1381 3848 1452 Augustini

2139 1469 2274 1538 vita,
2335 1487 2542 1536 mores,
2597 1469 2915 1540 ingenium,
2975 1475 3032 1524 et
3091 1469 3323 1524 affectus
3390 1470 3842 1540 perspiciuntur,

2141 1561 2296 1632 quod
2326 1560 2435 1614 hoe
2459 1564 2626 1630 pacto
2666 1560 2925 1612 futurum
2955 1559 3280 1624 arbitrarer,
3313 1563 3378 1612 ut
3408 1564 3466 1612 et
3504 1559 3711 1613 rectius
3759 1558 3847 1611 in-

2138 1649 2514 1719 telligeretur,
2561 1657 2616 1701 et
2669 1647 2891 1702 avidius
2938 1648 3246 1717 legeretur.
3309 1650 3484 1701 Amor
3534 1647 3686 1701 enim
3737 1647 3844 1700 do-

2140 1737 2312 1792 ctoris
2360 1741 2416 1790 et
2463 1741 2742 1790 attentum
2794 1735 3001 1803 reddit,
3052 1739 3107 1789 et
3151 1737 3442 1790 lubentem
3474 1735 3843 1806 discipulum.

2140 1826 2466 1897 Adjeeimus
2493 1825 2754 1895 ejusdem
2802 1828 3325 1895 progymnasmata,
3375 1825 3584 1895 quibus
3617 1825 3702 1878 vel
3752 1825 3848 1878 in-

2139 1916 2263 1969 fans
2317 1915 2499 1968 adhuc
2557 1913 2616 1966 in
2663 1913 2906 1979 Christo,
2956 1914 3040 1966 vel
3107 1929 3287 1966 novus
3333 1918 3458 1984 tyro
3516 1913 3846 1967 felicissime

2137 2004 2394 2075 praelusit
2452 2003 2522 2056 ad
2576 2001 2808 2071 egregia
2866 2001 3133 2055 facinora.
3195 2001 3522 2056 Secundum
3572 2002 3848 2056 volumen

2139 2092 2402 2147 dedimus
2429 2090 2716 2160 Epistolis,
2755 2090 2964 2159 partim
3001 2090 3154 2160 quod
3191 2089 3252 2143 in
3298 2089 3386 2143 his
3433 2106 3660 2160 quoque
3705 2105 3849 2158 per-

2139 2183 2321 2236 multa
2371 2186 2522 2246 sunt,
2555 2196 2684 2249 qua:
2727 2179 2951 2247 scripsit
2993 2179 3260 2248 juvenis;
3310 2179 3518 2248 partim
3573 2179 3722 2250 quod
3773 2193 3846 2231 ex

2139 2271 2227 2324 his
2247 2269 2496 2323 maxime
2526 2266 2994 2338 deprehenditur,
3031 2266 3078 2319 si
3136 2267 3276 2336 quid
3316 2266 3374 2319 in
3422 2266 3577 2320 illius
3633 2271 3847 2320 natura

2137 2358 2245 2414 fuit
2273 2357 2579 2428 peculiare.
2616 2355 2871 2410 Tertium
2911 2361 2966 2408 et
2994 2356 3274 2418 Quartum
3307 2354 3570 2408 dedimus
3620 2354 3707 2408 his
3757 2355 3846 2407 lu-

2138 2445 2585 2509 cubrationibus,
2644 2460 2784 2513 quas
2839 2443 2908 2496 ad
2952 2443 3272 2497 docendum
3314 2442 3548 2512 paravit.
3597 2443 3845 2506 Quintus

2138 2536 2309 2590 habet
2338 2533 2632 2588 Civitatem
2669 2530 2786 2598 Dei,
2821 2531 2974 2601 quod
3005 2531 3110 2584 hoc
3149 2546 3292 2600 opus
3332 2531 3503 2584 simul
3544 2535 3599 2584 et
3629 2531 3844 2584 docens

2140 2623 2196 2672 et
2223 2619 2519 2672 eoufutaus
2553 2634 2776 2672 errores
2842 2618 3089 2672 maxime
3143 2634 3518 2688 paganorum,
3570 2620 3845 2689 utrinque

2139 2707 2385 2761 mixtum
2418 2712 2580 2762 esset.
2617 2708 2680 2761 In
2709 2707 2812 2760 hac
2842 2707 3104 2776 portione
3160 2706 3305 2760 nihil
3357 2713 3442 2761 est
3480 2713 3688 2761 nostra:
3745 2707 3840 2760 in-

2138 2796 2392 2862 dustriae,
2446 2796 2599 2866 quod
2659 2797 2807 2850 hanc
2862 2797 3218 2866 provinciam
3259 2798 3486 2850 hortatu
3546 2813 3674 2850 meo
3731 2797 3847 2850 sibi

2137 2884 2369 2954 proprie
2391 2883 2722 2952 sumpsisset
2752 2885 2838 2938 vir
2887 2885 3148 2954 apprime
3205 2886 3402 2939 doetus
3444 2887 3690 2939 Joannes
3741 2886 3847 2938 Lu-

329 2990 444 3028 non
495 2975 664 3029 modo
713 2975 1056 3041 studiorum,
1106 2993 1140 3030 a
1176 2977 1510 3030 melioribus
1549 2977 1698 3030 curis
1746 2981 2021 3032 avocaret.
2063 2986 2102 3041 C
2138 2973 2372 3027 dovicus
2405 2974 2585 3028 Vives.
2620 2975 2683 3028 In
2715 2973 2946 3028 Sextum
2983 2979 3042 3028 et
3089 2973 3407 3043 Septimum
3446 2973 3847 3027 distribuimus

329 3062 474 3126 Quid
505 3062 742 3116 multis?
787 3079 918 3116 eum
961 3064 1154 3117 nullus
1201 3063 1486 3130 existeret,
1537 3065 1637 3134 qui
1684 3065 1852 3119 vellet
1897 3081 2026 3120 eam

329 3148 610 3203 sarcinam
636 3149 696 3203 in
733 3150 1002 3204 humeros
1039 3151 1264 3215 tollere,
1306 3155 1364 3205 et
1409 3153 1654 3205 Joannes
1714 3154 2026 3208 Frobenius

329 3243 698 3302 asseveraret,
747 3243 896 3292 stare
951 3239 1318 3302 sententiam,
1379 3246 1445 3294 ut
1507 3240 1554 3292 si
1609 3257 1727 3295 non
1795 3241 2026 3296 daretur

330 3324 510 3387 aliud,
543 3329 727 3379 totum
757 3327 1161 3397 Augustinum,
1200 3329 1384 3399 qualis
1413 3329 1596 3399 qualis
1643 3334 1782 3397 erat,
1829 3344 2026 3381 rursus

329 3413 669 3468 excuderet:
702 3431 807 3484 ego
839 3416 1048 3486 partim
1078 3417 1244 3470 amici
1273 3423 1554 3487 respectu,
1601 3418 1693 3471 cui
1733 3417 1870 3470 nihil
1903 3433 2027 3486 per-

331 3514 542 3568 negare
573 3499 828 3553 valebam
859 3518 872 3566 ;
905 3501 1002 3554 sed
1034 3503 1212 3555 multo
1243 3502 1425 3572 magis
1456 3502 1800 3572 inexpiabile
1839 3502 2028 3571 piacu-

330 3588 453 3641 lum
481 3603 604 3640 esse
629 3594 924 3658 reputans,
963 3589 1011 3643 si
1054 3595 1174 3644 tam
1215 3591 1455 3646 eximius
1498 3592 1758 3646 Ecclesiae
1805 3592 2023 3658 doctor,

329 3679 417 3728 tot
439 3674 661 3730 mendis
683 3676 917 3743 obsitus,
961 3678 1130 3732 tantis
1177 3679 1484 3750 impendiis
1533 3680 1722 3734 denuo
1772 3680 2026 3750 prodiret

330 3762 389 3816 in
421 3763 574 3818 orbis
604 3764 914 3833 theatrum,
945 3767 1052 3820 hoc
1094 3767 1406 3837 insigniore
1455 3767 1815 3822 deformitate
1857 3773 2023 3822 nota-

327 3851 480 3911 bilis,
515 3868 631 3923 quo
657 3853 842 3925 magis
867 3855 1151 3924 elegantia
1178 3855 1575 3922 formularum,
1619 3871 1684 3909 ac
1730 3855 2024 3925 majestate

333 3941 712 4008 voluminum,
766 3943 961 3996 oculos
999 3942 1262 3999 omnium
1308 3944 1376 3998 ad
1421 3961 1480 3998 se
1520 3949 1784 4014 rapturus
1831 3951 2019 3998 esset:

329 4029 569 4100 perinde
633 4031 798 4101 quasi
865 4048 1180 4103 purpuram
1228 4032 1494 4087 eximiam
1540 4033 1806 4088 ostendas
1861 4034 2023 4089 fwdis

330 4118 565 4172 maculis
586 4119 979 4186 deformatam,
1009 4137 1210 4192 passus
1239 4137 1366 4175 sum
1418 4121 1639 4192 imponi
1665 4122 1810 4176 mihi
1849 4123 2024 4177 clitel-

331 4208 426 4261 las.
488 4208 741 4262 Tandem
792 4208 890 4262 ubi
941 4213 1164 4264 tantum
1217 4211 1455 4280 pelagus
1506 4210 1795 4280 ingressus
1842 4211 2022 4265 ventis

329 4296 452 4348 vela
515 4295 818 4361 dedissem,
904 4298 1072 4367 longe
1150 4275 1302 4366 plus,
1353 4275 2023 4368 iquam'exspectaram,
2063 4275 2106 4330 θ

331 4381 588 4452 comperi
608 4382 986 4448 difﬁcultatis,
1020 4387 1226 4436 utnon
1250 4385 1422 4438 semel
1471 4384 1728 4439 animum
1785 4386 2028 4456 despon-

334 4468 536 4532 derim,
595 4467 780 4538 deque
830 4469 1157 4523 deserendis
1210 4469 1484 4525 institutis
1549 4472 1878 4542 eogitarim:
1956 4475 2023 4529 ad

334 4556 485 4628 quod
515 4556 703 4626 ipsum
735 4557 966 4611 evidens
996 4557 1167 4611 etiam
1197 4559 1538 4614 valetudinis
1572 4560 1891 4630 perieulum
1935 4561 2024 4615 in-

327 4646 562 4710 vitabat,
593 4649 713 4711 aut,
742 4651 808 4699 ut
838 4646 1047 4700 rectius
1094 4647 1298 4713 dicam,
1332 4649 1725 4719 compellebat.
1761 4651 1886 4705 Jam
1933 4667 2025 4705 me

328 4735 581 4791 terrebat
608 4739 667 4788 et
697 4735 1024 4804 exemplum
1066 4735 1297 4790 Joannis
1338 4737 1623 4804 Frobenii,
1669 4755 1842 4809 quem
1873 4739 2025 4794 vide-

326 4821 460 4876 bam
489 4820 620 4875 huic
670 4821 1049 4877 immortuum
1095 4824 1351 4895 negotio,
1402 4827 1588 4880 virum
1634 4827 1849 4898 alioqui
1897 4844 2026 4882 cum

328 4910 496 4965 firmo
527 4926 784 4980 corpore,
816 4915 940 4965 tum
970 4910 1085 4965 vita
1125 4912 1461 4984 longissima
1509 4914 1768 4984 dignum.
1820 4917 2027 4970 Verum

330 4997 482 5066 quod
514 4999 702 5067 prima
731 4997 919 5052 fronte
952 4997 1276 5053 deterrebat
1303 5016 1337 5053 a
1375 5001 1624 5071 negotio,
1679 5002 1788 5056 hoc
1838 5002 2024 5074 ipsum

329 5085 568 5154 propius
618 5086 998 5140 consideranti
1049 5086 1314 5142 stimulos
1377 5087 1638 5145 addebat.
1689 5092 1812 5145 Non
1873 5093 2028 5146 enim

330 5175 558 5239 oportet
613 5173 894 5228 bonorum
942 5173 1197 5228 virorum
1253 5176 1562 5232 amicitiam
1641 5179 1771 5233 vitae
1845 5180 2026 5250 spatio

328 5259 649 5327 terminari,
704 5263 1020 5330 praesertim
1068 5279 1199 5317 cum
1250 5264 1418 5335 hujus
1483 5266 1806 5322 difﬁcillimi
1861 5285 2029 5339 nego-

327 5346 394 5399 tii
450 5347 630 5400 moles
672 5349 732 5401 in
784 5350 933 5404 ﬁlios
991 5352 1143 5406 illius
1191 5351 1598 5424 Hieronymum
1650 5361 1705 5410 et
1750 5357 2028 5412 Joannem

330 5434 670 5500 Erasmium,
713 5437 1084 5510 reliquosque
1129 5441 1335 5495 liberos
1382 5449 1532 5496 esset
1564 5443 1852 5510 devoluta,
1901 5446 2028 5516 qui-

328 5523 432 5577 bus
503 5524 607 5577 hoe
657 5525 844 5580 minus
901 5530 1200 5597 oportebat
1249 5531 1458 5594 deesse,
1514 5533 1666 5602 quod
1715 5533 1812 5588 tali
1867 5539 2028 5604 patre

2135 3077 2361 3131 pugnas
2408 3061 2677 3116 adversus
2733 3062 2978 3116 haereses
3025 3062 3302 3116 diversas.
3363 3063 3428 3115 In
3477 3061 3740 3116 Octavum
3785 3067 3847 3114 et

2137 3151 2366 3204 Nonum
2424 3149 2643 3203 collecti
2700 3155 2832 3204 sunt
2886 3154 3177 3214 tractatus,
3233 3150 3310 3203 sic
3375 3149 3529 3204 enim
3591 3151 3848 3219 appellat

2135 3239 2490 3308 Augustinus
2517 3239 2938 3309 Scripturarum
2961 3239 3348 3293 enarrationes
3379 3239 3530 3307 apud
3559 3239 3840 3308 populum

2135 3327 2377 3391 habitas,
2434 3327 2544 3381 nisi
2584 3328 2733 3398 quod
2788 3328 2847 3381 in
2893 3328 3118 3381 Nonum
3149 3327 3501 3396 farraginem
3528 3328 3842 3397 quamdam

2135 3419 2451 3487 adjecimus
2481 3417 2826 3485 libellorum,
2859 3434 3004 3488 quos
3034 3417 3141 3471 viri
3179 3417 3367 3471 nescio
3413 3417 3512 3487 qui
3555 3417 3846 3486 spiritales

2134 3507 2194 3559 in
2221 3507 2329 3560 hoc
2356 3523 2586 3577 parasse
2613 3506 2900 3570 videntur,
2933 3511 2998 3560 ut
3027 3507 3288 3560 affectum
3319 3523 3487 3560 suum
3534 3507 3603 3559 ad
3647 3522 3842 3559 rerum

2134 3594 2448 3649 ecetestium
2479 3595 3023 3664 contemplationem
3055 3594 3498 3649 iutlammarent.
3541 3593 3842 3648 Decimum

2134 3683 2403 3737 volumen
2445 3683 2846 3753 complectitur
2870 3683 3137 3737 homilias
3192 3682 3331 3736 varii
3384 3682 3731 3753 argumenti,
3779 3683 3844 3737 in

2135 3771 2344 3842 quibus
2383 3772 2671 3841 permulta
2729 3775 2862 3826 sunt
2910 3771 3117 3834 aliena,
3168 3771 3656 3843 quemadmodum
3693 3775 3750 3824 et
3779 3771 3846 3825 in

2136 3861 2315 3914 Nono.
2350 3861 2414 3914 In
2439 3859 2694 3930 singulis,
2730 3875 2801 3914 ne
2827 3860 3017 3914 nullus
3036 3864 3185 3914 esset
3213 3859 3370 3924 ordo,
3415 3860 3501 3914 vel
3548 3875 3845 3913 sacrorum

2133 3947 2514 4013 voluminum,
2544 3963 2674 4018 quae
2704 3948 3137 4018 interpretatur,
3194 3947 3477 4009 ordinem,
3519 3948 3606 4002 vel
3654 3948 3841 4001 heare-

2133 4051 2274 4090 seon
2301 4035 2552 4106 origines
2581 4035 2758 4089 secuti
2792 4050 3011 4088 sumus.
3046 4035 3175 4097 Ipse
3205 4035 3558 4106 Augustinus
3579 4035 3638 4089 in
3676 4034 3843 4088 libris

2134 4124 2619 4180 Retraetationum
2698 4123 2898 4177 maluit
2934 4123 3115 4177 etatis
3166 4139 3306 4193 suae,
3355 4129 3412 4178 et
3456 4123 3516 4178 in
3569 4123 3844 4178 Christia-

2135 4213 2320 4267 nismo
2355 4227 2723 4282 progressum
2772 4211 3035 4266 ordinem
3084 4211 3266 4282 sequi,
3329 4227 3651 4277 recensens,
3708 4227 3846 4280 quae

2134 4299 2422 4371 scripserit
2478 4299 2942 4364 catechumenus,
3004 4314 3133 4368 qua:
3184 4314 3342 4354 sacro
3395 4300 3617 4353 lavacro
3673 4314 3846 4353 rena-

2134 4391 2246 4452 tus,
2297 4403 2425 4457 qua:
2469 4386 2787 4456 presbyter,
2845 4400 2975 4455 quae
3024 4385 3342 4456 episcopus,
3397 4385 3848 4455 nisi‘eum-epi-

2135 4473 2293 4527 stolis
2323 4477 2378 4526 et
2405 4472 2738 4526 tractatibus
2785 4486 2955 4524 suum
2998 4471 3186 4525 locum
3230 4471 3545 4526 destinasse
3593 4472 3844 4537 videtur,

2135 4578 2311 4633 quam
2353 4561 2524 4630 hujus
2551 4573 2702 4614 cura:
2731 4564 2953 4630 partem
2982 4576 3099 4614 non
3137 4560 3394 4624 absolvit,
3428 4565 3492 4614 ut
3543 4577 3607 4614 ex
3657 4561 3846 4630 ipsius

2135 4651 2354 4720 aliquot
2392 4649 2616 4719 scriptis
2665 4653 2925 4719 apparet.
2983 4649 3277 4720 Siquidem
3334 4649 3442 4703 hoe
3497 4649 3849 4703 moliebatur

2128 4740 2248 4811 jam
2312 4743 2566 4792 extrema
2615 4741 2860 4799 senecta,
2902 4737 3078 4790 veluti
3123 4737 3471 4808 praesagiens
3522 4741 3848 4793 extremum

2134 4827 2439 4882 imminere
2471 4825 2647 4892 diem,
2679 4831 2958 4896 tantoque
3003 4825 3312 4880 studiosius
3347 4842 3541 4896 agens,
3584 4831 3649 4880 ut
3690 4842 3849 4896 quo-

2134 4917 2291 4970 niam
2343 4915 2494 4969 vocis
2551 4913 2738 4968 ofﬁcio
2792 4913 3008 4968 diutius
3078 4913 3337 4967 Ecelesiaa
3395 4915 3666 4984 prodesse
3720 4930 3848 4967 non

2136 5009 2381 5076 poterat,
2415 5004 2474 5057 in
2498 5003 2662 5057 libris
2689 5002 2773 5056 illi
2807 5006 3148 5072 superesset,
3181 5006 3459 5072 quatenus
3512 5001 3735 5067 licebat,
3787 5008 3850 5056 et

2137 5093 2474 5148 emendatus
2505 5096 2563 5146 et
2594 5091 2838 5160 integer,
2893 5089 3051 5159 quod
3092 5091 3506 5161 propemodum
3553 5094 3852 5144 assecutus

2137 5186 2242 5235 est.
2276 5181 2374 5236 Vix
2403 5180 2558 5234 enim
2592 5195 2660 5232 ex
2704 5179 2940 5231 alterius
2988 5179 3381 5233 monumentis
3427 5178 3620 5231 minus
3661 5177 3848 5230 inter-

2137 5271 2293 5340 cidit,
2326 5287 2359 5325 a
2385 5267 2856 5340 depravatoribus
2887 5266 3032 5321 nihil
3059 5267 3318 5321 omnium
3353 5267 3534 5337 potuit
3565 5282 3846 5337 umquam

2137 5375 2259 5414 esse
2318 5364 2525 5413 tutum.
2570 5357 2829 5410 Nostram
2888 5372 3123 5426 operam
3170 5355 3260 5409 hic
3306 5371 3421 5409 non
3474 5353 3850 5426 exaggerabi-

2136 5464 2303 5514 mus;
2359 5447 2610 5502 conferat
2660 5444 2752 5498 cui
2803 5450 2983 5510 vacat,
3037 5451 3094 5499 et
3137 5449 3418 5515 agnoscet.
3473 5445 3585 5498 Nec
3645 5450 3846 5498 tamen

2136 5535 2320 5590 ausim
2371 5535 2646 5606 polliceri,
2706 5535 2845 5589 nihil
2894 5534 3189 5599 resedisse,
3238 5534 3388 5604 quod
3438 5538 3600 5603 egeat
3646 5547 3851 5587 emen—
