4060 6194
241 296 302 348 6t
1247 293 1519 350 NOTlTlA
1561 293 1978 350 LlTTEltARIA
2018 293 2083 346 IN
2127 295 2182 347 ὃ.
2225 292 2692 348 AUCUSTINUM.
3695 296 3761 347 6‘2

243 417 446 472 datore
521 416 741 472 Alicubi
770 431 874 470 nos
921 414 1300 470 destituerant
1337 415 1538 470 vetusti
1566 415 1805 480 codices,
1839 414 1944 469 ali-
1981 417 2025 471 A
2129 414 2286 467 Tomo
2341 413 2437 466 ΙΙΙ.
2477 441 2544 451 -
2571 413 2647 466 De
2695 411 2954 466 doctrina
3010 411 3328 468 Christiana
3376 411 3472 466 lib.
3507 413 3610 477 IV;
3647 412 3752 466 Lo-

243 506 480 571 quando
521 506 583 559 in
614 521 786 576 opere
818 509 934 558 tam
964 505 1190 574 prolixo
1220 521 1453 558 somnus
1480 504 1752 574 obrepsit,
1777 520 1950 574 quem

244 596 476 649 Flaccus
535 600 702 664 putat
745 610 866 647 esse
905 593 1348 648 condonandum
1392 595 1659 647 humanae
1707 599 1944 647 naturae.

237 685 362 736 1am
414 683 464 736 si
514 698 816 752 operarum
866 683 1086 736 incuria
1139 682 1505 736 commissum
1557 687 1652 742 est,
1704 699 1734 734 a
1784 681 1949 734 nobis

239 772 508 840 praestari
535 788 648 825 non
674 772 879 841 potuit,
911 772 1009 842 qui
1039 787 1167 825 cum
1213 770 1440 825 ofﬁcina
1483 770 1626 824 nihil
1674 769 1947 824 habemus

237 859 596 913 commercii.
645 861 887 914 Tantum
926 859 1056 913 illos
1117 860 1424 914 admonere
1477 875 1796 930 possumus,
1849 859 1948 928 qui

235 953 500 1018 praesunt
529 948 813 1001 ofﬁcinae:
863 949 1017 1018 quod
1065 949 1300 1019 quidem
1341 966 1373 1002 a
1433 947 1596 1002 nobis
1625 949 1832 1001 factum
1863 953 1948 1001 est

234 1037 464 1090 sedulo.
518 1037 807 1107 Quidquid
866 1040 1058 1090 nostra
1112 1037 1475 1091 mediocritas
1523 1037 1726 1108 potuit,
1795 1037 1946 1090 bona

237 1124 354 1178 ﬁde
388 1125 672 1194 praestitit.
709 1149 729 1172 ι

349 1214 536 1266 Habes
561 1212 652 1267 hic
682 1211 897 1278 omnia,
935 1212 1144 1282 quibus
1177 1229 1322 1266 nova
1351 1211 1526 1266 editio
1560 1228 1616 1265 se
1651 1227 1941 1265 commen-

235 1302 352 1354 det.
405 1303 517 1354 Nec
564 1317 1065 1370 supervacaneum,
1112 1301 1289 1355 immo
1337 1300 1721 1354 necessarium
1777 1301 1941 1371 plane

233 1390 588 1454 existimem,
623 1391 862 1444 indicem
893 1391 1270 1458 singulorum,
1306 1408 1433 1461 quae
1479 1390 1536 1442 in
1590 1406 1940 1460 unoquoque

234 1484 400 1532 tomo
431 1479 820 1548 continentur,
849 1495 1085 1549 operum
1112 1480 1477 1550 subjungere.
1498 1479 1764 1543 Quamvis
1786 1479 1939 1533 enim

233 1571 306 1621 ab
357 1567 528 1622 initio
567 1568 936 1622 constitutum
970 1574 1111 1636 erat,
1143 1569 1202 1621 in
1232 1569 1548 1622 editionum
1583 1585 1815 1622 recensu
1847 1585 1934 1620 or-
1961 1626 1968 1638 ⁸

234 1655 436 1708 dinem
486 1654 824 1708 continuum
859 1655 1135 1710 libroruin
1183 1671 1298 1709 non
1339 1655 1643 1726 attingere,
1674 1661 1729 1709 et
1775 1655 1937 1710 facile

235 1759 341 1796 nos
398 1742 676 1812 ejusmodi
735 1743 923 1797 indice
969 1745 1244 1797 carituros
1285 1761 1404 1797 esse
1457 1744 1599 1798 mihi
1652 1762 1941 1814 persuase-

234 1848 390 1898 ram,
419 1831 664 1885 maxime
687 1848 818 1885 cum
857 1849 1028 1902 supra
1057 1833 1116 1885 in
1142 1849 1377 1886 recensu
1411 1833 1669 1886 omnium
1691 1833 1939 1903 diligen-

237 1925 324 1972 ter
355 1925 614 1973 notatum
635 1920 726 1979 sit,
758 1919 854 1974 ubi
877 1920 1114 1990 quodvis
1138 1925 1252 1973 tam
1282 1921 1340 1974 in
1374 1922 1736 1990 Erasmianis,
1769 1938 1940 1992 quam

241 2008 694 2062 Lovaniensibus
725 2014 780 2061 et
812 2008 1176 2062 Benedictina
1215 2009 1568 2079 reperiatur;
1607 2010 1728 2079 ipsa
1751 2016 1939 2063 tamen

235 2113 297 2150 re
320 2096 507 2150 edocti
537 2114 754 2163 sumus,
799 2103 1010 2150 certam
1057 2099 1125 2151 de
1175 2114 1432 2151 successu
1477 2099 1693 2152 collata:
1735 2100 1793 2152 in
1841 2115 1940 2152 au-

231 2190 455 2239 ctorem
487 2203 673 2256 operze
704 2185 964 2239 notitiam
996 2185 1296 2239 informari
1343 2202 1458 2239 non
1508 2203 1693 2255 posse,
1742 2187 1852 2240 nisi
1882 2187 1940 2240 in

235 2275 559 2345 potioribus
603 2274 946 2327 editionibus
993 2274 1272 2328 librorum
1304 2291 1610 2328 numerum
1642 2279 1699 2329 et
1736 2275 1941 2329 seriem

231 2363 448 2415 intueri
481 2361 663 2415 liceat.
699 2362 876 2431 Hujus
920 2362 1096 2432 igitur
1137 2362 1483 2416 Erasmiauae
1529 2363 1666 2415 ordo
1699 2363 1788 2416 hic
1818 2369 1938 2418 est:

229 2454 288 2503 in
329 2456 474 2504 temo
507 2451 525 2503 Ι
564 2449 802 2502 insunt:
855 2450 1342 2504 Retractationum
1389 2450 1489 2504 lib.
1533 2451 1604 2516 ΙΙ,
1644 2467 1763 2504 cum
1814 2467 1940 2505 ceu-

229 2555 412 2605 sura;
483 2538 915 2593 Confessionum
973 2537 1103 2592 libri
1178 2539 1318 2605 ΧΙΙΙ,
1376 2555 1495 2592 cum
1549 2555 1810 2604 censura;
1863 2541 1940 2595 De

229 2627 616 2682 Grammatica
661 2627 806 2680 liber
852 2642 1036 2692 unus;
1078 2626 1366 2697 Principia
1410 2627 1752 2690 dialecticas;
1787 2631 1939 2683 Cate-

229 2716 415 2787 goria:
461 2716 699 2779 decem;
747 2714 1034 2785 Principia
1081 2715 1421 2769 rhetorices:
1463 2717 1540 2769 De
1578 2716 1792 2770 musica
1820 2716 1934 2784 .lib.

235 2808 339 2873 VI;
377 2807 585 2860 Contra
626 2804 990 2859 Academicos
1037 2804 1134 2858 lib.
1186 2806 1298 2871 IlI;
1350 2805 1427 2858 De
1474 2805 1671 2859 ordine
1709 2806 1809 2860 lib.
1850 2807 1934 2873 ll;

237 2896 309 2948 De
360 2894 473 2947 vita
504 2894 705 2958 beata;
756 2892 1206 2963 Soliloquiorum
1247 2893 1346 2948 lib.
1382 2894 1468 2959 ll;
1515 2895 1590 2947 De
1630 2895 1932 2964 magistro;

2059 501 2356 554 cutionum
2386 499 2482 553 lib.
2519 501 2647 568 VII;
2681 502 2758 554 De
2791 501 2898 555 ﬁde
2923 507 2980 556 et
3005 501 3260 572 symbolo
3283 501 3376 554 lib.
3405 502 3426 555 Ι
3455 521 3469 567 ;
3502 499 3752 554 Enchiri-

2059 590 2194 643 dion
2225 590 2292 643 de
2325 589 2456 654 ﬁde,
2490 605 2587 659 spe
2619 594 2674 642 et
2692 590 2964 644 cliaritate
3020 591 3087 643 ad
3143 590 3511 644 Laurentium
3559 589 3654 642 lib.
3693 590 3712 642 Ι
3742 608 3756 654 ;

2059 680 2135 733 De
2181 679 2568 732 ecclesiasticis
2618 678 2977 748 dogmatibus
3032 680 3122 732 ΙΙΙ).
3167 680 3208 744 Ι,
3239 695 3354 733 cum
3384 694 3642 741 censura;
3679 677 3755 730 De

2056 767 2169 821 ﬁde
2226 768 2295 821 ad
2355 769 2586 820 Petrum
2636 768 2939 821 diaconum
2998 768 3096 821 lib.
3145 769 3186 832 Ι,
3220 783 3338 822 cum
3379 783 3644 830 censura;
3679 767 3753 818 De

2053 856 2326 910 Trinitate
2357 856 2452 910 lib.
2489 857 2610 922 XV;
2654 857 2727 910 De
2760 857 2959 909 Genesi
2991 857 3060 910 ad
3098 856 3345 910 litteram
3391 856 3755 926 imperfectus

2055 945 2149 998 lib.
2192 947 2208 999 Ι
2244 961 2257 1011 ;
2311 947 2386 999 De
2437 945 2639 1001 Genesi
2687 945 2756 998 ad
2799 947 3040 998 litteram
3071 944 3169 998 lib.
3203 945 3331 1006 Xll;
3368 946 3441 997 De
3475 943 3752 996 mirabili-

2054 1033 2158 1086 bus
2199 1049 2372 1086 sacrm
2403 1034 2706 1104 Scriptura:
2743 1033 2837 1086 lib.
2870 1034 2962 1096 ΙΙΙ,
2999 1049 3116 1086 cum
3157 1048 3408 1097 censura;
3455 1034 3528 1085 De
3571 1047 3752 1100 agone

2054 1121 2370 1176 Christiano
2410 1122 2506 1175 lib.
2563 1123 2618 1187 I;
2655 1122 2732 1174 De
2779 1137 2951 1189 opere
3001 1121 3410 1172 monachorum
3449 1119 3548 1172 lib.
3575 1121 3636 1184 I;
3676 1119 3752 1172 De

2051 1210 2253 1281 spiritu
2293 1215 2346 1262 et
2389 1210 2575 1264 littera
2605 1211 2673 1264 ad
2697 1209 3095 1278 Marcellinum
3129 1210 3221 1262 lib.
3259 1210 3314 1272 I;
3351 1209 3426 1261 De
3456 1207 3756 1260 divinatio-

2050 1315 2122 1352 ne
2147 1299 2472 1352 daemonum
2505 1299 2600 1353 lib.
2638 1301 2657 1352 Ι
2689 1319 2703 1364 ;
2737 1300 2812 1352 De
2843 1298 3044 1368 Spiritu
3076 1304 3131 1350 et
3173 1297 3365 1349 anima
3407 1296 3503 1350 lib.
3541 1298 3580 1362 Ι,
3635 1310 3753 1349 cum

2050 1403 2318 1454 censura;
2363 1388 2667 1457 Speculum
2722 1387 2816 1440 lib.
2855 1389 2898 1453 Ι,
2959 1402 3077 1440 cum
3123 1401 3376 1451 misum;
3428 1383 3751 1448 Qttwstlun-

2049 1476 2190 1529 cuia:
2222 1476 2290 1529 de
2319 1476 2593 1530 Trinitate
2622 1493 2635 1542 ;
2681 1477 2754 1529 De
2786 1474 3277 1528 benedictionibus
3309 1473 3478 1526 Jacob
3520 1471 3752 1541 patriar-

2049 1565 2189 1629 chos,
2239 1581 2356 1619 cum
2411 1580 2673 1630 censura;
2721 1564 3025 1618 Sententia:
3075 1579 3142 1617 ex
3181 1560 3486 1632 Augustini
3518 1567 3573 1614 et
3605 1559 3750 1612 alio-

2052 1668 2179 1707 rum
2208 1653 2368 1707 libris
2390 1655 2684 1723 decerptas.
3650 1713 3660 1734 ,

2130 1745 2285 1796 Tomo
2334 1743 2431 1796 IV.
2478 1773 2542 1780 —
2583 1743 2656 1796 De
2712 1739 3008 1794 mendacio
3059 1740 3129 1793 ad
3201 1737 3569 1792 Consentium
3611 1737 3755 1792 liber

2053 1846 2237 1894 unus;
2273 1832 2476 1885 Contra
2508 1829 2866 1884 mendacium
2898 1829 2967 1883 ad
2999 1828 3262 1882 eumdem
3295 1827 3392 1880 lib.
3431 1829 3487 1892 l;
3533 1827 3606 1879 De
3642 1826 3752 1880 ﬁde

2053 1923 2110 1972 et
2139 1918 2406 1988 operibus
2439 1919 2534 1972 lib.
2572 1919 2625 1982 l;
2659 1918 3052 1981 Quaestionum
3093 1917 3149 1969 in
3189 1917 3356 1968 Vetus
3400 1917 3750 1968 Instrumen-

2052 2019 2175 2068 tum
2222 2015 2320 2069 lib.
2374 2017 2513 2081 Vll;
2573 2015 2965 2079 Quaestionum
3025 2013 3489 2082 Evangelicarum
3538 2012 3636 2064 lib.
3665 2012 3748 2076 ll;

2051 2103 2446 2166 Quaestionum
2516 2104 2982 2173 Evangelicarum
3049 2103 3357 2155 secundum
3423 2100 3751 2154 Mutiliasum

2052 2191 2149 2244 lib.
2213 2193 2253 2252 Ι,
2315 2208 2432 2245 cum
2479 2208 2745 2257 censura;
2796 2193 2872 2244 De
2929 2207 3208 2244 consensu
3267 2189 3750 2258 Evangelistarum

2053 2278 2147 2331 lib.
2186 2280 2253 2332 IV
2280 2297 2292 2344 ;
2325 2280 2626 2349 Octoginta
2655 2279 2830 2333 trium
2863 2280 3246 2349 quaestionum
3279 2279 3373 2332 lib.
3412 2279 3453 2342 Ι,
3477 2293 3594 2330 cum
3625 2293 3749 2330 cen—

2051 2382 2219 2430 sura;
2256 2368 2466 2436 Viginti
2497 2367 2666 2421 unius
2692 2367 3108 2421 sententiarum
3136 2368 3235 2421 lib.
3269 2368 3312 2428 Ι,
3347 2382 3465 2420 cum
3491 2381 3750 2431 censura;

2033 2456 2133 2508 -De
2182 2455 2417 2508 diversis
2457 2455 2872 2525 quaestionibus
2921 2458 2991 2510 ad
3031 2455 3462 2525 Simplicianum
3509 2455 3604 2508 lib.
3659 2454 3748 2519 ll;

2055 2543 2128 2594 De
2188 2546 2312 2594 octo
2367 2542 2593 2595 Dulcitii
2642 2541 3052 2612 quaestionibus
3096 2543 3194 2597 lib.
3251 2543 3310 2605 I;
3361 2541 3748 2605 Quaestionum

2054 2630 2182 2683 LXV
2225 2629 2506 2700 dialogus,
2556 2646 2675 2684 cum
2717 2647 2980 2696 censura;
3033 2631 3425 2695 Quaestionum
3460 2628 3665 2683 veteris
3697 2633 3753 2682 et

2050 2718 2182 2771 novi
2239 2718 2584 2772 Testamenti
2626 2720 2723 2774 lib.
2773 2721 2814 2785 Ι,
2861 2737 2980 2774 cum
3030 2736 3291 2785 censura;
3351 2720 3428 2772 De
3485 2733 3620 2770 cura
3649 2733 3751 2786 pro

2050 2807 2292 2860 mortuis
2331 2808 2582 2877 gerenda
2613 2809 2683 2862 ad
2718 2810 3023 2862 Paulinum
3051 2809 3147 2862 lib.
3184 2810 3203 2860 Ι
3237 2825 3248 2872 ;
3287 2809 3362 2859 De
3393 2805 3748 2859 catechizan-

2049 2895 2132 2947 dis
2163 2895 2396 2948 rudibus
2427 2897 2523 2949 lib.
2548 2897 2606 2960 I;
2647 2899 2724 2950 De
2757 2896 3147 2950 incarnatione
3183 2895 3346 2948 Verbi
3377 2895 3473 2948 lib.
3513 2895 3582 2950 ΙΙ.
3630 2909 3748 2947 cum

233 2985 308 3037 De
355 2982 790 3036 immortalitate
825 2982 1069 3052 animus;
1105 2984 1183 3036 De
1214 2982 1393 3036 libero
1423 2982 1658 3036 arbitrio
1688 2982 1786 3037 lib.
1822 2985 1892 3036 ΙΙΙ
1923 3003 1937 3050 ;
1975 2998 2015 3054 ο
2050 2997 2310 3049 censura;
2362 2985 2437 3038 De
2483 2983 2734 3038 trinitate
2778 2990 2834 3038 et
2866 2985 3081 3038 unitate
3116 2983 3211 3037 Dei
3251 2982 3348 3036 lib.
3401 2984 3445 3048 Ι,
3475 2999 3593 3046 cum
3630 2998 3747 3035 cen-

232 3073 308 3126 De
370 3087 504 3124 vera
541 3070 851 3140 religione;
903 3071 978 3124 De
1022 3071 1275 3124 moribus
1324 3070 1582 3124 Ecclesiae
1623 3071 1935 3138 catholicm,

227 3167 283 3214 et
347 3160 419 3214 de
483 3158 740 3213 moribus
788 3159 1366 3227 Manichaaorumlib.
1423 3161 1492 3227 ll,
1535 3175 1654 3213 cum
1681 3175 1935 3227 censura;

233 3250 306 3302 De
359 3248 565 3302 Genesi
626 3253 825 3301 contra
875 3247 1211 3302 Manichaeos
1258 3248 1358 3301 lib.
1407 3249 1478 3314 ll,
1510 3264 1628 3302 cum
1675 3263 1932 3313 censura;

229 3337 469 3406 Regulae
521 3334 848 3406 Augustini,
899 3351 1019 3389 cum
1065 3350 1288 3390 censura
1318 3353 1334 3403 ;
1360 3335 1700 3389 Posidonius
1725 3336 1793 3390 de
1824 3335 1938 3389 vita

229 3423 561 3494 Augustini.

296 3512 364 3565 In
439 3515 574 3562 tomo
615 3511 683 3564 ΙΙ.
733 3539 800 3548 -
834 3508 1214 3578 Epistolarum
1258 3508 1504 3579 farrago.
1549 3540 1612 3549 —
1667 3510 1934 3580 Epistulae

227 3604 363 3652 sunt
413 3599 654 3662 CCXLII,
707 3598 964 3651 ducenta}
1014 3598 1393 3668 quadraginta
1443 3599 1589 3664 dum,
1624 3599 1774 3651 inter
1794 3616 1934 3671 quas

225 3693 280 3740 et
324 3687 540 3758 spuria:
588 3687 849 3758 quaedam
890 3687 961 3740 ab
1013 3687 1242 3740 Erasmo
1283 3686 1448 3740 obelo
1488 3688 1796 3754 transﬁxae,
1829 3705 1935 3742 nec

227 3782 422 3829 tamen
472 3792 699 3846 prorsus
751 3775 876 3830 loco
932 3779 1121 3828 metm.
1174 3774 1470 3828 Pertinent
1515 3775 1627 3829 huc
1678 3777 1932 3846 epistola:

230 3866 402 3934 vulgo
440 3863 747 3934 Augustini
795 3863 958 3917 dictae
1005 3862 1072 3917 ad
1131 3862 1482 3917 Bouifacium
1533 3868 1586 3917 et
1634 3864 1803 3934 hujus
1862 3865 1931 3919 ad

228 3951 636 4023 Augustinum,
715 3968 744 4004 e
793 3951 1000 4022 quibus
1049 3951 1282 4005 nonnisi
1343 3967 1515 4006 unam
1565 3954 1932 4007 vehementer

225 4041 510 4112 prolixam
541 4046 595 4094 et
621 4039 926 4109 insigniter
955 4040 1328 4105 illitteratam,
1363 4045 1428 4092 ut
1456 4042 1578 4111 ipse
1609 4041 1816 4113 inquit,
1848 4058 1930 4095 re-

223 4145 458 4184 movere
497 4128 786 4192 sustinuit,
837 4132 1228 4199 praetereaque
1274 4129 1575 4183 coronidem
1615 4130 1712 4184 sub
1753 4133 1928 4186 titulis

216 4219 441 4287 Cyrilli,
494 4219 669 4271 subito
724 4217 917 4270 Latine
975 4219 1239 4287 loquentis
1284 4223 1335 4271 et
1394 4219 1693 4287 Augustini
1749 4221 1926 4276 Greco

2045 3087 2213 3139 sura;
2251 3073 2324 3126 De
2363 3072 2605 3126 essentia
2646 3073 2958 3127 divinitatis
2997 3073 3100 3130 lib.
3135 3073 3176 3136 Ι,
3209 3087 3329 3126 cnm
3370 3087 3627 3134 censura;
3669 3071 3746 3124 De

2047 3159 2158 3212 ﬁde
2191 3174 2383 3212 rerum
2405 3159 2778 3212 invisibilium
2809 3159 2905 3213 lib.
2944 3161 2986 3225 Ι,
3036 3175 3155 3213 cum
3197 3175 3422 3213 censura
3452 3179 3471 3222 ;
3505 3160 3580 3212 De
3614 3157 3744 3211 sub-

2047 3246 2257 3300 stantia
2286 3246 2605 3300 dilectionis
2632 3247 2730 3300 lih.
2767 3248 2807 3312 Ι,
2839 3263 2957 3300 cum
2989 3262 3214 3301 censura
3234 3263 3256 3308 ;
3288 3247 3364 3300 De
3395 3245 3747 3299 continentia

2045 3334 2140 3388 lib.
2167 3335 2209 3400 Ι,
2241 3349 2359 3388 cum
2389 3349 2648 3399 censura;
2685 3336 2761 3388 De
2801 3335 3077 3403 patientia
3106 3335 3202 3388 lib.
3251 3336 3291 3400 Ι,
3325 3350 3444 3388 cum
3490 3349 3747 3397 censura;

2047 3425 2125 3476 De
2157 3422 2305 3478 bono
2337 3423 2626 3476 viduitatis
2658 3423 2753 3477 lib.
2800 3426 2844 3491 Ι,
2875 3440 2994 3477 cum
3025 3439 3289 3488 censura;
3320 3423 3482 3488 (lluic
3518 3438 3745 3492 quoque

2044 3515 2198 3564 tonio
2247 3511 2458 3564 inserta
2501 3518 2584 3564 est
2630 3513 2867 3567 Censura
2915 3512 3044 3565 libri
3087 3512 3151 3565 de
3175 3513 3556 3578 singularitate
3583 3512 3745 3564 cleri-

2041 3614 2243 3665 corum,
2275 3600 2376 3670 qui
2415 3599 2535 3669 ipse
2565 3604 2759 3654 tamen
2788 3605 3084 3670 tamquam
3114 3600 3333 3654 alienus
3379 3600 3525 3653 fetus
3565 3605 3622 3653 et
3652 3599 3745 3652 in-

2041 3691 2128 3741 ter
2158 3688 2400 3741 aliorum
2433 3687 2608 3742 etiam
2639 3689 2869 3743 Patrum
2900 3705 3072 3760 opera
3111 3689 3312 3743 iterata
3342 3688 3460 3742 vice
3497 3688 3743 3757 vulgata,

2041 3776 2282 3829 omissus
2339 3775 2474 3846 est);
2535 3777 2611 3830 De
2676 3793 2809 3831 vera
2861 3783 2916 3832 et
2973 3778 3110 3832 falsa
3156 3777 3493 3848 paenitentia
3548 3776 3644 3830 lib.
3698 3777 3743 3842 1,
3833 3799 3840 3812 -

2043 3879 2162 3919 cum
2207 3879 2462 3932 censura;
2491 3867 2568 3920 De
2619 3866 2961 3920 salutaribus
2997 3866 3353 3920 documentis
3401 3865 3500 3918 lib.
3550 3865 3592 3928 l,
3625 3879 3743 3918 cum

2039 3969 2300 4020 censura;
2358 3955 2436 4008 De
2487 3955 2730 4009 amicitia
2772 3955 2866 4008 lib.
2903 3956 2944 4018 Ι,
2979 3970 3098 4008 cum
3126 3969 3383 4016 censura;
3418 3954 3494 4006 De
3527 3967 3740 4005 sermo-

2038 4057 2106 4094 ne
2167 4043 2394 4096 Domiui
2425 4045 2482 4096 in
2514 4046 2721 4112 Emonte
2770 4045 2870 4096 lib.
2925 4045 3010 4110 lI;
3057 4041 3428 4111 Expositionis
3481 4039 3742 4109 Epistulam

2037 4130 2197 4184 Pauli
2221 4132 2289 4184 ad
2341 4132 2625 4186 Romanos
2675 4130 2755 4184 lib
2829 4133 2886 4196 l;
2936 4128 3310 4200 Expositionis
3359 4127 3738 4198 quarumdam

2038 4217 2496 4286 propositionum
2529 4233 2596 4271 ex
2629 4217 2872 4288 Epistoia
2899 4217 2971 4271 ad
3005 4219 3292 4272 Romanos
3321 4215 3420 4270 lib.
3452 4216 3469 4268 Ι
3496 4231 3510 4282 ;
3556 4215 3738 4284 Expo-

216 4308 364 4360 male
406 4307 603 4361 Latine
635 4306 916 4359 scribentis
965 4306 1429 4375 impudentissime
1475 4307 1757 4379 conﬁctam
1787 4324 1927 4363 rese-
1965 4287 2009 4342 D
2039 4304 2264 4358 sitionis
2299 4305 2563 4376 Epistolas
2595 4287 2754 4360 Pauli
2795 4309 2864 4360 ad
2908 4306 3130 4361 Galatas
3168 4304 3265 4360 lib.
3320 4306 3375 4372 l;
3405 4303 3738 4358 Annotatio-

217 4398 352 4449 cuit.
382 4397 569 4464 Atque
609 4393 695 4447 his
726 4393 1001 4464 epistolis,
1038 4399 1152 4448 tam
1183 4395 1443 4466 singulis,
1476 4396 1574 4450 ubi
1598 4397 1831 4467 quidem
1863 4414 1928 4452 ex

217 4502 278 4538 re
309 4484 628 4546 videbatur,
661 4500 914 4538 censurae
944 4485 1159 4555 aliquid
1203 4485 1438 4554 addidit,
1482 4503 1654 4557 quam
1702 4487 1927 4541 univer-

220 4574 296 4627 sis
348 4573 523 4627 etiam
570 4573 841 4643 praefatus
873 4577 956 4626 est
992 4573 1052 4627 in
1081 4576 1308 4643 epistola
1338 4575 1412 4629 ad
1449 4576 1690 4642 lectores,
1724 4577 1929 4646 scripta

219 4660 447 4714 Basilez
515 4662 834 4726 MDXXVII,
885 4661 1094 4716 docens
1144 4663 1376 4733 partim,
1424 4664 1579 4735 quod
1637 4665 1708 4718 ad
1752 4672 1926 4718 exter-

222 4762 363 4799 num
391 4762 596 4800 earum
627 4747 885 4801 habitum
933 4754 1170 4819 spectet,
1220 4767 1335 4817 eas,
1376 4751 1542 4821 sicut,
1581 4756 1637 4806 et
1686 4753 1925 4822 popula-

220 4851 311 4888 res
363 4835 652 4890 orationes
710 4835 1036 4906 (homilias),
1096 4854 1414 4909 numquam
1459 4855 1563 4894 nec
1625 4840 1685 4894 in
1728 4841 1923 4896 Retra-

218 4923 539 4978 ctationum
588 4923 768 4991 libris,
817 4941 917 4979 nec
963 4931 1180 4996 postea,
1231 4927 1422 4998 aliquo
1457 4929 1542 4982 vel
1578 4933 1921 5002 temporum,

217 5013 302 5067 vel
343 5029 745 5083 personarum,
787 5014 870 5067 vel
924 5015 1299 5070 materiarum
1349 5017 1569 5072 ratione
1615 5017 1788 5074 fuisse
1837 5019 1923 5074 di-

215 5107 426 5170 gestas,
467 5102 718 5173 indeque
762 5102 983 5157 facilius
1030 5109 1230 5176 postea
1271 5105 1554 5160 admixtas
1598 5123 1741 5173 esse,
1796 5123 1923 5179 qua:

216 5190 360 5244 nihil
392 5190 715 5260 Augustino
738 5189 977 5260 dignum
999 5192 1297 5252 haberent,
1319 5194 1404 5246 vel
1437 5193 1706 5248 conﬁctas
1729 5195 1922 5263 etiam,

216 5295 319 5332 nec
365 5295 504 5333 vero
569 5280 743 5332 libros
792 5285 848 5334 et
876 5279 1144 5350 epistolas
1185 5297 1413 5353 semper
1441 5282 1686 5338 invicem
1715 5284 1921 5338 discre-

217 5372 297 5420 tos
320 5383 468 5433 esse,
493 5367 631 5421 dum
661 5367 797 5421 alibi
829 5368 1040 5423 librum
1072 5372 1323 5442 appellat
1342 5373 1717 5444 Augustinus,
1749 5391 1922 5445 quem

216 5457 322 5510 alio
352 5457 486 5512 loco
517 5473 622 5526 pro
663 5457 906 5528 epistola
945 5459 1233 5528 venditat;
1265 5462 1474 5530 partim
1506 5466 1696 5517 autem
1739 5464 1920 5535 ipsam

220 5558 412 5599 eorum
448 5544 701 5600 indolem
731 5547 922 5616 etlvim
951 5547 1187 5603 miriﬁce
1207 5549 1518 5606 declarans.

2037 4409 2177 4446 num
2203 4393 2263 4446 in
2293 4395 2415 4449 Job.
2454 4394 2552 4448 lib.
2586 4396 2606 4449 Ι
2633 4411 2646 4462 ;

2112 4482 2272 4536 Tomo
2304 4485 2564 4538 V.—De
2607 4483 2831 4537 civitate
2881 4481 2979 4536 Dei
3024 4481 3156 4536 libri
3202 4483 3358 4548 ΧΧΙΙ,
3409 4497 3540 4535 cum
3583 4496 3738 4535 com-

2035 4571 2334 4625 mentariis
2356 4572 2624 4626 Ludovici
2645 4571 2812 4626 Vivis.

2111 4661 2267 4713 Tomo
2308 4661 2396 4716 VI.
2429 4689 2491 4700 —
2519 4661 2595 4714 De
2626 4660 2938 4724 hmresibus
2968 4659 3038 4714 ad
3065 4658 3528 4724 Quodvultdeum
3558 4658 3659 4713 lib.
3683 4659 3742 4726 I;

2036 4748 2115 4802 De
2163 4747 2420 4819 quinque
2455 4743 2766 4802 haéresibus
2815 4749 3024 4819 oratio,
3066 4765 3187 4804 cum
3233 4765 3500 4814 censura;
3532 4746 3738 4802 Concio

2033 4838 2105 4890 ad
2137 4836 2574 4890 catechumenos
2600 4841 2796 4890 contra
2821 4838 3046 4892 Judazos
3071 4882 3083 4902 ,
3118 4840 3372 4908 Pagauos
3404 4835 3733 4902 etArianos,

2032 4942 2150 4980 cum
2176 4940 2398 4980 censura
2421 4942 2434 4992 ;
2469 4925 2659 4980 Oratio
2679 4925 2948 4980 adversus
2975 4927 3202 4982 Judeeos
3226 4943 3240 4994 ;
3275 4928 3349 4979 De
3371 4922 3736 4977 altercatione

2034 5013 2291 5068 Ecclesiae
2318 5018 2376 5067 et
2402 5014 2718 5085 Synagogas
2739 5015 3023 5086 dialogus,
3044 5031 3164 5070 cum
3184 5029 3408 5069 censura
3432 5033 3444 5077 ;
3479 5014 3553 5066 De
3586 5011 3736 5066 utili-

2032 5106 2148 5157 tate
2181 5102 2452 5157 credendi
2475 5102 2544 5156 ad
2574 5103 2925 5158 Honoratum
2973 5103 3071 5159 lib.
3110 5105 3161 5168 l;
3194 5103 3404 5157 Contra
3436 5101 3736 5170 epistolam

2033 5199 2346 5266 Mauichazi,
2373 5215 2548 5270 quam
2573 5207 2777 5254 vocant
2808 5199 3186 5256 Fundamenti
3234 5198 3330 5252 lib.
3367 5199 3388 5251 Ι
3416 5215 3430 5264 ;
3479 5200 3556 5252 De
3589 5199 3734 5253 dna—

2029 5287 2136 5343 bus
2175 5287 2474 5342 animabus
2513 5294 2712 5343 contra
2759 5288 3092 5344 Maniclizeos
3135 5286 3232 5341 lib.
3267 5288 3327 5352 I;
3360 5289 3568 5342 Contra
3601 5289 3734 5340 For-

2030 5381 2298 5432 tunatam
2329 5378 2638 5448 quemdam
2686 5378 3126 5432 Manichaeorum
3170 5375 3590 5446 presbyterum,
3616 5391 3735 5428 cum

2028 5483 2254 5521 censura
2280 5469 2524 5534 ;Contra
2556 5468 2948 5529 Adimantum,
3002 5464 3292 5519 Manichzei
3345 5465 3727 5532 discipulum;

2033 5556 2243 5610 Contra
2293 5557 2557 5610 Faustum
2615 5553 2985 5632 Manichaeum
3023 5553 3118 5608 lib.
3177 5555 3378 5608 ΧΧΧΙΙΙ
3413 5573 3428 5614 ;
3468 5554 3540 5607 De
3596 5551 3734 5604 actis
