4044 6190
312 365 376 412 1ί3
633 389 646 402 ι
1318 359 1872 415 SUPPLEMENTUM
1916 359 2006 414 AD
2044 360 2273 414 OPERA
2303 363 2356 414 ὃ.
2403 360 2790 418 AUGUSTINI.
3752 367 3829 414 6+

311 497 441 534 cum
505 481 686 535 Felice
729 481 1034 535 Manichaao
1080 481 1178 534 lib.
1228 482 1293 544 ll,
1335 497 1453 534 cum
1494 496 1746 546 censura;
1802 481 2012 534 Contra
2049 482 2092 536 A
2124 482 2274 535 bono
2307 481 2623 552 disciplina:
2671 496 2901 548 sermo;
2953 484 3031 536 De
3081 482 3401 537 visitatione
3454 483 3827 537 inﬁrmorum

312 569 697 624 Secundinum
723 569 1093 624 Manichzeum
1125 568 1219 623 lib.
1255 571 1273 622 1
1301 587 1313 635 ;
1346 571 1422 623 De
1454 574 1658 622 natura
1697 569 1834 623 boni
1871 585 2008 622 con-
2121 570 2217 624 lib.
2254 573 2299 624 ll
2333 588 2346 636 ;
2383 573 2458 625 De
2485 571 2872 625 consolatione
2900 575 3258 624 mortuorum
3291 588 3580 626 sermones
3613 573 3688 639 Il;
3742 574 3829 625 De

312 664 398 712 tra
453 657 792 712 Manichaaos
845 659 941 712 lib.
1003 660 1062 724 I;
1117 659 1192 711 De
1255 658 1366 711 tide
1416 662 1612 712 contra
1673 657 2010 711 Manichaeos
2081 664 2325 733 ‘quarta
2354 660 2515 721 feria.
2569 659 2684 714 sive
2731 661 2954 713 cultura
2997 659 3120 730 agri
3154 659 3447 726 dominici,
3490 677 3707 726 sermo;
3744 662 3830 714 De

315 747 410 801 lib.
457 749 516 814 I;
551 750 758 802 Contra
787 746 1168 801 adversarium
1196 747 1355 815 Legis
1377 751 1436 800 et
1467 747 1881 817 Prophetarum
1910 746 2006 800 lib.
2120 749 2458 819 cataclysmo
2491 765 2710 815 sermo;
2747 750 2822 803 De
2842 752 3102 817 tempore
3151 747 3447 802 Barbarico
3492 765 3712 814 sermo;
3746 751 3830 802 De

314 837 394 901 Il;
427 835 634 889 Contra
666 835 1114 890 Priscillianistas
1144 839 1199 888 et
1219 834 1564 904 Origenistas
1587 836 1682 891 lib.
1716 837 1772 901 I;
1805 836 2010 889 Contra
2121 837 2425 892 sobrietate
2483 841 2541 891 et
2594 836 2918 908 virginitate
2962 852 3186 902 sermo;
3225 837 3529 905 Speculum
3557 843 3827 908 peccato-

318 940 642 977 sermonem
695 923 1039 977 Arianorum
1097 924 1194 978 lib.
1245 925 1302 988 I;
1359 923 1566 977 Contra
1620 924 2009 982 Maximinum,
2121 929 2199 982 ris
2247 931 2555 992 tractatus;
2610 927 2688 979 De
2734 925 2978 978 utilitate
3021 924 3372 995 poenitentiae
3393 931 3699 993 tractatus;
3742 929 3830 980 De

314 1011 651 1065 Arianorum
687 1011 1038 1082 episcopum,
1074 1012 1169 1066 lib.
1206 1013 1299 1078 ΙΙΙ,
1333 1028 1450 1066 cum
1495 1028 1757 1078 censura;
1809 1013 2012 1067 Contra
2122 1014 2386 1069 contlictu
2425 1012 2693 1067 vitiorum
2725 1017 2780 1066 et
2811 1013 3083 1066 virtutum
3114 1012 3210 1066 lib.
3247 1015 3297 1080 l;
3332 1015 3409 1067 De
3440 1019 3682 1085 quatuor
3714 1016 3830 1067 vir-

319 1100 662 1153 Felicianum
690 1100 966 1153 Arianum
1015 1100 1082 1154 de
1131 1101 1345 1154 unitate
1384 1100 1694 1163 Trinitatis,
1733 1116 1851 1154 cum
1892 1116 2012 1153 cen-
2122 1104 2290 1158 tutib.
2359 1101 2648 1156 charitatis
2703 1105 3008 1169 tractatus;
3071 1103 3147 1155 De
3213 1103 3476 1156 laudibus
3526 1103 3827 1157 charitatis

311 1203 479 1254 sura;
513 1189 590 1241 De
621 1187 771 1242 bono
801 1187 1088 1256 conjugali
1117 1192 1311 1241 contra
1339 1188 1703 1242 Jovinianum
1729 1205 1741 1253 ;
1777 1189 1853 1242 De
1877 1204 2010 1241 san-
2122 1195 2426 1256 tractatus;
2464 1192 2542 1244 De
2573 1190 2868 1243 honestate
2897 1189 3202 1242 mulierum
3237 1191 3330 1243 lib.
3367 1192 3386 1244 Ι
3412 1207 3424 1256 ;
3461 1192 3536 1244 De
3577 1193 3829 1260 pastori-

313 1280 401 1330 cta
447 1276 804 1343 virginitate;
857 1278 932 1330 De
980 1277 1318 1330 adulterinis
1364 1271 1646 1346 cenjugiis
1692 1277 1761 1331 ad
1787 1277 2012 1330 Pollen-
2121 1281 2227 1334 bus
2254 1279 2349 1334 lib.
2386 1281 2442 1343 I;
2476 1279 2553 1332 De
2582 1277 2781 1330 ovibus
2812 1277 2953 1330 liber
2981 1276 3096 1330 sive
3122 1276 3391 1343 homilia;
3439 1279 3516 1331 De
3560 1277 3828 1347 symbolo

312 1365 457 1418 tium
498 1365 596 1419 lib.
652 1367 729 1432 II;
783 1367 1076 1419 Tractatus
1124 1365 1193 1419 de
1225 1364 1511 1436 Epicureis
1545 1370 1600 1418 et
1627 1364 1849 1431 Stoicis,
1895 1380 2013 1418 cum
2123 1367 2256 1422 tidei
2313 1367 2379 1420 ad
2431 1366 2865 1419 catechumenos
2916 1365 3013 1419 lib.
3049 1366 3151 1430 1V;
3189 1367 3264 1418 De
3295 1365 3690 1419 convenientia
3721 1365 3829 1418 de-

316 1468 577 1520 censura;
621 1455 912 1508 Tractatus
953 1454 1021 1508 de
1051 1470 1135 1520 eo,
1181 1455 1328 1525 quod
1369 1455 1584 1508 dictum
1622 1459 1706 1506 est
1735 1470 1766 1507 a
1799 1455 1910 1507 Deo
1943 1453 2014 1508 ad
2125 1472 2246 1511 cem
2289 1458 2704 1526 praeceptorum
2753 1459 2808 1507 et
2851 1453 3044 1508 decem
3076 1455 3378 1524 plagarum
3400 1455 3647 1524 1Egypti,
3676 1454 3834 1508 liber

319 1542 568 1610 Moysen,
605 1543 716 1610 Ego
747 1558 889 1604 sum,
922 1542 1021 1612 qui
1049 1558 1199 1611 sum,
1229 1542 1430 1596 incerti
1460 1542 1728 1596 auctoris.
2123 1561 2310 1611 unus;
2369 1545 2448 1598 De
2495 1542 2834 1596 rectitudine
2885 1542 3172 1596 catholicae
3217 1541 3660 1596 conversationis
3702 1546 3829 1596 tra-

393 1633 549 1684 Tomo
610 1632 725 1685 VII.
779 1662 844 1670 —
897 1632 1102 1685 Contra
1157 1637 1379 1701 partem
1438 1632 1661 1697 Donati,
1721 1631 2010 1701 psalmus;
2125 1638 2304 1688 ctatus
2336 1657 2350 1700 ;
2388 1633 2464 1687 De
2492 1629 2963 1700 utilitatejejunii
2989 1633 3292 1696 tractatus;
3326 1631 3404 1683 De
3453 1629 3615 1684 Urbis
3664 1627 3830 1683 exci—

319 1719 526 1772 Contra
555 1719 716 1789 epist.
753 1719 1114 1773 Parmeniani
1144 1720 1242 1775 lib.
1277 1721 1351 1773 III
1377 1737 1390 1786 ;
1421 1720 1631 1774 Contra
1659 1720 1879 1775 litteras
1911 1721 2014 1773 Pe-
2053 1770 2096 1824 Β
2125 1722 2218 1776 dio
2257 1725 2563 1784 tractatus;
2600 1721 2674 1772 De
2706 1718 2992 1772 creatione
3019 1717 3190 1789 primi
3228 1717 3478 1772 hominis
3519 1721 3833 1781 tractatus;

315 1807 520 1872 tiliani,
553 1807 822 1862 Cirtensis
879 1809 1129 1879 episcopi
1170 1808 1478 1862 Donatista:
1521 1809 1618 1862 lib.
1652 1808 1723 1861 III
1751 1825 1763 1873 ;
1807 1809 2017 1862 Contra
2053 1804 2096 1824 ⁸³
2128 1813 2205 1865 De
2237 1809 2438 1864 arbore
2469 1805 2716 1860 scientiae
2745 1804 2882 1860 boni
2923 1809 2980 1859 et
3004 1807 3140 1860 mali
3158 1809 3464 1871 tractatus;
3500 1806 3577 1858 De
3622 1819 3833 1874 pugna.

321 1895 684 1950 Cresconium
707 1897 1058 1950 Donatistam
1092 1896 1530 1966 grammaticum
1560 1896 1658 1950 lib.
1709 1897 1814 1962 IV;
1863 1897 2014 1950 Con-
2125 1901 2331 1954 animm
2379 1901 2687 1962 tractatus;
2740 1897 2817 1949 De
2873 1894 3206 1948 antichristo
3269 1897 3570 1957 tractatus;
3612 1892 3835 1947 Psalte-

316 1982 760 2049 tra'Gaudentii,
797 1982 1220 2037 Donatistarum
1250 1982 1520 2053 episcopi,
1569 1983 1730 2052 epist.
1765 1982 1864 2036 lib.
1916 1983 2010 2044 IlI,
2125 1991 2292 2051 rium,
2328 1989 2477 2060 quod
2525 1987 2694 2041 matri
2730 2002 2845 2040 sua!
2891 1985 3248 2056 composuit;
3280 1984 3460 2054 Super
3501 1981 3834 2054 Magniﬁcat

320 2085 568 2142 quorum
619 2076 946 2140 postremus
996 2088 1145 2125 nunc
1200 2071 1454 2142 primum
1503 2074 1585 2124 est
1627 2086 1900 2134 excusus;
1939 2071 2014 2124 De
2123 2077 2416 2150 expositio.

320 2159 605 2230 baptismo
635 2165 836 2213 contra
853 2161 1172 2214 Donatistas
1203 2160 1299 2214 lib.
1335 2161 1449 2221 VII,
1473 2176 1591 2213 cum
1627 2174 1891 2225 censura;
1935 2159 2014 2212 De

318 2248 488 2302 unico
520 2248 806 2318 baptismo
846 2253 1045 2301 contra
1075 2247 1416 2302 Petilianum
1445 2247 1539 2301 lib.
1577 2249 1598 2301 Ι
1625 2267 1641 2310 ;
1685 2249 1762 2302 De
1797 2247 2014 2300 unitate

323 2335 583 2389 Ecclesia?
622 2340 820 2389 contra
851 2336 1115 2390 Petiliani
1149 2335 1464 2390 Donatistae
1497 2335 1795 2404 epistolam
1823 2334 1922 2390 lib.
1952 2336 1972 2388 Ι
1999 2351 2012 2399 ;

326 2425 479 2495 Opus
552 2425 827 2479 Breviculi
873 2425 1244 2479 collationum
1295 2441 1422 2478 cum
1482 2424 1827 2490 Donatistis;
1884 2425 2018 2477 Post

323 2512 682 2567 collationem
712 2521 906 2567 contra
932 2514 1250 2568 Donatistas
1272 2513 1368 2568 lib.
1397 2515 1417 2566 Ι
1443 2533 1458 2578 ;
1487 2512 1669 2582 Super
1686 2511 1858 2582 gestis
1885 2527 2016 2565 cum

324 2600 592 2669 Emerito,
631 2602 1054 2656 Donatistarum
1084 2601 1372 2672 episcopo,
1413 2601 1512 2655 lib.
1549 2603 1602 2667 l;
1654 2602 1858 2654 Contra
1889 2600 2015 2654 Ful-
2197 2600 2378 2672 υυδΨ
2409 2600 2522 2628 ww
2556 2600 2750 2627 dum“
2798 2600 3004 2672 “‘f‘m”
3053 2600 3593 2672 ῗ⁹¹ξδξ³¹ῗ¹υ¹⁸ζ¹³⁹⁸⁶ῗ
3634 2600 3752 2672 if:

321 2654 965 2761 gentium’Donatistam
996 2654 1156 2749 lib.
1191 2654 1311 2746 cum
1337 2654 1602 2757 censura;
1641 2690 1718 2743 De
1765 2692 2018 2759 peccato-

2206 2679 2243 2717 n
2274 2664 2456 2716 solum
2488 2678 2552 2715 ex
2583 2677 2671 2727 eo,
2719 2659 2872 2730 quod
2917 2658 3242 2729 speciminis
3273 2658 3394 2710 loco
3426 2656 3494 2710 de
3533 2654 3837 2726 praefatio-

321 2746 449 2830 rum
498 2775 718 2830 meritis
759 2784 816 2831 et
852 2777 1212 2842 remissione,
1245 2792 1309 2830 ac
1349 2777 1419 2830 de
1446 2746 1729 2845 baptismo
1758 2746 2014 2844 parvulo-
2127 2769 2197 2806 ne
2229 2752 2295 2845 _i_"
2323 2751 2596 2845 ΕΡίδίοξδδ
2635 2747 3030 2845 Ρῐᾯάυξίωξξδν
3063 2747 3158 2801 θεά
3213 2746 3609 2845 ηὶυιῗίξιθξξθω

321 2879 472 2930 rum,
495 2864 565 2918 ad
612 2830 1018 2918 Marcellinum
1202 2830 1309 2931 lll;
1358 2865 1436 2918 De
1484 2830 1689 2917 natura
1731 2830 1787 2917 et
1835 2862 2018 2934 gratia
2126 2858 2193 2934 9}
2217 2841 2315 2934 -ίίδν
2349 2853 2490 2934 (luas
2519 2839 2692 2934 10988
2723 2836 3112 2934 instillclioies
3152 2834 3427 2934 .mo‘nachi
3472 2830 3838 2934 Denedictiiii

327 2919 525 3006 contra
556 2951 890 3023 Pelagianos
930 2953 1027 3007 lib.
1058 2955 1110 3018 I;
1144 2955 1221 3008 De
1252 2919 1433 3023 gratia
1471 2951 1676 3006 Christi
1705 2957 1760 3005 et
1785 2919 2015 3022 peccato

2201 2929 2424 2990 derunt,
2467 2930 2722 2980 constare
2770 2929 2975 2996 potest.
3026 2925 3438 2978 Contentorum
3491 2921 3659 2975 index
3715 2919 3837 2973 du-

322 3040 612 3111 originali,
659 3009 858 3095 contra
896 3009 1188 3111 Pelagium
1225 3009 1286 3096 et
1332 3041 1656 3096 Caelestium
1698 3009 1905 3106 lib:Il;
1939 3042 2015 3094 De

2199 3034 2276 3083 3x,
2327 3032 2476 3070 unus
2512 3016 2678 3086 juxta
2725 3019 3016 3068 tomorum
3056 3012 3283 3078 seriem,
3334 3012 3476 3064 alter
3519 3009 3721 3063 ordine
3750 3009 3836 3062 al-

2241 3107 2253 3118 .
2318 3106 2352 3118 ..
2594 3103 2603 3113 .
2732 3107 2742 3118 .
2964 3117 2967 3118 ν
3233 3100 3271 3118 ,ν
3635 3100 3801 3118 .____

322 3129 540 3200 nuptiis
571 3132 625 3182 et
652 3129 1107 3198 concupiscentia
1148 3129 1215 3184 ad
1261 3129 1546 3183 Valerium
1593 3129 1860 3182 comitem
1908 3128 2008 3182 lib.
2053 3100 2091 3118 υ
2121 3106 2424 3200 Ρδδμδέῖίοο
2446 3103 2842 3200 (ξοηξῖίηξλδωθο
2874 3117 2978 3200 Pe?
3004 3117 3121 3200 n9“
3151 3100 3287 3155 οῖ’άο
3317 3100 3584 3200 θίξηωωῗ
3621 3100 3834 3200 Am?"

320 3218 367 3270 ΙΙ
393 3186 425 3283 ξ
455 3217 664 3270 Contra
701 3186 849 3271 duas
889 3216 1158 3286 epistolas
1204 3216 1643 3286 Pelagianorum
1675 3217 1745 3270 ad
1787 3216 2012 3269 Bonifa-

2199 3195 2417 3250 chianae
2465 3191 2678 3262 insigni
2716 3206 2846 3244 cum
2877 3190 3098 3244 lectoris
3126 3189 3429 3244 commodo
3454 3191 3585 3258 post
3620 3186 3835 3257 praefa-

319 3277 472 3358 cium
520 3305 616 3359 lib.
643 3307 740 3371 lV;
787 3277 994 3360 Contra
1039 3277 1743 3376 JulianumVPelagianum
1777 3304 1874 3358 lib.
1900 3304 1968 3357 VI
1997 3321 2011 3369 ;
2125 3285 2343 3376 ιίοηθω
2371 3282 2546 3376 adfini
2578 3285 2728 3335 δυηί·
2760 3281 2882 3334 Νοη
2910 3283 3160 3376 ξδῖὶγθιό
3191 3277 3648 3376 Ῐιυᾶυξηξδῖξίίίοιξίε
3693 3291 3838 3369 φίλ’

325 3391 625 3446 Deanima
654 3397 711 3446 et
741 3392 862 3462 ejus
890 3390 1112 3462 origine
1144 3392 1240 3446 lib.
1275 3394 1386 3460 IV;
1415 3362 2016 3462 Depraedestiuatione
2125 3375 2416 3463 ίβηίοτιξω
2447 3369 2642 3463 imi“,
2685 3382 2854 3463 (Ιηθφ
2903 3364 3480 3463 Ωυάίημῖνθξιξλίίεξέν
3505 3362 3837 3463 ῗθίξ,⁰⁰“ν¹⁵“

319 3482 375 3532 et
402 3477 584 3548 gratia
613 3477 710 3532 lib.
747 3450 812 3544 Iv;
846 3450 1107 3550 Prosperi
1137 3450 1384 3550 epistola,
1404 3481 1474 3534 ad
1515 3450 1901 3550 Augustinum
1945 3496 2017 3533 ne

2199 3476 2287 3513 nee
2336 3457 2699 3519 Erasmianaz,
2756 3459 2950 3526 utpote
3007 3453 3107 3524 qui
3160 3452 3449 3506 Posidonii
3507 3450 3841 3504 indiculum

322 3564 580 3636 reliquiis
600 3565 918 3636 Pelagiana:
960 3539 1281 3631 literesebs;
1312 3567 1507 3622 Hilarii
1528 3539 1688 3638 epist.
1733 3569 1802 3623 ad
1855 3585 2016 3622 eum-
2129 3549 2472 3643 εξῖτίρῖοηξω
2511 3543 3115 3643 ᾼυειιεῐίηίιξμξιξιρυιω
3150 3541 3272 3594 Vita
3421 3539 3636 3643 θάιίξιω
3665 3553 3839 3592 Πιθη-

324 3655 451 3708 dem
476 3655 545 3709 de
579 3654 778 3708 eadem
808 3655 1088 3721 materia;
1119 3657 1197 3710 De
1248 3656 1750 3727 praedestinatione
1795 3661 2019 3710 sancto-

2200 3653 2287 3703 ur,
2320 3634 2422 3708 qui
2453 3634 2704 3706 primum
2732 3649 2783 3686 a.
2812 3629 3027 3686 156411]
3050 3632 3235 3685 lucem
3265 3629 3449 3684 editus
3479 3633 3580 3682 est.

323 3758 452 3796 rum
480 3741 574 3796 lib.
604 3743 643 3808 Ι,
669 3758 788 3797 cum
813 3758 1038 3797 censura
1062 3763 1076 3808 ;
1107 3744 1183 3797 De
1202 3743 1351 3796 bono
1378 3743 1812 3813 perseverantia:
1834 3743 1931 3797 lib.
1963 3744 2020 3809 I;
2807 3757 2942 3809 1528
2979 3783 3047 3794 -
3088 3756 3174 3808 30.

327 3831 403 3884 De
433 3831 934 3901 praedestinatione
965 3831 1065 3886 Dei
1096 3832 1195 3886 lib.
1231 3833 1274 3897 Ι,
1300 3848 1419 3885 cum
1456 3848 1716 3899 censura;
1770 3834 1848 3886 De
1891 3847 2019 3901 gra-

323 3918 401 3972 tia
432 3923 488 3972 et
522 3919 700 3974 libero
728 3921 962 3975 arbitrio
1008 3921 1076 3975 ad
1127 3921 1490 3974 Valentinum
1516 3921 1612 3974 lib.
1643 3922 1692 3986 l;
1723 3921 1808 3974 Ad
1856 3935 2020 3973 eum-

328 4007 457 4061 dem
490 4007 558 4062 de
590 4008 951 4079 correptione
980 4014 1037 4063 et
1061 4008 1244 4080 gratia
1274 4007 1372 4062 lib.
1407 4009 1457 4074 l;
1490 4009 1576 4062 Ad
1606 4007 1876 4062 articulos
1915 4007 2023 4062 sibi

326 4096 466 4150 falso
493 4095 814 4166 impositos,
841 4097 1144 4168 Augustini
1173 4095 1465 4168 responsio
1490 4113 1504 4162 ;
1537 4097 1746 4152 Contra
1768 4095 2026 4166 Pelagia-

329 4201 450 4252 nos,
484 4186 961 4257 Hypognosticon.
997 4186 1096 4240 lib.
1149 4187 1238 4253 VI,
1287 4202 1406 4240 cum
1453 4201 1678 4240 censura
1715 4185 2027 4254 praceden-

328 4280 412 4344 te;
448 4278 525 4330 De
555 4277 904 4347 perfectione
937 4276 1177 4346 justitiaa
1207 4279 1406 4330 contra
1450 4274 1776 4329 leestium
1805 4275 1901 4329 lib.
1937 4275 2024 4335 Vl,

322 4379 442 4417 cum
473 4379 718 4418 censura.

2198 2197 2354 2249 Tomo
2385 2195 2445 2248 X.
2487 2223 2556 2233 —
2598 2192 2674 2245 De
2702 2189 2890 2244 verbis
2918 2189 3185 2256 Domini;
3228 2189 3305 2242 De
3350 2187 3536 2241 verbis
3576 2187 3832 2256 Aposto-

2124 2281 2197 2347 li;
2232 2280 2491 2335 Homiliaz
2524 2281 2561 2334 L
2592 2297 2606 2345 ;
2659 2279 2915 2333 Homiliae
2967 2279 3035 2332 de
3079 2283 3356 2348 tempore,
3411 2292 3530 2330 cum
3559 2290 3789 2329 censura
3812 2294 3837 2339 ,-

2125 2370 2387 2426 Homilize
2444 2370 2514 2424 de
2563 2367 2804 2436 sanctis;
2853 2368 2939 2422 Ad
2984 2367 3185 2422 fratres
3224 2367 3284 2420 in
3313 2381 3525 2427 eremo,
3557 2380 3673 2419 cum
3705 2378 3836 2417 cen-

2122 2477 2270 2516 sura.

2197 2575 2378 2640 Quam
2409 2573 2522 2628 late
2556 2577 2750 2627 autem
2798 2571 3004 2626 harum
3053 2584 3424 2623 censurarum
3455 2581 3590 2621 usus
3636 2570 3839 2636 pateat

2203 3884 2431 3940 Coloniae
2477 3879 2626 3950 apud
2670 3883 2751 3933 Jo.
2807 3879 3159 3946 Gymnicum:
3208 3875 3350 3930 in-8°
3401 3877 3476 3930 Ex
3515 3876 3618 3929 hac
3649 3876 3843 3931 oflici-

2133 3990 2207 4027 na
2227 3969 2567 4042 prodierunt
2594 3984 2708 4021 non
2740 3983 2854 4021 uno
2886 3965 3139 4030 nomine,
3172 3965 3268 4019 sed
3300 3964 3558 4035 perbrevi
3605 3969 3834 4036 tempe.

2134 4050 2211 4116 ris
2260 4058 2466 4130 spatio,
2518 4056 2675 4111 varia
2711 4055 3020 4126 Augustini
3069 4054 3343 4123 opuscula
3392 4053 3527 4122 (uno
3555 4069 3669 4106 non
3702 4069 3847 4108 raro

2135 4146 2423 4203 volumine
2453 4143 2911 4216 comprehensa),
2944 4159 3072 4213 quae
3099 4142 3212 4196 suis
3243 4157 3486 4212 quaeque
3516 4141 3693 4194 titulis
3727 4142 3847 4196 dis-

2137 4243 2290 4293 creta
2317 4236 2395 4290 sic
2453 4251 2511 4288 se
2555 4233 2804 4288 habent:
2843 4236 2895 4286 l°
2937 4234 3064 4286 Divi
3105 4232 3246 4285 Aur.
3295 4231 3613 4298 Augustini,
3661 4231 3846 4300 Hipp.

2069 4355 2111 4409 ι)
2137 4328 2390 4397 episcopi,
2438 4325 2520 4378 De
2565 4337 2718 4393 opere
2767 4323 3146 4377 monachorum
3190 4319 3322 4374 liber
3364 4335 3502 4373 unus
3552 4319 3625 4372 ad
3653 4321 3854 4373 Aure—

2139 4417 2292 4480 lium,
2347 4415 2654 4482 episcopum
2705 4411 3196 4478 Carihaginenscm.
3251 4410 3412 4462 Anno
3434 4410 3507 4462 Μ.
3542 4409 3615 4461 D.
3652 4409 3851 4463 XXIX.

2138 4517 2314 4558 mense
2361 4504 2632 4570 Augusto.
2677 4503 2737 4553 2°
2782 4501 2908 4552 Divi
2963 4498 3097 4552 Aur.
3138 4499 3438 4566 Augustini
3471 4498 3845 4566 Hipp.episc.

2140 4593 2497 4649 Enchiridion
2554 4591 2627 4645 ad
2665 4591 3018 4644 Laurentium
3066 4590 3134 4643 Π.
3170 4590 3327 4643 Anno
3358 4589 3442 4642 Μ.
3487 4591 3548 4641 Ι).
3590 4590 3850 4645 XXVIII.

2140 4686 2198 4738 3°
2260 4685 2329 4738 D.
2383 4683 2522 4736 Aur.
2570 4679 2892 4745 Augustini,
2916 4678 3098 4747 lHipp.
3147 4693 3230 4746 ep.
3278 4679 3352 4731 De
3380 4679 3564 4744 gratia
3591 4681 3641 4730 et
3673 4676 3858 4733 libero

2141 4771 2372 4825 arbitrio
2430 4769 2504 4822 ad
2561 4768 2907 4822 Valentinum
2962 4770 3013 4819 et
3069 4781 3187 4819 cum
3228 4765 3322 4819 illo
3366 4765 3661 4829 monachis,
3706 4764 3859 4819 liber

2138 4875 2302 4914 unus.
2352 4857 2609 4925 Ejusdem
2653 4858 2728 4910 De
2776 4857 3106 4924 correptione
3147 4859 3196 4908 et
3227 4856 3412 4921 gratia
3434 4853 3508 4907 ad
3532 4852 3774 4906 eumdem
3798 4861 3857 4906 et

2139 4963 2258 5002 cum
2311 4947 2404 5000 illo
2455 4945 2750 5010 monachis,
2796 4945 2931 4999 liber
2971 4958 3129 4997 unus.
3186 4943 3389 5008 Quibus
3433 4943 3862 5012 praemittuntur

2139 5036 2376 5106 epistola
2405 5035 2524 5089 duae
2554 5035 2679 5089 Divi
2707 5034 3010 5101 Augustini
3035 5031 3110 5084 ad
3145 5032 3494 5084 Valentinum
3513 5035 3701 5084 contra
3735 5045 3858 5097 eos,

2143 5125 2238 5192 qui
2291 5125 2490 5190 negant
2544 5121 2772 5175 liberum
2827 5119 3139 5172 arbitrium.
3191 5118 3350 5171 Anno
3402 5119 3461 5171 F.
3497 5119 3559 5170 D.
3595 5117 3754 5170 XXX.
3793 5119 3864 5171 4ο

2141 5213 2266 5266 Divi
2316 5214 2461 5264 Aur.
2516 5209 2816 5276 Augustini
2863 5209 2936 5260 De
2990 5207 3399 5260 immortalitate
3441 5207 3654 5260 animm.
3684 5205 3866 5258 Liber

2141 5316 2303 5356 unus.
2364 5299 2633 5368 Ejusdem
2662 5298 2747 5351 De
2785 5311 2952 5364 agone
2978 5296 3308 5364 Christiano,
3343 5295 3477 5348 liber
3517 5308 3673 5357 unus,
3727 5293 3872 5349 abs-

401 4471 558 4523 Tomo
592 4470 737 4522 VIII.
774 4498 839 4506 —
868 4466 1265 4521 Enarrationes
1298 4465 1357 4519 in
1389 4466 1658 4519 Psalmos.

405 4556 562 4608 Temo
592 4557 679 4608 IX.
726 4553 898 4624 Cujus
926 4553 1058 4607 libri
1105 4553 1222 4607 fere
1269 4569 1470 4608 omnes
1507 4569 1768 4607 censuras
1816 4553 2030 4606 habent

333 4658 600 4696 annexas.
637 4672 705 4681 —
749 4643 812 4694 In
878 4642 1240 4711 Evangelium
1297 4641 1530 4696 Joannis
1596 4640 1912 4712 expositio;
1964 4643 2029 4694 lu

330 4730 634 4803 Epistolam
679 4730 911 4784 Joannis
966 4729 1361 4800 expositio;ln
1411 4729 1812 4801 Apocalypsim
1856 4731 2030 4784 Joan-

326 4820 415 4875 nis
435 4819 711 4892 expositio
738 4838 753 4884 ;
782 4817 1206 4872 Meditationum
1239 4819 1338 4873 lib.
1373 4819 1434 4885 I;
1465 4818 1543 4872 De
1567 4817 1860 4888 diligendo
1913 4819 2029 4871 Deo

326 4909 474 4964 liber
525 4908 691 4977 alius,
735 4906 836 4978 qui
879 4913 936 4960 et
984 4906 1408 4962 Meditationum
1449 4905 1799 4972 inscribitur;
1831 4905 2032 4960 Solilo-

329 4998 602 5068 quiorum
645 4996 850 5051 animae
891 4995 960 5050 ad
993 4996 1173 5050 Deum
1203 4995 1300 5050 lib.
1337 4998 1392 5063 I;
1420 4995 1678 5051 Manuale
1707 4993 1806 5048 lib.
1838 5010 1985 5048 unus
2014 5011 2028 5060 ;

331 5087 409 5139 De
458 5085 670 5157 triplici
719 5083 1042 5140 habitacula
1091 5082 1187 5138 lib.
1235 5085 1296 5148 I;
1341 5084 1515 5139 Scalae
1547 5083 1795 5153 paradisi
1853 5083 2026 5149 liber;

337 5174 412 5227 De
463 5174 764 5228 duodecim
815 5172 1155 5228 abusionum
1213 5173 1520 5242 gradibus;
1572 5174 1650 5226 De
1690 5171 2030 5226 contritione

331 5260 517 5315 cordis
546 5261 614 5316 lit
627 5279 690 5316 er
721 5280 902 5330 unus;
942 5263 1018 5317 De
1047 5261 1370 5332 cognitione
1397 5278 1546 5316 vera:
1577 5261 1704 5314 vita:
1733 5261 1830 5314 lib.
1861 5261 1881 5313 Ι
1907 5275 1918 5322 ;
1957 5261 2031 5313 De

335 5349 728 5419 assumptione
783 5351 963 5406 beatae
1021 5349 1210 5406 Marias
1271 5349 1536 5420 virginis;
1600 5350 1678 5402 De
1736 5346 2034 5417 disciplina
2142 5346 2555 5444 ἇᾶἔᾏηηίῗεῖὧ
2555 5346 2758 5442 3⁷13εᾷ

333 5436 690 5502 Christiana;
763 5439 839 5492 De
898 5441 1092 5494 decem
1145 5437 1410 5505 chofdis;
1468 5438 1546 5492 De
1605 5435 1823 5491 cantico
1883 5451 2032 5490 novo
2142 5407 2243 5461 que
2272 5407 2777 5444 anmeuocuww.

333 5526 434 5580 lib.
470 5527 491 5581 Ι
519 5545 534 5592 ;
583 5493 1283 5597 Delcontemptumundi
1324 5493 1422 5580 lib.
1453 5527 1473 5580 l
1503 5543 1516 5591 ;
1551 5527 1631 5579 De
1656 5524 1903 5578 vanitate
1932 5540 2034 5578 sae-
2830 5494 2960 5548 i531
2989 5523 3054 5532 ⁸-
3080 5493 3166 5547 32-

337 5615 452 5669 culi
499 5616 597 5670 lib.
630 5617 695 5682 I;
747 5615 824 5668 De
873 5615 1197 5671 obedientia
1246 5622 1302 5671 et
1348 5615 1670 5672 humilitate
1700 5629 1924 5677 sermo;
1958 5615 2032 5668 De
2214 5613 2465 5678 Parisiis,
2507 5627 2574 5666 ea:
2621 5611 2843 5679 ofﬁcina
2896 5607 3127 5661 Claudii
3173 5605 3538 5668 Chevallonii;
3585 5604 3768 5668 in-fol.
3810 5608 3866 5661 Χ
