4060 6194
226 223 291 271 α,ῐό
1261 221 1531 277 NOTITIA
1574 225 1987 279 LITTERARIA
2030 224 2098 278 IN
2139 225 2192 278 S.
2242 222 2711 279 AUGUSTINUM.
3382 254 3391 269 ιη
3674 226 3741 277 6ίὶ

235 342 430 393 Tomis.
470 341 530 393 Ι).
580 345 717 395 Aur.
766 340 1093 411 Augustini,
1126 357 1253 413 quae
1291 346 1510 400 exstent
1550 360 1617 399 ex
1658 347 1928 401 emenda-
1968 350 2012 402 A
2044 361 2175 399 rum
2200 346 2557 415 singulorum
2600 362 2804 411 annus,
2839 362 2953 417 quo
3008 346 3402 418 unusquisque
3451 348 3744 402 absolutus

232 429 387 482 tione
420 430 545 482 Des.
584 430 826 483 Erasmi.

302 516 692 570 Laudathanc
726 517 1071 571 Erasmiana:
1119 519 1527 589 repetitionem
1584 522 1826 577 Oudinus
1880 526 1939 575 in

232 605 427 659 Comm.
464 622 517 674 p.
554 608 657 659 939
691 622 873 676 seqq,
907 607 1075 677 eique
1106 609 1407 662 accessisse
1467 609 1545 663 ait
1598 611 1785 664 Jacobi
1834 613 1941 664 He-

232 696 366 746 meri
389 692 843 760 Studgardiensis
874 693 1174 764 epistolam
1202 698 1685 766 nuncupatoriam
1711 699 1782 752 ad
1814 698 1941 751 Gal-

234 783 353 834 lum
394 782 697 847 Millarum,
728 782 985 836 Ecclesiae
1013 784 1393 854 Tubingensis
1424 786 1776 855 theologum,
1815 804 1943 857 quas

234 875 415 922 totam
443 870 716 923 editionis
749 871 920 941 hujus
952 873 1233 926 rationem
1268 874 1451 927 fusius
1481 881 1744 945 exponat.
1788 877 1943 929 Idem

234 964 433 1012 monet
461 958 520 1011 in
576 959 681 1012 hac
714 959 963 1013 editione
1030 960 1283 1030 primum
1316 963 1496 1016 editos
1528 979 1649 1017 esse
1669 965 1943 1018 Sermones

232 1049 553 1100 XV11:sex
582 1048 646 1101 de
703 1054 952 1117 tempore,
990 1049 1279 1118 septimus
1321 1052 1385 1104 de
1439 1053 1614 1105 verbis
1674 1054 1940 1122 Apostoti,

235 1141 291 1188 et
347 1136 544 1190 decem
594 1136 660 1191 de
702 1137 937 1191 Sanctis.
996 1141 1284 1206 Catalogus
1333 1140 1475 1194 Bibl.
1546 1143 1721 1195 Musei
1778 1144 1940 1195 Britt.

235 1225 446 1292 (Lond.
504 1228 656 1288 1789,
720 1226 943 1295 in—fol.)
999 1228 1062 1279 In
1121 1228 1292 1297 hujus
1341 1229 1609 1282 editionis
1651 1230 1943 1283 mentione

234 1330 459 1368 annum
518 1316 649 1369 l53'2
707 1316 943 1385 profert,
990 1318 1259 1388 quocirca
1292 1323 1597 1390 utrumque
1644 1320 1943 1389 praaiigere

235 1404 474 1475 placuit.

387 1486 399 1491 ’
1006 1498 1162 1549 1537.

306 1584 579 1651 Augustae
638 1582 1037 1639 Vindelicorum
1096 1584 1391 1637 excutiebat
1443 1587 1728 1638 Heinricus
1787 1585 1947 1654 Stey-

234 1686 366 1735 uer;
392 1672 570 1736 in-fol.
609 1671 730 1723 Divi
775 1671 993 1724 Aurelii
1032 1672 1336 1742 Augustini
1402 1672 1652 1743 episcopi
1705 1674 1946 1742 Opuscu-

242 1761 318 1823 Ia,
344 1776 552 1830 nempe
578 1777 590 1813 :
615 1790 682 1799 -—
716 1760 777 1813 In
805 1761 982 1813 libros
1014 1762 1208 1831 Moysi,
1248 1763 1435 1815 Josuae
1480 1767 1535 1816 et
1579 1762 1843 1816 Judicum
1884 1762 1950 1815 li-

236 1850 335 1902 bri
372 1850 464 1901 νη
491 1866 503 1910 ;
535 1849 890 1911 Quaestiones
920 1849 1124 1903 veteris
1150 1855 1205 1903 et
1229 1850 1357 1903 novi
1379 1851 1721 1904 Testamenti
1748 1868 1760 1916 ;
1793 1852 1950 1914 Quae-

242 1939 499 1991 stionum
539 1938 998 2007 evangelicarum
1039 1939 1349 1993 secundum
1376 1940 1702 1993 Matthmum
1734 1956 1746 2004 ;
1781 1940 1948 2002 Quae-

248 2028 469 2080 stiones
506 2026 573 2079 ad
632 2026 895 2080 Orosium
921 2027 1066 2080 liber
1093 2044 1281 2095 unus;
1319 2029 1715 2091 Quaestionum
1754 2028 1951 2082 Hilarii

240 2116 393 2169 liber
414 2131 594 2181 unus;
630 2116 707 2168 De
731 2125 852 2169 octo
885 2115 1110 2170 Dulcitii
1134 2116 1552 2186 quaestionibus
1586 2116 1732 2170 liber
1758 2132 1905 2170 unus
1937 2132 1952 2179 ;

242 2206 323 2258 De
357 2203 595 2257 diversis
626 2204 1060 2273 quastionibus,
1095 2205 1163 2257 ad
1210 2210 1468 2258 sanctum
1518 2204 1952 2274 Simplicianum

250 2293 396 2346 libri
428 2292 508 2355 II;
542 2292 932 2355 Quazstionum
965 2294 1421 2362 evangelicarum
1476 2294 1606 2347 libri
1648 2295 1730 2360 II;
1783 2294 1951 2347 Octo-

243 2379 418 2449 ginta
440 2378 611 2430 trium
641 2378 1028 2448 quaestionum
1061 2379 1205 2432 liber
1231 2396 1380 2433 unus
1407 2396 1421 2445 ;
1452 2382 1529 2433 De
1559 2396 1655 2433 sex
1684 2380 1951 2448 quwstio-

244 2468 425 2521 nibus
452 2471 649 2519 contra
688 2468 944 2536 Paganos
992 2468 1138 2521 liber
1191 2485 1375 2535 unus;
1420 2469 1507 2521 Ad
1550 2468 1954 2538 inquisitiones

246 2556 509 2611 Januarii
539 2555 669 2608 libri
717 2556 866 2621 duo;
927 2558 1002 2610 De
1050 2555 1420 2627 inquisitione
1470 2555 1761 2609 Trinitatis
1812 2556 1955 2609 liber

238 2662 432 2711 unus;
468 2646 543 2698 De
576 2644 863 2716 Epicureis
890 2650 945 2699 et
973 2645 1172 2700 Stoicis
1202 2646 1347 2699 liber
1378 2661 1565 2711 unus;
1610 2646 1687 2698 De
1722 2646 1953 2699 Haeresi-

242 2737 350 2789 bus
403 2735 469 2788 ad
509 2734 965 2797 Quodvultdeum
994 2734 1140 2787 liber
1168 2751 1353 2800 unus;
1405 2736 1482 2787 De
1541 2734 1795 2804 quinque
1837 2735 1953 2787 HIE-

248 2823 471 2877 resibus
500 2824 722 2888 liberI;
757 2824 960 2877 Contra
1009 2824 1254 2887 Judzeos,
1314 2824 1574 2892 Paganos
1629 2827 1685 2875 et
1712 2822 1953 2876 Arianos

2049 435 2243 503 fuerit,
2276 435 2548 505 exstrat.)

2122 524 2394 579 Secundus
2424 529 2596 577 tomus
2626 525 2724 593 Op.
2758 526 2818 577 D.
2856 526 2919 579 A.
2953 526 3098 595 Aug.
3134 527 3202 578 Η.
3254 527 3312 579 Ε.
3361 527 3743 596 complectens

2050 613 2205 666 illius
2236 613 2535 682 Epistolas,
2582 629 2696 665 non
2745 613 3019 666 mediocri
3074 629 3208 667 cura
3257 616 3586 669 emendatas
3642 632 3749 685 per

2056 703 2182 755 Des.
2218 703 2510 754 Erasmum
2539 701 2899 755 Roterodam.
2938 704 3102 754 Anno
3142 703 3447 758 Μ.1).Χ[.Ι.

2127 790 2336 843 Tertius
2410 795 2602 854 tomus,
2662 819 2729 828 —
2795 790 3176 858 complectens
3243 792 3305 835 τὰ
3362 789 3748 851 διδακτικάἀιοα

2052 883 2153 938 est,
2212 894 2339 948 quas
2397 877 2629 948 proprie
2687 877 2753 931 ad
2810 877 3123 930 docendum
3215 880 3524 947 pertinent.
3579 884 3745 934 Anno

2053 967 2352 1021 M.D.XLI.

2124 1056 2360 1120 Quartus
2419 1059 2610 1122 tomus,
2646 1083 2719 1094 —
2746 1054 3127 1123 complectens
3167 1054 3388 1124 reliqua
3413 1057 3510 1100 τῶν
3586 1055 3747 1102 διδακ-

2053 1146 2219 1189 τικῶν.
2244 1146 2409 1196 Anno
2442 1143 2724 1197 M.D.XLI.

2126 1234 2354 1297 Quintus
2387 1236 2579 1295 tomus,
2610 1261 2677 1270 —
2706 1231 2841 1284 XXII
2894 1230 3069 1283 libros
3100 1230 3167 1283 de
3226 1229 3447 1284 civitate
3484 1232 3605 1289 Dei,
3663 1232 3750 1286 di-

2054 1321 2297 1391 ligenter
2328 1320 2647 1389 recognitos
2678 1336 2778 1390 per
2807 1318 3087 1372 eruditiss.
3120 1320 3305 1372 virum
3347 1320 3507 1379 Joan.
3568 1320 3751 1373 Ludo-

2053 1409 2241 1462 vicum
2299 1408 2515 1476 Vivem,
2581 1423 2642 1460 ac
2707 1407 2962 1477 ejusdem
3044 1407 3499 1473 Commentariis,
3561 1407 3749 1461 denuo

2054 1498 2125 1551 ab
2183 1500 2411 1549 auctore
2466 1495 2679 1556 revisis,
2760 1496 3093 1563 illustratos,
3177 1495 3497 1549 continens.
3584 1498 3748 1549 Anno
3842 1528 3848 1539 -

2057 1588 2124 1640 M.
2146 1585 2385 1639 D.XLlI.

2129 1676 2323 1729 Sextus
2384 1679 2572 1737 tomus,
2624 1702 2691 1712 —
2745 1671 3042 1725 continens
3094 1673 3153 1717 τὰ
3185 1670 3445 1732 πολεμικὰ,
3506 1673 3613 1725 hoc
3652 1678 3755 1737 est,

2059 1762 2468 1815 decertationes
2537 1760 2799 1814 adversus
2869 1760 3131 1825 haereses,
3191 1760 3479 1830 prtecipue
3528 1760 3758 1814 Judaao-

2060 1866 2208 1913 rum,
2259 1848 2716 1911 Manichmorum,
2778 1847 3357 1913 Priscillianistarum,
3409 1848 3758 1917 Origcnista-

2059 1955 2209 1999 rum,
2242 1939 2584 1991 Arianorum
2620 1942 2675 1990 et
2701 1936 3004 1990 Joviniani.
3037 1932 3200 1990 Anno
3233 1938 3298 1990 M.
3320 1938 3559 1990 D.XLlI.

2131 2029 2398 2095 Septimus
2430 2030 2621 2089 tomus,
2649 2056 2717 2065 —
2750 2025 3047 2078 continens
3077 2026 3358 2096 reliquam
3386 2032 3609 2095 partem
3663 2030 3760 2072 τῶν

2058 2114 2353 2176 πολεμικῶν,
2420 2114 2475 2167 id
2507 2118 2610 2180 est,
2663 2129 2886 2183 pugnas
2921 2114 3186 2167 adversus
3232 2115 3478 2168 haereses
3520 2113 3756 2168 Donati-

2060 2208 2276 2257 starum
2308 2207 2363 2256 et
2393 2202 2844 2272 Pelagianorum.
2906 2204 3072 2255 Anno
3131 2203 3435 2257 M.D.XLlI.

2132 2293 2361 2346 Octavus
2393 2296 2584 2357 tomus,
2621 2321 2687 2329 —
2717 2291 3017 2343 continens
3068 2291 3457 2345 enarrationes
3514 2292 3572 2343 in
3606 2291 3760 2344 Psal-

2059 2398 2183 2436 mos
2213 2381 2498 2451 mysticos.
2532 2383 2697 2434 Anno
2734 2382 2801 2433 Μ.
2823 2381 3067 2433 Ι).Χ[.ΙΙ.

2130 2472 2309 2525 Nonus
2361 2475 2553 2537 tomus,
2601 2498 2670 2508 —
2726 2468 3026 2522 continens
3097 2467 3253 2520 illius
3310 2472 3603 2533 tractatus,
3654 2468 3761 2521 hoc

2060 2562 2177 2611 est:
2212 2558 2593 2627 expositiones
2621 2557 2690 2610 ad
2720 2557 2998 2627 populum
3028 2556 3201 2609 factas
3233 2556 3293 2609 in
3328 2572 3539 2609 novum
3571 2557 3763 2609 Testa-

2060 2653 2342 2709 mentum,
2374 2663 2504 2701 cum
2530 2647 2656 2699 aliis
2709 2646 2849 2699 varii
2879 2646 3104 2716 generis
3155 2645 3462 2715 opusculis,
3520 2662 3762 2715 quorum

2060 2737 2308 2789 indicem
2349 2736 2523 2790 habet
2563 2736 2809 2789 alterum
2866 2734 3037 2803 hujus
3091 2734 3318 2803 paginas
3376 2734 3540 2787 latus.
3602 2738 3765 2787 Anno

2060 2827 2127 2879 M.
2149 2825 2386 2879 D.XLII.

246 2914 395 2966 liber
426 2927 609 2977 unus;
642 2912 851 2964 Contra
886 2910 1112 2964 Judazos
1162 2912 1311 2964 liber
1356 2926 1533 2976 unus;
1578 2911 1949 2965 Retractatio-
1990 2939 2028 2993 ο
2133 2914 2386 2967 Decimus
2419 2916 2610 2979 tomus,
2634 2942 2701 2949 —
2726 2910 3026 2965 continens
3059 2909 3281 2979 reliqua
3328 2914 3567 2963 tractata
3610 2910 3764 2979 apud

252 3016 396 3053 num
428 2999 562 3053 libri
593 2999 705 3052 duo
734 3016 747 3064 ;

324 3090 454 3141 Haec
484 3087 657 3141 series
684 3087 967 3141 librorum
993 3087 1350 3158 integrorum
1380 3087 1556 3142 efficit
1590 3091 1807 3142 Tomum
1838 3093 1949 3143 ter-

251 3180 386 3230 tium
426 3178 706 3245 Epitomes
756 3177 987 3245 Operam
1034 3180 1342 3244 Augustini
1390 3195 1441 3231 a.
1483 3180 1568 3231 Jo.
1626 3180 1950 3232 PISCATORIO

249 3266 626 3319 concinnatae.
692 3265 949 3335 Expressi
1005 3271 1139 3319 sunt
1188 3283 1255 3320 ex
1323 3267 1413 3320 ed.
1478 3267 1841 3336 Lugdunensi
1898 3282 1951 3320 a.

252 3355 383 3407 1497
419 3358 476 3406 et
504 3352 980 3419 Amerbachiana,
1012 3358 1076 3407 ut
1111 3353 1235 3424 ipse
1294 3354 1479 3408 editor
1526 3353 1587 3407 in
1616 3354 1954 3425 praefatione

249 3442 540 3511 professus
569 3446 671 3495 est.

1037 3532 1192 3584 1541.

316 3620 555 3674 Parisiis
612 3618 761 3688 apud
799 3620 1044 3675 Carolum
1100 3619 1397 3687 Guitlard;
1450 3618 1637 3687 in-fol.
1691 3621 1730 3674 Χ
1780 3622 1953 3675 tomis.

254 3710 315 3762 D.
350 3708 571 3762 Aurelii
609 3708 917 3778 Augustini
970 3724 1146 3777 opera
1209 3708 1407 3762 omnia
1454 3724 1524 3762 ex
1576 3712 1695 3763 Des.
1738 3712 1958 3763 Erasmi

253 3796 656 3851 emendatione
682 3817 697 3862 ;
725 3796 898 3850 editio
926 3796 1144 3850 auctior
1168 3801 1225 3850 et
1253 3796 1596 3867 locupletior
1645 3812 1775 3851 cum
1805 3797 1956 3851 indi-

254 3904 312 3940 ce
360 3886 837 3955 locupletissimo,
883 3901 1018 3939 cura
1050 3892 1107 3940 et
1158 3886 1343 3941 studio
1398 3887 1658 3941 Florentii
1689 3888 1957 3954 Bourgoi—

249 3981 329 4031 ni.
363 3977 483 4031 Cat.
508 3976 648 4029 Bibl.
680 3977 859 4043 Regia:
882 3977 1059 4030 Paris.

1031 4065 1186 4118 1543.

317 4152 548 4205 Basiieae
597 4152 657 4203 in
702 4153 922 4219 ofﬁcina
1002 4153 1338 4207 Frobeniana
1408 4168 1510 4223 per
1576 4154 1957 4220 Hieronymum

2065 3002 2368 3072 populum,
2420 3016 2665 3071 quorum
2726 3016 3009 3053 summam
3064 2998 3339 3052 indicabit
3384 3000 3505 3052 hinc
3548 2999 3759 3069 pagina

2063 3106 2241 3144 versa.
2275 3093 2439 3143 Anno
2471 3090 2537 3143 Μ.
2580 3089 2644 3142 D.
2678 3089 2837 3141 XLII.

2134 3180 2195 3231 In
2223 3177 2415 3232 omnia
2438 3178 2501 3231 D.
2534 3180 2598 3231 A.
2625 3175 2930 3247 Augustini
2986 3176 3207 3245 Scripta
3258 3175 3474 3229 indices
3524 3176 3657 3242 duo,
3692 3190 3758 3230 eo

2064 3266 2370 3337 conscripti
2399 3266 2588 3327 modo,
2641 3270 2705 3319 ut
2763 3265 2907 3318 nihil
2956 3269 3234 3318 annotatu
3290 3265 3530 3334 dignum
3582 3265 3765 3334 possis

2064 3355 2404 3420 desiderare,
2458 3370 2642 3424 neque
2700 3354 3017 3423 quidquam
3073 3354 3227 3407 velut
3279 3369 3763 3422 supervacaneum

2062 3445 2325 3515 rejiccre:
2354 3459 2601 3514 quorum
2621 3443 2778 3513 prior
2810 3442 3076 3496 materias
3098 3442 3156 3495 in
3191 3442 3328 3511 ipsis
3344 3441 3563 3511 passim
3624 3459 3768 3511 ope-

2064 3533 2220 3586 ribus
2251 3536 2537 3597 tractatas,
2605 3530 2852 3583 indicat:
2894 3529 3179 3600 posterior
3236 3546 3408 3583 sacrm
3458 3530 3766 3599 Scripturae

2065 3622 2314 3675 locorum
2366 3618 2866 3689 interpretationes
2914 3619 3076 3687 juxta
3129 3618 3444 3672 Bibliorum
3504 3618 3766 3671 ordinem

2066 3712 2492 3766 observatorum
2538 3710 2803 3763 ostendit.
2888 3712 3055 3763 Anno
3136 3709 3470 3763 M.D.XLI[I.
3504 3711 3566 3764 In
3614 3712 3764 3777 ﬁne:

2066 3803 2251 3857 Mense
2283 3799 2624 3870 Septembri.

2138 3890 2285 3954 Quid
2315 3889 2447 3942 novi
2493 3888 2552 3942 in
2580 3890 2687 3942 hac
2716 3888 2893 3941 altera
2944 3886 3296 3941 Frobeniana
3340 3887 3592 3942 editione
3624 3902 3769 3956 ope-

2065 3980 2224 4033 ribus
2270 3978 2574 4048 Augustini
2627 3976 2898 4041 evenerit,
2955 3992 3060 4045 per
3113 3992 3256 4045 quos
3305 3976 3404 4029 illa
3449 3981 3506 4028 et
3557 3975 3769 4045 quibus

2064 4066 2327 4120 subsidiis
2357 4068 2667 4118 sustentata
2721 4064 2913 4126 fuerit,
2974 4063 3328 4133 praefatione,
3390 4079 3552 4117 versa
3605 4061 3764 4116 tituli

2066 4154 2237 4225 primi
2266 4153 2477 4224 pagina
2531 4152 2827 4221 impressa,
2870 4151 3203 4221 bibliopola:
3265 4156 3582 4221 exponunt.
3644 4150 3773 4205 Orsi

254 4239 577 4292 Frobenium
616 4244 666 4292 et
691 4241 974 4295 Nicolaum
1021 4244 1364 4311 episcopum;
1416 4243 1596 4309 in-fol.
1650 4243 1724 4297 XI
1780 4243 1953 4295 tomis.
1997 4239 2039 4293 D
2072 4243 2226 4297 enim
2257 4244 2326 4296 ab
2352 4240 2714 4295 Amerbachii
2732 4240 2971 4305 meritis,
2996 4240 3263 4311 gratiam,
3298 4256 3471 4311 quam
3504 4241 3771 4294 Erasmus

252 4327 532 4381 Omnium
558 4344 799 4397 operum
832 4331 895 4383 D.
930 4330 1150 4384 Aurelii
1196 4331 1523 4401 Augustini,
1584 4328 1965 4401 Hipponensis

253 4417 530 4487 episcopi,
559 4420 771 4486 primus
814 4422 1003 4487 tomus,
1056 4420 1126 4473 ad
1158 4420 1330 4473 ﬁdem
1372 4425 1725 4474 vetustorum
1774 4435 1965 4473 exem-

255 4506 529 4575 plarium,
563 4512 689 4575 post
716 4508 979 4561 omnium
1011 4508 1070 4561 in
1100 4509 1253 4562 hunc
1282 4525 1463 4579 usque
1507 4508 1658 4563 diem
1690 4508 1965 4561 editiones

257 4595 446 4647 denuo
477 4610 707 4648 summa
738 4596 1030 4665 vigilantia
1059 4602 1498 4666 repurgatorum
1557 4616 1590 4652 a
1632 4597 1856 4650 mendis
1883 4597 1965 4649 in-

262 4684 541 4746 numeris,
585 4688 646 4735 ut
670 4684 1036 4753 optimojure
1068 4689 1261 4737 tantus
1285 4686 1542 4738 Ecclesiae
1573 4686 1771 4739 doctor
1801 4700 1963 4739 rena-

266 4776 354 4823 tus
384 4771 563 4825 videri
609 4772 804 4841 possit.
866 4772 1102 4842 Inspice,
1161 4774 1361 4841 lector,
1393 4778 1449 4827 et
1504 4773 1773 4827 fateberis
1822 4773 1967 4826 hanc

262 4875 378 4912 non
407 4876 612 4913 vanam
645 4877 764 4914 esse
780 4860 1257 4929 pollicitationem
1282 4878 1294 4914 :
1330 4861 1485 4931 quod
1513 4860 1559 4914 si
1577 4867 1770 4931 gratus
1796 4861 1967 4915 etiam

260 4963 385 5001 esse
414 4950 589 5015 voles,
646 4965 756 5002 non
800 4950 1037 5019 patieris
1085 4955 1312 5004 tantum
1348 4951 1576 5014 laboris,
1627 4954 1968 5020 tantumque

258 5036 659 5107 impensarum
688 5039 897 5093 frustra
925 5044 1219 5110 sumptum
1247 5055 1385 5093 esse.
1418 5038 1531 5093 Sub
1559 5038 1735 5093 tinem
1765 5038 1969 5091 annexi

256 5131 394 5180 sunt
440 5127 661 5181 indices
709 5128 844 5197 duo,
899 5128 1044 5183 alter
1090 5128 1485 5197 materiarum,
1521 5129 1662 5183 alter
1690 5128 1972 5198 interpre-

259 5218 519 5268 tatorum
547 5216 855 5287 Scriptura:
902 5217 1195 5271 locorum:
1253 5217 1460 5289 quibus
1499 5219 1772 5272 lectorem
1819 5217 1971 5271 haud

262 5304 467 5359 leviter
500 5305 760 5375 adjutum
782 5305 855 5359 iri
881 5306 1242 5360 conﬁdimus.

336 5393 462 5447 :Hic
487 5393 663 5463 primi
693 5394 1002 5448 voluminis
1035 5398 1205 5464 atque
1244 5394 1434 5466 operis
1481 5393 1734 5448 universi
1774 5392 1972 5447 titulus

268 5497 488 5536 annum
528 5484 662 5537 1543
692 5483 1037 5553 impressum
1085 5483 1277 5551 habet,
1304 5485 1401 5538 sed
1431 5484 1500 5538 ad
1542 5485 1753 5538 calcem
1784 5485 1969 5538 tomo-

2073 4348 2249 4401 opera
2278 4348 2380 4385 sua
2426 4331 2578 4401 apud
2628 4345 2827 4384 omnes
2866 4330 3117 4396 iniverit,
3148 4329 3586 4383 cumulatiorem
3640 4344 3775 4382 eum

2073 4422 2353 4475 initurum
2382 4420 2550 4473 fuisse
2575 4423 2831 4487 monent,
2867 4418 2913 4471 si
2965 4418 3072 4472 soli
3125 4422 3238 4472 tam
3294 4418 3589 4487 ingentem
3639 4434 3775 4487 pro-

2072 4510 2317 4563 vinciam
2349 4509 2507 4563 obire
2544 4512 2814 4573 vacasset,
2865 4513 2921 4561 et
2950 4523 3069 4561 non
3104 4507 3316 4561 bonam
3348 4507 3470 4577 ejus
3527 4512 3775 4576 partem,

2075 4600 2200 4653 aliis
2230 4598 2472 4668 negotiis
2493 4614 2559 4650 ex
2589 4602 2908 4650 transverso
2938 4613 2995 4651 se
3040 4596 3456 4667 ingerentibus,
3518 4596 3577 4650 in
3626 4596 3777 4651 ami-

2075 4705 2167 4742 cos
2199 4687 2397 4756 partiri
2431 4687 2759 4755 compulsus
2789 4690 2919 4739 esst.

2148 4775 2362 4829 Deinde
2390 4779 2672 4845 pergunt:
2709 4793 2735 4825 «
2764 4775 2872 4829 Sed
2906 4774 3061 4845 quod
3084 4774 3176 4829 ille
3208 4772 3523 4844 posteriore
3572 4772 3779 4826 editio-

2076 4879 2147 4917 ne
2174 4866 2391 4915 sartum
2437 4865 2652 4915 tectum
2709 4866 3083 4932 praestaturus
3136 4861 3493 4932 sperabatur,
3546 4859 3780 4912 interim

2078 4950 2174 5003 alii
2230 4954 2666 5021 occupaverunt.
2722 4949 3066 5003 Succedente
3116 4949 3270 5003 enim
3326 4947 3624 5001 Lutetiana
3666 4947 3781 5001 edi-

2077 5039 2253 5107 tione,
2286 5039 2672 5093 celeberrimze
2717 5039 2921 5093 scholia
2954 5038 3175 5110 aliquot
3203 5034 3429 5089 alumni
3458 5035 3517 5089 in
3548 5036 3657 5090 hoc
3687 5037 3776 5090 in-

2079 5127 2421 5193 cubuerunt,
2446 5132 2511 5181 ut
2540 5127 2587 5181 si
2616 5128 2755 5199 quid
2788 5130 3084 5182 Erasmum
3124 5124 3374 5179 sociosve
3404 5125 3783 5197 subterfugis-

2079 5222 2182 5284 set,
2215 5216 2491 5270 sarcirent
2516 5233 2618 5270 sua
2645 5232 2799 5284 cura,
2832 5217 2986 5271 haud
3043 5214 3374 5285 paenitenda
3420 5229 3525 5284 per
3577 5217 3783 5283 Musas,

2079 5310 2137 5360 et
2166 5305 2404 5359 minime
2430 5321 2796 5375 supervacua.
2831 5304 3082 5359 Tandem
3113 5307 3355 5371 urgente
3371 5303 3493 5374 jam
3540 5302 3656 5357 fato
3689 5320 3782 5358 ex-

2080 5400 2325 5449 tremam
2363 5394 2749 5464 castigationis
2778 5406 3036 5459 manum,
3088 5396 3144 5447 et
3196 5397 3261 5447 ut
3311 5392 3467 5447 credi
3518 5409 3623 5463 par
3676 5396 3781 5459 est,

2080 5482 2258 5553 ipsius
2296 5482 2597 5552 Augustini
2629 5485 2820 5535 sancta
2849 5479 3043 5534 anima
3071 5485 3153 5535 tot
3196 5481 3489 5552 praeclaris
3521 5481 3783 5535 successi—
