  <div class='ocr_page' id='page_1' title='image "/cluster/home/n/w/nwhite01/storage/ocr_20150623/47/hvd.32044096580683/039.png"; bbox 0 0 4044 6190; ppageno 0'>
   <div class='ocr_carea' id='block_1_1' title="bbox 359 201 3855 262">
    <p class='ocr_par' dir='ltr' id='par_1_1' title="bbox 359 201 3855 262">
     <span class='ocr_line' id='line_1_1' title="bbox 359 201 3855 262; baseline -0.002 -3"><span class='ocrx_word' id='word_1_1' title='bbox 359 213 421 262; x_wconf 79' lang='lat'><strong>67</strong></span> <span class='ocrx_word' id='word_1_2' title='bbox 633 201 637 204; x_wconf 61' lang='grc'><em>’</em></span> <span class='ocrx_word' id='word_1_3' title='bbox 1366 205 1920 260; x_wconf 70' lang='lat' dir='ltr'><strong>SUI‘I’LEMENTUM</strong></span> <span class='ocrx_word' id='word_1_4' title='bbox 1965 203 2053 258; x_wconf 86' lang='lat' dir='ltr'><strong>AD</strong></span> <span class='ocrx_word' id='word_1_5' title='bbox 2093 201 2324 257; x_wconf 81' lang='lat' dir='ltr'><strong>OPERA</strong></span> <span class='ocrx_word' id='word_1_6' title='bbox 2366 203 2420 255; x_wconf 89' lang='lat' dir='ltr'><strong>S.</strong></span> <span class='ocrx_word' id='word_1_7' title='bbox 2462 201 2850 256; x_wconf 83' lang='lat' dir='ltr'><strong>AUGUSTINI.</strong></span> <span class='ocrx_word' id='word_1_8' title='bbox 3792 204 3855 253; x_wconf 78' lang='lat'><strong>68</strong></span> 
     </span>
    </p>
   </div>
   <div class='ocr_carea' id='block_1_2' title="bbox 357 295 3855 396">
    <p class='ocr_par' dir='ltr' id='par_1_2' title="bbox 357 295 3855 396">
     <span class='ocr_line' id='line_1_2' title="bbox 357 295 3855 396; baseline -0.002 -12"><span class='ocrx_word' id='word_1_9' title='bbox 357 330 461 384; x_wconf 87' lang='lat' dir='ltr'><strong>bus</strong></span> <span class='ocrx_word' id='word_1_10' title='bbox 491 329 735 396; x_wconf 77' lang='lat' dir='ltr'><strong>favente,</strong></span> <span class='ocrx_word' id='word_1_11' title='bbox 767 328 980 383; x_wconf 82' lang='lat' dir='ltr'><strong>exstitit</strong></span> <span class='ocrx_word' id='word_1_12' title='bbox 1020 326 1104 380; x_wconf 85' lang='lat' dir='ltr'><strong>vir</strong></span> <span class='ocrx_word' id='word_1_13' title='bbox 1151 325 1409 380; x_wconf 90' lang='lat' dir='ltr'><strong>omnium</strong></span> <span class='ocrx_word' id='word_1_14' title='bbox 1466 325 1750 379; x_wconf 89' lang='lat' dir='ltr'><strong>bonorum</strong></span> <span class='ocrx_word' id='word_1_15' title='bbox 1803 325 2051 379; x_wconf 80' lang='lat' dir='ltr'><strong>benevo-</strong></span> <span class='ocrx_word' id='word_1_16' title='bbox 2091 336 2132 388; x_wconf 82' lang='grc' dir='ltr'><strong>Α</strong></span> <span class='ocrx_word' id='word_1_17' title='bbox 2164 322 2342 393; x_wconf 83' lang='lat' dir='ltr'><strong>igitur</strong></span> <span class='ocrx_word' id='word_1_18' title='bbox 2364 326 2467 390; x_wconf 88' lang='lat' dir='ltr'><strong>est,</strong></span> <span class='ocrx_word' id='word_1_19' title='bbox 2501 327 2582 392; x_wconf 89' lang='lat' dir='ltr'><strong>ut,</strong></span> <span class='ocrx_word' id='word_1_20' title='bbox 2615 295 2772 395; x_wconf 87' lang='lat' dir='ltr'><strong>quod</strong></span> <span class='ocrx_word' id='word_1_21' title='bbox 2803 325 3076 378; x_wconf 68' lang='lat' dir='ltr'><strong>Romanae</strong></span> <span class='ocrx_word' id='word_1_22' title='bbox 3105 321 3451 393; x_wconf 60' lang='lat' dir='ltr'><strong>eloquentiae</strong></span> <span class='ocrx_word' id='word_1_23' title='bbox 3481 321 3767 376; x_wconf 78' lang='lat' dir='ltr'><strong>candidati</strong></span> <span class='ocrx_word' id='word_1_24' title='bbox 3797 323 3855 376; x_wconf 89' lang='lat' dir='ltr'><strong>in</strong></span> 
     </span>
    </p>
   </div>
   <div class='ocr_carea' id='block_1_3' title="bbox 358 413 2052 489">
    <p class='ocr_par' dir='ltr' id='par_1_3' title="bbox 358 413 2052 489">
     <span class='ocr_line' id='line_1_3' title="bbox 358 413 2052 489; baseline -0.004 -16"><span class='ocrx_word' id='word_1_25' title='bbox 358 420 532 474; x_wconf 89' lang='lat' dir='ltr'><strong>lentia</strong></span> <span class='ocrx_word' id='word_1_26' title='bbox 563 419 955 489; x_wconf 85' lang='lat' dir='ltr'><strong>dignissimus,</strong></span> <span class='ocrx_word' id='word_1_27' title='bbox 1015 421 1072 468; x_wconf 88' lang='lat' dir='ltr'><strong>et</strong></span> <span class='ocrx_word' id='word_1_28' title='bbox 1117 415 1184 468; x_wconf 87' lang='lat' dir='ltr'><strong>ad</strong></span> <span class='ocrx_word' id='word_1_29' title='bbox 1213 415 1360 467; x_wconf 87' lang='lat' dir='ltr'><strong>hanc</strong></span> <span class='ocrx_word' id='word_1_30' title='bbox 1398 413 1754 468; x_wconf 86' lang='lat' dir='ltr'><strong>functionem</strong></span> <span class='ocrx_word' id='word_1_31' title='bbox 1785 430 1815 467; x_wconf 90' lang='lat' dir='ltr'><strong>a</strong></span> <span class='ocrx_word' id='word_1_32' title='bbox 1845 419 2052 467; x_wconf 89' lang='lat' dir='ltr'><strong>natura</strong></span> 
     </span>
    </p>
   </div>
   <div class='ocr_carea' id='block_1_4' title="bbox 355 502 2046 578">
    <p class='ocr_par' dir='ltr' id='par_1_4' title="bbox 355 502 2046 578">
     <span class='ocr_line' id='line_1_4' title="bbox 355 502 2046 578; baseline -0.004 -17"><span class='ocrx_word' id='word_1_33' title='bbox 355 508 533 561; x_wconf 78' lang='lat' dir='ltr'><strong>factus</strong></span> <span class='ocrx_word' id='word_1_34' title='bbox 587 509 973 578; x_wconf 79' lang='lat' dir='ltr'><strong>sculptusque,</strong></span> <span class='ocrx_word' id='word_1_35' title='bbox 1023 504 1160 557; x_wconf 89' lang='lat' dir='ltr'><strong>olim</strong></span> <span class='ocrx_word' id='word_1_36' title='bbox 1240 519 1306 556; x_wconf 92' lang='lat' dir='ltr'><strong>eo</strong></span> <span class='ocrx_word' id='word_1_37' title='bbox 1372 502 1737 572; x_wconf 90' lang='lat' dir='ltr'><strong>potissimum</strong></span> <span class='ocrx_word' id='word_1_38' title='bbox 1819 502 2046 555; x_wconf 85' lang='lat' dir='ltr'><strong>nomine</strong></span> 
     </span>
    </p>
   </div>
   <div class='ocr_carea' id='block_1_5' title="bbox 355 590 2047 664">
    <p class='ocr_par' dir='ltr' id='par_1_5' title="bbox 355 590 2047 664">
     <span class='ocr_line' id='line_1_5' title="bbox 355 590 2047 664; baseline -0.004 -15"><span class='ocrx_word' id='word_1_39' title='bbox 355 597 586 649; x_wconf 87' lang='lat' dir='ltr'><strong>Erasmo</strong></span> <span class='ocrx_word' id='word_1_40' title='bbox 631 611 758 649; x_wconf 81' lang='lat' dir='ltr'><strong>cum</strong></span> <span class='ocrx_word' id='word_1_41' title='bbox 807 592 1005 664; x_wconf 84' lang='lat' dir='ltr'><strong>primis</strong></span> <span class='ocrx_word' id='word_1_42' title='bbox 1063 591 1286 656; x_wconf 86' lang='lat' dir='ltr'><strong>charus,</strong></span> <span class='ocrx_word' id='word_1_43' title='bbox 1336 590 1531 659; x_wconf 85' lang='lat' dir='ltr'><strong>illique</strong></span> <span class='ocrx_word' id='word_1_44' title='bbox 1569 591 1628 643; x_wconf 91' lang='lat' dir='ltr'><strong>in</strong></span> <span class='ocrx_word' id='word_1_45' title='bbox 1681 591 1785 643; x_wconf 89' lang='lat' dir='ltr'><strong>hoc</strong></span> <span class='ocrx_word' id='word_1_46' title='bbox 1816 590 2047 659; x_wconf 87' lang='lat' dir='ltr'><strong>negotio</strong></span> 
     </span>
    </p>
   </div>
   <div class='ocr_carea' id='block_1_6' title="bbox 357 678 2048 755">
    <p class='ocr_par' dir='ltr' id='par_1_6' title="bbox 357 678 2048 755">
     <span class='ocr_line' id='line_1_6' title="bbox 357 678 2048 755; baseline -0.005 -16"><span class='ocrx_word' id='word_1_47' title='bbox 357 685 439 755; x_wconf 92' lang='lat' dir='ltr'><strong>(ut</strong></span> <span class='ocrx_word' id='word_1_48' title='bbox 469 685 546 738; x_wconf 90' lang='lat' dir='ltr'><strong>sic</strong></span> <span class='ocrx_word' id='word_1_49' title='bbox 579 685 778 751; x_wconf 76' lang='lat' dir='ltr'><strong>diram)</strong></span> <span class='ocrx_word' id='word_1_50' title='bbox 814 680 1280 745; x_wconf 87' lang='lat' dir='ltr'><strong>succenturialus,</strong></span> <span class='ocrx_word' id='word_1_51' title='bbox 1331 682 1600 734; x_wconf 78' lang='lat' dir='ltr'><strong>Martinus</strong></span> <span class='ocrx_word' id='word_1_52' title='bbox 1649 681 1921 749; x_wconf 82' lang='lat' dir='ltr'><strong>Lypsius:</strong></span> <span class='ocrx_word' id='word_1_53' title='bbox 1957 678 2048 731; x_wconf 90' lang='lat' dir='ltr'><strong>cui</strong></span> 
     </span>
    </p>
   </div>
   <div class='ocr_carea' id='block_1_7' title="bbox 352 767 2044 841">
    <p class='ocr_par' dir='ltr' id='par_1_7' title="bbox 352 767 2044 841">
     <span class='ocr_line' id='line_1_7' title="bbox 352 767 2044 841; baseline -0.003 -17"><span class='ocrx_word' id='word_1_54' title='bbox 352 774 473 827; x_wconf 87' lang='lat' dir='ltr'><strong>viro</strong></span> <span class='ocrx_word' id='word_1_55' title='bbox 499 777 552 826; x_wconf 93' lang='lat' dir='ltr'><strong>et</strong></span> <span class='ocrx_word' id='word_1_56' title='bbox 585 770 853 841; x_wconf 80' lang='lat' dir='ltr'><strong>temporis</strong></span> <span class='ocrx_word' id='word_1_57' title='bbox 882 769 1149 839; x_wconf 83' lang='lat' dir='ltr'><strong>spatium,</strong></span> <span class='ocrx_word' id='word_1_58' title='bbox 1189 775 1244 822; x_wconf 85' lang='lat' dir='ltr'><strong>et</strong></span> <span class='ocrx_word' id='word_1_59' title='bbox 1276 769 1479 834; x_wconf 89' lang='lat' dir='ltr'><strong>otium,</strong></span> <span class='ocrx_word' id='word_1_60' title='bbox 1531 774 1586 822; x_wconf 93' lang='lat' dir='ltr'><strong>et</strong></span> <span class='ocrx_word' id='word_1_61' title='bbox 1634 767 2044 838; x_wconf 83' lang='lat' dir='ltr'><strong>exemplarium</strong></span> 
     </span>
    </p>
   </div>
   <div class='ocr_carea' id='block_1_8' title="bbox 352 855 2046 932">
    <p class='ocr_par' dir='ltr' id='par_1_8' title="bbox 352 855 2046 932">
     <span class='ocr_line' id='line_1_8' title="bbox 352 855 2046 932; baseline -0.005 -16"><span class='ocrx_word' id='word_1_62' title='bbox 352 862 532 932; x_wconf 89' lang='lat' dir='ltr'><strong>copia,</strong></span> <span class='ocrx_word' id='word_1_63' title='bbox 569 865 623 914; x_wconf 91' lang='lat' dir='ltr'><strong>et</strong></span> <span class='ocrx_word' id='word_1_64' title='bbox 650 861 704 913; x_wconf 86' lang='lat' dir='ltr'><strong>in</strong></span> <span class='ocrx_word' id='word_1_65' title='bbox 735 859 926 912; x_wconf 89' lang='lat' dir='ltr'><strong>labore</strong></span> <span class='ocrx_word' id='word_1_66' title='bbox 975 858 1258 911; x_wconf 89' lang='lat' dir='ltr'><strong>sociorum</strong></span> <span class='ocrx_word' id='word_1_67' title='bbox 1301 857 1572 924; x_wconf 90' lang='lat' dir='ltr'><strong>delectus,</strong></span> <span class='ocrx_word' id='word_1_68' title='bbox 1621 861 1677 910; x_wconf 90' lang='lat' dir='ltr'><strong>et</strong></span> <span class='ocrx_word' id='word_1_69' title='bbox 1731 855 2046 910; x_wconf 82' lang='lat' dir='ltr'><strong>litteratura</strong></span> 
     </span>
    </p>
   </div>
   <div class='ocr_carea' id='block_1_9' title="bbox 351 944 2043 1018">
    <p class='ocr_par' dir='ltr' id='par_1_9' title="bbox 351 944 2043 1018">
     <span class='ocr_line' id='line_1_9' title="bbox 351 944 2043 1018; baseline -0.004 -14"><span class='ocrx_word' id='word_1_70' title='bbox 351 951 575 1018; x_wconf 88' lang='lat' dir='ltr'><strong>idonea,</strong></span> <span class='ocrx_word' id='word_1_71' title='bbox 609 948 856 1018; x_wconf 82' lang='lat' dir='ltr'><strong>lmicque</strong></span> <span class='ocrx_word' id='word_1_72' title='bbox 884 963 988 1016; x_wconf 88' lang='lat' dir='ltr'><strong>par</strong></span> <span class='ocrx_word' id='word_1_73' title='bbox 1036 946 1336 1012; x_wconf 87' lang='lat' dir='ltr'><strong>industria,</strong></span> <span class='ocrx_word' id='word_1_74' title='bbox 1394 945 1538 999; x_wconf 86' lang='lat' dir='ltr'><strong>etin</strong></span> <span class='ocrx_word' id='word_1_75' title='bbox 1593 948 1753 999; x_wconf 89' lang='lat' dir='ltr'><strong>tanto</strong></span> <span class='ocrx_word' id='word_1_76' title='bbox 1813 944 2043 1014; x_wconf 88' lang='lat' dir='ltr'><strong>negotio</strong></span> 
     </span>
    </p>
   </div>
   <div class='ocr_carea' id='block_1_10' title="bbox 351 1033 2044 1106">
    <p class='ocr_par' dir='ltr' id='par_1_10' title="bbox 351 1033 2044 1106">
     <span class='ocr_line' id='line_1_10' title="bbox 351 1033 2044 1106; baseline -0.004 -14"><span class='ocrx_word' id='word_1_77' title='bbox 351 1055 468 1092; x_wconf 90' lang='lat' dir='ltr'><strong>non</strong></span> <span class='ocrx_word' id='word_1_78' title='bbox 498 1044 616 1092; x_wconf 89' lang='lat' dir='ltr'><strong>tam</strong></span> <span class='ocrx_word' id='word_1_79' title='bbox 647 1037 968 1106; x_wconf 81' lang='lat' dir='ltr'><strong>diligentia,</strong></span> <span class='ocrx_word' id='word_1_80' title='bbox 1000 1053 1171 1106; x_wconf 89' lang='lat' dir='ltr'><strong>quam</strong></span> <span class='ocrx_word' id='word_1_81' title='bbox 1206 1034 1427 1106; x_wconf 80' lang='lat' dir='ltr'><strong>religio,</strong></span> <span class='ocrx_word' id='word_1_82' title='bbox 1483 1034 1553 1089; x_wconf 91' lang='lat' dir='ltr'><strong>ad</strong></span> <span class='ocrx_word' id='word_1_83' title='bbox 1591 1034 1700 1088; x_wconf 88' lang='lat' dir='ltr'><strong>hoc</strong></span> <span class='ocrx_word' id='word_1_84' title='bbox 1745 1033 2044 1087; x_wconf 82' lang='lat' dir='ltr'><strong>doctorum</strong></span> 
     </span>
    </p>
   </div>
   <div class='ocr_carea' id='block_1_11' title="bbox 348 1122 2044 1194">
    <p class='ocr_par' dir='ltr' id='par_1_11' title="bbox 348 1122 2044 1194">
     <span class='ocr_line' id='line_1_11' title="bbox 348 1122 2044 1194; baseline -0.004 -13"><span class='ocrx_word' id='word_1_85' title='bbox 348 1128 652 1181; x_wconf 82' lang='lat' dir='ltr'><strong>hominum</strong></span> <span class='ocrx_word' id='word_1_86' title='bbox 692 1129 847 1179; x_wconf 75' lang='lat' dir='ltr'><strong>lavor</strong></span> <span class='ocrx_word' id='word_1_87' title='bbox 877 1125 1416 1194; x_wconf 84' lang='lat' dir='ltr'><strong>adhortationesque</strong></span> <span class='ocrx_word' id='word_1_88' title='bbox 1447 1127 1616 1194; x_wconf 89' lang='lat' dir='ltr'><strong>atque</strong></span> <span class='ocrx_word' id='word_1_89' title='bbox 1646 1122 1883 1192; x_wconf 88' lang='lat' dir='ltr'><strong>insuper</strong></span> <span class='ocrx_word' id='word_1_90' title='bbox 1903 1138 2044 1192; x_wconf 64' lang='lat' dir='ltr'><strong>prte-</strong></span> 
     </span>
    </p>
   </div>
   <div class='ocr_carea' id='block_1_12' title="bbox 348 1211 2041 1283">
    <p class='ocr_par' dir='ltr' id='par_1_12' title="bbox 348 1211 2041 1283">
     <span class='ocr_line' id='line_1_12' title="bbox 348 1211 2041 1283; baseline -0.004 -14"><span class='ocrx_word' id='word_1_91' title='bbox 348 1216 596 1269; x_wconf 87' lang='lat' dir='ltr'><strong>miorum</strong></span> <span class='ocrx_word' id='word_1_92' title='bbox 628 1215 1046 1279; x_wconf 81' lang='lat' dir='ltr'><strong>allectamenta,</strong></span> <span class='ocrx_word' id='word_1_93' title='bbox 1097 1213 1344 1283; x_wconf 80' lang='lat' dir='ltr'><strong>denique</strong></span> <span class='ocrx_word' id='word_1_94' title='bbox 1402 1211 1683 1282; x_wconf 87' lang='lat' dir='ltr'><strong>quidquid</strong></span> <span class='ocrx_word' id='word_1_95' title='bbox 1744 1211 2041 1282; x_wconf 64' lang='lat' dir='ltr'><strong>praesidio-</strong></span> 
     </span>
    </p>
   </div>
   <div class='ocr_carea' id='block_1_13' title="bbox 348 1300 2041 1374">
    <p class='ocr_par' dir='ltr' id='par_1_13' title="bbox 348 1300 2041 1374">
     <span class='ocr_line' id='line_1_13' title="bbox 348 1300 2041 1374; baseline -0.003 -16"><span class='ocrx_word' id='word_1_96' title='bbox 348 1319 478 1358; x_wconf 92' lang='lat' dir='ltr'><strong>rum</strong></span> <span class='ocrx_word' id='word_1_97' title='bbox 509 1319 652 1374; x_wconf 81' lang='lat' dir='ltr'><strong>opus</strong></span> <span class='ocrx_word' id='word_1_98' title='bbox 682 1307 840 1362; x_wconf 88' lang='lat' dir='ltr'><strong>esset,</strong></span> <span class='ocrx_word' id='word_1_99' title='bbox 875 1300 1099 1354; x_wconf 84' lang='lat' dir='ltr'><strong>abunde</strong></span> <span class='ocrx_word' id='word_1_100' title='bbox 1131 1305 1477 1371; x_wconf 82' lang='lat' dir='ltr'><strong>suppeteret.</strong></span> <span class='ocrx_word' id='word_1_101' title='bbox 1513 1301 1769 1371; x_wconf 86' lang='lat' dir='ltr'><strong>Namque</strong></span> <span class='ocrx_word' id='word_1_102' title='bbox 1801 1301 1849 1354; x_wconf 89' lang='lat' dir='ltr'><strong>is</strong></span> <span class='ocrx_word' id='word_1_103' title='bbox 1901 1317 1934 1353; x_wconf 89' lang='lat' dir='ltr'><strong>a</strong></span> <span class='ocrx_word' id='word_1_104' title='bbox 1958 1306 2041 1353; x_wconf 92' lang='lat' dir='ltr'><strong>te-</strong></span> 
     </span>
    </p>
   </div>
   <div class='ocr_carea' id='block_1_14' title="bbox 352 1389 2040 1462">
    <p class='ocr_par' dir='ltr' id='par_1_14' title="bbox 352 1389 2040 1462">
     <span class='ocr_line' id='line_1_14' title="bbox 352 1389 2040 1462; baseline -0.002 -17"><span class='ocrx_word' id='word_1_105' title='bbox 352 1392 503 1445; x_wconf 90' lang='lat' dir='ltr'><strong>neris</strong></span> <span class='ocrx_word' id='word_1_106' title='bbox 533 1390 856 1462; x_wconf 80' lang='lat' dir='ltr'><strong>unguiculis</strong></span> <span class='ocrx_word' id='word_1_107' title='bbox 880 1389 1178 1460; x_wconf 83' lang='lat' dir='ltr'><strong>Augustini</strong></span> <span class='ocrx_word' id='word_1_108' title='bbox 1207 1389 1540 1458; x_wconf 83' lang='lat' dir='ltr'><strong>admirator,</strong></span> <span class='ocrx_word' id='word_1_109' title='bbox 1571 1394 1741 1459; x_wconf 91' lang='lat' dir='ltr'><strong>atque</strong></span> <span class='ocrx_word' id='word_1_110' title='bbox 1777 1389 1945 1442; x_wconf 88' lang='lat' dir='ltr'><strong>etiam</strong></span> <span class='ocrx_word' id='word_1_111' title='bbox 1970 1404 2040 1442; x_wconf 82' lang='lat' dir='ltr'><strong>ex</strong></span> 
     </span>
    </p>
   </div>
   <div class='ocr_carea' id='block_1_15' title="bbox 345 1477 2039 1552">
    <p class='ocr_par' dir='ltr' id='par_1_15' title="bbox 345 1477 2039 1552">
     <span class='ocr_line' id='line_1_15' title="bbox 345 1477 2039 1552; baseline -0.002 -17"><span class='ocrx_word' id='word_1_112' title='bbox 345 1481 600 1552; x_wconf 86' lang='lat' dir='ltr'><strong>professo</strong></span> <span class='ocrx_word' id='word_1_113' title='bbox 629 1481 752 1548; x_wconf 73' lang='lat' dir='ltr'><strong>e}::s</strong></span> <span class='ocrx_word' id='word_1_114' title='bbox 779 1477 1020 1532; x_wconf 83' lang='lat' dir='ltr'><strong>instituti</strong></span> <span class='ocrx_word' id='word_1_115' title='bbox 1051 1482 1294 1531; x_wconf 81' lang='lat' dir='ltr'><strong>sectator</strong></span> <span class='ocrx_word' id='word_1_116' title='bbox 1335 1493 1439 1548; x_wconf 91' lang='lat' dir='ltr'><strong>pro</strong></span> <span class='ocrx_word' id='word_1_117' title='bbox 1485 1494 1586 1531; x_wconf 91' lang='lat' dir='ltr'><strong>suo</strong></span> <span class='ocrx_word' id='word_1_118' title='bbox 1643 1477 1918 1548; x_wconf 82' lang='lat' dir='ltr'><strong>peculiari</strong></span> <span class='ocrx_word' id='word_1_119' title='bbox 1951 1494 2039 1532; x_wconf 85' lang='lat' dir='ltr'><strong>er-</strong></span> 
     </span>
    </p>
   </div>
   <div class='ocr_carea' id='block_1_16' title="bbox 345 1567 2039 1639">
    <p class='ocr_par' dir='ltr' id='par_1_16' title="bbox 345 1567 2039 1639">
     <span class='ocr_line' id='line_1_16' title="bbox 345 1567 2039 1639; baseline -0.001 -16"><span class='ocrx_word' id='word_1_120' title='bbox 345 1586 417 1639; x_wconf 85' lang='lat' dir='ltr'><strong>ga</strong></span> <span class='ocrx_word' id='word_1_121' title='bbox 449 1569 678 1623; x_wconf 84' lang='lat' dir='ltr'><strong>sanctis:</strong></span> <span class='ocrx_word' id='word_1_122' title='bbox 735 1568 916 1621; x_wconf 64' lang='lat' dir='ltr'><strong>xirum</strong></span> <span class='ocrx_word' id='word_1_123' title='bbox 979 1567 1203 1630; x_wconf 74' lang='lat' dir='ltr'><strong>affectu,</strong></span> <span class='ocrx_word' id='word_1_124' title='bbox 1255 1584 1436 1620; x_wconf 87' lang='lat' dir='ltr'><strong>annos</strong></span> <span class='ocrx_word' id='word_1_125' title='bbox 1491 1567 1619 1636; x_wconf 86' lang='lat' dir='ltr'><strong>plus</strong></span> <span class='ocrx_word' id='word_1_126' title='bbox 1677 1567 1878 1636; x_wconf 83' lang='lat' dir='ltr'><strong>viginti</strong></span> <span class='ocrx_word' id='word_1_127' title='bbox 1935 1567 2039 1621; x_wconf 90' lang='lat' dir='ltr'><strong>hoc</strong></span> 
     </span>
    </p>
   </div>
   <div class='ocr_carea' id='block_1_17' title="bbox 348 1654 2038 1730">
    <p class='ocr_par' dir='ltr' id='par_1_17' title="bbox 348 1654 2038 1730">
     <span class='ocr_line' id='line_1_17' title="bbox 348 1654 2038 1730; baseline -0.002 -18"><span class='ocrx_word' id='word_1_128' title='bbox 348 1675 492 1730; x_wconf 89' lang='lat' dir='ltr'><strong>pene</strong></span> <span class='ocrx_word' id='word_1_129' title='bbox 523 1658 708 1711; x_wconf 89' lang='lat' dir='ltr'><strong>solum</strong></span> <span class='ocrx_word' id='word_1_130' title='bbox 741 1656 877 1726; x_wconf 88' lang='lat' dir='ltr'><strong>egit,</strong></span> <span class='ocrx_word' id='word_1_131' title='bbox 913 1671 979 1709; x_wconf 90' lang='lat' dir='ltr'><strong>ne</strong></span> <span class='ocrx_word' id='word_1_132' title='bbox 1022 1655 1173 1725; x_wconf 85' lang='lat' dir='ltr'><strong>quod</strong></span> <span class='ocrx_word' id='word_1_133' title='bbox 1229 1655 1502 1708; x_wconf 73' lang='lat' dir='ltr'><strong>mendum</strong></span> <span class='ocrx_word' id='word_1_134' title='bbox 1549 1655 1607 1707; x_wconf 92' lang='lat' dir='ltr'><strong>in</strong></span> <span class='ocrx_word' id='word_1_135' title='bbox 1664 1654 1885 1722; x_wconf 80' lang='lat' dir='ltr'><strong>scriptis</strong></span> <span class='ocrx_word' id='word_1_136' title='bbox 1915 1656 2038 1726; x_wconf 79' lang='lat' dir='ltr'><strong>ejus</strong></span> 
     </span>
    </p>
   </div>
   <div class='ocr_carea' id='block_1_18' title="bbox 345 1742 2036 1814">
    <p class='ocr_par' dir='ltr' id='par_1_18' title="bbox 345 1742 2036 1814">
     <span class='ocr_line' id='line_1_18' title="bbox 345 1742 2036 1814; baseline -0.001 -15"><span class='ocrx_word' id='word_1_137' title='bbox 345 1746 666 1800; x_wconf 88' lang='lat' dir='ltr'><strong>subsideret</strong></span> <span class='ocrx_word' id='word_1_138' title='bbox 695 1761 705 1797; x_wconf 92' lang='lat'><strong>:</strong></span> <span class='ocrx_word' id='word_1_139' title='bbox 736 1749 930 1814; x_wconf 86' lang='lat' dir='ltr'><strong>utpote</strong></span> <span class='ocrx_word' id='word_1_140' title='bbox 962 1744 1060 1813; x_wconf 89' lang='lat' dir='ltr'><strong>qui</strong></span> <span class='ocrx_word' id='word_1_141' title='bbox 1091 1743 1259 1796; x_wconf 90' lang='lat' dir='ltr'><strong>etiam</strong></span> <span class='ocrx_word' id='word_1_142' title='bbox 1292 1742 1481 1813; x_wconf 88' lang='lat' dir='ltr'><strong>prima</strong></span> <span class='ocrx_word' id='word_1_143' title='bbox 1537 1747 1731 1796; x_wconf 91' lang='lat' dir='ltr'><strong>nostra</strong></span> <span class='ocrx_word' id='word_1_144' title='bbox 1790 1743 2036 1798; x_wconf 87' lang='lat' dir='ltr'><strong>editione</strong></span> 
     </span>
    </p>
   </div>
   <div class='ocr_carea' id='block_1_19' title="bbox 343 1830 2037 1902">
    <p class='ocr_par' dir='ltr' id='par_1_19' title="bbox 343 1830 2037 1902">
     <span class='ocr_line' id='line_1_19' title="bbox 343 1830 2037 1902; baseline -0.002 -14"><span class='ocrx_word' id='word_1_145' title='bbox 343 1837 576 1888; x_wconf 88' lang='lat' dir='ltr'><strong>Erasmo</strong></span> <span class='ocrx_word' id='word_1_146' title='bbox 602 1834 766 1902; x_wconf 88' lang='lat' dir='ltr'><strong>plura</strong></span> <span class='ocrx_word' id='word_1_147' title='bbox 795 1833 937 1898; x_wconf 90' lang='lat' dir='ltr'><strong>loca,</strong></span> <span class='ocrx_word' id='word_1_148' title='bbox 970 1848 1143 1902; x_wconf 89' lang='lat' dir='ltr'><strong>quam</strong></span> <span class='ocrx_word' id='word_1_149' title='bbox 1176 1831 1318 1884; x_wconf 83' lang='lat' dir='ltr'><strong>alius</strong></span> <span class='ocrx_word' id='word_1_150' title='bbox 1367 1831 1670 1902; x_wconf 87' lang='lat' dir='ltr'><strong>quisquam</strong></span> <span class='ocrx_word' id='word_1_151' title='bbox 1724 1830 2037 1886; x_wconf 88' lang='lat' dir='ltr'><strong>amicorum</strong></span> 
     </span>
    </p>
   </div>
   <div class='ocr_carea' id='block_1_20' title="bbox 341 1919 2038 1992">
    <p class='ocr_par' dir='ltr' id='par_1_20' title="bbox 341 1919 2038 1992">
     <span class='ocr_line' id='line_1_20' title="bbox 341 1919 2038 1992; baseline -0.002 -16"><span class='ocrx_word' id='word_1_152' title='bbox 341 1920 742 1992; x_wconf 81' lang='lat' dir='ltr'><strong>suppeditavit.</strong></span> <span class='ocrx_word' id='word_1_153' title='bbox 782 1919 992 1973; x_wconf 86' lang='lat' dir='ltr'><strong>Deinde</strong></span> <span class='ocrx_word' id='word_1_154' title='bbox 1031 1924 1240 1989; x_wconf 72' lang='lat' dir='ltr'><strong>prmter</strong></span> <span class='ocrx_word' id='word_1_155' title='bbox 1270 1919 1636 1972; x_wconf 81' lang='lat' dir='ltr'><strong>domesticam</strong></span> <span class='ocrx_word' id='word_1_156' title='bbox 1696 1926 2038 1990; x_wconf 74' lang='lat' dir='ltr'><strong>symmysta-</strong></span> 
     </span>
    </p>
   </div>
   <div class='ocr_carea' id='block_1_21' title="bbox 342 2008 2037 2079">
    <p class='ocr_par' dir='ltr' id='par_1_21' title="bbox 342 2008 2037 2079">
     <span class='ocr_line' id='line_1_21' title="bbox 342 2008 2037 2079; baseline -0.002 -14"><span class='ocrx_word' id='word_1_157' title='bbox 342 2028 471 2065; x_wconf 88' lang='lat' dir='ltr'><strong>rum</strong></span> <span class='ocrx_word' id='word_1_158' title='bbox 502 2009 927 2076; x_wconf 80' lang='lat' dir='ltr'><strong>bibliothecam,</strong></span> <span class='ocrx_word' id='word_1_159' title='bbox 960 2008 1271 2078; x_wconf 81' lang='lat' dir='ltr'><strong>corrogatis</strong></span> <span class='ocrx_word' id='word_1_160' title='bbox 1318 2025 1382 2062; x_wconf 85' lang='lat' dir='ltr'><strong>ex</strong></span> <span class='ocrx_word' id='word_1_161' title='bbox 1413 2009 1857 2079; x_wconf 86' lang='lat' dir='ltr'><strong>circumquaque</strong></span> <span class='ocrx_word' id='word_1_162' title='bbox 1895 2008 2037 2062; x_wconf 89' lang='lat' dir='ltr'><strong>vici-</strong></span> 
     </span>
    </p>
   </div>
   <div class='ocr_carea' id='block_1_22' title="bbox 341 2096 2036 2167">
    <p class='ocr_par' dir='ltr' id='par_1_22' title="bbox 341 2096 2036 2167">
     <span class='ocr_line' id='line_1_22' title="bbox 341 2096 2036 2167; baseline -0.001 -15"><span class='ocrx_word' id='word_1_163' title='bbox 341 2099 430 2152; x_wconf 91' lang='lat' dir='ltr'><strong>nis</strong></span> <span class='ocrx_word' id='word_1_164' title='bbox 454 2097 820 2152; x_wconf 88' lang='lat' dir='ltr'><strong>monasteriis</strong></span> <span class='ocrx_word' id='word_1_165' title='bbox 849 2096 1084 2150; x_wconf 87' lang='lat' dir='ltr'><strong>vetustis</strong></span> <span class='ocrx_word' id='word_1_166' title='bbox 1114 2101 1170 2149; x_wconf 91' lang='lat' dir='ltr'><strong>et</strong></span> <span class='ocrx_word' id='word_1_167' title='bbox 1216 2096 1560 2167; x_wconf 84' lang='lat' dir='ltr'><strong>incorruptis</strong></span> <span class='ocrx_word' id='word_1_168' title='bbox 1620 2097 2036 2167; x_wconf 85' lang='lat' dir='ltr'><strong>exemplaribus</strong></span> 
     </span>
    </p>
   </div>
   <div class='ocr_carea' id='block_1_23' title="bbox 343 2185 2037 2258">
    <p class='ocr_par' dir='ltr' id='par_1_23' title="bbox 343 2185 2037 2258">
     <span class='ocr_line' id='line_1_23' title="bbox 343 2185 2037 2258; baseline -0.002 -16"><span class='ocrx_word' id='word_1_169' title='bbox 343 2188 561 2258; x_wconf 84' lang='lat' dir='ltr'><strong>Optimo</strong></span> <span class='ocrx_word' id='word_1_170' title='bbox 592 2203 820 2258; x_wconf 88' lang='lat' dir='ltr'><strong>quoque</strong></span> <span class='ocrx_word' id='word_1_171' title='bbox 853 2186 910 2238; x_wconf 89' lang='lat' dir='ltr'><strong>in</strong></span> <span class='ocrx_word' id='word_1_172' title='bbox 940 2185 1092 2239; x_wconf 88' lang='lat' dir='ltr'><strong>hunc</strong></span> <span class='ocrx_word' id='word_1_173' title='bbox 1122 2201 1291 2238; x_wconf 85' lang='lat' dir='ltr'><strong>usum</strong></span> <span class='ocrx_word' id='word_1_174' title='bbox 1323 2185 1747 2254; x_wconf 67' lang='lat' dir='ltr'><strong>promptissime</strong></span> <span class='ocrx_word' id='word_1_175' title='bbox 1776 2202 2037 2239; x_wconf 90' lang='lat' dir='ltr'><strong>commu—</strong></span> 
     </span>
    </p>
   </div>
   <div class='ocr_carea' id='block_1_24' title="bbox 347 2273 2030 2344">
    <p class='ocr_par' dir='ltr' id='par_1_24' title="bbox 347 2273 2030 2344">
     <span class='ocr_line' id='line_1_24' title="bbox 347 2273 2030 2344; baseline -0.001 -15"><span class='ocrx_word' id='word_1_176' title='bbox 347 2277 590 2344; x_wconf 89' lang='lat' dir='ltr'><strong>nicante,</strong></span> <span class='ocrx_word' id='word_1_177' title='bbox 624 2275 850 2329; x_wconf 84' lang='lat' dir='ltr'><strong>adscitis</strong></span> <span class='ocrx_word' id='word_1_178' title='bbox 908 2291 974 2327; x_wconf 86' lang='lat' dir='ltr'><strong>ex</strong></span> <span class='ocrx_word' id='word_1_179' title='bbox 1035 2290 1138 2326; x_wconf 84' lang='lat' dir='ltr'><strong>suo</strong></span> <span class='ocrx_word' id='word_1_180' title='bbox 1175 2273 1434 2326; x_wconf 81' lang='lat' dir='ltr'><strong>sodalitio</strong></span> <span class='ocrx_word' id='word_1_181' title='bbox 1478 2273 1736 2343; x_wconf 85' lang='lat' dir='ltr'><strong>impigris</strong></span> <span class='ocrx_word' id='word_1_182' title='bbox 1792 2275 2030 2344; x_wconf 87' lang='lat' dir='ltr'><strong>aliquot,</strong></span> 
     </span>
    </p>
   </div>
   <div class='ocr_carea' id='block_1_25' title="bbox 341 2361 2032 2437">
    <p class='ocr_par' dir='ltr' id='par_1_25' title="bbox 341 2361 2032 2437">
     <span class='ocr_line' id='line_1_25' title="bbox 341 2361 2032 2437; baseline -0.001 -19"><span class='ocrx_word' id='word_1_183' title='bbox 341 2366 440 2437; x_wconf 87' lang='lat' dir='ltr'><strong>qui</strong></span> <span class='ocrx_word' id='word_1_184' title='bbox 465 2366 805 2436; x_wconf 79' lang='lat' dir='ltr'><strong>adjutarent,</strong></span> <span class='ocrx_word' id='word_1_185' title='bbox 839 2363 980 2416; x_wconf 84' lang='lat' dir='ltr'><strong>nihil</strong></span> <span class='ocrx_word' id='word_1_186' title='bbox 1020 2364 1105 2415; x_wconf 88' lang='lat' dir='ltr'><strong>vel</strong></span> <span class='ocrx_word' id='word_1_187' title='bbox 1137 2363 1281 2428; x_wconf 89' lang='lat' dir='ltr'><strong>aliis,</strong></span> <span class='ocrx_word' id='word_1_188' title='bbox 1312 2363 1395 2414; x_wconf 88' lang='lat' dir='ltr'><strong>vel</strong></span> <span class='ocrx_word' id='word_1_189' title='bbox 1443 2362 1550 2415; x_wconf 90' lang='lat' dir='ltr'><strong>sibi</strong></span> <span class='ocrx_word' id='word_1_190' title='bbox 1589 2361 1698 2431; x_wconf 87' lang='lat' dir='ltr'><strong>ipsi</strong></span> <span class='ocrx_word' id='word_1_191' title='bbox 1759 2363 1828 2415; x_wconf 93' lang='lat' dir='ltr'><strong>ad</strong></span> <span class='ocrx_word' id='word_1_192' title='bbox 1878 2379 2032 2416; x_wconf 87' lang='lat' dir='ltr'><strong>sum-</strong></span> 
     </span>
    </p>
   </div>
   <div class='ocr_carea' id='block_1_26' title="bbox 341 2450 2029 2522">
    <p class='ocr_par' dir='ltr' id='par_1_26' title="bbox 341 2450 2029 2522">
     <span class='ocr_line' id='line_1_26' title="bbox 341 2450 2029 2522; baseline -0.002 -14"><span class='ocrx_word' id='word_1_193' title='bbox 341 2470 492 2508; x_wconf 88' lang='lat' dir='ltr'><strong>mam</strong></span> <span class='ocrx_word' id='word_1_194' title='bbox 527 2453 855 2507; x_wconf 88' lang='lat' dir='ltr'><strong>conferendi</strong></span> <span class='ocrx_word' id='word_1_195' title='bbox 896 2451 1250 2521; x_wconf 79' lang='lat' dir='ltr'><strong>diligentiam</strong></span> <span class='ocrx_word' id='word_1_196' title='bbox 1285 2451 1567 2521; x_wconf 81' lang='lat' dir='ltr'><strong>reliquum</strong></span> <span class='ocrx_word' id='word_1_197' title='bbox 1611 2450 1756 2515; x_wconf 85' lang='lat' dir='ltr'><strong>fecit,</strong></span> <span class='ocrx_word' id='word_1_198' title='bbox 1802 2467 2029 2522; x_wconf 88' lang='lat' dir='ltr'><strong>magna,</strong></span> 
     </span>
    </p>
   </div>
   <div class='ocr_carea' id='block_1_27' title="bbox 338 2539 2032 2610">
    <p class='ocr_par' dir='ltr' id='par_1_27' title="bbox 338 2539 2032 2610">
     <span class='ocr_line' id='line_1_27' title="bbox 338 2539 2032 2610; baseline -0.002 -13"><span class='ocrx_word' id='word_1_199' title='bbox 338 2542 666 2607; x_wconf 84' lang='lat' dir='ltr'><strong>mediocria,</strong></span> <span class='ocrx_word' id='word_1_200' title='bbox 700 2542 936 2606; x_wconf 86' lang='lat' dir='ltr'><strong>minuta,</strong></span> <span class='ocrx_word' id='word_1_201' title='bbox 996 2540 1120 2610; x_wconf 86' lang='lat' dir='ltr'><strong>pari</strong></span> <span class='ocrx_word' id='word_1_202' title='bbox 1180 2540 1337 2592; x_wconf 86' lang='lat' dir='ltr'><strong>lance</strong></span> <span class='ocrx_word' id='word_1_203' title='bbox 1389 2539 1738 2609; x_wconf 85' lang='lat' dir='ltr'><strong>appendens,</strong></span> <span class='ocrx_word' id='word_1_204' title='bbox 1771 2545 1825 2592; x_wconf 90' lang='lat' dir='ltr'><strong>et</strong></span> <span class='ocrx_word' id='word_1_205' title='bbox 1853 2556 2032 2593; x_wconf 81' lang='lat' dir='ltr'><strong>anno-</strong></span> 
     </span>
    </p>
   </div>
   <div class='ocr_carea' id='block_1_28' title="bbox 338 2628 2030 2696">
    <p class='ocr_par' dir='ltr' id='par_1_28' title="bbox 338 2628 2030 2696">
     <span class='ocr_line' id='line_1_28' title="bbox 338 2628 2030 2696; baseline -0.002 -12"><span class='ocrx_word' id='word_1_206' title='bbox 338 2639 487 2685; x_wconf 85' lang='lat' dir='ltr'><strong>tans.</strong></span> <span class='ocrx_word' id='word_1_207' title='bbox 520 2631 618 2684; x_wconf 78' lang='lat' dir='ltr'><strong>Vix</strong></span> <span class='ocrx_word' id='word_1_208' title='bbox 649 2631 862 2696; x_wconf 84' lang='lat' dir='ltr'><strong>credas,</strong></span> <span class='ocrx_word' id='word_1_209' title='bbox 898 2629 972 2682; x_wconf 88' lang='lat' dir='ltr'><strong>mi</strong></span> <span class='ocrx_word' id='word_1_210' title='bbox 994 2631 1188 2694; x_wconf 87' lang='lat' dir='ltr'><strong>lector,</strong></span> <span class='ocrx_word' id='word_1_211' title='bbox 1212 2629 1331 2681; x_wconf 64' lang='lat' dir='ltr'><strong>haec</strong></span> <span class='ocrx_word' id='word_1_212' title='bbox 1361 2629 1500 2681; x_wconf 71' lang='lat' dir='ltr'><strong>citra</strong></span> <span class='ocrx_word' id='word_1_213' title='bbox 1533 2628 2030 2696; x_wconf 80' lang='lat' dir='ltr'><strong>exaggerationem</strong></span> 
     </span>
    </p>
   </div>
   <div class='ocr_carea' id='block_1_29' title="bbox 337 2717 2029 2789">
    <p class='ocr_par' dir='ltr' id='par_1_29' title="bbox 337 2717 2029 2789">
     <span class='ocr_line' id='line_1_29' title="bbox 337 2717 2029 2789; baseline -0.002 -15"><span class='ocrx_word' id='word_1_214' title='bbox 337 2720 470 2786; x_wconf 90' lang='lat' dir='ltr'><strong>dici,</strong></span> <span class='ocrx_word' id='word_1_215' title='bbox 503 2720 561 2773; x_wconf 86' lang='lat' dir='ltr'><strong>ni</strong></span> <span class='ocrx_word' id='word_1_216' title='bbox 597 2718 882 2789; x_wconf 88' lang='lat' dir='ltr'><strong>margines</strong></span> <span class='ocrx_word' id='word_1_217' title='bbox 940 2717 1279 2787; x_wconf 83' lang='lat' dir='ltr'><strong>exemplaris</strong></span> <span class='ocrx_word' id='word_1_218' title='bbox 1335 2718 1404 2770; x_wconf 87' lang='lat' dir='ltr'><strong>ab</strong></span> <span class='ocrx_word' id='word_1_219' title='bbox 1458 2717 1556 2770; x_wconf 87' lang='lat' dir='ltr'><strong>illo</strong></span> <span class='ocrx_word' id='word_1_220' title='bbox 1607 2717 1763 2770; x_wconf 88' lang='lat' dir='ltr'><strong>missi</strong></span> <span class='ocrx_word' id='word_1_221' title='bbox 1819 2718 2029 2786; x_wconf 89' lang='lat' dir='ltr'><strong>videas,</strong></span> 
     </span>
    </p>
   </div>
   <div class='ocr_carea' id='block_1_30' title="bbox 335 2806 2032 2862">
    <p class='ocr_par' dir='ltr' id='par_1_30' title="bbox 335 2806 2032 2862">
     <span class='ocr_line' id='line_1_30' title="bbox 335 2806 2032 2862; baseline -0.002 0"><span class='ocrx_word' id='word_1_222' title='bbox 335 2807 584 2862; x_wconf 84' lang='lat' dir='ltr'><strong>hominis</strong></span> <span class='ocrx_word' id='word_1_223' title='bbox 613 2807 961 2861; x_wconf 83' lang='lat' dir='ltr'><strong>indefessum</strong></span> <span class='ocrx_word' id='word_1_224' title='bbox 997 2807 1248 2859; x_wconf 84' lang='lat' dir='ltr'><strong>studium</strong></span> <span class='ocrx_word' id='word_1_225' title='bbox 1307 2809 1612 2858; x_wconf 75' lang='lat' dir='ltr'><strong>testantes:</strong></span> <span class='ocrx_word' id='word_1_226' title='bbox 1673 2807 1809 2859; x_wconf 92' lang='lat' dir='ltr'><strong>dum</strong></span> <span class='ocrx_word' id='word_1_227' title='bbox 1865 2806 2032 2860; x_wconf 89' lang='lat' dir='ltr'><strong>certis</strong></span> 
     </span>
    </p>
   </div>
   <div class='ocr_carea' id='block_1_31' title="bbox 335 2893 2030 2966">
    <p class='ocr_par' dir='ltr' id='par_1_31' title="bbox 335 2893 2030 2966">
     <span class='ocr_line' id='line_1_31' title="bbox 335 2893 2030 2966; baseline -0.001 -16"><span class='ocrx_word' id='word_1_228' title='bbox 335 2897 488 2951; x_wconf 88' lang='lat' dir='ltr'><strong>notis</strong></span> <span class='ocrx_word' id='word_1_229' title='bbox 511 2902 673 2951; x_wconf 90' lang='lat' dir='ltr'><strong>terna</strong></span> <span class='ocrx_word' id='word_1_230' title='bbox 696 2900 1062 2966; x_wconf 68' lang='lat' dir='ltr'><strong>quater-nave,</strong></span> <span class='ocrx_word' id='word_1_231' title='bbox 1099 2900 1197 2948; x_wconf 92' lang='lat' dir='ltr'><strong>aut</strong></span> <span class='ocrx_word' id='word_1_232' title='bbox 1242 2893 1414 2948; x_wconf 87' lang='lat' dir='ltr'><strong>etiam</strong></span> <span class='ocrx_word' id='word_1_233' title='bbox 1466 2895 1630 2964; x_wconf 88' lang='lat' dir='ltr'><strong>plura</strong></span> <span class='ocrx_word' id='word_1_234' title='bbox 1684 2895 2030 2965; x_wconf 80' lang='lat' dir='ltr'><strong>exemplaria</strong></span> 
     </span>
    </p>
   </div>
   <div class='ocr_carea' id='block_1_32' title="bbox 333 2983 2031 3054">
    <p class='ocr_par' dir='ltr' id='par_1_32' title="bbox 333 2983 2031 3054">
     <span class='ocr_line' id='line_1_32' title="bbox 333 2983 2031 3054; baseline 0.001 -18"><span class='ocrx_word' id='word_1_235' title='bbox 333 2986 570 3053; x_wconf 77' lang='lat' dir='ltr'><strong>profert,</strong></span> <span class='ocrx_word' id='word_1_236' title='bbox 614 2989 734 3036; x_wconf 89' lang='lat' dir='ltr'><strong>tum</strong></span> <span class='ocrx_word' id='word_1_237' title='bbox 765 2988 1044 3054; x_wconf 86' lang='lat' dir='ltr'><strong>quatenus</strong></span> <span class='ocrx_word' id='word_1_238' title='bbox 1076 2983 1347 3048; x_wconf 81' lang='lat' dir='ltr'><strong>evarient,</strong></span> <span class='ocrx_word' id='word_1_239' title='bbox 1383 2983 1592 3036; x_wconf 86' lang='lat' dir='ltr'><strong>indicat</strong></span> <span class='ocrx_word' id='word_1_240' title='bbox 1613 3000 1624 3036; x_wconf 93' lang='lat'><strong>:</strong></span> <span class='ocrx_word' id='word_1_241' title='bbox 1648 2999 1779 3036; x_wconf 89' lang='lat' dir='ltr'><strong>nam</strong></span> <span class='ocrx_word' id='word_1_242' title='bbox 1803 3001 1930 3037; x_wconf 90' lang='lat' dir='ltr'><strong>cum</strong></span> <span class='ocrx_word' id='word_1_243' title='bbox 1959 2984 2031 3037; x_wconf 87' lang='lat' dir='ltr'><strong>sit</strong></span> 
     </span>
    </p>
   </div>
   <div class='ocr_carea' id='block_1_33' title="bbox 334 3070 2029 3140">
    <p class='ocr_par' dir='ltr' id='par_1_33' title="bbox 334 3070 2029 3140">
     <span class='ocr_line' id='line_1_33' title="bbox 334 3070 2029 3140; baseline 0 -16"><span class='ocrx_word' id='word_1_244' title='bbox 334 3089 449 3125; x_wconf 88' lang='lat' dir='ltr'><strong>non</strong></span> <span class='ocrx_word' id='word_1_245' title='bbox 483 3071 702 3124; x_wconf 87' lang='lat' dir='ltr'><strong>minore</strong></span> <span class='ocrx_word' id='word_1_246' title='bbox 723 3070 1022 3136; x_wconf 86' lang='lat' dir='ltr'><strong>modestia,</strong></span> <span class='ocrx_word' id='word_1_247' title='bbox 1059 3087 1232 3140; x_wconf 75' lang='lat' dir='ltr'><strong>quam</strong></span> <span class='ocrx_word' id='word_1_248' title='bbox 1279 3070 1621 3136; x_wconf 82' lang='lat' dir='ltr'><strong>eruditione,</strong></span> <span class='ocrx_word' id='word_1_249' title='bbox 1657 3071 1856 3126; x_wconf 87' lang='lat' dir='ltr'><strong>maluit</strong></span> <span class='ocrx_word' id='word_1_250' title='bbox 1901 3072 2029 3126; x_wconf 85' lang='lat' dir='ltr'><strong>aliis</strong></span> 
     </span>
    </p>
   </div>
   <div class='ocr_carea' id='block_1_34' title="bbox 327 3158 2027 3231">
    <p class='ocr_par' dir='ltr' id='par_1_34' title="bbox 327 3158 2027 3231">
     <span class='ocr_line' id='line_1_34' title="bbox 327 3158 2027 3231; baseline 0 -18"><span class='ocrx_word' id='word_1_251' title='bbox 327 3160 844 3231; x_wconf 88' lang='lat' dir='ltr'><strong>judicandimunus</strong></span> <span class='ocrx_word' id='word_1_252' title='bbox 869 3158 1088 3219; x_wconf 88' lang='lat' dir='ltr'><strong>cedere,</strong></span> <span class='ocrx_word' id='word_1_253' title='bbox 1106 3158 1410 3228; x_wconf 86' lang='lat' dir='ltr'><strong>aliquando</strong></span> <span class='ocrx_word' id='word_1_254' title='bbox 1434 3163 1626 3212; x_wconf 88' lang='lat' dir='ltr'><strong>tamen</strong></span> <span class='ocrx_word' id='word_1_255' title='bbox 1643 3171 1806 3212; x_wconf 91' lang='lat' dir='ltr'><strong>suum</strong></span> <span class='ocrx_word' id='word_1_256' title='bbox 1824 3162 2027 3231; x_wconf 69' lang='lat' dir='ltr'><strong>prteju-</strong></span> 
     </span>
    </p>
   </div>
   <div class='ocr_carea' id='block_1_35' title="bbox 331 3247 2028 3319">
    <p class='ocr_par' dir='ltr' id='par_1_35' title="bbox 331 3247 2028 3319">
     <span class='ocr_line' id='line_1_35' title="bbox 331 3247 2028 3319; baseline 0.001 -18"><span class='ocrx_word' id='word_1_257' title='bbox 331 3248 543 3301; x_wconf 89' lang='lat' dir='ltr'><strong>dicium</strong></span> <span class='ocrx_word' id='word_1_258' title='bbox 563 3247 800 3315; x_wconf 85' lang='lat' dir='ltr'><strong>addens,</strong></span> <span class='ocrx_word' id='word_1_259' title='bbox 822 3247 973 3318; x_wconf 88' lang='lat' dir='ltr'><strong>quod</strong></span> <span class='ocrx_word' id='word_1_260' title='bbox 995 3247 1226 3316; x_wconf 76' lang='lat' dir='ltr'><strong>quidem</strong></span> <span class='ocrx_word' id='word_1_261' title='bbox 1257 3263 1481 3316; x_wconf 88' lang='lat' dir='ltr'><strong>semper</strong></span> <span class='ocrx_word' id='word_1_262' title='bbox 1511 3247 1756 3301; x_wconf 79' lang='lat' dir='ltr'><strong>libenter</strong></span> <span class='ocrx_word' id='word_1_263' title='bbox 1779 3249 2028 3319; x_wconf 89' lang='lat' dir='ltr'><strong>amplexi</strong></span> 
     </span>
    </p>
   </div>
   <div class='ocr_carea' id='block_1_36' title="bbox 331 3335 2027 3406">
    <p class='ocr_par' dir='ltr' id='par_1_36' title="bbox 331 3335 2027 3406">
     <span class='ocr_line' id='line_1_36' title="bbox 331 3335 2027 3406; baseline 0.001 -16"><span class='ocrx_word' id='word_1_264' title='bbox 331 3353 545 3390; x_wconf 88' lang='lat' dir='ltr'><strong>sumus.</strong></span> <span class='ocrx_word' id='word_1_265' title='bbox 605 3338 819 3390; x_wconf 64' lang='lat' dir='ltr'><strong>Caetera</strong></span> <span class='ocrx_word' id='word_1_266' title='bbox 892 3336 1023 3389; x_wconf 79' lang='lat' dir='ltr'><strong>viris</strong></span> <span class='ocrx_word' id='word_1_267' title='bbox 1077 3335 1275 3401; x_wconf 85' lang='lat' dir='ltr'><strong>doctis,</strong></span> <span class='ocrx_word' id='word_1_268' title='bbox 1333 3340 1389 3389; x_wconf 88' lang='lat' dir='ltr'><strong>et</strong></span> <span class='ocrx_word' id='word_1_269' title='bbox 1447 3336 1546 3406; x_wconf 90' lang='lat' dir='ltr'><strong>qui</strong></span> <span class='ocrx_word' id='word_1_270' title='bbox 1597 3338 2027 3405; x_wconf 68' lang='lat' dir='ltr'><strong>Augustinianaa</strong></span> 
     </span>
    </p>
   </div>
   <div class='ocr_carea' id='block_1_37' title="bbox 330 3425 2027 3495">
    <p class='ocr_par' dir='ltr' id='par_1_37' title="bbox 330 3425 2027 3495">
     <span class='ocr_line' id='line_1_37' title="bbox 330 3425 2027 3495; baseline -0.001 -16"><span class='ocrx_word' id='word_1_271' title='bbox 330 3426 604 3495; x_wconf 81' lang='lat' dir='ltr'><strong>phraseos</strong></span> <span class='ocrx_word' id='word_1_272' title='bbox 661 3425 893 3478; x_wconf 85' lang='lat' dir='ltr'><strong>salivam</strong></span> <span class='ocrx_word' id='word_1_273' title='bbox 943 3425 1042 3477; x_wconf 66' lang='lat' dir='ltr'><strong>diu</strong></span> <span class='ocrx_word' id='word_1_274' title='bbox 1081 3425 1441 3494; x_wconf 88' lang='lat' dir='ltr'><strong>multumque</strong></span> <span class='ocrx_word' id='word_1_275' title='bbox 1503 3430 1852 3495; x_wconf 71' lang='lat' dir='ltr'><strong>regustatum</strong></span> <span class='ocrx_word' id='word_1_276' title='bbox 1904 3425 2027 3495; x_wconf 89' lang='lat' dir='ltr'><strong>jam</strong></span> 
     </span>
    </p>
   </div>
   <div class='ocr_carea' id='block_1_38' title="bbox 328 3512 2025 3584">
    <p class='ocr_par' dir='ltr' id='par_1_38' title="bbox 328 3512 2025 3584">
     <span class='ocr_line' id='line_1_38' title="bbox 328 3512 2025 3584; baseline 0.001 -18"><span class='ocrx_word' id='word_1_277' title='bbox 328 3515 506 3584; x_wconf 89' lang='lat' dir='ltr'><strong>probe</strong></span> <span class='ocrx_word' id='word_1_278' title='bbox 546 3512 1170 3583; x_wconf 60' lang='lat' dir='ltr'><strong>calterent,&#39;judicanda</strong></span> <span class='ocrx_word' id='word_1_279' title='bbox 1207 3513 1504 3566; x_wconf 89' lang='lat' dir='ltr'><strong>commissa</strong></span> <span class='ocrx_word' id='word_1_280' title='bbox 1535 3518 1666 3566; x_wconf 90' lang='lat' dir='ltr'><strong>sunt</strong></span> <span class='ocrx_word' id='word_1_281' title='bbox 1698 3529 1710 3566; x_wconf 94' lang='lat'><strong>:</strong></span> <span class='ocrx_word' id='word_1_282' title='bbox 1765 3513 1819 3566; x_wconf 90' lang='lat' dir='ltr'><strong>id</strong></span> <span class='ocrx_word' id='word_1_283' title='bbox 1870 3514 2025 3584; x_wconf 88' lang='lat' dir='ltr'><strong>quod</strong></span> 
     </span>
    </p>
   </div>
   <div class='ocr_carea' id='block_1_39' title="bbox 330 3600 2025 3670">
    <p class='ocr_par' dir='ltr' id='par_1_39' title="bbox 330 3600 2025 3670">
     <span class='ocr_line' id='line_1_39' title="bbox 330 3600 2025 3670; baseline 0.001 -15"><span class='ocrx_word' id='word_1_284' title='bbox 330 3618 447 3656; x_wconf 91' lang='lat' dir='ltr'><strong>non</strong></span> <span class='ocrx_word' id='word_1_285' title='bbox 497 3601 672 3655; x_wconf 85' lang='lat' dir='ltr'><strong>cuivis</strong></span> <span class='ocrx_word' id='word_1_286' title='bbox 729 3601 977 3670; x_wconf 87' lang='lat' dir='ltr'><strong>proclive</strong></span> <span class='ocrx_word' id='word_1_287' title='bbox 1029 3600 1289 3655; x_wconf 89' lang='lat' dir='ltr'><strong>fuerit....</strong></span> <span class='ocrx_word' id='word_1_288' title='bbox 1353 3601 1493 3655; x_wconf 91' lang='lat' dir='ltr'><strong>Illud</strong></span> <span class='ocrx_word' id='word_1_289' title='bbox 1547 3601 2025 3656; x_wconf 85' lang='lat' dir='ltr'><strong>dissimulandum</strong></span> 
     </span>
    </p>
   </div>
   <div class='ocr_carea' id='block_1_40' title="bbox 327 3690 2025 3760">
    <p class='ocr_par' dir='ltr' id='par_1_40' title="bbox 327 3690 2025 3760">
     <span class='ocr_line' id='line_1_40' title="bbox 327 3690 2025 3760; baseline 0 -16"><span class='ocrx_word' id='word_1_290' title='bbox 327 3706 443 3744; x_wconf 87' lang='lat' dir='ltr'><strong>non</strong></span> <span class='ocrx_word' id='word_1_291' title='bbox 470 3695 572 3756; x_wconf 91' lang='lat' dir='ltr'><strong>est,</strong></span> <span class='ocrx_word' id='word_1_292' title='bbox 616 3691 675 3744; x_wconf 89' lang='lat' dir='ltr'><strong>in</strong></span> <span class='ocrx_word' id='word_1_293' title='bbox 703 3696 863 3760; x_wconf 87' lang='lat' dir='ltr'><strong>parte</strong></span> <span class='ocrx_word' id='word_1_294' title='bbox 897 3691 1141 3760; x_wconf 87' lang='lat' dir='ltr'><strong>quadam</strong></span> <span class='ocrx_word' id='word_1_295' title='bbox 1175 3690 1380 3744; x_wconf 87' lang='lat' dir='ltr'><strong>decimi</strong></span> <span class='ocrx_word' id='word_1_296' title='bbox 1437 3691 1602 3757; x_wconf 88' lang='lat' dir='ltr'><strong>tomi,</strong></span> <span class='ocrx_word' id='word_1_297' title='bbox 1658 3707 1772 3744; x_wconf 88' lang='lat' dir='ltr'><strong>non</strong></span> <span class='ocrx_word' id='word_1_298' title='bbox 1816 3707 2025 3760; x_wconf 88' lang='lat' dir='ltr'><strong>magna</strong></span> 
     </span>
    </p>
   </div>
   <div class='ocr_carea' id='block_1_41' title="bbox 325 3777 2022 3848">
    <p class='ocr_par' dir='ltr' id='par_1_41' title="bbox 325 3777 2022 3848">
     <span class='ocr_line' id='line_1_41' title="bbox 325 3777 2022 3848; baseline 0 -17"><span class='ocrx_word' id='word_1_299' title='bbox 325 3795 483 3847; x_wconf 90' lang='lat' dir='ltr'><strong>sane,</strong></span> <span class='ocrx_word' id='word_1_300' title='bbox 515 3778 561 3831; x_wconf 89' lang='lat' dir='ltr'><strong>si</strong></span> <span class='ocrx_word' id='word_1_301' title='bbox 592 3793 867 3848; x_wconf 87' lang='lat' dir='ltr'><strong>germana</strong></span> <span class='ocrx_word' id='word_1_302' title='bbox 894 3782 1116 3830; x_wconf 85' lang='lat' dir='ltr'><strong>tantum</strong></span> <span class='ocrx_word' id='word_1_303' title='bbox 1139 3781 1375 3846; x_wconf 81' lang='lat' dir='ltr'><strong>spectes,</strong></span> <span class='ocrx_word' id='word_1_304' title='bbox 1413 3793 1514 3829; x_wconf 88' lang='lat' dir='ltr'><strong>nos</strong></span> <span class='ocrx_word' id='word_1_305' title='bbox 1539 3777 1724 3846; x_wconf 69' lang='lat' dir='ltr'><strong>Lypsii</strong></span> <span class='ocrx_word' id='word_1_306' title='bbox 1771 3777 2022 3831; x_wconf 88' lang='lat' dir='ltr'><strong>subsidio</strong></span> 
     </span>
    </p>
   </div>
   <div class='ocr_carea' id='block_1_42' title="bbox 326 3864 2021 3936">
    <p class='ocr_par' dir='ltr' id='par_1_42' title="bbox 326 3864 2021 3936">
     <span class='ocr_line' id='line_1_42' title="bbox 326 3864 2021 3936; baseline -0.003 -15"><span class='ocrx_word' id='word_1_307' title='bbox 326 3866 645 3933; x_wconf 89' lang='lat' dir='ltr'><strong>destitutos,</strong></span> <span class='ocrx_word' id='word_1_308' title='bbox 680 3865 1068 3936; x_wconf 87' lang='lat' dir='ltr'><strong>grassantibus</strong></span> <span class='ocrx_word' id='word_1_309' title='bbox 1091 3865 1196 3919; x_wconf 87' lang='lat' dir='ltr'><strong>sub</strong></span> <span class='ocrx_word' id='word_1_310' title='bbox 1238 3865 1297 3919; x_wconf 88' lang='lat' dir='ltr'><strong>id</strong></span> <span class='ocrx_word' id='word_1_311' title='bbox 1324 3869 1548 3935; x_wconf 90' lang='lat' dir='ltr'><strong>tempus</strong></span> <span class='ocrx_word' id='word_1_312' title='bbox 1579 3864 1797 3918; x_wconf 83' lang='lat' dir='ltr'><strong>Geldris</strong></span> <span class='ocrx_word' id='word_1_313' title='bbox 1826 3865 1887 3918; x_wconf 89' lang='lat' dir='ltr'><strong>in</strong></span> <span class='ocrx_word' id='word_1_314' title='bbox 1921 3866 2021 3919; x_wconf 86' lang='lat' dir='ltr'><strong>Lo-</strong></span> 
     </span>
    </p>
   </div>
   <div class='ocr_carea' id='block_1_43' title="bbox 325 3952 2022 4023">
    <p class='ocr_par' dir='ltr' id='par_1_43' title="bbox 325 3952 2022 4023">
     <span class='ocr_line' id='line_1_43' title="bbox 325 3952 2022 4023; baseline -0.001 -16"><span class='ocrx_word' id='word_1_315' title='bbox 325 3955 559 4009; x_wconf 88' lang='lat' dir='ltr'><strong>vanium</strong></span> <span class='ocrx_word' id='word_1_316' title='bbox 584 3959 640 4007; x_wconf 93' lang='lat' dir='ltr'><strong>et</strong></span> <span class='ocrx_word' id='word_1_317' title='bbox 669 3952 954 4020; x_wconf 89' lang='lat' dir='ltr'><strong>viciniam,</strong></span> <span class='ocrx_word' id='word_1_318' title='bbox 1005 3953 1102 4007; x_wconf 88' lang='lat' dir='ltr'><strong>ubi</strong></span> <span class='ocrx_word' id='word_1_319' title='bbox 1144 3957 1266 4006; x_wconf 90' lang='lat' dir='ltr'><strong>tum</strong></span> <span class='ocrx_word' id='word_1_320' title='bbox 1320 3952 1555 4023; x_wconf 82' lang='lat' dir='ltr'><strong>Lypsius</strong></span> <span class='ocrx_word' id='word_1_321' title='bbox 1592 3952 1833 4022; x_wconf 88' lang='lat' dir='ltr'><strong>agebat:</strong></span> <span class='ocrx_word' id='word_1_322' title='bbox 1867 3953 2022 4022; x_wconf 86' lang='lat' dir='ltr'><strong>quod</strong></span> 
     </span>
    </p>
   </div>
   <div class='ocr_carea' id='block_1_44' title="bbox 323 4042 2021 4113">
    <p class='ocr_par' dir='ltr' id='par_1_44' title="bbox 323 4042 2021 4113">
     <span class='ocr_line' id='line_1_44' title="bbox 323 4042 2021 4113; baseline -0.002 -15"><span class='ocrx_word' id='word_1_323' title='bbox 323 4043 456 4098; x_wconf 90' lang='lat' dir='ltr'><strong>ideo</strong></span> <span class='ocrx_word' id='word_1_324' title='bbox 487 4044 754 4098; x_wconf 89' lang='lat' dir='ltr'><strong>lectorem</strong></span> <span class='ocrx_word' id='word_1_325' title='bbox 786 4044 1072 4097; x_wconf 89' lang='lat' dir='ltr'><strong>monitum</strong></span> <span class='ocrx_word' id='word_1_326' title='bbox 1089 4043 1407 4113; x_wconf 85' lang='lat' dir='ltr'><strong>oportebat,</strong></span> <span class='ocrx_word' id='word_1_327' title='bbox 1437 4059 1506 4095; x_wconf 91' lang='lat' dir='ltr'><strong>ne</strong></span> <span class='ocrx_word' id='word_1_328' title='bbox 1533 4042 1677 4096; x_wconf 88' lang='lat' dir='ltr'><strong>forte</strong></span> <span class='ocrx_word' id='word_1_329' title='bbox 1709 4059 1776 4096; x_wconf 91' lang='lat' dir='ltr'><strong>ex</strong></span> <span class='ocrx_word' id='word_1_330' title='bbox 1829 4042 2021 4113; x_wconf 88' lang='lat' dir='ltr'><strong>paucis</strong></span> 
     </span>
    </p>
   </div>
   <div class='ocr_carea' id='block_1_45' title="bbox 325 4131 2021 4203">
    <p class='ocr_par' dir='ltr' id='par_1_45' title="bbox 325 4131 2021 4203">
     <span class='ocr_line' id='line_1_45' title="bbox 325 4131 2021 4203; baseline 0.001 -18"><span class='ocrx_word' id='word_1_331' title='bbox 325 4133 480 4186; x_wconf 89' lang='lat' dir='ltr'><strong>illius</strong></span> <span class='ocrx_word' id='word_1_332' title='bbox 509 4133 578 4187; x_wconf 90' lang='lat' dir='ltr'><strong>de</strong></span> <span class='ocrx_word' id='word_1_333' title='bbox 601 4132 836 4203; x_wconf 88' lang='lat' dir='ltr'><strong>reliquis</strong></span> <span class='ocrx_word' id='word_1_334' title='bbox 862 4133 1245 4203; x_wconf 77' lang='lat' dir='ltr'><strong>conjecturam</strong></span> <span class='ocrx_word' id='word_1_335' title='bbox 1271 4132 1470 4198; x_wconf 84' lang='lat' dir='ltr'><strong>faciat;</strong></span> <span class='ocrx_word' id='word_1_336' title='bbox 1496 4131 1553 4184; x_wconf 90' lang='lat' dir='ltr'><strong>in</strong></span> <span class='ocrx_word' id='word_1_337' title='bbox 1581 4132 1799 4186; x_wconf 63' lang='lat' dir='ltr'><strong>caeteris</strong></span> <span class='ocrx_word' id='word_1_338' title='bbox 1827 4133 2021 4202; x_wconf 90' lang='lat' dir='ltr'><strong>potius</strong></span> 
     </span>
    </p>
   </div>
   <div class='ocr_carea' id='block_1_46' title="bbox 2161 411 3851 482">
    <p class='ocr_par' dir='ltr' id='par_1_46' title="bbox 2161 411 3851 482">
     <span class='ocr_line' id='line_1_46' title="bbox 2161 411 3851 482; baseline 0 -17"><span class='ocrx_word' id='word_1_339' title='bbox 2161 412 2448 480; x_wconf 89' lang='lat' dir='ltr'><strong>Cicerone,</strong></span> <span class='ocrx_word' id='word_1_340' title='bbox 2485 413 2662 480; x_wconf 86' lang='lat' dir='ltr'><strong>Livio,</strong></span> <span class='ocrx_word' id='word_1_341' title='bbox 2691 413 2923 480; x_wconf 84' lang='lat' dir='ltr'><strong>Seneca,</strong></span> <span class='ocrx_word' id='word_1_342' title='bbox 2960 412 3161 476; x_wconf 89' lang='lat' dir='ltr'><strong>Plinio,</strong></span> <span class='ocrx_word' id='word_1_343' title='bbox 3197 412 3437 482; x_wconf 88' lang='lat' dir='ltr'><strong>aliisque</strong></span> <span class='ocrx_word' id='word_1_344' title='bbox 3468 428 3584 466; x_wconf 91' lang='lat' dir='ltr'><strong>non</strong></span> <span class='ocrx_word' id='word_1_345' title='bbox 3639 411 3851 482; x_wconf 90' lang='lat' dir='ltr'><strong>paucis,</strong></span> 
     </span>
    </p>
   </div>
   <div class='ocr_carea' id='block_1_47' title="bbox 2157 500 3854 572">
    <p class='ocr_par' dir='ltr' id='par_1_47' title="bbox 2157 500 3854 572">
     <span class='ocr_line' id='line_1_47' title="bbox 2157 500 3854 572; baseline 0.001 -19"><span class='ocrx_word' id='word_1_346' title='bbox 2157 500 2215 554; x_wconf 92' lang='lat' dir='ltr'><strong>in</strong></span> <span class='ocrx_word' id='word_1_347' title='bbox 2239 501 2447 572; x_wconf 88' lang='lat' dir='ltr'><strong>quibus</strong></span> <span class='ocrx_word' id='word_1_348' title='bbox 2466 502 2747 572; x_wconf 87' lang='lat' dir='ltr'><strong>posterior</strong></span> <span class='ocrx_word' id='word_1_349' title='bbox 2778 501 3135 556; x_wconf 90' lang='lat' dir='ltr'><strong>eruditorum</strong></span> <span class='ocrx_word' id='word_1_350' title='bbox 3174 517 3310 554; x_wconf 90' lang='lat' dir='ltr'><strong>cura</strong></span> <span class='ocrx_word' id='word_1_351' title='bbox 3340 501 3406 554; x_wconf 92' lang='lat' dir='ltr'><strong>ad</strong></span> <span class='ocrx_word' id='word_1_352' title='bbox 3423 500 3675 571; x_wconf 88' lang='lat' dir='ltr'><strong>priorem</strong></span> <span class='ocrx_word' id='word_1_353' title='bbox 3706 517 3854 555; x_wconf 90' lang='lat' dir='ltr'><strong>sem-</strong></span> 
     </span>
    </p>
   </div>
   <div class='ocr_carea' id='block_1_48' title="bbox 2157 589 3856 662">
    <p class='ocr_par' dir='ltr' id='par_1_48' title="bbox 2157 589 3856 662">
     <span class='ocr_line' id='line_1_48' title="bbox 2157 589 3856 662; baseline -0.001 -19"><span class='ocrx_word' id='word_1_354' title='bbox 2157 605 2258 660; x_wconf 90' lang='lat' dir='ltr'><strong>per</strong></span> <span class='ocrx_word' id='word_1_355' title='bbox 2287 589 2502 662; x_wconf 88' lang='lat' dir='ltr'><strong>aliquid</strong></span> <span class='ocrx_word' id='word_1_356' title='bbox 2531 591 2808 662; x_wconf 82' lang='lat' dir='ltr'><strong>adjunxit,</strong></span> <span class='ocrx_word' id='word_1_357' title='bbox 2842 607 3051 660; x_wconf 89' lang='lat' dir='ltr'><strong>magno</strong></span> <span class='ocrx_word' id='word_1_358' title='bbox 3083 590 3359 660; x_wconf 89' lang='lat' dir='ltr'><strong>applausu</strong></span> <span class='ocrx_word' id='word_1_359' title='bbox 3384 590 3674 660; x_wconf 87' lang='lat' dir='ltr'><strong>obviisque</strong></span> <span class='ocrx_word' id='word_1_360' title='bbox 3702 589 3856 644; x_wconf 87' lang='lat' dir='ltr'><strong>ulnis</strong></span> 
     </span>
    </p>
   </div>
   <div class='ocr_carea' id='block_1_49' title="bbox 2155 679 3855 749">
    <p class='ocr_par' dir='ltr' id='par_1_49' title="bbox 2155 679 3855 749">
     <span class='ocr_line' id='line_1_49' title="bbox 2155 679 3855 749; baseline 0.001 -18"><span class='ocrx_word' id='word_1_361' title='bbox 2155 684 2520 749; x_wconf 88' lang='lat' dir='ltr'><strong>exceperunt,</strong></span> <span class='ocrx_word' id='word_1_362' title='bbox 2579 679 2732 733; x_wconf 89' lang='lat' dir='ltr'><strong>idem</strong></span> <span class='ocrx_word' id='word_1_363' title='bbox 2787 679 3084 733; x_wconf 88' lang='lat' dir='ltr'><strong>sanctioris</strong></span> <span class='ocrx_word' id='word_1_364' title='bbox 3131 679 3469 732; x_wconf 70' lang='lat' dir='ltr'><strong>litteraturae</strong></span> <span class='ocrx_word' id='word_1_365' title='bbox 3528 679 3766 733; x_wconf 90' lang='lat' dir='ltr'><strong>studiosi</strong></span> <span class='ocrx_word' id='word_1_366' title='bbox 3795 679 3855 733; x_wconf 91' lang='lat' dir='ltr'><strong>in</strong></span> 
     </span>
    </p>
   </div>
   <div class='ocr_carea' id='block_1_50' title="bbox 2155 766 3856 840">
    <p class='ocr_par' dir='ltr' id='par_1_50' title="bbox 2155 766 3856 840">
     <span class='ocr_line' id='line_1_50' title="bbox 2155 766 3856 840; baseline 0.001 -20"><span class='ocrx_word' id='word_1_367' title='bbox 2155 767 2458 838; x_wconf 85' lang='lat' dir='ltr'><strong>Augustini</strong></span> <span class='ocrx_word' id='word_1_368' title='bbox 2488 768 2710 839; x_wconf 90' lang='lat' dir='ltr'><strong>scriptis</strong></span> <span class='ocrx_word' id='word_1_369' title='bbox 2740 785 2853 822; x_wconf 91' lang='lat' dir='ltr'><strong>non</strong></span> <span class='ocrx_word' id='word_1_370' title='bbox 2900 766 3215 834; x_wconf 88' lang='lat' dir='ltr'><strong>fastidiant,</strong></span> <span class='ocrx_word' id='word_1_371' title='bbox 3257 767 3306 820; x_wconf 91' lang='lat' dir='ltr'><strong>si</strong></span> <span class='ocrx_word' id='word_1_372' title='bbox 3357 772 3600 838; x_wconf 74' lang='lat' dir='ltr'><strong>pectora,</strong></span> <span class='ocrx_word' id='word_1_373' title='bbox 3664 768 3856 840; x_wconf 84' lang='lat' dir='ltr'><strong>qualia</strong></span> 
     </span>
    </p>
   </div>
   <div class='ocr_carea' id='block_1_51' title="bbox 2153 855 3531 926">
    <p class='ocr_par' dir='ltr' id='par_1_51' title="bbox 2153 855 3531 926">
     <span class='ocr_line' id='line_1_51' title="bbox 2153 855 3531 926; baseline 0.001 -18"><span class='ocrx_word' id='word_1_374' title='bbox 2153 855 2334 926; x_wconf 87' lang='lat' dir='ltr'><strong>decet,</strong></span> <span class='ocrx_word' id='word_1_375' title='bbox 2362 857 2431 911; x_wconf 90' lang='lat' dir='ltr'><strong>ad</strong></span> <span class='ocrx_word' id='word_1_376' title='bbox 2463 874 2661 911; x_wconf 81' lang='lat' dir='ltr'><strong>eorum</strong></span> <span class='ocrx_word' id='word_1_377' title='bbox 2685 857 2985 911; x_wconf 88' lang='lat' dir='ltr'><strong>lectionem</strong></span> <span class='ocrx_word' id='word_1_378' title='bbox 3017 856 3220 911; x_wconf 74' lang='lat' dir='ltr'><strong>afferre</strong></span> <span class='ocrx_word' id='word_1_379' title='bbox 3247 857 3468 910; x_wconf 84' lang='lat' dir='ltr'><strong>volunt.</strong></span> <span class='ocrx_word' id='word_1_380' title='bbox 3503 876 3531 908; x_wconf 70' lang='grc' dir='ltr'><strong>η</strong></span> 
     </span>
    </p>
   </div>
   <div class='ocr_carea' id='block_1_52' title="bbox 2223 943 3854 1016">
    <p class='ocr_par' dir='ltr' id='par_1_52' title="bbox 2223 943 3854 1016">
     <span class='ocr_line' id='line_1_52' title="bbox 2223 943 3854 1016; baseline 0.001 -18"><span class='ocrx_word' id='word_1_381' title='bbox 2223 946 2426 998; x_wconf 88' lang='lat' dir='ltr'><strong>Totum</strong></span> <span class='ocrx_word' id='word_1_382' title='bbox 2459 962 2603 1015; x_wconf 91' lang='lat' dir='ltr'><strong>opus</strong></span> <span class='ocrx_word' id='word_1_383' title='bbox 2657 946 3004 1016; x_wconf 89' lang='lat' dir='ltr'><strong>cxscriptum</strong></span> <span class='ocrx_word' id='word_1_384' title='bbox 3037 951 3122 999; x_wconf 89' lang='lat' dir='ltr'><strong>est</strong></span> <span class='ocrx_word' id='word_1_385' title='bbox 3166 945 3319 998; x_wconf 89' lang='lat' dir='ltr'><strong>binis</strong></span> <span class='ocrx_word' id='word_1_386' title='bbox 3377 944 3659 998; x_wconf 92' lang='lat' dir='ltr'><strong>columnis</strong></span> <span class='ocrx_word' id='word_1_387' title='bbox 3685 943 3854 999; x_wconf 83' lang='lat' dir='ltr'><strong>solito</strong></span> 
     </span>
    </p>
   </div>
   <div class='ocr_carea' id='block_1_53' title="bbox 2150 1033 3856 1101">
    <p class='ocr_par' dir='ltr' id='par_1_53' title="bbox 2150 1033 3856 1101">
     <span class='ocr_line' id='line_1_53' title="bbox 2150 1033 3856 1101; baseline 0 -14"><span class='ocrx_word' id='word_1_388' title='bbox 2150 1033 2518 1088; x_wconf 66' lang='lat' dir='ltr'><strong>Frobenianae</strong></span> <span class='ocrx_word' id='word_1_389' title='bbox 2557 1035 2800 1088; x_wconf 68' lang='lat' dir='ltr'><strong>ofﬁcina:</strong></span> <span class='ocrx_word' id='word_1_390' title='bbox 2846 1035 3189 1101; x_wconf 86' lang='lat' dir='ltr'><strong>charactere,</strong></span> <span class='ocrx_word' id='word_1_391' title='bbox 3227 1034 3323 1088; x_wconf 91' lang='lat' dir='ltr'><strong>sed</strong></span> <span class='ocrx_word' id='word_1_392' title='bbox 3372 1033 3584 1087; x_wconf 88' lang='lat' dir='ltr'><strong>minori</strong></span> <span class='ocrx_word' id='word_1_393' title='bbox 3631 1037 3688 1087; x_wconf 88' lang='lat' dir='ltr'><strong>et</strong></span> <span class='ocrx_word' id='word_1_394' title='bbox 3734 1050 3856 1087; x_wconf 91' lang='lat' dir='ltr'><strong>non</strong></span> 
     </span>
    </p>
   </div>
   <div class='ocr_carea' id='block_1_54' title="bbox 2151 1121 3853 1194">
    <p class='ocr_par' dir='ltr' id='par_1_54' title="bbox 2151 1121 3853 1194">
     <span class='ocr_line' id='line_1_54' title="bbox 2151 1121 3853 1194; baseline 0.001 -19"><span class='ocrx_word' id='word_1_395' title='bbox 2151 1121 2466 1176; x_wconf 89' lang='lat' dir='ltr'><strong>admodum</strong></span> <span class='ocrx_word' id='word_1_396' title='bbox 2515 1123 2720 1189; x_wconf 90' lang='lat' dir='ltr'><strong>nitido,</strong></span> <span class='ocrx_word' id='word_1_397' title='bbox 2764 1128 3150 1194; x_wconf 66' lang='lat' dir='ltr'><strong>praeterquam</strong></span> <span class='ocrx_word' id='word_1_398' title='bbox 3201 1123 3260 1177; x_wconf 90' lang='lat' dir='ltr'><strong>in</strong></span> <span class='ocrx_word' id='word_1_399' title='bbox 3319 1122 3675 1193; x_wconf 66' lang='lat' dir='ltr'><strong>praefatione,</strong></span> <span class='ocrx_word' id='word_1_400' title='bbox 3723 1139 3853 1194; x_wconf 73' lang='lat' dir='ltr'><strong>quae</strong></span> 
     </span>
    </p>
   </div>
   <div class='ocr_carea' id='block_1_55' title="bbox 2149 1210 3234 1283">
    <p class='ocr_par' dir='ltr' id='par_1_55' title="bbox 2149 1210 3234 1283">
     <span class='ocr_line' id='line_1_55' title="bbox 2149 1210 3234 1283; baseline 0.003 -20"><span class='ocrx_word' id='word_1_401' title='bbox 2149 1210 2298 1281; x_wconf 84' lang='lat' dir='ltr'><strong>typis</strong></span> <span class='ocrx_word' id='word_1_402' title='bbox 2328 1212 2500 1280; x_wconf 90' lang='lat' dir='ltr'><strong>paulo</strong></span> <span class='ocrx_word' id='word_1_403' title='bbox 2531 1211 2848 1283; x_wconf 83' lang='lat' dir='ltr'><strong>majoribus</strong></span> <span class='ocrx_word' id='word_1_404' title='bbox 2873 1215 2958 1266; x_wconf 88' lang='lat' dir='ltr'><strong>est</strong></span> <span class='ocrx_word' id='word_1_405' title='bbox 2988 1217 3234 1266; x_wconf 88' lang='lat' dir='ltr'><strong>exarata.</strong></span> 
     </span>
    </p>
   </div>
   <div class='ocr_carea' id='block_1_56' title="bbox 2924 1302 3079 1354">
    <p class='ocr_par' dir='ltr' id='par_1_56' title="bbox 2924 1302 3079 1354">
     <span class='ocr_line' id='line_1_56' title="bbox 2924 1302 3079 1354; baseline 0.006 -1"><span class='ocrx_word' id='word_1_406' title='bbox 2924 1302 3079 1354; x_wconf 79' lang='grc'><strong>1545.</strong></span> 
     </span>
    </p>
   </div>
   <div class='ocr_carea' id='block_1_57' title="bbox 2226 1388 3856 1457">
    <p class='ocr_par' dir='ltr' id='par_1_57' title="bbox 2226 1388 3856 1457">
     <span class='ocr_line' id='line_1_57' title="bbox 2226 1388 3856 1457; baseline 0 -16"><span class='ocrx_word' id='word_1_407' title='bbox 2226 1389 2460 1441; x_wconf 78' lang='lat' dir='ltr'><strong>Venetiis</strong></span> <span class='ocrx_word' id='word_1_408' title='bbox 2508 1404 2574 1442; x_wconf 74' lang='lat' dir='ltr'><strong>ea:</strong></span> <span class='ocrx_word' id='word_1_409' title='bbox 2637 1391 2858 1456; x_wconf 73' lang='lat' dir='ltr'><strong>ofﬁci-na</strong></span> <span class='ocrx_word' id='word_1_410' title='bbox 2922 1390 3262 1443; x_wconf 78' lang='lat' dir='ltr'><strong>Erasmiana</strong></span> <span class='ocrx_word' id='word_1_411' title='bbox 3318 1388 3468 1457; x_wconf 83' lang='lat' dir='ltr'><strong>apud</strong></span> <span class='ocrx_word' id='word_1_412' title='bbox 3515 1389 3856 1442; x_wconf 77' lang='lat' dir='ltr'><strong>Vincentium</strong></span> 
     </span>
    </p>
   </div>
   <div class='ocr_carea' id='block_1_58' title="bbox 2154 1475 3854 1546">
    <p class='ocr_par' dir='ltr' id='par_1_58' title="bbox 2154 1475 3854 1546">
     <span class='ocr_line' id='line_1_58' title="bbox 2154 1475 3854 1546; baseline 0 -18"><span class='ocrx_word' id='word_1_413' title='bbox 2154 1476 2536 1545; x_wconf 75' lang='lat' dir='ltr'><strong>Valgrisium;</strong></span> <span class='ocrx_word' id='word_1_414' title='bbox 2568 1478 2739 1544; x_wconf 78' lang='lat' dir='ltr'><strong>in-80,</strong></span> <span class='ocrx_word' id='word_1_415' title='bbox 2805 1479 2958 1530; x_wconf 80' lang='lat' dir='ltr'><strong>tomis</strong></span> <span class='ocrx_word' id='word_1_416' title='bbox 3012 1478 3091 1530; x_wconf 83' lang='lat' dir='ltr'><strong>Ill</strong></span> <span class='ocrx_word' id='word_1_417' title='bbox 3149 1477 3225 1530; x_wconf 94' lang='lat' dir='ltr'><strong>De</strong></span> <span class='ocrx_word' id='word_1_418' title='bbox 3279 1475 3494 1530; x_wconf 79' lang='lat' dir='ltr'><strong>Aurelii</strong></span> <span class='ocrx_word' id='word_1_419' title='bbox 3529 1477 3854 1546; x_wconf 82' lang='lat' dir='ltr'><strong>Augustini,</strong></span> 
     </span>
    </p>
   </div>
   <div class='ocr_carea' id='block_1_59' title="bbox 2152 1564 3850 1634">
    <p class='ocr_par' dir='ltr' id='par_1_59' title="bbox 2152 1564 3850 1634">
     <span class='ocr_line' id='line_1_59' title="bbox 2152 1564 3850 1634; baseline -0.001 -17"><span class='ocrx_word' id='word_1_420' title='bbox 2152 1564 2412 1617; x_wconf 75' lang='lat' dir='ltr'><strong>Ecclesize</strong></span> <span class='ocrx_word' id='word_1_421' title='bbox 2468 1564 2710 1618; x_wconf 91' lang='lat' dir='ltr'><strong>doctoris</strong></span> <span class='ocrx_word' id='word_1_422' title='bbox 2767 1565 2985 1630; x_wconf 88' lang='lat' dir='ltr'><strong>eximii,</strong></span> <span class='ocrx_word' id='word_1_423' title='bbox 3051 1565 3468 1634; x_wconf 90' lang='lat' dir='ltr'><strong>Opusculorum</strong></span> <span class='ocrx_word' id='word_1_424' title='bbox 3520 1568 3690 1618; x_wconf 85' lang='lat' dir='ltr'><strong>tomus</strong></span> <span class='ocrx_word' id='word_1_425' title='bbox 3733 1566 3850 1632; x_wconf 79' lang='lat' dir='ltr'><strong>pri-</strong></span> 
     </span>
    </p>
   </div>
   <div class='ocr_carea' id='block_1_60' title="bbox 2079 1633 3854 1723">
    <p class='ocr_par' dir='ltr' id='par_1_60' title="bbox 2079 1633 3854 1723">
     <span class='ocr_line' id='line_1_60' title="bbox 2079 1633 3854 1723; baseline -0.001 -17"><span class='ocrx_word' id='word_1_426' title='bbox 2079 1633 2117 1686; x_wconf 76' lang='grc' dir='ltr'><strong>Β</strong></span> <span class='ocrx_word' id='word_1_427' title='bbox 2151 1667 2289 1718; x_wconf 84' lang='lat' dir='ltr'><strong>mus,</strong></span> <span class='ocrx_word' id='word_1_428' title='bbox 2320 1670 2432 1723; x_wconf 89' lang='lat' dir='ltr'><strong>quo</strong></span> <span class='ocrx_word' id='word_1_429' title='bbox 2455 1652 2670 1720; x_wconf 89' lang='lat' dir='ltr'><strong>omnia,</strong></span> <span class='ocrx_word' id='word_1_430' title='bbox 2696 1668 2825 1723; x_wconf 74' lang='lat' dir='ltr'><strong>quae</strong></span> <span class='ocrx_word' id='word_1_431' title='bbox 2859 1653 2928 1706; x_wconf 91' lang='lat' dir='ltr'><strong>ad</strong></span> <span class='ocrx_word' id='word_1_432' title='bbox 2959 1633 3132 1706; x_wconf 80' lang='lat' dir='ltr'><strong>ﬁdem</strong></span> <span class='ocrx_word' id='word_1_433' title='bbox 3164 1658 3219 1706; x_wconf 91' lang='lat' dir='ltr'><strong>et</strong></span> <span class='ocrx_word' id='word_1_434' title='bbox 3249 1668 3425 1722; x_wconf 88' lang='lat' dir='ltr'><strong>opera</strong></span> <span class='ocrx_word' id='word_1_435' title='bbox 3455 1657 3748 1722; x_wconf 87' lang='lat' dir='ltr'><strong>spectant;</strong></span> <span class='ocrx_word' id='word_1_436' title='bbox 3781 1681 3854 1691; x_wconf 91' lang='lat'><strong>—</strong></span> 
     </span>
    </p>
   </div>
   <div class='ocr_carea' id='block_1_61' title="bbox 2150 1741 3853 1812">
    <p class='ocr_par' dir='ltr' id='par_1_61' title="bbox 2150 1741 3853 1812">
     <span class='ocr_line' id='line_1_61' title="bbox 2150 1741 3853 1812; baseline -0.002 -16"><span class='ocrx_word' id='word_1_437' title='bbox 2150 1747 2320 1796; x_wconf 85' lang='lat' dir='ltr'><strong>tomus</strong></span> <span class='ocrx_word' id='word_1_438' title='bbox 2340 1741 2623 1808; x_wconf 83' lang='lat' dir='ltr'><strong>secundus,</strong></span> <span class='ocrx_word' id='word_1_439' title='bbox 2657 1759 2771 1812; x_wconf 91' lang='lat' dir='ltr'><strong>quo</strong></span> <span class='ocrx_word' id='word_1_440' title='bbox 2817 1741 3030 1808; x_wconf 89' lang='lat' dir='ltr'><strong>omnia,</strong></span> <span class='ocrx_word' id='word_1_441' title='bbox 3064 1757 3192 1812; x_wconf 83' lang='lat' dir='ltr'><strong>quae</strong></span> <span class='ocrx_word' id='word_1_442' title='bbox 3227 1742 3296 1796; x_wconf 85' lang='lat' dir='ltr'><strong>ad</strong></span> <span class='ocrx_word' id='word_1_443' title='bbox 3345 1741 3586 1811; x_wconf 88' lang='lat' dir='ltr'><strong>gratiam</strong></span> <span class='ocrx_word' id='word_1_444' title='bbox 3627 1745 3678 1794; x_wconf 86' lang='lat' dir='ltr'><strong>et</strong></span> <span class='ocrx_word' id='word_1_445' title='bbox 3709 1741 3853 1794; x_wconf 89' lang='lat' dir='ltr'><strong>libe-</strong></span> 
     </span>
    </p>
   </div>
   <div class='ocr_carea' id='block_1_62' title="bbox 2148 1830 3850 1902">
    <p class='ocr_par' dir='ltr' id='par_1_62' title="bbox 2148 1830 3850 1902">
     <span class='ocr_line' id='line_1_62' title="bbox 2148 1830 3850 1902; baseline 0 -18"><span class='ocrx_word' id='word_1_446' title='bbox 2148 1847 2276 1884; x_wconf 89' lang='lat' dir='ltr'><strong>rum</strong></span> <span class='ocrx_word' id='word_1_447' title='bbox 2307 1830 2608 1885; x_wconf 88' lang='lat' dir='ltr'><strong>arbitrium</strong></span> <span class='ocrx_word' id='word_1_448' title='bbox 2643 1835 2924 1902; x_wconf 87' lang='lat' dir='ltr'><strong>spectant;</strong></span> <span class='ocrx_word' id='word_1_449' title='bbox 2956 1862 3024 1871; x_wconf 93' lang='lat'><strong><em>—</em></strong></span> <span class='ocrx_word' id='word_1_450' title='bbox 3055 1837 3225 1886; x_wconf 83' lang='lat' dir='ltr'><strong>tomus</strong></span> <span class='ocrx_word' id='word_1_451' title='bbox 3257 1834 3467 1898; x_wconf 79' lang='lat' dir='ltr'><strong>tertius,</strong></span> <span class='ocrx_word' id='word_1_452' title='bbox 3495 1847 3609 1901; x_wconf 91' lang='lat' dir='ltr'><strong>quo</strong></span> <span class='ocrx_word' id='word_1_453' title='bbox 3633 1830 3850 1897; x_wconf 86' lang='lat' dir='ltr'><strong>omnia,</strong></span> 
     </span>
    </p>
   </div>
   <div class='ocr_carea' id='block_1_63' title="bbox 2147 1919 3851 1990">
    <p class='ocr_par' dir='ltr' id='par_1_63' title="bbox 2147 1919 3851 1990">
     <span class='ocr_line' id='line_1_63' title="bbox 2147 1919 3851 1990; baseline 0.001 -18"><span class='ocrx_word' id='word_1_454' title='bbox 2147 1935 2274 1990; x_wconf 77' lang='lat' dir='ltr'><strong>quae</strong></span> <span class='ocrx_word' id='word_1_455' title='bbox 2329 1920 2397 1973; x_wconf 89' lang='lat' dir='ltr'><strong>ad</strong></span> <span class='ocrx_word' id='word_1_456' title='bbox 2431 1920 2792 1988; x_wconf 90' lang='lat' dir='ltr'><strong>electionem,</strong></span> <span class='ocrx_word' id='word_1_457' title='bbox 2824 1920 3200 1989; x_wconf 88' lang='lat' dir='ltr'><strong>vocationem,</strong></span> <span class='ocrx_word' id='word_1_458' title='bbox 3256 1919 3851 1990; x_wconf 85' lang='lat' dir='ltr'><strong>gloriﬁcationemque</strong></span> 
     </span>
    </p>
   </div>
   <div class='ocr_carea' id='block_1_64' title="bbox 2146 2008 3849 2078">
    <p class='ocr_par' dir='ltr' id='par_1_64' title="bbox 2146 2008 3849 2078">
     <span class='ocr_line' id='line_1_64' title="bbox 2146 2008 3849 2078; baseline 0.001 -19"><span class='ocrx_word' id='word_1_459' title='bbox 2146 2012 2424 2078; x_wconf 87' lang='lat' dir='ltr'><strong>spectant,</strong></span> <span class='ocrx_word' id='word_1_460' title='bbox 2471 2008 2866 2062; x_wconf 78' lang='lat' dir='ltr'><strong>declarantur:</strong></span> <span class='ocrx_word' id='word_1_461' title='bbox 2927 2025 2991 2061; x_wconf 82' lang='lat' dir='ltr'><strong>ex</strong></span> <span class='ocrx_word' id='word_1_462' title='bbox 3026 2008 3184 2062; x_wconf 90' lang='lat' dir='ltr'><strong>libris</strong></span> <span class='ocrx_word' id='word_1_463' title='bbox 3238 2009 3491 2078; x_wconf 85' lang='lat' dir='ltr'><strong>ejusdem</strong></span> <span class='ocrx_word' id='word_1_464' title='bbox 3522 2024 3556 2060; x_wconf 89' lang='lat' dir='ltr'><strong>a</strong></span> <span class='ocrx_word' id='word_1_465' title='bbox 3608 2009 3693 2061; x_wconf 85' lang='grc' dir='ltr'><strong>Μ.</strong></span> <span class='ocrx_word' id='word_1_466' title='bbox 3723 2013 3849 2061; x_wconf 82' lang='lat' dir='ltr'><strong>Au-</strong></span> 
     </span>
    </p>
   </div>
   <div class='ocr_carea' id='block_1_65' title="bbox 2145 2097 3852 2168">
    <p class='ocr_par' dir='ltr' id='par_1_65' title="bbox 2145 2097 3852 2168">
     <span class='ocr_line' id='line_1_65' title="bbox 2145 2097 3852 2168; baseline 0.002 -20"><span class='ocrx_word' id='word_1_467' title='bbox 2145 2098 2360 2164; x_wconf 79' lang='lat' dir='ltr'><strong>gustino</strong></span> <span class='ocrx_word' id='word_1_468' title='bbox 2391 2097 2615 2162; x_wconf 74' lang='lat' dir='ltr'><strong>Frogoso</strong></span> <span class='ocrx_word' id='word_1_469' title='bbox 2659 2097 2904 2151; x_wconf 84' lang='lat' dir='ltr'><strong>Sostcneo</strong></span> <span class='ocrx_word' id='word_1_470' title='bbox 2935 2102 3232 2168; x_wconf 79' lang='lat' dir='ltr'><strong>excerptas</strong></span> <span class='ocrx_word' id='word_1_471' title='bbox 3284 2104 3338 2150; x_wconf 89' lang='lat' dir='ltr'><strong>et</strong></span> <span class='ocrx_word' id='word_1_472' title='bbox 3381 2097 3629 2160; x_wconf 86' lang='lat' dir='ltr'><strong>scholiis,</strong></span> <span class='ocrx_word' id='word_1_473' title='bbox 3683 2114 3852 2168; x_wconf 88' lang='lat' dir='ltr'><strong>argu-</strong></span> 
     </span>
    </p>
   </div>
   <div class='ocr_carea' id='block_1_66' title="bbox 2144 2183 3072 2254">
    <p class='ocr_par' dir='ltr' id='par_1_66' title="bbox 2144 2183 3072 2254">
     <span class='ocr_line' id='line_1_66' title="bbox 2144 2183 3072 2254; baseline 0.003 -18"><span class='ocrx_word' id='word_1_474' title='bbox 2144 2183 2351 2237; x_wconf 85' lang='lat' dir='ltr'><strong>mentis</strong></span> <span class='ocrx_word' id='word_1_475' title='bbox 2379 2189 2434 2237; x_wconf 87' lang='lat' dir='ltr'><strong>et</strong></span> <span class='ocrx_word' id='word_1_476' title='bbox 2463 2184 2649 2237; x_wconf 88' lang='lat' dir='ltr'><strong>indice</strong></span> <span class='ocrx_word' id='word_1_477' title='bbox 2675 2185 3072 2254; x_wconf 79' lang='lat' dir='ltr'><strong>locupletatus.</strong></span> 
     </span>
    </p>
   </div>
   <div class='ocr_carea' id='block_1_67' title="bbox 2217 2271 3845 2342">
    <p class='ocr_par' dir='ltr' id='par_1_67' title="bbox 2217 2271 3845 2342">
     <span class='ocr_line' id='line_1_67' title="bbox 2217 2271 3845 2342; baseline 0.002 -17"><span class='ocrx_word' id='word_1_478' title='bbox 2217 2272 2381 2326; x_wconf 87' lang='lat' dir='ltr'><strong>Liber</strong></span> <span class='ocrx_word' id='word_1_479' title='bbox 2421 2272 2762 2340; x_wconf 88' lang='lat' dir='ltr'><strong>rarissimus,</strong></span> <span class='ocrx_word' id='word_1_480' title='bbox 2818 2274 2980 2342; x_wconf 82' lang='lat' dir='ltr'><strong>cujus</strong></span> <span class='ocrx_word' id='word_1_481' title='bbox 3033 2271 3297 2342; x_wconf 88' lang='lat' dir='ltr'><strong>nuspiam</strong></span> <span class='ocrx_word' id='word_1_482' title='bbox 3365 2273 3712 2327; x_wconf 89' lang='lat' dir='ltr'><strong>mentionem</strong></span> <span class='ocrx_word' id='word_1_483' title='bbox 3758 2275 3845 2328; x_wconf 86' lang='lat' dir='ltr'><strong>fa-</strong></span> 
     </span>
    </p>
   </div>
   <div class='ocr_carea' id='block_1_68' title="bbox 2144 2361 3846 2433">
    <p class='ocr_par' dir='ltr' id='par_1_68' title="bbox 2144 2361 3846 2433">
     <span class='ocr_line' id='line_1_68' title="bbox 2144 2361 3846 2433; baseline 0.001 -19"><span class='ocrx_word' id='word_1_484' title='bbox 2144 2366 2292 2414; x_wconf 79' lang='lat' dir='ltr'><strong>ctam</strong></span> <span class='ocrx_word' id='word_1_485' title='bbox 2326 2377 2444 2414; x_wconf 89' lang='lat' dir='ltr'><strong>esse</strong></span> <span class='ocrx_word' id='word_1_486' title='bbox 2474 2361 2731 2414; x_wconf 89' lang='lat' dir='ltr'><strong>memini.</strong></span> <span class='ocrx_word' id='word_1_487' title='bbox 2766 2363 2844 2414; x_wconf 83' lang='lat' dir='ltr'><strong>Ne</strong></span> <span class='ocrx_word' id='word_1_488' title='bbox 2885 2361 3012 2431; x_wconf 88' lang='lat' dir='ltr'><strong>quis</strong></span> <span class='ocrx_word' id='word_1_489' title='bbox 3043 2378 3174 2415; x_wconf 90' lang='lat' dir='ltr'><strong>vero</strong></span> <span class='ocrx_word' id='word_1_490' title='bbox 3207 2380 3241 2414; x_wconf 86' lang='lat' dir='ltr'><strong>a</strong></span> <span class='ocrx_word' id='word_1_491' title='bbox 3270 2361 3436 2416; x_wconf 90' lang='lat' dir='ltr'><strong>titulo</strong></span> <span class='ocrx_word' id='word_1_492' title='bbox 3487 2362 3592 2416; x_wconf 87' lang='lat' dir='ltr'><strong>sibi</strong></span> <span class='ocrx_word' id='word_1_493' title='bbox 3625 2363 3846 2433; x_wconf 88' lang='lat' dir='ltr'><strong>imponi</strong></span> 
     </span>
    </p>
   </div>
   <div class='ocr_carea' id='block_1_69' title="bbox 2142 2449 3846 2521">
    <p class='ocr_par' dir='ltr' id='par_1_69' title="bbox 2142 2449 3846 2521">
     <span class='ocr_line' id='line_1_69' title="bbox 2142 2449 3846 2521; baseline 0.002 -19"><span class='ocrx_word' id='word_1_494' title='bbox 2142 2449 2411 2519; x_wconf 88' lang='lat' dir='ltr'><strong>patiatur,</strong></span> <span class='ocrx_word' id='word_1_495' title='bbox 2469 2451 2633 2520; x_wconf 86' lang='lat' dir='ltr'><strong>quasi</strong></span> <span class='ocrx_word' id='word_1_496' title='bbox 2695 2450 2952 2503; x_wconf 88' lang='lat' dir='ltr'><strong>locorum</strong></span> <span class='ocrx_word' id='word_1_497' title='bbox 3019 2449 3374 2504; x_wconf 85' lang='lat' dir='ltr'><strong>diversorum</strong></span> <span class='ocrx_word' id='word_1_498' title='bbox 3442 2450 3846 2521; x_wconf 89' lang='lat' dir='ltr'><strong>undecumque</strong></span> 
     </span>
    </p>
   </div>
   <div class='ocr_carea' id='block_1_70' title="bbox 2142 2539 3846 2608">
    <p class='ocr_par' dir='ltr' id='par_1_70' title="bbox 2142 2539 3846 2608">
     <span class='ocr_line' id='line_1_70' title="bbox 2142 2539 3846 2608; baseline 0.002 -18"><span class='ocrx_word' id='word_1_499' title='bbox 2142 2543 2538 2608; x_wconf 87' lang='lat' dir='ltr'><strong>excerptorum</strong></span> <span class='ocrx_word' id='word_1_500' title='bbox 2596 2545 2652 2592; x_wconf 92' lang='lat' dir='ltr'><strong>et</strong></span> <span class='ocrx_word' id='word_1_501' title='bbox 2682 2540 3032 2601; x_wconf 91' lang='lat' dir='ltr'><strong>avulsorum,</strong></span> <span class='ocrx_word' id='word_1_502' title='bbox 3075 2555 3226 2592; x_wconf 91' lang='lat' dir='ltr'><strong>nunc</strong></span> <span class='ocrx_word' id='word_1_503' title='bbox 3258 2555 3391 2591; x_wconf 91' lang='lat' dir='ltr'><strong>vero</strong></span> <span class='ocrx_word' id='word_1_504' title='bbox 3442 2539 3606 2608; x_wconf 86' lang='lat' dir='ltr'><strong>juxta</strong></span> <span class='ocrx_word' id='word_1_505' title='bbox 3661 2539 3846 2593; x_wconf 80' lang='lat' dir='ltr'><strong>varias</strong></span> 
     </span>
    </p>
   </div>
   <div class='ocr_carea' id='block_1_71' title="bbox 2141 2627 3846 2698">
    <p class='ocr_par' dir='ltr' id='par_1_71' title="bbox 2141 2627 3846 2698">
     <span class='ocr_line' id='line_1_71' title="bbox 2141 2627 3846 2698; baseline 0.002 -20"><span class='ocrx_word' id='word_1_506' title='bbox 2141 2627 2463 2696; x_wconf 87' lang='lat' dir='ltr'><strong>argumenti</strong></span> <span class='ocrx_word' id='word_1_507' title='bbox 2525 2627 2685 2680; x_wconf 90' lang='lat' dir='ltr'><strong>sedes</strong></span> <span class='ocrx_word' id='word_1_508' title='bbox 2737 2627 3190 2698; x_wconf 89' lang='lat' dir='ltr'><strong>compositorum</strong></span> <span class='ocrx_word' id='word_1_509' title='bbox 3239 2628 3464 2697; x_wconf 88' lang='lat' dir='ltr'><strong>farrago</strong></span> <span class='ocrx_word' id='word_1_510' title='bbox 3516 2627 3603 2692; x_wconf 87' lang='lat' dir='ltr'><strong>sit,</strong></span> <span class='ocrx_word' id='word_1_511' title='bbox 3668 2629 3846 2682; x_wconf 89' lang='lat' dir='ltr'><strong>libros</strong></span> 
     </span>
    </p>
   </div>
   <div class='ocr_carea' id='block_1_72' title="bbox 2141 2714 3844 2787">
    <p class='ocr_par' dir='ltr' id='par_1_72' title="bbox 2141 2714 3844 2787">
     <span class='ocr_line' id='line_1_72' title="bbox 2141 2714 3844 2787; baseline 0.002 -20"><span class='ocrx_word' id='word_1_512' title='bbox 2141 2714 2391 2784; x_wconf 87' lang='lat' dir='ltr'><strong>integros</strong></span> <span class='ocrx_word' id='word_1_513' title='bbox 2423 2715 2494 2769; x_wconf 91' lang='lat' dir='ltr'><strong>ad</strong></span> <span class='ocrx_word' id='word_1_514' title='bbox 2550 2731 2733 2769; x_wconf 89' lang='lat' dir='ltr'><strong>unum</strong></span> <span class='ocrx_word' id='word_1_515' title='bbox 2765 2722 3172 2787; x_wconf 88' lang='lat' dir='ltr'><strong>argumentum</strong></span> <span class='ocrx_word' id='word_1_516' title='bbox 3228 2716 3514 2781; x_wconf 83' lang='lat' dir='ltr'><strong>facientes,</strong></span> <span class='ocrx_word' id='word_1_517' title='bbox 3577 2717 3844 2771; x_wconf 88' lang='lat' dir='ltr'><strong>collectos</strong></span> 
     </span>
    </p>
   </div>
   <div class='ocr_carea' id='block_1_73' title="bbox 2142 2804 2769 2859">
    <p class='ocr_par' dir='ltr' id='par_1_73' title="bbox 2142 2804 2769 2859">
     <span class='ocr_line' id='line_1_73' title="bbox 2142 2804 2769 2859; baseline 0.002 -1"><span class='ocrx_word' id='word_1_518' title='bbox 2142 2820 2263 2858; x_wconf 89' lang='lat' dir='ltr'><strong>esse</strong></span> <span class='ocrx_word' id='word_1_519' title='bbox 2286 2804 2423 2858; x_wconf 89' lang='lat' dir='ltr'><strong>sciat</strong></span> <span class='ocrx_word' id='word_1_520' title='bbox 2455 2805 2561 2858; x_wconf 91' lang='lat' dir='ltr'><strong>hac</strong></span> <span class='ocrx_word' id='word_1_521' title='bbox 2587 2805 2732 2858; x_wconf 89' lang='lat' dir='ltr'><strong>serie</strong></span> <span class='ocrx_word' id='word_1_522' title='bbox 2757 2822 2769 2859; x_wconf 90' lang='lat'><strong>:</strong></span> 
     </span>
    </p>
   </div>
   <div class='ocr_carea' id='block_1_74' title="bbox 2216 2892 3834 2960">
    <p class='ocr_par' dir='ltr' id='par_1_74' title="bbox 2216 2892 3834 2960">
     <span class='ocr_line' id='line_1_74' title="bbox 2216 2892 3834 2960; baseline 0.001 -14"><span class='ocrx_word' id='word_1_523' title='bbox 2216 2895 2371 2946; x_wconf 91' lang='lat' dir='ltr'><strong>Tomo</strong></span> <span class='ocrx_word' id='word_1_524' title='bbox 2397 2895 2610 2960; x_wconf 79' lang='lat' dir='ltr'><strong>primo:</strong></span> <span class='ocrx_word' id='word_1_525' title='bbox 2659 2923 2717 2932; x_wconf 97' lang='lat'><strong>—</strong></span> <span class='ocrx_word' id='word_1_526' title='bbox 2760 2895 2833 2947; x_wconf 90' lang='lat' dir='ltr'><strong>De</strong></span> <span class='ocrx_word' id='word_1_527' title='bbox 2883 2892 3141 2947; x_wconf 88' lang='lat' dir='ltr'><strong>doctrina</strong></span> <span class='ocrx_word' id='word_1_528' title='bbox 3175 2893 3520 2949; x_wconf 71' lang='lat' dir='ltr'><strong>Christiana,</strong></span> <span class='ocrx_word' id='word_1_529' title='bbox 3551 2893 3677 2947; x_wconf 86' lang='lat' dir='ltr'><strong>libri</strong></span> <span class='ocrx_word' id='word_1_530' title='bbox 3724 2895 3834 2958; x_wconf 89' lang='lat' dir='ltr'><strong>IV;</strong></span> 
     </span>
    </p>
   </div>
   <div class='ocr_carea' id='block_1_75' title="bbox 2143 2981 3836 3050">
    <p class='ocr_par' dir='ltr' id='par_1_75' title="bbox 2143 2981 3836 3050">
     <span class='ocr_line' id='line_1_75' title="bbox 2143 2981 3836 3050; baseline 0 -16"><span class='ocrx_word' id='word_1_531' title='bbox 2143 2981 2218 3034; x_wconf 89' lang='lat' dir='ltr'><strong>De</strong></span> <span class='ocrx_word' id='word_1_532' title='bbox 2248 2981 2546 3050; x_wconf 88' lang='lat' dir='ltr'><strong>disciplina</strong></span> <span class='ocrx_word' id='word_1_533' title='bbox 2583 2981 2902 3035; x_wconf 88' lang='lat' dir='ltr'><strong>Christiana</strong></span> <span class='ocrx_word' id='word_1_534' title='bbox 2932 2981 3117 3048; x_wconf 88' lang='lat' dir='ltr'><strong>liber;</strong></span> <span class='ocrx_word' id='word_1_535' title='bbox 3171 2981 3538 3035; x_wconf 83' lang='lat' dir='ltr'><strong>Enchiridion</strong></span> <span class='ocrx_word' id='word_1_536' title='bbox 3595 2981 3661 3036; x_wconf 90' lang='lat' dir='ltr'><strong>ad</strong></span> <span class='ocrx_word' id='word_1_537' title='bbox 3696 2983 3836 3036; x_wconf 84' lang='lat' dir='ltr'><strong>Lau-</strong></span> 
     </span>
    </p>
   </div>
   <div class='ocr_carea' id='block_1_76' title="bbox 2137 3068 3832 3140">
    <p class='ocr_par' dir='ltr' id='par_1_76' title="bbox 2137 3068 3832 3140">
     <span class='ocr_line' id='line_1_76' title="bbox 2137 3068 3832 3140; baseline 0.002 -19"><span class='ocrx_word' id='word_1_538' title='bbox 2137 3068 2385 3122; x_wconf 89' lang='lat' dir='ltr'><strong>rentium</strong></span> <span class='ocrx_word' id='word_1_539' title='bbox 2435 3069 2608 3134; x_wconf 90' lang='lat' dir='ltr'><strong>liber;</strong></span> <span class='ocrx_word' id='word_1_540' title='bbox 2670 3070 2748 3123; x_wconf 92' lang='lat' dir='ltr'><strong>De</strong></span> <span class='ocrx_word' id='word_1_541' title='bbox 2805 3069 3196 3123; x_wconf 89' lang='lat' dir='ltr'><strong>ecclesiasticis</strong></span> <span class='ocrx_word' id='word_1_542' title='bbox 3235 3069 3599 3140; x_wconf 89' lang='lat' dir='ltr'><strong>dogmatibus</strong></span> <span class='ocrx_word' id='word_1_543' title='bbox 3649 3070 3832 3135; x_wconf 87' lang='lat' dir='ltr'><strong>liber;</strong></span> 
     </span>
    </p>
   </div>
   <div class='ocr_carea' id='block_1_77' title="bbox 2139 3156 3840 3224">
    <p class='ocr_par' dir='ltr' id='par_1_77' title="bbox 2139 3156 3840 3224">
     <span class='ocr_line' id='line_1_77' title="bbox 2139 3156 3840 3224; baseline 0.001 -14"><span class='ocrx_word' id='word_1_544' title='bbox 2139 3158 2215 3210; x_wconf 92' lang='lat' dir='ltr'><strong>De</strong></span> <span class='ocrx_word' id='word_1_545' title='bbox 2247 3156 2557 3212; x_wconf 53' lang='lat' dir='ltr'><strong>haeresibus</strong></span> <span class='ocrx_word' id='word_1_546' title='bbox 2589 3157 2767 3223; x_wconf 80' lang='lat' dir='ltr'><strong>liber;</strong></span> <span class='ocrx_word' id='word_1_547' title='bbox 2806 3159 2884 3211; x_wconf 91' lang='lat' dir='ltr'><strong>De</strong></span> <span class='ocrx_word' id='word_1_548' title='bbox 2915 3159 2953 3208; x_wconf 85' lang='lat' dir='ltr'><strong>V</strong></span> <span class='ocrx_word' id='word_1_549' title='bbox 2987 3158 3300 3212; x_wconf 75' lang='lat' dir='ltr'><strong>hteresibus</strong></span> <span class='ocrx_word' id='word_1_550' title='bbox 3330 3159 3551 3224; x_wconf 86' lang='lat' dir='ltr'><strong>oratio;</strong></span> <span class='ocrx_word' id='word_1_551' title='bbox 3610 3160 3686 3212; x_wconf 91' lang='lat' dir='ltr'><strong>De</strong></span> <span class='ocrx_word' id='word_1_552' title='bbox 3719 3159 3840 3213; x_wconf 88' lang='lat' dir='ltr'><strong>Uti-</strong></span> 
     </span>
    </p>
   </div>
   <div class='ocr_carea' id='block_1_78' title="bbox 2136 3247 3838 3320">
    <p class='ocr_par' dir='ltr' id='par_1_78' title="bbox 2136 3247 3838 3320">
     <span class='ocr_line' id='line_1_78' title="bbox 2136 3247 3838 3320; baseline 0.002 -20"><span class='ocrx_word' id='word_1_553' title='bbox 2136 3247 2295 3301; x_wconf 90' lang='lat' dir='ltr'><strong>Iitate</strong></span> <span class='ocrx_word' id='word_1_554' title='bbox 2351 3248 2619 3302; x_wconf 87' lang='lat' dir='ltr'><strong>credendi</strong></span> <span class='ocrx_word' id='word_1_555' title='bbox 2671 3249 2850 3315; x_wconf 89' lang='lat' dir='ltr'><strong>liber;</strong></span> <span class='ocrx_word' id='word_1_556' title='bbox 2908 3250 2984 3302; x_wconf 91' lang='lat' dir='ltr'><strong>De</strong></span> <span class='ocrx_word' id='word_1_557' title='bbox 3014 3247 3127 3302; x_wconf 84' lang='lat' dir='ltr'><strong>ﬁde</strong></span> <span class='ocrx_word' id='word_1_558' title='bbox 3167 3253 3223 3302; x_wconf 87' lang='lat' dir='ltr'><strong>et</strong></span> <span class='ocrx_word' id='word_1_559' title='bbox 3254 3249 3513 3320; x_wconf 86' lang='lat' dir='ltr'><strong>symbolo</strong></span> <span class='ocrx_word' id='word_1_560' title='bbox 3543 3248 3720 3315; x_wconf 88' lang='lat' dir='ltr'><strong>liber;</strong></span> <span class='ocrx_word' id='word_1_561' title='bbox 3753 3250 3838 3304; x_wconf 90' lang='lat' dir='ltr'><strong>De</strong></span> 
     </span>
    </p>
   </div>
   <div class='ocr_carea' id='block_1_79' title="bbox 2135 3335 3837 3407">
    <p class='ocr_par' dir='ltr' id='par_1_79' title="bbox 2135 3335 3837 3407">
     <span class='ocr_line' id='line_1_79' title="bbox 2135 3335 3837 3407; baseline 0.001 -17"><span class='ocrx_word' id='word_1_562' title='bbox 2135 3335 2248 3391; x_wconf 88' lang='lat' dir='ltr'><strong>ﬁde</strong></span> <span class='ocrx_word' id='word_1_563' title='bbox 2275 3337 2341 3390; x_wconf 91' lang='lat' dir='ltr'><strong>ad</strong></span> <span class='ocrx_word' id='word_1_564' title='bbox 2375 3340 2603 3391; x_wconf 88' lang='lat' dir='ltr'><strong>Petrum</strong></span> <span class='ocrx_word' id='word_1_565' title='bbox 2634 3337 2938 3391; x_wconf 88' lang='lat' dir='ltr'><strong>diaconum</strong></span> <span class='ocrx_word' id='word_1_566' title='bbox 2970 3337 3152 3404; x_wconf 90' lang='lat' dir='ltr'><strong>liber;</strong></span> <span class='ocrx_word' id='word_1_567' title='bbox 3183 3338 3258 3391; x_wconf 92' lang='lat' dir='ltr'><strong>De</strong></span> <span class='ocrx_word' id='word_1_568' title='bbox 3288 3353 3470 3407; x_wconf 89' lang='lat' dir='ltr'><strong>agone</strong></span> <span class='ocrx_word' id='word_1_569' title='bbox 3518 3337 3837 3392; x_wconf 89' lang='lat' dir='ltr'><strong>Christiano</strong></span> 
     </span>
    </p>
   </div>
   <div class='ocr_carea' id='block_1_80' title="bbox 2134 3425 3834 3496">
    <p class='ocr_par' dir='ltr' id='par_1_80' title="bbox 2134 3425 3834 3496">
     <span class='ocr_line' id='line_1_80' title="bbox 2134 3425 3834 3496; baseline 0 -16"><span class='ocrx_word' id='word_1_570' title='bbox 2134 3426 2316 3494; x_wconf 90' lang='lat' dir='ltr'><strong>liber;</strong></span> <span class='ocrx_word' id='word_1_571' title='bbox 2353 3427 2429 3480; x_wconf 92' lang='lat' dir='ltr'><strong>De</strong></span> <span class='ocrx_word' id='word_1_572' title='bbox 2459 3426 2568 3480; x_wconf 84' lang='lat' dir='ltr'><strong>fide</strong></span> <span class='ocrx_word' id='word_1_573' title='bbox 2612 3431 2669 3480; x_wconf 91' lang='lat' dir='ltr'><strong>et</strong></span> <span class='ocrx_word' id='word_1_574' title='bbox 2698 3426 2970 3496; x_wconf 90' lang='lat' dir='ltr'><strong>operibus</strong></span> <span class='ocrx_word' id='word_1_575' title='bbox 3027 3425 3205 3491; x_wconf 89' lang='lat' dir='ltr'><strong>liber;</strong></span> <span class='ocrx_word' id='word_1_576' title='bbox 3259 3427 3319 3480; x_wconf 92' lang='lat' dir='ltr'><strong>In</strong></span> <span class='ocrx_word' id='word_1_577' title='bbox 3372 3427 3657 3496; x_wconf 90' lang='lat' dir='ltr'><strong>psalmum</strong></span> <span class='ocrx_word' id='word_1_578' title='bbox 3704 3444 3834 3480; x_wconf 77' lang='lat' dir='ltr'><strong>xxix</strong></span> 
     </span>
    </p>
   </div>
   <div class='ocr_carea' id='block_1_81' title="bbox 2135 3515 3652 3586">
    <p class='ocr_par' dir='ltr' id='par_1_81' title="bbox 2135 3515 3652 3586">
     <span class='ocr_line' id='line_1_81' title="bbox 2135 3515 3652 3586; baseline 0.001 -18"><span class='ocrx_word' id='word_1_579' title='bbox 2135 3515 2456 3582; x_wconf 87' lang='lat' dir='ltr'><strong>enarratio;</strong></span> <span class='ocrx_word' id='word_1_580' title='bbox 2489 3517 2550 3568; x_wconf 89' lang='lat' dir='ltr'><strong>In</strong></span> <span class='ocrx_word' id='word_1_581' title='bbox 2593 3516 2877 3586; x_wconf 85' lang='lat' dir='ltr'><strong>psalmum</strong></span> <span class='ocrx_word' id='word_1_582' title='bbox 2918 3531 3021 3568; x_wconf 86' lang='lat' dir='ltr'><strong>xxx</strong></span> <span class='ocrx_word' id='word_1_583' title='bbox 3051 3533 3065 3582; x_wconf 93' lang='lat'><strong>;</strong></span> <span class='ocrx_word' id='word_1_584' title='bbox 3101 3516 3162 3568; x_wconf 90' lang='lat' dir='ltr'><strong>In</strong></span> <span class='ocrx_word' id='word_1_585' title='bbox 3193 3515 3477 3584; x_wconf 88' lang='lat' dir='ltr'><strong>psalmum</strong></span> <span class='ocrx_word' id='word_1_586' title='bbox 3506 3531 3652 3569; x_wconf 76' lang='lat' dir='ltr'><strong>xxxi.</strong></span> 
     </span>
    </p>
   </div>
   <div class='ocr_carea' id='block_1_82' title="bbox 2209 3601 3836 3672">
    <p class='ocr_par' dir='ltr' id='par_1_82' title="bbox 2209 3601 3836 3672">
     <span class='ocr_line' id='line_1_82' title="bbox 2209 3601 3836 3672; baseline 0.001 -16"><span class='ocrx_word' id='word_1_587' title='bbox 2209 3605 2366 3656; x_wconf 89' lang='lat' dir='ltr'><strong>Tomo</strong></span> <span class='ocrx_word' id='word_1_588' title='bbox 2419 3604 2687 3657; x_wconf 82' lang='lat' dir='ltr'><strong>secundo:</strong></span> <span class='ocrx_word' id='word_1_589' title='bbox 2749 3632 2818 3644; x_wconf 89' lang='lat'><strong>--</strong></span> <span class='ocrx_word' id='word_1_590' title='bbox 2873 3602 3041 3656; x_wconf 87' lang='lat' dir='ltr'><strong>Liber</strong></span> <span class='ocrx_word' id='word_1_591' title='bbox 3109 3601 3485 3672; x_wconf 87' lang='lat' dir='ltr'><strong>expositionis</strong></span> <span class='ocrx_word' id='word_1_592' title='bbox 3554 3603 3836 3658; x_wconf 65' lang='lat' dir='ltr'><strong>inchoata&quot;:</strong></span> 
     </span>
    </p>
   </div>
   <div class='ocr_carea' id='block_1_83' title="bbox 2136 3691 3837 3764">
    <p class='ocr_par' dir='ltr' id='par_1_83' title="bbox 2136 3691 3837 3764">
     <span class='ocr_line' id='line_1_83' title="bbox 2136 3691 3837 3764; baseline 0.002 -20"><span class='ocrx_word' id='word_1_593' title='bbox 2136 3691 2309 3761; x_wconf 88' lang='lat' dir='ltr'><strong>Epist.</strong></span> <span class='ocrx_word' id='word_1_594' title='bbox 2360 3691 2474 3745; x_wconf 88' lang='lat' dir='ltr'><strong>divi</strong></span> <span class='ocrx_word' id='word_1_595' title='bbox 2517 3692 2678 3745; x_wconf 89' lang='lat' dir='ltr'><strong>Pauli</strong></span> <span class='ocrx_word' id='word_1_596' title='bbox 2707 3693 2777 3745; x_wconf 90' lang='lat' dir='ltr'><strong>ad</strong></span> <span class='ocrx_word' id='word_1_597' title='bbox 2810 3693 3009 3759; x_wconf 81' lang='lat' dir='ltr'><strong>Rom.;</strong></span> <span class='ocrx_word' id='word_1_598' title='bbox 3072 3691 3239 3744; x_wconf 86' lang='lat' dir='ltr'><strong>Liber</strong></span> <span class='ocrx_word' id='word_1_599' title='bbox 3285 3692 3654 3761; x_wconf 87' lang='lat' dir='ltr'><strong>expositionis</strong></span> <span class='ocrx_word' id='word_1_600' title='bbox 3699 3710 3837 3764; x_wconf 89' lang='lat' dir='ltr'><strong>qua-</strong></span> 
     </span>
    </p>
   </div>
   <div class='ocr_carea' id='block_1_84' title="bbox 2133 3779 3834 3850">
    <p class='ocr_par' dir='ltr' id='par_1_84' title="bbox 2133 3779 3834 3850">
     <span class='ocr_line' id='line_1_84' title="bbox 2133 3779 3834 3850; baseline 0.002 -18"><span class='ocrx_word' id='word_1_601' title='bbox 2133 3780 2398 3834; x_wconf 90' lang='lat' dir='ltr'><strong>rumdam</strong></span> <span class='ocrx_word' id='word_1_602' title='bbox 2424 3780 2990 3850; x_wconf 84' lang='lat' dir='ltr'><strong>prOpositionum,ex</strong></span> <span class='ocrx_word' id='word_1_603' title='bbox 3014 3779 3188 3850; x_wconf 87' lang='lat' dir='ltr'><strong>Epist.</strong></span> <span class='ocrx_word' id='word_1_604' title='bbox 3221 3779 3294 3833; x_wconf 90' lang='lat' dir='ltr'><strong>ad</strong></span> <span class='ocrx_word' id='word_1_605' title='bbox 3329 3781 3488 3834; x_wconf 81' lang='lat' dir='ltr'><strong>Rom.</strong></span> <span class='ocrx_word' id='word_1_606' title='bbox 3517 3797 3529 3847; x_wconf 92' lang='lat'><strong>;</strong></span> <span class='ocrx_word' id='word_1_607' title='bbox 3567 3782 3834 3836; x_wconf 84' lang='lat' dir='ltr'><strong>Liberex-</strong></span> 
     </span>
    </p>
   </div>
   <div class='ocr_carea' id='block_1_85' title="bbox 2130 3868 3830 3939">
    <p class='ocr_par' dir='ltr' id='par_1_85' title="bbox 2130 3868 3830 3939">
     <span class='ocr_line' id='line_1_85' title="bbox 2130 3868 3830 3939; baseline 0.002 -19"><span class='ocrx_word' id='word_1_608' title='bbox 2130 3869 2432 3938; x_wconf 87' lang='lat' dir='ltr'><strong>positionis</strong></span> <span class='ocrx_word' id='word_1_609' title='bbox 2457 3869 2604 3938; x_wconf 87' lang='lat' dir='ltr'><strong>Epis.</strong></span> <span class='ocrx_word' id='word_1_610' title='bbox 2639 3869 2706 3922; x_wconf 88' lang='lat' dir='ltr'><strong>ad</strong></span> <span class='ocrx_word' id='word_1_611' title='bbox 2733 3869 2850 3926; x_wconf 87' lang='lat' dir='ltr'><strong>Gal,</strong></span> <span class='ocrx_word' id='word_1_612' title='bbox 2874 3885 2887 3933; x_wconf 89' lang='lat'><strong>;</strong></span> <span class='ocrx_word' id='word_1_613' title='bbox 2921 3869 3090 3939; x_wconf 87' lang='lat' dir='ltr'><strong>Epist.</strong></span> <span class='ocrx_word' id='word_1_614' title='bbox 3115 3868 3310 3922; x_wconf 88' lang='lat' dir='ltr'><strong>Hilarii</strong></span> <span class='ocrx_word' id='word_1_615' title='bbox 3334 3869 3399 3922; x_wconf 90' lang='lat' dir='ltr'><strong>ad</strong></span> <span class='ocrx_word' id='word_1_616' title='bbox 3423 3869 3830 3939; x_wconf 88' lang='lat' dir='ltr'><strong>Augustinum;</strong></span> 
     </span>
    </p>
   </div>
   <div class='ocr_carea' id='block_1_86' title="bbox 2133 3955 3833 4027">
    <p class='ocr_par' dir='ltr' id='par_1_86' title="bbox 2133 3955 3833 4027">
     <span class='ocr_line' id='line_1_86' title="bbox 2133 3955 3833 4027; baseline 0.002 -19"><span class='ocrx_word' id='word_1_617' title='bbox 2133 3955 2492 4026; x_wconf 81' lang='lat' dir='ltr'><strong>Rescriptum</strong></span> <span class='ocrx_word' id='word_1_618' title='bbox 2522 3957 2824 4027; x_wconf 88' lang='lat' dir='ltr'><strong>Augustini</strong></span> <span class='ocrx_word' id='word_1_619' title='bbox 2881 3956 2950 4010; x_wconf 90' lang='lat' dir='ltr'><strong>ad</strong></span> <span class='ocrx_word' id='word_1_620' title='bbox 2986 3957 3304 4023; x_wconf 87' lang='lat' dir='ltr'><strong>Hilarium;</strong></span> <span class='ocrx_word' id='word_1_621' title='bbox 3365 3957 3539 4027; x_wconf 89' lang='lat' dir='ltr'><strong>Epist.</strong></span> <span class='ocrx_word' id='word_1_622' title='bbox 3595 3959 3833 4012; x_wconf 89' lang='lat' dir='ltr'><strong>Patrum</strong></span> 
     </span>
    </p>
   </div>
   <div class='ocr_carea' id='block_1_87' title="bbox 2131 4045 3830 4115">
    <p class='ocr_par' dir='ltr' id='par_1_87' title="bbox 2131 4045 3830 4115">
     <span class='ocr_line' id='line_1_87' title="bbox 2131 4045 3830 4115; baseline 0.001 -16"><span class='ocrx_word' id='word_1_623' title='bbox 2131 4045 2593 4115; x_wconf 89' lang='lat' dir='ltr'><strong>Carthaginensis</strong></span> <span class='ocrx_word' id='word_1_624' title='bbox 2621 4045 2847 4099; x_wconf 88' lang='lat' dir='ltr'><strong>concilii</strong></span> <span class='ocrx_word' id='word_1_625' title='bbox 2881 4045 2952 4099; x_wconf 88' lang='lat' dir='ltr'><strong>ad</strong></span> <span class='ocrx_word' id='word_1_626' title='bbox 2983 4046 3379 4100; x_wconf 88' lang='lat' dir='ltr'><strong>Innocentium</strong></span> <span class='ocrx_word' id='word_1_627' title='bbox 3434 4062 3679 4115; x_wconf 88' lang='lat' dir='ltr'><strong>papam;</strong></span> <span class='ocrx_word' id='word_1_628' title='bbox 3720 4047 3830 4100; x_wconf 84' lang='lat' dir='ltr'><strong>Re-</strong></span> 
     </span>
    </p>
   </div>
   <div class='ocr_carea' id='block_1_88' title="bbox 2129 4134 3831 4206">
    <p class='ocr_par' dir='ltr' id='par_1_88' title="bbox 2129 4134 3831 4206">
     <span class='ocr_line' id='line_1_88' title="bbox 2129 4134 3831 4206; baseline 0.001 -19"><span class='ocrx_word' id='word_1_629' title='bbox 2129 4134 2400 4206; x_wconf 90' lang='lat' dir='ltr'><strong>scriptum</strong></span> <span class='ocrx_word' id='word_1_630' title='bbox 2432 4135 2731 4189; x_wconf 90' lang='lat' dir='ltr'><strong>Innocenti</strong></span> <span class='ocrx_word' id='word_1_631' title='bbox 2772 4151 2936 4206; x_wconf 70' lang='lat' dir='ltr'><strong>papte</strong></span> <span class='ocrx_word' id='word_1_632' title='bbox 2994 4135 3066 4188; x_wconf 91' lang='lat' dir='ltr'><strong>ad</strong></span> <span class='ocrx_word' id='word_1_633' title='bbox 3119 4136 3313 4188; x_wconf 87' lang='lat' dir='ltr'><strong>Patres</strong></span> <span class='ocrx_word' id='word_1_634' title='bbox 3367 4134 3831 4203; x_wconf 87' lang='lat' dir='ltr'><strong>Carthaginensis</strong></span> 
     </span>
    </p>
   </div>
   <div class='ocr_carea' id='block_1_89' title="bbox 325 4221 3829 4294">
    <p class='ocr_par' dir='ltr' id='par_1_89' title="bbox 325 4221 3829 4294">
     <span class='ocr_line' id='line_1_89' title="bbox 325 4221 3829 4294; baseline 0.001 -20"><span class='ocrx_word' id='word_1_635' title='bbox 325 4221 567 4290; x_wconf 88' lang='lat' dir='ltr'><strong>quisque</strong></span> <span class='ocrx_word' id='word_1_636' title='bbox 619 4221 735 4274; x_wconf 91' lang='lat' dir='ltr'><strong>suis</strong></span> <span class='ocrx_word' id='word_1_637' title='bbox 765 4221 943 4275; x_wconf 90' lang='lat' dir='ltr'><strong>oculis</strong></span> <span class='ocrx_word' id='word_1_638' title='bbox 972 4222 1248 4274; x_wconf 73' lang='lat' dir='ltr'><strong>inotfense</strong></span> <span class='ocrx_word' id='word_1_639' title='bbox 1297 4221 1488 4288; x_wconf 86' lang='lat' dir='ltr'><strong>(modo</strong></span> <span class='ocrx_word' id='word_1_640' title='bbox 1539 4223 1680 4290; x_wconf 82' lang='lat' dir='ltr'><strong>stylo</strong></span> <span class='ocrx_word' id='word_1_641' title='bbox 1710 4222 2017 4291; x_wconf 85' lang='lat' dir='ltr'><strong>Augustini</strong></span> <span class='ocrx_word' id='word_1_642' title='bbox 2055 4225 2098 4278; x_wconf 92' lang='lat' dir='ltr'><strong>D</strong></span> <span class='ocrx_word' id='word_1_643' title='bbox 2131 4222 2382 4290; x_wconf 90' lang='lat' dir='ltr'><strong>concilii;</strong></span> <span class='ocrx_word' id='word_1_644' title='bbox 2410 4224 2584 4294; x_wconf 88' lang='lat' dir='ltr'><strong>Epist.</strong></span> <span class='ocrx_word' id='word_1_645' title='bbox 2644 4226 2876 4278; x_wconf 89' lang='lat' dir='ltr'><strong>Patrum</strong></span> <span class='ocrx_word' id='word_1_646' title='bbox 2931 4223 3237 4279; x_wconf 82' lang='lat' dir='ltr'><strong>Milevitani</strong></span> <span class='ocrx_word' id='word_1_647' title='bbox 3283 4223 3508 4277; x_wconf 90' lang='lat' dir='ltr'><strong>concilii</strong></span> <span class='ocrx_word' id='word_1_648' title='bbox 3545 4223 3616 4276; x_wconf 88' lang='lat' dir='ltr'><strong>ad</strong></span> <span class='ocrx_word' id='word_1_649' title='bbox 3654 4225 3829 4278; x_wconf 88' lang='lat' dir='ltr'><strong>Inno-</strong></span> 
     </span>
    </p>
   </div>
   <div class='ocr_carea' id='block_1_90' title="bbox 325 4308 2016 4378">
    <p class='ocr_par' dir='ltr' id='par_1_90' title="bbox 325 4308 2016 4378">
     <span class='ocr_line' id='line_1_90' title="bbox 325 4308 2016 4378; baseline 0.001 -17"><span class='ocrx_word' id='word_1_650' title='bbox 325 4309 535 4362; x_wconf 91' lang='lat' dir='ltr'><strong>assueti</strong></span> <span class='ocrx_word' id='word_1_651' title='bbox 582 4309 709 4376; x_wconf 89' lang='lat' dir='ltr'><strong>sint)</strong></span> <span class='ocrx_word' id='word_1_652' title='bbox 787 4308 982 4362; x_wconf 91' lang='lat' dir='ltr'><strong>omnia</strong></span> <span class='ocrx_word' id='word_1_653' title='bbox 1053 4308 1534 4377; x_wconf 90' lang='lat' dir='ltr'><strong>percurrentibus,</strong></span> <span class='ocrx_word' id='word_1_654' title='bbox 1595 4325 1767 4378; x_wconf 86' lang='lat' dir='ltr'><strong>quam</strong></span> <span class='ocrx_word' id='word_1_655' title='bbox 1825 4313 2016 4362; x_wconf 90' lang='lat' dir='ltr'><strong>nostro</strong></span> 
     </span>
    </p>
   </div>
   <div class='ocr_carea' id='block_1_91' title="bbox 324 4395 2016 4466">
    <p class='ocr_par' dir='ltr' id='par_1_91' title="bbox 324 4395 2016 4466">
     <span class='ocr_line' id='line_1_91' title="bbox 324 4395 2016 4466; baseline 0.001 -16"><span class='ocrx_word' id='word_1_656' title='bbox 324 4396 654 4451; x_wconf 86' lang='lat' dir='ltr'><strong>testimonio</strong></span> <span class='ocrx_word' id='word_1_657' title='bbox 685 4397 906 4460; x_wconf 87' lang='lat' dir='ltr'><strong>credat;</strong></span> <span class='ocrx_word' id='word_1_658' title='bbox 938 4397 1252 4466; x_wconf 90' lang='lat' dir='ltr'><strong>comperiet</strong></span> <span class='ocrx_word' id='word_1_659' title='bbox 1297 4395 1562 4449; x_wconf 89' lang='lat' dir='ltr'><strong>universa</strong></span> <span class='ocrx_word' id='word_1_660' title='bbox 1608 4397 1824 4465; x_wconf 87' lang='lat' dir='ltr'><strong>pariter</strong></span> <span class='ocrx_word' id='word_1_661' title='bbox 1843 4413 2016 4451; x_wconf 82' lang='lat' dir='ltr'><strong>accu-</strong></span> 
     </span>
    </p>
   </div>
   <div class='ocr_carea' id='block_1_92' title="bbox 322 4482 2016 4554">
    <p class='ocr_par' dir='ltr' id='par_1_92' title="bbox 322 4482 2016 4554">
     <span class='ocr_line' id='line_1_92' title="bbox 322 4482 2016 4554; baseline 0 -16"><span class='ocrx_word' id='word_1_662' title='bbox 322 4489 462 4550; x_wconf 89' lang='lat' dir='ltr'><strong>rata,</strong></span> <span class='ocrx_word' id='word_1_663' title='bbox 488 4501 559 4538; x_wconf 85' lang='lat' dir='ltr'><strong>ne</strong></span> <span class='ocrx_word' id='word_1_664' title='bbox 591 4483 1102 4554; x_wconf 84' lang='lat' dir='ltr'><strong>pseudepigraphis</strong></span> <span class='ocrx_word' id='word_1_665' title='bbox 1149 4482 1384 4553; x_wconf 90' lang='lat' dir='ltr'><strong>quidem</strong></span> <span class='ocrx_word' id='word_1_666' title='bbox 1415 4482 1678 4552; x_wconf 88' lang='lat' dir='ltr'><strong>exceptis.</strong></span> <span class='ocrx_word' id='word_1_667' title='bbox 1736 4483 2016 4538; x_wconf 63' lang='lat' dir='ltr'><strong>Caeterum</strong></span> 
     </span>
    </p>
   </div>
   <div class='ocr_carea' id='block_1_93' title="bbox 319 4571 2016 4644">
    <p class='ocr_par' dir='ltr' id='par_1_93' title="bbox 319 4571 2016 4644">
     <span class='ocr_line' id='line_1_93' title="bbox 319 4571 2016 4644; baseline 0 -17"><span class='ocrx_word' id='word_1_668' title='bbox 319 4573 377 4628; x_wconf 89' lang='lat' dir='ltr'><strong>in</strong></span> <span class='ocrx_word' id='word_1_669' title='bbox 404 4578 564 4627; x_wconf 89' lang='lat' dir='ltr'><strong>tanta</strong></span> <span class='ocrx_word' id='word_1_670' title='bbox 591 4572 862 4644; x_wconf 89' lang='lat' dir='ltr'><strong>indagine</strong></span> <span class='ocrx_word' id='word_1_671' title='bbox 893 4577 947 4626; x_wconf 88' lang='lat' dir='ltr'><strong>et</strong></span> <span class='ocrx_word' id='word_1_672' title='bbox 975 4571 1454 4643; x_wconf 85' lang='lat' dir='ltr'><strong>pervestigatione</strong></span> <span class='ocrx_word' id='word_1_673' title='bbox 1506 4571 1740 4626; x_wconf 88' lang='lat' dir='ltr'><strong>unicum</strong></span> <span class='ocrx_word' id='word_1_674' title='bbox 1773 4589 2016 4642; x_wconf 86' lang='lat' dir='ltr'><strong>cpuscu-</strong></span> 
     </span>
    </p>
   </div>
   <div class='ocr_carea' id='block_1_94' title="bbox 317 4661 2016 4732">
    <p class='ocr_par' dir='ltr' id='par_1_94' title="bbox 317 4661 2016 4732">
     <span class='ocr_line' id='line_1_94' title="bbox 317 4661 2016 4732; baseline -0.001 -15"><span class='ocrx_word' id='word_1_675' title='bbox 317 4664 460 4731; x_wconf 90' lang='lat' dir='ltr'><strong>lum,</strong></span> <span class='ocrx_word' id='word_1_676' title='bbox 486 4663 778 4717; x_wconf 83' lang='lat' dir='ltr'><strong>dumtaxat</strong></span> <span class='ocrx_word' id='word_1_677' title='bbox 807 4679 837 4715; x_wconf 93' lang='lat' dir='ltr'><strong>e</strong></span> <span class='ocrx_word' id='word_1_678' title='bbox 867 4661 1173 4731; x_wconf 90' lang='lat' dir='ltr'><strong>germanis,</strong></span> <span class='ocrx_word' id='word_1_679' title='bbox 1215 4677 1366 4714; x_wconf 91' lang='lat' dir='ltr'><strong>nunc</strong></span> <span class='ocrx_word' id='word_1_680' title='bbox 1422 4661 1674 4732; x_wconf 91' lang='lat' dir='ltr'><strong>primum</strong></span> <span class='ocrx_word' id='word_1_681' title='bbox 1723 4666 2016 4731; x_wconf 88' lang='lat' dir='ltr'><strong>repertum</strong></span> 
     </span>
    </p>
   </div>
   <div class='ocr_carea' id='block_1_95' title="bbox 316 4749 2014 4818">
    <p class='ocr_par' dir='ltr' id='par_1_95' title="bbox 316 4749 2014 4818">
     <span class='ocr_line' id='line_1_95' title="bbox 316 4749 2014 4818; baseline -0.001 -12"><span class='ocrx_word' id='word_1_682' title='bbox 316 4756 402 4806; x_wconf 90' lang='lat' dir='ltr'><strong>est</strong></span> <span class='ocrx_word' id='word_1_683' title='bbox 441 4755 498 4806; x_wconf 90' lang='lat' dir='ltr'><strong>et</strong></span> <span class='ocrx_word' id='word_1_684' title='bbox 551 4751 788 4818; x_wconf 90' lang='lat' dir='ltr'><strong>editum,</strong></span> <span class='ocrx_word' id='word_1_685' title='bbox 821 4749 1084 4804; x_wconf 84' lang='lat' dir='ltr'><strong>videlicet</strong></span> <span class='ocrx_word' id='word_1_686' title='bbox 1116 4751 1314 4806; x_wconf 84' lang='lat' dir='ltr'><strong>Contra</strong></span> <span class='ocrx_word' id='word_1_687' title='bbox 1353 4749 1713 4804; x_wconf 76' lang='lat' dir='ltr'><strong>Gaudentium</strong></span> <span class='ocrx_word' id='word_1_688' title='bbox 1744 4750 1877 4804; x_wconf 78' lang='lat' dir='ltr'><strong>liber</strong></span> <span class='ocrx_word' id='word_1_689' title='bbox 1908 4755 2014 4804; x_wconf 74' lang='lat' dir='ltr'><strong>ter-</strong></span> 
     </span>
    </p>
   </div>
   <div class='ocr_carea' id='block_1_96' title="bbox 317 4838 2014 4910">
    <p class='ocr_par' dir='ltr' id='par_1_96' title="bbox 317 4838 2014 4910">
     <span class='ocr_line' id='line_1_96' title="bbox 317 4838 2014 4910; baseline 0 -16"><span class='ocrx_word' id='word_1_690' title='bbox 317 4843 426 4895; x_wconf 79' lang='lat' dir='ltr'><strong>tius</strong></span> <span class='ocrx_word' id='word_1_691' title='bbox 475 4858 487 4895; x_wconf 90' lang='lat'><strong>:</strong></span> <span class='ocrx_word' id='word_1_692' title='bbox 521 4841 672 4895; x_wconf 90' lang='lat' dir='ltr'><strong>unde</strong></span> <span class='ocrx_word' id='word_1_693' title='bbox 705 4840 906 4910; x_wconf 86' lang='lat' dir='ltr'><strong>liquet,</strong></span> <span class='ocrx_word' id='word_1_694' title='bbox 939 4838 1030 4892; x_wconf 87' lang='lat' dir='ltr'><strong>vix</strong></span> <span class='ocrx_word' id='word_1_695' title='bbox 1059 4838 1151 4893; x_wconf 90' lang='lat' dir='ltr'><strong>hic</strong></span> <span class='ocrx_word' id='word_1_696' title='bbox 1182 4838 1335 4893; x_wconf 89' lang='lat' dir='ltr'><strong>aliud</strong></span> <span class='ocrx_word' id='word_1_697' title='bbox 1368 4838 1703 4909; x_wconf 89' lang='lat' dir='ltr'><strong>quidquam,</strong></span> <span class='ocrx_word' id='word_1_698' title='bbox 1737 4839 1890 4910; x_wconf 85' lang='lat' dir='ltr'><strong>quod</strong></span> <span class='ocrx_word' id='word_1_699' title='bbox 1920 4857 2014 4894; x_wconf 87' lang='lat' dir='ltr'><strong>ex-</strong></span> 
     </span>
    </p>
   </div>
   <div class='ocr_carea' id='block_1_97' title="bbox 317 4922 2013 4998">
    <p class='ocr_par' dir='ltr' id='par_1_97' title="bbox 317 4922 2013 4998">
     <span class='ocr_line' id='line_1_97' title="bbox 317 4922 2013 4998; baseline 0.001 -18"><span class='ocrx_word' id='word_1_700' title='bbox 317 4932 446 4994; x_wconf 87' lang='lat' dir='ltr'><strong>stet,</strong></span> <span class='ocrx_word' id='word_1_701' title='bbox 481 4922 813 4998; x_wconf 77' lang='lat' dir='ltr'><strong>desiderari,</strong></span> <span class='ocrx_word' id='word_1_702' title='bbox 843 4943 978 4981; x_wconf 89' lang='lat' dir='ltr'><strong>nam</strong></span> <span class='ocrx_word' id='word_1_703' title='bbox 1032 4943 1322 4981; x_wconf 88' lang='lat' dir='ltr'><strong>sermones</strong></span> <span class='ocrx_word' id='word_1_704' title='bbox 1384 4928 1461 4980; x_wconf 91' lang='lat' dir='ltr'><strong>De</strong></span> <span class='ocrx_word' id='word_1_705' title='bbox 1500 4931 1760 4997; x_wconf 88' lang='lat' dir='ltr'><strong>tempore</strong></span> <span class='ocrx_word' id='word_1_706' title='bbox 1810 4929 1894 4994; x_wconf 90' lang='lat' dir='ltr'><strong>(ut</strong></span> <span class='ocrx_word' id='word_1_707' title='bbox 1917 4945 2013 4983; x_wconf 84' lang='lat' dir='ltr'><strong>vo-</strong></span> 
     </span>
    </p>
   </div>
   <div class='ocr_carea' id='block_1_98' title="bbox 317 5013 2013 5086">
    <p class='ocr_par' dir='ltr' id='par_1_98' title="bbox 317 5013 2013 5086">
     <span class='ocr_line' id='line_1_98' title="bbox 317 5013 2013 5086; baseline 0.002 -19"><span class='ocrx_word' id='word_1_708' title='bbox 317 5015 466 5086; x_wconf 87' lang='lat' dir='ltr'><strong>cant)</strong></span> <span class='ocrx_word' id='word_1_709' title='bbox 496 5021 552 5070; x_wconf 93' lang='lat' dir='ltr'><strong>et</strong></span> <span class='ocrx_word' id='word_1_710' title='bbox 577 5016 800 5083; x_wconf 90' lang='lat' dir='ltr'><strong>sanctis,</strong></span> <span class='ocrx_word' id='word_1_711' title='bbox 858 5033 891 5070; x_wconf 90' lang='lat' dir='ltr'><strong>a</strong></span> <span class='ocrx_word' id='word_1_712' title='bbox 945 5014 1286 5085; x_wconf 89' lang='lat' dir='ltr'><strong>quibusdam</strong></span> <span class='ocrx_word' id='word_1_713' title='bbox 1343 5013 1524 5085; x_wconf 64' lang='lat' dir='ltr'><strong>copia:</strong></span> <span class='ocrx_word' id='word_1_714' title='bbox 1588 5015 1790 5084; x_wconf 87' lang='lat' dir='ltr'><strong>magis,</strong></span> <span class='ocrx_word' id='word_1_715' title='bbox 1840 5033 2013 5085; x_wconf 84' lang='lat' dir='ltr'><strong>quam</strong></span> 
     </span>
    </p>
   </div>
   <div class='ocr_carea' id='block_1_99' title="bbox 317 5103 2011 5174">
    <p class='ocr_par' dir='ltr' id='par_1_99' title="bbox 317 5103 2011 5174">
     <span class='ocr_line' id='line_1_99' title="bbox 317 5103 2011 5174; baseline 0 -16"><span class='ocrx_word' id='word_1_716' title='bbox 317 5103 564 5158; x_wconf 90' lang='lat' dir='ltr'><strong>delectui</strong></span> <span class='ocrx_word' id='word_1_717' title='bbox 618 5105 1015 5171; x_wconf 86' lang='lat' dir='ltr'><strong>servientibus,</strong></span> <span class='ocrx_word' id='word_1_718' title='bbox 1045 5103 1193 5157; x_wconf 89' lang='lat' dir='ltr'><strong>mira</strong></span> <span class='ocrx_word' id='word_1_719' title='bbox 1231 5103 1459 5156; x_wconf 88' lang='lat' dir='ltr'><strong>licentia</strong></span> <span class='ocrx_word' id='word_1_720' title='bbox 1507 5103 1720 5174; x_wconf 88' lang='lat' dir='ltr'><strong>passim</strong></span> <span class='ocrx_word' id='word_1_721' title='bbox 1749 5103 2011 5158; x_wconf 88' lang='lat' dir='ltr'><strong>interfar-</strong></span> 
     </span>
    </p>
   </div>
   <div class='ocr_carea' id='block_1_100' title="bbox 313 5191 2012 5264">
    <p class='ocr_par' dir='ltr' id='par_1_100' title="bbox 313 5191 2012 5264">
     <span class='ocr_line' id='line_1_100' title="bbox 313 5191 2012 5264; baseline 0 -18"><span class='ocrx_word' id='word_1_722' title='bbox 313 5191 409 5258; x_wconf 91' lang='lat' dir='ltr'><strong>cti,</strong></span> <span class='ocrx_word' id='word_1_723' title='bbox 441 5191 586 5246; x_wconf 88' lang='lat' dir='ltr'><strong>nihil</strong></span> <span class='ocrx_word' id='word_1_724' title='bbox 611 5195 678 5246; x_wconf 89' lang='lat' dir='ltr'><strong>ad</strong></span> <span class='ocrx_word' id='word_1_725' title='bbox 709 5209 964 5264; x_wconf 68' lang='lat' dir='ltr'><strong>praesens</strong></span> <span class='ocrx_word' id='word_1_726' title='bbox 994 5192 1291 5262; x_wconf 90' lang='lat' dir='ltr'><strong>negotium</strong></span> <span class='ocrx_word' id='word_1_727' title='bbox 1327 5191 1604 5246; x_wconf 87' lang='lat' dir='ltr'><strong>attinent:</strong></span> <span class='ocrx_word' id='word_1_728' title='bbox 1657 5209 1786 5246; x_wconf 90' lang='lat' dir='ltr'><strong>cum</strong></span> <span class='ocrx_word' id='word_1_729' title='bbox 1836 5192 2012 5246; x_wconf 90' lang='lat' dir='ltr'><strong>cuivis</strong></span> 
     </span>
    </p>
   </div>
   <div class='ocr_carea' id='block_1_101' title="bbox 314 5279 2009 5353">
    <p class='ocr_par' dir='ltr' id='par_1_101' title="bbox 314 5279 2009 5353">
     <span class='ocr_line' id='line_1_101' title="bbox 314 5279 2009 5353; baseline -0.002 -18"><span class='ocrx_word' id='word_1_730' title='bbox 314 5279 539 5335; x_wconf 88' lang='lat' dir='ltr'><strong>erudito</strong></span> <span class='ocrx_word' id='word_1_731' title='bbox 580 5286 870 5351; x_wconf 87' lang='lat' dir='ltr'><strong>appareat,</strong></span> <span class='ocrx_word' id='word_1_732' title='bbox 902 5281 1178 5353; x_wconf 88' lang='lat' dir='ltr'><strong>quosdam</strong></span> <span class='ocrx_word' id='word_1_733' title='bbox 1218 5279 1390 5334; x_wconf 90' lang='lat' dir='ltr'><strong>etiam</strong></span> <span class='ocrx_word' id='word_1_734' title='bbox 1429 5295 1662 5334; x_wconf 88' lang='lat' dir='ltr'><strong>excusos</strong></span> <span class='ocrx_word' id='word_1_735' title='bbox 1713 5284 1828 5332; x_wconf 90' lang='lat' dir='ltr'><strong>toto</strong></span> <span class='ocrx_word' id='word_1_736' title='bbox 1865 5281 2009 5350; x_wconf 88' lang='lat' dir='ltr'><strong>stylo</strong></span> 
     </span>
    </p>
   </div>
   <div class='ocr_carea' id='block_1_102' title="bbox 312 5370 2008 5443">
    <p class='ocr_par' dir='ltr' id='par_1_102' title="bbox 312 5370 2008 5443">
     <span class='ocr_line' id='line_1_102' title="bbox 312 5370 2008 5443; baseline -0.002 -16"><span class='ocrx_word' id='word_1_737' title='bbox 312 5371 699 5443; x_wconf 83' lang='lat' dir='ltr'><strong>Augustinum</strong></span> <span class='ocrx_word' id='word_1_738' title='bbox 749 5377 1046 5442; x_wconf 80' lang='lat' dir='ltr'><strong>parentem</strong></span> <span class='ocrx_word' id='word_1_739' title='bbox 1098 5370 1361 5440; x_wconf 82' lang='lat' dir='ltr'><strong>inﬁciari,</strong></span> <span class='ocrx_word' id='word_1_740' title='bbox 1399 5370 1709 5424; x_wconf 89' lang='lat' dir='ltr'><strong>nonnullos</strong></span> <span class='ocrx_word' id='word_1_741' title='bbox 1752 5371 2008 5424; x_wconf 80' lang='lat' dir='ltr'><strong>Graecum</strong></span> 
     </span>
    </p>
   </div>
   <div class='ocr_carea' id='block_1_103' title="bbox 313 5456 2008 5530">
    <p class='ocr_par' dir='ltr' id='par_1_103' title="bbox 313 5456 2008 5530">
     <span class='ocr_line' id='line_1_103' title="bbox 313 5456 2008 5530; baseline -0.001 -17"><span class='ocrx_word' id='word_1_742' title='bbox 313 5459 518 5530; x_wconf 87' lang='lat' dir='ltr'><strong>magis,</strong></span> <span class='ocrx_word' id='word_1_743' title='bbox 541 5474 715 5530; x_wconf 86' lang='lat' dir='ltr'><strong>quam</strong></span> <span class='ocrx_word' id='word_1_744' title='bbox 731 5457 997 5513; x_wconf 87' lang='lat' dir='ltr'><strong>Latinum</strong></span> <span class='ocrx_word' id='word_1_745' title='bbox 1027 5464 1319 5514; x_wconf 89' lang='lat' dir='ltr'><strong>auctorem</strong></span> <span class='ocrx_word' id='word_1_746' title='bbox 1347 5473 1466 5530; x_wconf 64' lang='lat' dir='ltr'><strong>prae</strong></span> <span class='ocrx_word' id='word_1_747' title='bbox 1480 5472 1539 5512; x_wconf 91' lang='lat' dir='ltr'><strong>se</strong></span> <span class='ocrx_word' id='word_1_748' title='bbox 1561 5456 1727 5512; x_wconf 89' lang='lat' dir='ltr'><strong>ferre.</strong></span> <span class='ocrx_word' id='word_1_749' title='bbox 1763 5459 2008 5528; x_wconf 63' lang='lat' dir='ltr'><strong>Aiquum</strong></span> 
     </span>
    </p>
   </div>
   <div class='ocr_carea' id='block_1_104' title="bbox 2129 4311 3829 4382">
    <p class='ocr_par' dir='ltr' id='par_1_104' title="bbox 2129 4311 3829 4382">
     <span class='ocr_line' id='line_1_104' title="bbox 2129 4311 3829 4382; baseline 0.002 -18"><span class='ocrx_word' id='word_1_750' title='bbox 2129 4311 2381 4364; x_wconf 89' lang='lat' dir='ltr'><strong>centium</strong></span> <span class='ocrx_word' id='word_1_751' title='bbox 2439 4329 2674 4382; x_wconf 88' lang='lat' dir='ltr'><strong>papam;</strong></span> <span class='ocrx_word' id='word_1_752' title='bbox 2736 4313 3096 4382; x_wconf 81' lang='lat' dir='ltr'><strong>Rescriptum</strong></span> <span class='ocrx_word' id='word_1_753' title='bbox 3160 4313 3477 4366; x_wconf 90' lang='lat' dir='ltr'><strong>Innocentii</strong></span> <span class='ocrx_word' id='word_1_754' title='bbox 3537 4328 3703 4382; x_wconf 67' lang='lat' dir='ltr'><strong>papae</strong></span> <span class='ocrx_word' id='word_1_755' title='bbox 3755 4314 3829 4367; x_wconf 91' lang='lat' dir='ltr'><strong>ad</strong></span> 
     </span>
    </p>
   </div>
   <div class='ocr_carea' id='block_1_105' title="bbox 2129 4399 3832 4471">
    <p class='ocr_par' dir='ltr' id='par_1_105' title="bbox 2129 4399 3832 4471">
     <span class='ocr_line' id='line_1_105' title="bbox 2129 4399 3832 4471; baseline 0.001 -18"><span class='ocrx_word' id='word_1_756' title='bbox 2129 4400 2322 4453; x_wconf 86' lang='lat' dir='ltr'><strong>Patres</strong></span> <span class='ocrx_word' id='word_1_757' title='bbox 2360 4399 2666 4454; x_wconf 80' lang='lat' dir='ltr'><strong>Milevitani</strong></span> <span class='ocrx_word' id='word_1_758' title='bbox 2710 4400 2973 4466; x_wconf 89' lang='lat' dir='ltr'><strong>concilii;</strong></span> <span class='ocrx_word' id='word_1_759' title='bbox 3037 4400 3210 4470; x_wconf 89' lang='lat' dir='ltr'><strong>Epist.</strong></span> <span class='ocrx_word' id='word_1_760' title='bbox 3259 4399 3566 4471; x_wconf 82' lang='lat' dir='ltr'><strong>Augustini</strong></span> <span class='ocrx_word' id='word_1_761' title='bbox 3631 4399 3706 4453; x_wconf 90' lang='lat' dir='ltr'><strong>ad</strong></span> <span class='ocrx_word' id='word_1_762' title='bbox 3744 4400 3832 4454; x_wconf 87' lang='lat' dir='ltr'><strong>Hi-</strong></span> 
     </span>
    </p>
   </div>
   <div class='ocr_carea' id='block_1_106' title="bbox 2127 4487 3830 4562">
    <p class='ocr_par' dir='ltr' id='par_1_106' title="bbox 2127 4487 3830 4562">
     <span class='ocr_line' id='line_1_106' title="bbox 2127 4487 3830 4562; baseline 0.002 -23"><span class='ocrx_word' id='word_1_763' title='bbox 2127 4487 2370 4555; x_wconf 86' lang='lat' dir='ltr'><strong>larium;</strong></span> <span class='ocrx_word' id='word_1_764' title='bbox 2424 4489 2597 4558; x_wconf 88' lang='lat' dir='ltr'><strong>Epist.</strong></span> <span class='ocrx_word' id='word_1_765' title='bbox 2647 4488 2902 4559; x_wconf 88' lang='lat' dir='ltr'><strong>quinque</strong></span> <span class='ocrx_word' id='word_1_766' title='bbox 2971 4489 3369 4559; x_wconf 88' lang='lat' dir='ltr'><strong>episcoporum</strong></span> <span class='ocrx_word' id='word_1_767' title='bbox 3409 4489 3480 4542; x_wconf 90' lang='lat' dir='ltr'><strong>ad</strong></span> <span class='ocrx_word' id='word_1_768' title='bbox 3549 4490 3830 4562; x_wconf 90' lang='lat' dir='ltr'><strong>Innocen-</strong></span> 
     </span>
    </p>
   </div>
   <div class='ocr_carea' id='block_1_107' title="bbox 2125 4574 3835 4648">
    <p class='ocr_par' dir='ltr' id='par_1_107' title="bbox 2125 4574 3835 4648">
     <span class='ocr_line' id='line_1_107' title="bbox 2125 4574 3835 4648; baseline 0.002 -20"><span class='ocrx_word' id='word_1_769' title='bbox 2125 4574 2272 4629; x_wconf 91' lang='lat' dir='ltr'><strong>tium</strong></span> <span class='ocrx_word' id='word_1_770' title='bbox 2318 4593 2562 4646; x_wconf 87' lang='lat' dir='ltr'><strong>papam;</strong></span> <span class='ocrx_word' id='word_1_771' title='bbox 2611 4577 2972 4647; x_wconf 84' lang='lat' dir='ltr'><strong>Rescriptum</strong></span> <span class='ocrx_word' id='word_1_772' title='bbox 3002 4577 3319 4631; x_wconf 88' lang='lat' dir='ltr'><strong>Innocentii</strong></span> <span class='ocrx_word' id='word_1_773' title='bbox 3371 4593 3536 4647; x_wconf 67' lang='lat' dir='ltr'><strong>papae</strong></span> <span class='ocrx_word' id='word_1_774' title='bbox 3566 4577 3636 4631; x_wconf 91' lang='lat' dir='ltr'><strong>ad</strong></span> <span class='ocrx_word' id='word_1_775' title='bbox 3668 4577 3835 4648; x_wconf 86' lang='lat' dir='ltr'><strong>quin-</strong></span> 
     </span>
    </p>
   </div>
   <div class='ocr_carea' id='block_1_108' title="bbox 2124 4664 3827 4735">
    <p class='ocr_par' dir='ltr' id='par_1_108' title="bbox 2124 4664 3827 4735">
     <span class='ocr_line' id='line_1_108' title="bbox 2124 4664 3827 4735; baseline 0.001 -17"><span class='ocrx_word' id='word_1_776' title='bbox 2124 4680 2236 4734; x_wconf 92' lang='lat' dir='ltr'><strong>que</strong></span> <span class='ocrx_word' id='word_1_777' title='bbox 2267 4664 2600 4734; x_wconf 89' lang='lat' dir='ltr'><strong>episcopos;</strong></span> <span class='ocrx_word' id='word_1_778' title='bbox 2649 4664 2803 4718; x_wconf 89' lang='lat' dir='ltr'><strong>Libri</strong></span> <span class='ocrx_word' id='word_1_779' title='bbox 2853 4669 2967 4719; x_wconf 89' lang='lat' dir='ltr'><strong>tres</strong></span> <span class='ocrx_word' id='word_1_780' title='bbox 3014 4665 3082 4720; x_wconf 91' lang='lat' dir='ltr'><strong>de</strong></span> <span class='ocrx_word' id='word_1_781' title='bbox 3114 4666 3294 4720; x_wconf 92' lang='lat' dir='ltr'><strong>libero</strong></span> <span class='ocrx_word' id='word_1_782' title='bbox 3321 4664 3586 4719; x_wconf 89' lang='lat' dir='ltr'><strong>arbitrio:</strong></span> <span class='ocrx_word' id='word_1_783' title='bbox 3647 4665 3827 4735; x_wconf 89' lang='lat' dir='ltr'><strong>Epist.</strong></span> 
     </span>
    </p>
   </div>
   <div class='ocr_carea' id='block_1_109' title="bbox 2123 4752 3834 4822">
    <p class='ocr_par' dir='ltr' id='par_1_109' title="bbox 2123 4752 3834 4822">
     <span class='ocr_line' id='line_1_109' title="bbox 2123 4752 3834 4822; baseline 0.002 -18"><span class='ocrx_word' id='word_1_784' title='bbox 2123 4752 2310 4821; x_wconf 88' lang='lat' dir='ltr'><strong>prima</strong></span> <span class='ocrx_word' id='word_1_785' title='bbox 2369 4753 2483 4806; x_wconf 92' lang='lat' dir='ltr'><strong>divi</strong></span> <span class='ocrx_word' id='word_1_786' title='bbox 2537 4753 2843 4822; x_wconf 87' lang='lat' dir='ltr'><strong>Augustini</strong></span> <span class='ocrx_word' id='word_1_787' title='bbox 2899 4753 2970 4807; x_wconf 89' lang='lat' dir='ltr'><strong>ad</strong></span> <span class='ocrx_word' id='word_1_788' title='bbox 3028 4754 3376 4818; x_wconf 84' lang='lat' dir='ltr'><strong>Valentiam,</strong></span> <span class='ocrx_word' id='word_1_789' title='bbox 3431 4757 3487 4807; x_wconf 90' lang='lat' dir='ltr'><strong>et</strong></span> <span class='ocrx_word' id='word_1_790' title='bbox 3539 4769 3673 4807; x_wconf 91' lang='lat' dir='ltr'><strong>cum</strong></span> <span class='ocrx_word' id='word_1_791' title='bbox 3730 4754 3834 4808; x_wconf 93' lang='lat' dir='ltr'><strong>illo</strong></span> 
     </span>
    </p>
   </div>
   <div class='ocr_carea' id='block_1_110' title="bbox 2122 4840 3832 4912">
    <p class='ocr_par' dir='ltr' id='par_1_110' title="bbox 2122 4840 3832 4912">
     <span class='ocr_line' id='line_1_110' title="bbox 2122 4840 3832 4912; baseline 0.002 -18"><span class='ocrx_word' id='word_1_792' title='bbox 2122 4840 2418 4906; x_wconf 86' lang='lat' dir='ltr'><strong>fratribus;</strong></span> <span class='ocrx_word' id='word_1_793' title='bbox 2461 4840 2634 4910; x_wconf 90' lang='lat' dir='ltr'><strong>Epist.</strong></span> <span class='ocrx_word' id='word_1_794' title='bbox 2677 4845 2712 4896; x_wconf 82' lang='lat'><strong>2</strong></span> <span class='ocrx_word' id='word_1_795' title='bbox 2738 4841 3043 4912; x_wconf 85' lang='lat' dir='ltr'><strong>Augustini</strong></span> <span class='ocrx_word' id='word_1_796' title='bbox 3073 4840 3143 4895; x_wconf 92' lang='lat' dir='ltr'><strong>ad</strong></span> <span class='ocrx_word' id='word_1_797' title='bbox 3189 4841 3576 4906; x_wconf 87' lang='lat' dir='ltr'><strong>Valentinum,</strong></span> <span class='ocrx_word' id='word_1_798' title='bbox 3607 4846 3665 4894; x_wconf 89' lang='lat' dir='ltr'><strong>et</strong></span> <span class='ocrx_word' id='word_1_799' title='bbox 3694 4859 3832 4897; x_wconf 92' lang='lat' dir='ltr'><strong>cum</strong></span> 
     </span>
    </p>
   </div>
   <div class='ocr_carea' id='block_1_111' title="bbox 2121 4927 3834 5000">
    <p class='ocr_par' dir='ltr' id='par_1_111' title="bbox 2121 4927 3834 5000">
     <span class='ocr_line' id='line_1_111' title="bbox 2121 4927 3834 5000; baseline 0.002 -19"><span class='ocrx_word' id='word_1_800' title='bbox 2121 4927 2221 4981; x_wconf 93' lang='lat' dir='ltr'><strong>illo</strong></span> <span class='ocrx_word' id='word_1_801' title='bbox 2252 4927 2561 4993; x_wconf 88' lang='lat' dir='ltr'><strong>fratribus;</strong></span> <span class='ocrx_word' id='word_1_802' title='bbox 2591 4929 2770 4998; x_wconf 84' lang='lat' dir='ltr'><strong>Epist.</strong></span> <span class='ocrx_word' id='word_1_803' title='bbox 2809 4929 2996 5000; x_wconf 89' lang='lat' dir='ltr'><strong>prima</strong></span> <span class='ocrx_word' id='word_1_804' title='bbox 3023 4929 3136 4984; x_wconf 90' lang='lat' dir='ltr'><strong>divi</strong></span> <span class='ocrx_word' id='word_1_805' title='bbox 3161 4929 3469 5000; x_wconf 89' lang='lat' dir='ltr'><strong>Augustini</strong></span> <span class='ocrx_word' id='word_1_806' title='bbox 3499 4930 3569 4983; x_wconf 87' lang='lat' dir='ltr'><strong>ad</strong></span> <span class='ocrx_word' id='word_1_807' title='bbox 3601 4929 3834 4984; x_wconf 90' lang='lat' dir='ltr'><strong>Sixtum</strong></span> 
     </span>
    </p>
   </div>
   <div class='ocr_carea' id='block_1_112' title="bbox 2121 5016 3836 5089">
    <p class='ocr_par' dir='ltr' id='par_1_112' title="bbox 2121 5016 3836 5089">
     <span class='ocr_line' id='line_1_112' title="bbox 2121 5016 3836 5089; baseline 0.001 -19"><span class='ocrx_word' id='word_1_808' title='bbox 2121 5016 2560 5087; x_wconf 79' lang='lat' dir='ltr'><strong>presbyterum;</strong></span> <span class='ocrx_word' id='word_1_809' title='bbox 2621 5017 2792 5088; x_wconf 89' lang='lat' dir='ltr'><strong>Epist.</strong></span> <span class='ocrx_word' id='word_1_810' title='bbox 2859 5017 3108 5072; x_wconf 90' lang='lat' dir='ltr'><strong>secunda</strong></span> <span class='ocrx_word' id='word_1_811' title='bbox 3159 5018 3274 5072; x_wconf 89' lang='lat' dir='ltr'><strong>divi</strong></span> <span class='ocrx_word' id='word_1_812' title='bbox 3325 5021 3567 5089; x_wconf 87' lang='lat' dir='ltr'><strong>August.</strong></span> <span class='ocrx_word' id='word_1_813' title='bbox 3604 5017 3672 5071; x_wconf 89' lang='lat' dir='ltr'><strong>ad</strong></span> <span class='ocrx_word' id='word_1_814' title='bbox 3709 5018 3836 5073; x_wconf 90' lang='lat' dir='ltr'><strong>Six-</strong></span> 
     </span>
    </p>
   </div>
   <div class='ocr_carea' id='block_1_113' title="bbox 2121 5105 3834 5177">
    <p class='ocr_par' dir='ltr' id='par_1_113' title="bbox 2121 5105 3834 5177">
     <span class='ocr_line' id='line_1_113' title="bbox 2121 5105 3834 5177; baseline 0.002 -18"><span class='ocrx_word' id='word_1_815' title='bbox 2121 5109 2244 5160; x_wconf 89' lang='lat' dir='ltr'><strong>tum</strong></span> <span class='ocrx_word' id='word_1_816' title='bbox 2273 5105 2462 5175; x_wconf 89' lang='lat' dir='ltr'><strong>presb.</strong></span> <span class='ocrx_word' id='word_1_817' title='bbox 2489 5121 2502 5170; x_wconf 95' lang='lat'><strong>;</strong></span> <span class='ocrx_word' id='word_1_818' title='bbox 2531 5105 2702 5174; x_wconf 85' lang='lat' dir='ltr'><strong>Epist.</strong></span> <span class='ocrx_word' id='word_1_819' title='bbox 2734 5105 2907 5175; x_wconf 91' lang='lat' dir='ltr'><strong>Alipii</strong></span> <span class='ocrx_word' id='word_1_820' title='bbox 2963 5110 3019 5160; x_wconf 91' lang='lat' dir='ltr'><strong>et</strong></span> <span class='ocrx_word' id='word_1_821' title='bbox 3069 5106 3374 5177; x_wconf 87' lang='lat' dir='ltr'><strong>Augustini</strong></span> <span class='ocrx_word' id='word_1_822' title='bbox 3417 5106 3487 5160; x_wconf 92' lang='lat' dir='ltr'><strong>ad</strong></span> <span class='ocrx_word' id='word_1_823' title='bbox 3516 5107 3834 5162; x_wconf 89' lang='lat' dir='ltr'><strong>Paulinum</strong></span> 
     </span>
    </p>
   </div>
   <div class='ocr_carea' id='block_1_114' title="bbox 2122 5191 3836 5264">
    <p class='ocr_par' dir='ltr' id='par_1_114' title="bbox 2122 5191 3836 5264">
     <span class='ocr_line' id='line_1_114' title="bbox 2122 5191 3836 5264; baseline 0.001 -17"><span class='ocrx_word' id='word_1_824' title='bbox 2122 5193 2450 5264; x_wconf 89' lang='lat' dir='ltr'><strong>episcopum</strong></span> <span class='ocrx_word' id='word_1_825' title='bbox 2483 5208 2499 5259; x_wconf 90' lang='lat'><strong>;</strong></span> <span class='ocrx_word' id='word_1_826' title='bbox 2529 5191 2693 5245; x_wconf 88' lang='lat' dir='ltr'><strong>Liber</strong></span> <span class='ocrx_word' id='word_1_827' title='bbox 2753 5192 2822 5246; x_wconf 84' lang='lat' dir='ltr'><strong>de</strong></span> <span class='ocrx_word' id='word_1_828' title='bbox 2876 5193 3079 5263; x_wconf 89' lang='lat' dir='ltr'><strong>gratia,</strong></span> <span class='ocrx_word' id='word_1_829' title='bbox 3135 5199 3192 5247; x_wconf 88' lang='lat' dir='ltr'><strong>et</strong></span> <span class='ocrx_word' id='word_1_830' title='bbox 3239 5194 3420 5247; x_wconf 90' lang='lat' dir='ltr'><strong>libero</strong></span> <span class='ocrx_word' id='word_1_831' title='bbox 3469 5193 3730 5261; x_wconf 88' lang='lat' dir='ltr'><strong>arbitrio,</strong></span> <span class='ocrx_word' id='word_1_832' title='bbox 3759 5197 3836 5249; x_wconf 88' lang='lat' dir='ltr'><strong>ad</strong></span> 
     </span>
    </p>
   </div>
   <div class='ocr_carea' id='block_1_115' title="bbox 2121 5279 3839 5349">
    <p class='ocr_par' dir='ltr' id='par_1_115' title="bbox 2121 5279 3839 5349">
     <span class='ocr_line' id='line_1_115' title="bbox 2121 5279 3839 5349; baseline 0.002 -14"><span class='ocrx_word' id='word_1_833' title='bbox 2121 5280 2507 5349; x_wconf 85' lang='lat' dir='ltr'><strong>Valentinum,</strong></span> <span class='ocrx_word' id='word_1_834' title='bbox 2535 5283 2590 5333; x_wconf 90' lang='lat' dir='ltr'><strong>et</strong></span> <span class='ocrx_word' id='word_1_835' title='bbox 2618 5295 2750 5333; x_wconf 92' lang='lat' dir='ltr'><strong>cum</strong></span> <span class='ocrx_word' id='word_1_836' title='bbox 2778 5279 2877 5334; x_wconf 92' lang='lat' dir='ltr'><strong>illo</strong></span> <span class='ocrx_word' id='word_1_837' title='bbox 2907 5281 3238 5348; x_wconf 88' lang='lat' dir='ltr'><strong>monachis;</strong></span> <span class='ocrx_word' id='word_1_838' title='bbox 3285 5281 3453 5336; x_wconf 90' lang='lat' dir='ltr'><strong>Liber</strong></span> <span class='ocrx_word' id='word_1_839' title='bbox 3500 5282 3570 5336; x_wconf 90' lang='lat' dir='ltr'><strong>de</strong></span> <span class='ocrx_word' id='word_1_840' title='bbox 3614 5287 3839 5338; x_wconf 87' lang='lat' dir='ltr'><strong>natura</strong></span> 
     </span>
    </p>
   </div>
   <div class='ocr_carea' id='block_1_116' title="bbox 2121 5367 3842 5441">
    <p class='ocr_par' dir='ltr' id='par_1_116' title="bbox 2121 5367 3842 5441">
     <span class='ocr_line' id='line_1_116' title="bbox 2121 5367 3842 5441; baseline 0.001 -17"><span class='ocrx_word' id='word_1_841' title='bbox 2121 5374 2176 5424; x_wconf 91' lang='lat' dir='ltr'><strong>et</strong></span> <span class='ocrx_word' id='word_1_842' title='bbox 2220 5369 2422 5441; x_wconf 87' lang='lat' dir='ltr'><strong>gratia,</strong></span> <span class='ocrx_word' id='word_1_843' title='bbox 2467 5368 2536 5423; x_wconf 89' lang='lat' dir='ltr'><strong>ad</strong></span> <span class='ocrx_word' id='word_1_844' title='bbox 2591 5367 2903 5423; x_wconf 89' lang='lat' dir='ltr'><strong>Timasium</strong></span> <span class='ocrx_word' id='word_1_845' title='bbox 2956 5377 3014 5424; x_wconf 87' lang='lat' dir='ltr'><strong>et</strong></span> <span class='ocrx_word' id='word_1_846' title='bbox 3055 5370 3348 5437; x_wconf 71' lang='lat' dir='ltr'><strong>Iacobum,</strong></span> <span class='ocrx_word' id='word_1_847' title='bbox 3409 5375 3607 5426; x_wconf 89' lang='lat' dir='ltr'><strong>contra</strong></span> <span class='ocrx_word' id='word_1_848' title='bbox 3655 5372 3842 5426; x_wconf 84' lang='lat' dir='ltr'><strong>Pela—</strong></span> 
     </span>
    </p>
   </div>
   <div class='ocr_carea' id='block_1_117' title="bbox 2120 5458 3846 5530">
    <p class='ocr_par' dir='ltr' id='par_1_117' title="bbox 2120 5458 3846 5530">
     <span class='ocr_line' id='line_1_117' title="bbox 2120 5458 3846 5530; baseline 0.002 -18"><span class='ocrx_word' id='word_1_849' title='bbox 2120 5458 2352 5528; x_wconf 88' lang='lat' dir='ltr'><strong>gianos;</strong></span> <span class='ocrx_word' id='word_1_850' title='bbox 2388 5458 2558 5530; x_wconf 88' lang='lat' dir='ltr'><strong>Epist.</strong></span> <span class='ocrx_word' id='word_1_851' title='bbox 2594 5458 2772 5513; x_wconf 88' lang='lat' dir='ltr'><strong>sancti</strong></span> <span class='ocrx_word' id='word_1_852' title='bbox 2802 5458 3067 5530; x_wconf 90' lang='lat' dir='ltr'><strong>Prosperi</strong></span> <span class='ocrx_word' id='word_1_853' title='bbox 3095 5458 3368 5529; x_wconf 87' lang='lat' dir='ltr'><strong>Aquitani</strong></span> <span class='ocrx_word' id='word_1_854' title='bbox 3422 5459 3492 5514; x_wconf 89' lang='lat' dir='ltr'><strong>de</strong></span> <span class='ocrx_word' id='word_1_855' title='bbox 3548 5458 3744 5528; x_wconf 85' lang='lat' dir='ltr'><strong>gratia</strong></span> <span class='ocrx_word' id='word_1_856' title='bbox 3779 5466 3846 5515; x_wconf 89' lang='lat' dir='ltr'><strong>et</strong></span> 
     </span>
    </p>
   </div>
  </div>
