4060 6194
179 312 244 358 139

1181 305 1449 361 NOTITIA
1489 284 1909 362 LITTERARIA
1951 305 2019 359 IN
2061 306 2120 357 s.
2173 306 2632 361 AUGUSTINUM.

3631 318 3702 365 7O

178 428 359 480 libero
386 426 631 480 arbitrio
662 426 734 480 ad
773 425 1084 492 Ruﬁnum;
1120 426 1286 481 Liber
1317 429 1387 483 de
1424 428 1610 499 gratia
1656 432 1713 482 et
1740 428 1882 481 libe-
1919 436 1963 488 Α
2064 428 2292 493 Quintus
2346 433 2538 491 tomus,
2605 429 2901 484 continens
2964 432 3099 485 XXII
3176 433 3349 488 libros
3419 435 3488 489 de
3546 436 3688 490 Civi-

177 533 238 569 ro
265 516 508 569 arbitrio
552 515 733 569 sancti
768 517 1029 586 Prosperi
1077 517 1369 587 Aquitani,
1413 534 1518 588 pro
1552 518 1881 572 defensione

176 604 289 658 divi
348 604 572 657 Aurelii
630 605 934 675 Augustini
999 610 1193 658 contra
1254 607 1508 660 Cassiani
1570 607 1883 677 presbyteri

176 693 435 758 librum;
496 693 667 762 Epist.
732 695 910 746 sancti
962 694 1174 747 Aurelii
1219 695 1467 766 episcopi
1523 696 1591 750 de
1641 696 1883 749 damna-

176 784 330 835 tione
373 782 595 849 Pelagii
642 789 813 851 atque
846 782 1113 836 Ccelestii.
1166 784 1342 853 Epist.
1389 786 1653 855 decerpta
1701 801 1767 837 ex
1798 800 1886 854 ge-

178 872 277 922 stis
319 870 696 939 synodalibus
750 876 950 924 contra
997 872 1292 942 Pelagium
1342 874 1695 939 litereticum,
1756 889 1885 943 qum

177 959 235 1011 in
282 958 595 1012 Palaestina
641 960 882 1028 synodo,
918 960 1027 1013 sibi
1058 961 1277 1031 objecta
1320 962 1591 1016 damnare
1622 962 1886 1031 compul-

178 1062 271 1099 sus
314 1052 436 1109 est;
494 1047 750 1100 Canones
807 1049 1103 1113 tredecim,
1153 1049 1319 1119 epist.
1381 1050 1672 1104 Coelestini
1723 1066 1885 1120 papa)

178 1151 284 1203 pro
317 1136 601 1205 Prospero
631 1142 689 1189 et
722 1136 934 1190 ililario
966 1137 1034 1190 de
1068 1138 1252 1207 gratia
1284 1139 1384 1191 Dei
1419 1141 1688 1192 adversus
1719 1155 1886 1209 quos-

180 1222 312 1274 dam
344 1222 681 1275 Galliarium
715 1223 1095 1293 presbyteros,
1127 1225 1341 1294 Pelagii
1372 1230 1703 1281 sectatores.

254 1313 417 1363 Temo
466 1313 689 1363 Tertio:
730 1341 799 1349 —
848 1312 1339 1366 Retractationum
1398 1313 1494 1367 lib.
1548 1315 1635 1377 II;
1698 1315 1883 1384 Hypo-

179 1401 489 1469 gnosticon
537 1405 737 1453 contra
784 1402 1114 1470 Pelagianos
1153 1407 1211 1456 et
1240 1404 1607 1457 C(elestianos
1638 1404 1737 1457 lib.
1772 1405 1838 1457 VI
1869 1420 1881 1468 ;

178 1490 397 1543 Contra
443 1488 585 1541 duas
617 1489 1057 1558 Pelagianorum
1106 1491 1373 1561 epistolas
1410 1492 1480 1545 ad
1534 1491 1885 1545 Bonifacium

178 1578 276 1631 lib.
310 1577 410 1641 lV;
450 1577 526 1629 De
575 1576 780 1646 spiritu
813 1564 868 1631 et
924 1578 1114 1632 littera
1162 1579 1231 1632 ad
1273 1580 1663 1633 Marcellinum
1718 1580 1883 1646 liber,

178 1668 257 1719 De
288 1665 798 1736 praedestinatione
828 1671 883 1719 et
930 1667 1134 1736 gratia,
1168 1666 1266 1738 qui
1316 1668 1637 1721 intitulatur
1676 1668 1746 1723 de
1796 1686 1879 1721 vo-

178 1756 401 1808 luntate
449 1754 573 1823 Dei,
622 1754 802 1819 liber;
857 1755 1118 1824 Prosperi
1176 1756 1446 1825 Aquitani
1503 1757 1571 1811 de
1624 1757 1883 1827 reliquiis

178 1843 507 1913 Pelagianae
564 1843 849 1896 hazreseos
901 1844 969 1897 ad
1019 1844 1405 1914 Augustinum
1453 1845 1739 1914 epistola;
1790 1846 1883 1899 lli-

181 1932 310 1984 larii
360 1932 707 1984 Arelatensis
738 1930 807 1984 de
858 1931 1059 1985 eadem
1096 1933 1329 1986 materia
1382 1934 1450 1986 ad
1498 1934 1881 2002 Augustinum

180 2020 427 2090 epistola
469 2036 483 2085 ;
532 2021 608 2072 De
658 2019 1158 2089 praedestinatione
1212 2025 1537 2075 sanctorum
1586 2022 1731 2075 liber
1775 2022 1887 2090 pri~

180 2124 349 2173 mus;
401 2108 477 2161 De
507 2107 658 2161 bono
716 2109 1151 2177 perseverantiae
1214 2110 1357 2162 liber
1402 2110 1722 2173 secundus;
1757 2111 1888 2163 Pro-

184 2197 339 2266 speri
393 2195 791 2266 responsiones
849 2196 919 2249 ad
969 2200 1251 2266 excerpta,
1313 2214 1442 2268 qua:
1493 2199 1561 2251 de
1616 2199 1887 2253 Januensi

182 2286 412 2338 civitate
449 2285 605 2337 missi
638 2290 799 2350 sunt;
832 2284 899 2338 de
930 2286 1432 2354 prmdestiuatione
1466 2286 1564 2339 Dei
1596 2286 1755 2340 liber.

256 2374 513 2443 Singulis
570 2373 739 2426 tomis
791 2373 1086 2443 pi'azmissa
1141 2380 1226 2427 est
1274 2376 1487 2441 tabula,
1548 2381 1887 2445 argumenta

184 2463 470 2515 librorum
518 2468 574 2515 et
621 2461 873 2531 capitum
932 2461 1292 2531 singulorum
1342 2464 1654 2529 declarans,
1712 2481 1885 2533 quam

182 2550 481 2619 inscripsit
512 2568 524 2603 :
562 2553 902 2615 Argumenta
933 2568 1031 2619 per
1068 2553 1142 2605 Μ.
1178 2555 1549 2617 Augustinum
1581 2554 1886 2607 Sosteneum

181 2643 477 2707 Fregosum
520 2639 884 2708 compendiose
915 2642 971 2692 in
1022 2656 1184 2693 unum
1230 2641 1485 2704 redacta;
1517 2646 1567 2693 et
1608 2642 1774 2695 index
1804 2644 1884 2695 al-

177 2730 503 2797 phabeticas
552 2730 900 2781 materiarum
944 2731 1260 2794 insignium.
1309 2730 1669 2798 Nuncupavit
1701 2730 1887 2784 editor

180 2834 325 2887 Opus
375 2833 543 2869 suum
590 2817 657 2869 Μ.
710 2816 1056 2885 Hieronymo
1106 2817 1426 2887 Suripando
1476 2818 1650 2871 totius
1699 2822 1887 2889 Augu-

183 2908 449 2959 stinianae
506 2904 816 2973 Religionis
866 2905 1143 2959 Generali.
1183 2906 1493 2976 Descriptio
1523 2912 1606 2959 est
1659 2908 1887 2976 elegans

182 2996 333 3065 typis
379 2994 643 3048 rotundis
676 2994 891 3059 nitidis,
926 2996 1121 3048 charta
1168 2994 1295 3048 alba
1341 3001 1397 3048 et
1426 3000 1642 3062 tenera,
1680 2996 1887 3065 margi—

180 3086 357 3138 nibus
393 3082 784 3153 amplissimis,
817 3082 1029 3153 quippe
1064 3083 1164 3151 qui
1194 3085 1345 3137 ultra
1378 3085 1648 3137 lemmata
1678 3088 1735 3139 et
1765 3084 1887 3136 loca

178 3173 395 3226 biblica
425 3172 490 3225 in
522 3172 660 3242 ipsis
691 3178 885 3225 notata
916 3174 1027 3225 late
1060 3172 1500 3240 protenduntur.

964 3264 1119 3314 1552.

258 3350 504 3403 Venetiis
556 3349 629 3402 ad
695 3352 909 3415 signum
967 3353 1108 3417 Spei;
1159 3351 1329 3402 ili-4°.
1402 3351 1441 3403 Χ
1502 3350 1697 3403 Tomis.
1762 3348 1886 3402 Divi

181 3440 318 3491 Aur.
378 3436 709 3506 Augustini,
763 3437 927 3506 Hipp.
982 3436 1251 3506 episcopi,
1313 3437 1583 3490 Omnium
1636 3438 1885 3507 Operum

178 3529 433 3595 primum
467 3530 657 3591 tomus,
689 3525 761 3579 ad
795 3524 969 3578 tidem
996 3531 1256 3578 veterum
1287 3526 1702 3594 exemplarium
1730 3542 1885 3579 sum-

180 3631 271 3668 ma
306 3612 611 3683 vigilantia
636 3606 1076 3683 repurgatOrum
1108 3631 1141 3666 a
1170 3614 1393 3667 mendis
1433 3614 1753 3667 innumeris
1784 3630 1886 3667 no-

179 3708 298 3756 tata
352 3704 411 3755 in
473 3707 734 3756 contextu
796 3708 851 3755 et
907 3702 1165 3772 margine
1218 3703 1335 3755 suis
1392 3702 1569 3772 signis
1628 3708 1887 3756 veterum

180 3790 606 3859 exemplarium
636 3789 896 3854 lectione,
928 3794 991 3843 ut
1011 3790 1229 3859 optimo
1247 3791 1375 3859 jure
1404 3794 1595 3843 tantus
1628 3790 1886 3843 Ecclesiai

181 3881 388 3933 doctor
434 3884 670 3931 renatus
700 3879 880 3932 videri
912 3879 1105 3948 possit.
1142 3879 1380 3948 Inspice,
1425 3880 1617 3945 lector,
1650 3884 1706 3932 et
1744 3880 1887 3932 fate-

185 3968 336 4021 beris
379 3966 526 4020 banc
575 3984 691 4019 non
744 3982 946 4020 vanam
995 3983 1114 4020 esse
1159 3966 1670 4035 pollicitationem:
1710 3967 1885 4037 quod,

182 4057 224 4109 si
250 4061 457 4126 gratus
504 4055 674 4108 etiam
725 4072 844 4109 esse
876 4056 1052 4121 voles,
1100 4072 1214 4108 non
1255 4055 1486 4124 patieris
1534 4060 1760 4110 tantum
1806 4057 1889 4109 lu-

181 4145 365 4208 boris,
397 4149 738 4214 tantumque
770 4145 1160 4214 impensarum
1189 4144 1400 4198 frustra
1426 4150 1720 4214 sumptum
1743 4161 1882 4199 esse.

183 4235 293 4286 Cui
334 4238 672 4286 accesserunt
720 4233 869 4297 libri,
915 4235 1171 4303 epistolze,
1206 4248 1467 4287 sermones
1498 4239 1547 4288 et
1574 4236 1888 4301 fragmenta

1926 1733 1963 1785 Β

1992 520 2104 569 tate
2138 516 2253 569 Dei.
2311 518 2413 570 Cui
2472 524 2826 573 accesserunt
2882 521 3288 576 Commentarii
3331 527 3412 579 Jo.
3469 526 3675 581 Ludov.

1999 606 2149 659 Vivis
2180 606 2250 657 ab
2275 610 2504 658 auctore
2526 608 2815 675 recogniti.
2854 610 3065 662 M.D.Ll
3084 650 3095 661 .

2063 694 2257 747 Sextus
2290 700 2481 759 tomus,
2512 696 2650 748 utin
2667 696 2986 750 Basileensi.
3023 699 3068 750 Μ
3104 700 3262 753 D.LI.

2060 780 2351 849 Septimus,
2384 786 2618 847 octavus,
2666 797 2832 835 nonus
2884 787 2940 835 et
2977 783 3211 839 decimus
3272 790 3443 841 tomus
3493 786 3691 841 simili-

1993 872 2093 921 ter.
2134 870 2339 923 M.D.L.
2374 872 2580 937 (1550):

2062 958 2231 1010 Iader
2258 958 2539 1024 omnium,
2581 974 2709 1028 quas
2764 958 3063 1028 insigniter
3114 976 3148 1013 a
3181 964 3244 1015 D.
3288 963 3519 1016 Aurelio
3575 968 3691 1018 Au-

1994 1045 2222 1115 gustino
2253 1045 2400 1099 dicta
2430 1052 2583 1114 sunt,
2646 1062 2794 1099 nunc
2840 1063 3038 1100 recens
3084 1065 3256 1118 supra
3298 1052 3690 1119 praecedentes

1993 1132 2293 1195 editiones,
2322 1150 2426 1203 per
2490 1136 2549 1186 F.
2600 1135 2927 1187 Florentium
2984 1138 3351 1203 Bourgoinum
3404 1140 3689 1193 Parisien-

1995 1236 2134 1287 sem,
2172 1222 2627 1289 Franciscanum,
2661 1222 2828 1292 longe
2855 1239 3028 1292 quam
3068 1230 3233 1277 antea
3254 1227 3470 1279 auctior
3500 1245 3561 1279 ac
3598 1229 3691 1281 lo—

1993 1310 2275 1378 cupletior
2292 1310 2568 1363 redditus.
2596 1312 2834 1379 Insuper
2880 1313 3079 1372 multa,
3105 1328 3235 1381 quae
3275 1318 3437 1365 erant
3466 1331 3690 1383 manca,

1996 1399 2199 1451 mutila
2231 1404 2285 1452 et
2324 1400 2506 1452 solum
2549 1398 2832 1462 inchoata,
2868 1405 2982 1453 tam
3014 1401 3071 1454 in
3130 1401 3320 1455 indice
3378 1404 3683 1457 auctorita-

1993 1490 2117 1538 tum
2148 1502 2320 1540 sacra:
2341 1487 2666 1557 Scriptura},
2702 1488 2757 1541 id
2789 1494 2893 1553 est,
2924 1490 3127 1542 veteris
3177 1505 3241 1542 ac
3298 1490 3429 1543 novi
3475 1492 3689 1543 instru-

1995 1576 2193 1642 menti,
2230 1592 2401 1646 quam
2435 1577 2492 1629 in
2527 1578 2658 1629 locis
2691 1577 2911 1647 aliquot
2938 1594 3224 1631 sacrarum
3269 1578 3693 1648 Scripturarum

1994 1665 2384 1733 pugnantibus
2456 1665 2769 1719 conciliatis
2823 1666 2883 1718 in
2956 1667 3299 1735 Augustino,
3356 1668 3688 1733 reformata,

1996 1760 2157 1805 aucta
2188 1756 2243 1806 et
2277 1758 2583 1823 repurgata
2640 1756 2788 1806 sunt.
2833 1754 3063 1823 Perlege
3123 1760 3175 1807 et
3208 1754 3419 1823 judica.
3477 1756 3689 1811 MDLII.

1997 1842 2202 1905 (1552.)

2070 1930 2251 1984 Editio
2275 1934 2433 1983 extra
2465 1929 2683 1984 Italiam
2714 1930 3072 2001 paucissimis
3112 1931 3248 1984 visa.
3298 1933 3559 1985 Notatam
3601 1932 3693 1984 de-

1997 2018 2404 2089 prehendimus
2457 2020 2516 2072 in
2545 2020 2812 2091 Catalogo
2842 2020 3206 2074 bibliothecas
3253 2021 3539 2090 Tigurinze
3573 2021 3653 2090 (a)
3675 2062 3689 2077 .

1998 2107 2154 2160 lllius
2185 2108 2479 2177 exemplar
2510 2115 2630 2162 erat
2679 2110 2971 2178 quondam
3002 2110 3354 2162 Hannoveraa
3386 2109 3444 2161 in
3478 2108 3697 2162 ditissi—

1997 2213 2090 2250 ma
2152 2196 2547 2266 praestantium
2622 2197 2897 2251 librorum
2993 2196 3342 2267 supellectile
3419 2195 3694 2257 Duviana,

1997 2286 2151 2356 quod
2173 2285 2413 2338 feliciter
2442 2284 2501 2338 in
2531 2302 2733 2339 manus
2763 2286 2991 2340 Davidis
3014 2287 3247 2342 Clement
3280 2284 3500 2346 incidit,
3531 2290 3585 2338 et
3622 2285 3693 2338 ab

1997 2390 2063 2427 eo
2097 2374 2379 2427 curiosius
2410 2379 2493 2429 est
2520 2375 2871 2444 descriptum
2922 2376 2981 2427 in
3040 2375 3373 2429 Bibliotheca
3425 2376 3696 2427 Historica

1998 2466 2199 2519 Critica
2241 2464 2302 2516 T.
2338 2464 2403 2527 ΙΙ,
2428 2480 2485 2532 p.
2546 2466 2647 2517 269
2681 2480 2837 2533 seqq.
2876 2465 2996 2537 Duo
3035 2480 3164 2516 vero
3221 2462 3391 2516 simul
3434 2462 3701 2533 praestitit

1996 2552 2245 2621 insignia
2274 2552 2683 2605 litteratoribus
2738 2552 3052 2605 beneﬁcia:
3116 2552 3381 2617 alterum,
3438 2552 3592 2620 quod
3624 2550 3699 2603 li—

1996 2641 2166 2694 brum
2215 2639 2571 2693 rarissimum
2624 2657 2727 2693 nec
2759 2657 2860 2709 per
2890 2658 2948 2693 se
3000 2640 3339 2694 accuratiori
3368 2639 3693 2709 cognitione

1998 2729 2300 2798 indignum
2358 2728 2579 2798 primus
2634 2728 2920 2799 patefecit,
2978 2730 3219 2781 alterum
3276 2727 3461 2796 majus
3524 2726 3698 2779 etiam

1997 2815 2151 2883 quod
2190 2815 2448 2884 diligenti
2476 2816 2596 2885 ejus
2628 2817 2954 2882 collatione,
2987 2832 3117 2868 cum
3159 2816 3424 2885 sequenti
3487 2816 3697 2866 Veneta

1997 2902 2267 2968 editione,
2334 2920 2502 2957 omne
2552 2904 2723 2972 hujus
2777 2904 3082 2957 artilicium
3124 2909 3179 2958 et
3208 2902 3698 2956 Constructionem

1997 2991 2314 3045 luculenter
2353 2993 2675 3054 declaravit,
2717 2997 2887 3062 atque
2941 2992 3021 3057 id,
3080 2992 3148 3045 de
3182 3009 3294 3062 quo
3326 2991 3476 3045 inter
3520 2989 3695 3045 Cleri-

1997 3098 2126 3134 cum
2181 3087 2236 3134 et
2288 3082 2448 3136 Ricb.
2491 3083 2808 3136 Simonium
2862 3084 3209 3153 litigabatur,
3265 3084 3415 3136 facili
3472 3083 3700 3152 negotio

1997 3170 2297 3241 expedivit.
2327 3170 2550 3224 Scilicet
2572 3187 2686 3224 non
2718 3188 2935 3225 meram
2966 3171 3415 3242 praecedentium
3459 3171 3700 3240 alicujus

1998 3259 2398 3329 repetitionem
2446 3266 2650 3329 putare
2707 3265 2950 3329 oportet,
2980 3260 3076 3314 sed
3125 3260 3197 3314 ad
3241 3260 3436 3329 plures
3466 3264 3522 3313 et
3576 3260 3695 3312 fere

1998 3349 2320 3417 superiores
2372 3365 2572 3401 omnes
2601 3348 2679 3419 (ὁ)
2738 3349 3173 3402 conformatum.
3232 3348 3530 3418 Siquidem
3576 3364 3692 3401 non

1999 3453 2218 3503 omnes,
2295 3438 2393 3491 sed
2465 3438 2786 3507 complures
2870 3444 3063 3491 tamen
3145 3437 3360 3490 Erasmi
3430 3452 3699 3489 censuras

1998 3526 2253 3589 retinuit,
2286 3527 2569 3579 variantes
2599 3526 2868 3578 lectiones
2894 3525 2953 3578 in
2994 3525 3254 3594 margine
3301 3523 3485 3590 offert,
3520 3529 3576 3577 et
3622 3524 3700 3577 sic

1998 3615 2097 3668 ubi
2128 3614 2189 3669 in
2217 3619 2435 3668 textum
2468 3614 2686 3684 aliquid
2725 3619 3014 3684 receptum
3065 3614 3156 3679 sit,
3216 3612 3433 3667 ibidem
3464 3612 3693 3677 indicat,

1997 3720 2061 3757 ex
2088 3720 2202 3775 qua
2232 3703 2479 3757 editione
2534 3703 2940 3773 proficiscatur.
2976 3705 3189 3757 Recusa
3219 3708 3411 3756 autem
3454 3718 3571 3755 non
3608 3718 3697 3755 so-

1998 3793 2139 3859 lum,
2170 3798 2325 3846 tomo
2353 3794 2373 3845 Ι
2403 3794 2620 3848 Erasmi
2669 3792 2927 3863 praefatio
2984 3793 3054 3846 ad
3112 3793 3450 3861 Alli/tonsum
3493 3794 3694 3845 Fonse—

1998 3898 2135 3947 cam,
2168 3882 2261 3935 sed
2292 3881 2353 3935 in
2385 3883 2630 3935 secundo
2653 3882 2823 3935 etiam
2853 3882 3040 3935 Jacobi
3069 3883 3338 3947 Haemcri,
3382 3896 3555 3951 quem
3576 3879 3698 3934 edi-

1998 3970 2171 4023 tionis
2242 3971 2572 4025 Parisiensis
2621 3989 2669 4024 a.
2735 3975 2868 4026 1532
2926 3987 3121 4023 curam
3202 3970 3444 4039 gessisse
3526 3986 3701 4039 supra

1999 4060 2262 4126 vidimus,
2347 4061 2417 4114 ad
2490 4062 2759 4113 lectorem
2821 4059 3154 4113 admonitio.
3235 4059 3515 4110 Caeterum
3600 4073 3699 4110 ne-

1999 4149 2134 4214 scio,
2167 4164 2341 4218 quam
2370 4164 2567 4202 verum
2612 4149 2704 4214 sit,
2747 4149 2901 4218 quod
2949 4148 3018 4201 de
3066 4145 3392 4216 augmentis
3439 4145 3498 4196 in
3536 4144 3700 4197 titulo

1997 4238 2343 4307 promissum
2376 4242 2481 4291 est.
2517 4238 2863 4291 Clementius
2903 4236 3056 4289 enim
3106 4234 3267 4289 alteri
3307 4232 3545 4303 quidem
3576 4232 3702 4286 edi—

186 4324 421 4390 aliqtmt,
474 4321 747 4374 hactenus
798 4338 1113 4392 numquam
1162 4322 1458 4392 impressa.
1513 4322 1755 4375 Additus
1804 4327 1889 4376 est
1928 4320 1969 4373 Ι)
2006 4326 2150 4380 tioni
2188 4327 2432 4392 Venetae,
2466 4342 2594 4396 quae
2620 4326 2880 4379 eamdem
2924 4324 3231 4378 formulam
3268 4323 3401 4376 hinc
3440 4321 3610 4390 petiit
3647 4325 3704 4374 et

182 4415 235 4463 et
262 4410 470 4475 index,
516 4411 696 4463 multo
728 4426 901 4481 quam
949 4410 1284 4465 Basileensis
1336 4411 1541 4477 fuerat,
1583 4409 1889 4480 copiosior.

186 4500 255 4553 Μ.
280 4500 355 4553 o.
383 4500 496 4552 LII.
531 4500 728 4569 (1352.)

250 4587 532 4642 Secundus
574 4593 743 4640 tomus
800 4586 1053 4657 Operum
1092 4587 1196 4641 rel.
1250 4588 1334 4657 (ut
1376 4587 1436 4640 in
1486 4587 1794 4641 Basileensi
1838 4605 1890 4642 a.

190 4679 365 4743 1543),
397 4692 539 4729 nunc
560 4680 829 4744 postremo
859 4678 1189 4729 accuratiori
1221 4692 1383 4745 quam
1415 4682 1577 4731 antea
1609 4676 1891 4743 diligentia

183 4781 424 4819 excusas.
463 4766 532 4819 M.
555 4765 745 4818 D.LlI.

258 4856 466 4907 Tertius
500 4859 688 4907 tomus.
724 4858 787 4906 ut
822 4854 885 4907 in
922 4853 1247 4907 Basileensi.
1284 4855 1353 4908 Μ.
1391 4856 1451 4908 D.
1488 4855 1602 4908 LII.

256 4943 499 5007 Quartus
557 4946 752 5011 tomus,
821 4943 1206 5012 complectens
1258 4942 1480 5014 reliqua
1535 4954 1632 4997 τῶν
1686 4949 1894 4998 διδακτι-

187 5042 305 5085 ιῶν.
340 5034 628 5101 Plu-aque,
685 5047 802 5099 quae
854 5036 1010 5084 erant
1062 5031 1225 5100 plane
1277 5032 1529 5085 convulsa
1575 5036 1625 5085 et
1676 5033 1889 5099 luxata,

186 5134 243 5170 ea
270 5119 350 5171 ad
372 5118 543 5189 ﬁdem
574 5120 966 5187 exemplarium
1016 5122 1254 5173 veterum
1296 5121 1691 5176 Victorinorum
1730 5124 1891 5174 resti-

188 5211 303 5260 tuta
325 5214 479 5261 sunt.
514 5208 587 5261 M.
607 5208 669 5261 D.
690 5208 775 5261 LI.
810 5207 1012 5278 (l55l.)

253 5357 340 5426 (a)
370 5359 432 5411 T.
488 5357 529 5418 l,
591 5373 643 5427 p.
675 5359 767 5409 70.
824 5356 957 5410 Sic:
998 5357 1187 5412 Venet.
1242 5359 1295 5413 4.
1328 5360 1378 5412 Χ
1424 5360 1600 5413 tomis.
1644 5360 1706 5412 D.
1743 5359 1888 5412 Aur.

190 5428 231 5480 Α
261 5444 347 5497 0p.
380 5444 489 5497 per
505 5429 590 5481 F1.
619 5430 1004 5493 Bourgoinum.

258 5502 324 5565 to)
355 5501 461 5553 Les
502 5498 734 5552 editions
774 5498 839 5551 de
868 5498 1019 5565 Béle,
1053 5499 1121 5553 de
1148 5502 1307 5555 Paris
1350 5506 1401 5554 et
1445 5500 1511 5553 de
1546 5500 1759 5567 Venise,
1796 5502 1893 5568 qui

197 5566 311 5623 l'unt
346 5570 626 5639 précéde’e,
668 5576 789 5623 sont
837 5570 883 5624 te
909 5570 1047 5635 Γοπά
1093 5585 1189 5625 sur
1226 5572 1395 5640 lequel
1441 5586 1507 5626 on
1555 5587 1591 5625 a
1620 5566 1887 5627 travaillé.

2001 4414 2197 4468 limine
2229 4431 2330 4468 suo
2353 4415 2667 4484 suspendit,
2688 4415 2998 4468 vanitatem
3038 4420 3093 4467 et
3121 4410 3572 4467 fraudulentiam
3604 4426 3701 4464 ex-
3772 4428 3775 4435 ·

1999 4505 2256 4574 probrat,
2284 4509 2535 4558 attamen
2563 4504 2621 4557 in
2651 4504 2757 4557 hac
2786 4503 3045 4557 eamdem
3077 4502 3377 4556 sollicitare
3417 4499 3694 4571 neglexit.

2002 4594 2113 4647 Nec
2143 4593 2333 4647 minus
2357 4593 2626 4662 equidem
2657 4598 2965 4662 optassem,
2998 4598 3062 4645 ut
3087 4591 3403 4644 Victorins
3455 4590 3703 4657 codices,

2002 4698 2144 4751 quos
2170 4681 2241 4734 ad
2274 4681 2464 4751 quarti
2498 4681 2641 4734 torni
2670 4680 3129 4734 emendationem
3167 4683 3376 4749 praesto
3411 4678 3585 4732 fuisse
3619 4677 3702 4731 di-

2002 4774 2159 4836 cunt,
2191 4769 2705 4839 circumspexisset.

2781 4860 2940 4912 1556.

2070 4948 2295 5002 Basilea:
2341 4948 2491 5016 apud
2526 4949 2893 5015 Hieronynum
2952 4946 3272 5001 Frobenium
3340 4948 3389 4997 et
3456 4945 3575 5000 Nic.
3625 4945 3699 4997 E-

1996 5038 2332 5106 piscopium;
2362 5038 2548 5103 in-fol.
2599 5038 2648 5092 X
2675 5039 2846 5090 tomis.
2899 5038 2962 5090 D.
3016 5038 3152 5089 Aur.
3204 5037 3347 5103 Aug.
3406 5033 3611 5102 Opera,
3647 5049 3697 5085 e-

2003 5126 2272 5180 mendata
2311 5143 2412 5197 per
2451 5128 2745 5181 Erasmum
2774 5125 3045 5181 Roterod.

2073 5217 2137 5268 In
2172 5226 2275 5269 nac
2308 5216 2567 5280 editione,
2611 5220 2753 5270 teste
2792 5215 3039 5282 Oudino,
3071 5210 3244 5266 additi
3304 5215 3438 5265 sunt
3464 5211 3690 5265 Sermo-

2006 5392 2273 5445 Venetam
2298 5390 2607 5445 editionem
2664 5390 2914 5461 Operam
2945 5385 3206 5441 omnium
3235 5386 3339 5443 hac
3370 5386 3495 5457 ipsa
3542 5385 3691 5440 anti-

2003 5480 2262 5551 quiorem
2292 5480 2514 5551 ignoro,
2549 5486 2605 5535 et
2634 5480 2747 5534 nisi
2799 5476 3138 5532 incuriosius
3194 5477 3263 5532 ab
3321 5494 3387 5531 eo
3420 5476 3695 5547 scriptum

2001 5569 2091 5633 sit,
2126 5570 2197 5624 ad
2229 5585 2355 5623 eam
2387 5569 2677 5623 attendere
2708 5566 3145 5637 bibliographiae
3194 5570 3475 5621 amatores
3498 5564 3699 5635 jubeo.
