4060 6194
375 227 434 275 71
1395 218 1950 299 SUPPLEMENTUM
1994 219 2082 271 AI)
2120 217 2354 272 OPERA
2392 219 2447 271 S.
2490 218 2880 274 AUGUSTINI.
3810 225 3876 274 τῦ

376 360 478 398 nes
505 343 762 415 quinque
794 347 957 398 antea
1017 342 1273 397 nandum
1303 340 1514 409 excusi,
1554 340 1834 409 videlicet,
1867 344 1938 396 De
1971 344 2072 396 Ja-
2112 349 2156 403 Α
2186 340 2489 402 indicibus,
2521 341 2763 414 singulis
2793 340 2986 411 tomis,
3017 341 3157 413 quin
3205 341 3446 412 singulis
3484 342 3656 398 etiam
3687 346 3877 399 tomo-

373 433 466 487 cob
511 438 561 487 et
588 432 748 487 Esau
779 433 852 486 ad
878 433 1135 502 populum
1160 445 1350 496 sermo,
1402 431 1510 484 col.
1572 432 1703 485 1487
1738 448 1752 498 ;
1813 431 1995 486 Sermo
2018 433 2074 484 in

373 527 537 592 caput
566 537 663 575 xm
691 521 1099 576 Proverbiorum
1144 519 1464 586 Salomonis,
1510 520 1616 574 col.
1666 522 1840 574 1505:
1887 523 1948 574 In
1975 536 2075 589 pa-

372 613 618 666 rabolam
682 612 1000 664 seminantis
1077 622 1248 662 sermo
1317 608 1420 661 col.
1471 611 1622 670 1517;
1653 610 1714 661 In
1740 605 1881 661 illud
1935 607 2073 659 Mat-

379 703 506 755 thxi
548 716 684 754 xvx:
737 700 846 764 Qui
888 698 1004 751 vult
1032 699 1213 751 venire
1236 702 1360 766 post
1387 712 1488 761 me,
1547 701 1658 750 etc.
1719 695 1832 750 col.
1901 696 2068 758 15l9;

380 791 670 844 Tractatus
702 789 760 840 in
787 788 1092 842 Orationem
1143 789 1497 851 Dominicam,
1543 786 1647 839 col.
1686 787 1840 839 1523.
1875 781 2068 852 Suspi-

373 893 570 931 camur
598 880 790 929 autem
828 875 1001 945 hujus
1049 875 1314 929 editionis
1366 890 1561 929 curam
1613 873 1851 945 gessisse
1899 874 2070 927 Joan-

371 981 490 1019 nem
541 966 854 1020 Costerium.
906 963 1160 1018 Occurrit
1216 963 1276 1017 in
1327 964 1443 1020 Cat.
1494 963 1635 1019 Bibl.
1687 963 1968 1017 Bernensis
2023 966 2073 1015 et

373 1053 693 1108 Thottianae.

1102 1143 1358 1195 I56I-63.

441 1229 700 1295 Lugduni
746 1228 898 1297 apud
934 1228 1311 1283 Sebastianum
1357 1229 1690 1281 Honoratum
1721 1226 1807 1296 (ad
1857 1226 2067 1279 calcem

366 1317 508 1372 tomi
563 1318 637 1387 ll)
687 1316 1001 1371 excudebat
1056 1319 1284 1372 Jacobus
1334 1319 1506 1370 Faure
1563 1318 1734 1370 in-8°.
1798 1316 1973 1369 Tomis
2001 1317 2064 1368 Χ.

367 1407 432 1460 D.
463 1409 600 1460 Aur.
635 1405 963 1476 Augustini,
1011 1406 1180 1477 Hipp.
1239 1405 1490 1476 episcopi
1525 1404 1784 1458 omnium
1815 1404 2066 1474 Operum

379 1500 554 1550 tomus
592 1498 802 1565 primus
831 1513 842 1549 :
877 1495 999 1560 Qua
1025 1495 1507 1549 Retractationum
1537 1493 1668 1547 libri
1725 1494 1858 1558 duo,
1908 1492 2066 1545 varia

371 1600 482 1654 que
531 1585 685 1638 illius
740 1586 1032 1654 opuscula,
1087 1600 1215 1653 quae
1267 1600 1426 1636 versa
1479 1583 1703 1652 pagella
1768 1579 2062 1645 indicabit,

367 1673 750 1727 continentur.
803 1672 1001 1726 Omnia
1059 1675 1409 1724 vetustorum
1458 1670 1715 1724 codicum
1763 1668 2067 1723 collatione

366 1762 436 1815 ah
466 1760 784 1815 innumeris
837 1761 1057 1814 mendis
1110 1764 1433 1830 repurgata,
1467 1775 1530 1812 ac
1560 1775 1784 1812 summa
1814 1757 1926 1811 ﬁde
1955 1756 2066 1827 pri—

365 1849 515 1904 stino
548 1866 649 1904 suo
682 1847 854 1903 nitori
882 1848 1164 1914 restituta,
1201 1864 1352 1900 nunc
1381 1847 1614 1902 demum
1666 1847 1726 1900 in
1757 1847 1940 1900 lucem
1973 1862 2066 1900 re-

364 1940 562 1994 deunt.
622 1937 870 1994 Accessit
915 1941 970 1990 et
1024 1937 1195 1990 index
1253 1953 1444 1990 rerum
1472 1935 1832 1990 selectiorum
1872 1936 2063 2006 copio-

363 2027 644 2082 sissimus.
681 2028 755 2080 Μ.
773 2026 974 2080 D.LXI.

439 2117 500 2172 D.
552 2120 689 2170 Aur.
742 2113 1046 2184 Augustini
1075 2115 1351 2186 Epistolx,
1386 2113 1588 2184 majori
1621 2113 1829 2180 studio,
1857 2113 1970 2168 ﬁde
2002 2129 2064 2167 ac

362 2204 660 2274 religione,
710 2219 882 2274 quam
939 2203 1215 2256 hactenus
1261 2218 1538 2274 umquam
1569 2219 1808 2267 excusaz,
1836 2207 2005 2273 atque
2030 2218 2063 2255 a

358 2293 530 2359 vitiis,
563 2292 771 2363 quibus
822 2292 1127 2361 multiplici
1174 2291 1313 2345 olim
1373 2292 1749 2362 impressione
1793 2293 2065 2346 contami-

361 2386 508 2435 natae
533 2381 780 2446 fuerant,
813 2381 1133 2435 vindicatae.
1173 2384 1367 2434 Tomus
1417 2380 1699 2435 secundus.
1753 2380 1894 2433 Cum
1950 2380 2058 2434 dn-

359 2471 504 2542 plice
536 2469 724 2525 indice
778 2485 892 2523 uno
949 2469 1248 2523 nominum
1299 2484 1516 2534 eorum,
1563 2467 1634 2520 ad
1661 2483 1802 2538 quos
1827 2467 1916 2520 has
1946 2469 2062 2520 Au-

360 2558 578 2631 gustini
610 2558 876 2629 Epistolas
909 2557 1095 2612 missae
1127 2559 1318 2623 fuere;
1353 2557 1530 2610 altero
1573 2571 1766 2609 rerum
1799 2555 2059 2609 omnium

358 2649 420 2702 in
448 2663 797 2718 unaquaque
857 2646 1101 2717 Epistola
1151 2649 1547 2699 contentarum
1587 2643 2054 2714 locupletissimo.

413 2737 632 2791 .D.LXI.

413 2737 587 2791 .D.LX
623 2779 632 2790 .

356 2738 402 2791 Μ
427 2826 489 2878 Ι).
523 2737 659 2879 Aulr.
692 2822 996 2893 Augustini
1040 2823 1104 2876 de
1138 2824 1424 2888 Trinitate,
1480 2837 1594 2874 una
1649 2836 1780 2874 cum
1821 2821 2058 2892 reliquis

2181 445 2310 484 rum
2337 429 2596 501 partibus
2645 430 2984 500 subjunctis,
3035 434 3293 484 constare
3335 435 3540 502 potest.
3575 432 3715 503 Typi
3745 438 3882 488 sunt

2182 519 2444 586 Romani,
2499 519 2635 573 satis
2687 519 2930 581 venusti,
2989 519 3084 574 sed
3141 519 3477 574 minutiores
3523 521 3694 590 paulo
3739 542 3754 588 ;
3817 522 3880 576 in

2179 607 2533 678 marginibus
2584 608 2704 661 loca
2752 607 2981 674 biblica,
3029 607 3212 662 rarius
3254 607 3548 674 lemmata,
3582 624 3684 662 nec
3727 625 3879 679 saepe

2182 697 2354 750 etiam
2413 696 2687 751 lectiones
2744 697 3070 752 aberrantes
3130 697 3455 751 charactere
3518 697 3714 752 Italico
3769 714 3880 752 no-

2183 789 2395 840 tantur.

2955 875 3109 927 I569.

2248 963 2472 1016 Basileae
2497 977 2594 1030 per
2639 962 2988 1016 Ambrosium
3019 964 3070 1014 et
3098 961 3388 1015 Aurelium
3417 962 3722 1030 Frobenios,
3753 965 3877 1030 fra-

2179 1056 2316 1117 tres;
2359 1053 2546 1118 in-fol.
2601 1053 2676 1105 XI
2731 1053 2906 1105 tomis.
2954 1079 3024 1092 --
3079 1050 3307 1104 Primus
3360 1056 3553 1106 tomus
3605 1069 3617 1106 :
3670 1053 3882 1107 Eximii

2177 1138 2380 1207 Patris,
2440 1138 2590 1192 inter
2615 1155 2841 1192 summa
2885 1138 3099 1193 Latinae
3140 1139 3400 1193 Ecclesia:
3435 1146 3771 1194 ornamenta
3812 1158 3881 1195 ac

2177 1226 2396 1280 lumina
2443 1227 2735 1298 principis,
2789 1229 2854 1283 D.
2899 1227 3114 1282 Aurelii
3164 1228 3494 1297 Augustini,
3549 1229 3882 1300 Hipponen-

2176 1315 2252 1368 sis
2307 1315 2576 1386 episcopi,
2618 1317 2781 1386 cujus
2830 1315 3303 1386 prazstantissima
3347 1317 3404 1369 in
3457 1317 3613 1371 omni
3661 1333 3880 1389 genere

2175 1404 2554 1471 monimenta,
2589 1420 2718 1474 qua:
2749 1405 2985 1475 quidem
3015 1404 3261 1458 inveniri
3290 1410 3548 1475 possunt,
3589 1407 3878 1469 universa,

2172 1493 2362 1547 denuo
2395 1493 2463 1547 ad
2495 1493 2847 1562 optimorum
2878 1497 2936 1546 et
2963 1492 3427 1547 ﬁdelissimorum
3457 1495 3879 1565 exemplarium

2176 1597 2412 1635 examen
2481 1586 2762 1646 revocata,
2823 1598 2972 1634 nova
3035 1581 3551 1635 eruditissimorum
3614 1584 3876 1638 virorum

2179 1670 2591 1741 recognitione,
2643 1671 2824 1723 multo
2882 1675 3014 1723 sunt
3063 1686 3235 1741 quam
3293 1687 3572 1741 umquam
3631 1674 3880 1728 antehac

2176 1759 2586 1827 emendatiora,
2641 1759 2710 1813 ab
2764 1758 3085 1813 innumeris
3129 1759 3413 1812 vindicata
3459 1760 3767 1829 erroribus,
3809 1779 3880 1816 ac

2175 1847 2409 1902 demum
2441 1847 2603 1902 novis
2653 1847 2996 1918 quibusdam
3045 1846 3298 1901 censuris
3345 1848 3724 1920 plurimisque
3765 1851 3881 1904 mi-

2172 1938 2328 1993 nime
2389 1936 2759 2008 aspernandis
2822 1935 3236 1990 accessionibus
3299 1937 3658 2007 locupletata.
3725 1939 3879 1993 Cum

2172 2027 2356 2081 indice
2407 2026 2707 2096 tripartito,
2761 2025 2829 2079 ad
2871 2025 3082 2078 calcem
3135 2025 3378 2095 adjecto,
3437 2026 3723 2092 omnibus,
3769 2030 3881 2098 qui

2172 2119 2411 2181 exstant,
2469 2114 2758 2180 uberiore,
2824 2118 2880 2166 et
2945 2114 3246 2183 theologia:
3303 2113 3566 2168 studiosis
3620 2131 3883 2170 commo-

2171 2205 2348 2259 diore.
2383 2205 2589 2258 Totum
2617 2219 2779 2257 novae
2827 2203 2999 2272 hujus
3028 2202 3293 2256 editionis
3340 2203 3662 2257 institutum
3694 2208 3754 2257 et
3782 2221 3882 2259 ra-

2170 2294 2249 2347 tio
2281 2309 2350 2346 ex
2389 2293 2651 2346 Carmine
2687 2291 2947 2362 sequenti
2979 2291 3252 2362 liquidius
3283 2291 3578 2361 patebunt.

2243 2381 2472 2452 Reliqui
2523 2380 2667 2434 tomi
2714 2385 2781 2433 ut
2809 2380 2867 2434 in
2900 2381 2988 2436 ed.
3034 2396 3084 2434 a.
3138 2381 3270 2434 1543
3325 2379 3712 2434 inscribuntur
3753 2381 3880 2434 nisi

2170 2471 2325 2542 quod
2379 2471 2440 2524 in
2487 2473 2643 2523 tomo
2702 2470 2799 2535 III,
2850 2469 2949 2540 qui
2996 2478 3056 2522 τὰ
3091 2474 3337 2522 Stemmata:
3377 2467 3647 2534 continet,
3700 2468 3880 2523 addi-

2168 2565 2290 2634 tum
2340 2559 2432 2627 sit,
2465 2560 2539 2612 ad
2591 2563 2829 2612 veterum
2877 2558 3118 2611 codicum
3147 2558 3481 2611 collationem
3509 2562 3638 2626 post
3680 2559 3884 2612 Marti—

2169 2665 2309 2703 num
2366 2647 2638 2718 Lipsium,
2694 2663 2840 2700 nunc
2895 2647 3079 2700 multis
3130 2648 3189 2698 in
3241 2647 3367 2700 locis
3419 2661 3621 2700 summo
3679 2647 3884 2702 studio

2167 2738 2496 2792 emendatus.
2530 2737 2570 2791 X
2614 2740 2804 2790 tomus
2859 2751 2993 2788 vero
3028 2734 3105 2787 sic
3155 2735 3330 2788 habet
3361 2751 3372 2788 :
3406 2736 3615 2788 Tomus
3642 2735 3681 2788 Χ
3715 2735 3882 2805 Ope-

2166 2843 2297 2882 rum
2327 2829 2390 2881 D.
2419 2829 2555 2882 Aur.
2607 2823 2933 2894 Augustini,
2967 2823 3266 2877 continens
3321 2823 3622 2877 Sermones
3667 2823 3734 2876 ad
3770 2841 3884 2894 po-

356 2913 509 2968 illius
568 2913 748 2978 libris,
808 2911 1017 2982 quibus
1046 2912 1106 2957 τὰ
1136 2909 1386 2957 διδακτικὰ
1414 2910 1801 2964 continentur.
1867 2913 2027 2965 Tomu

2238 2918 2368 2972 ilum
2437 2919 2493 2970 et
2553 2913 2806 2979 clericos,
2867 2912 3383 2966 vetustissimorum
3451 2912 3882 2982 exemplarium

357 3007 570 3056 tertius.
623 3003 764 3056 Cum
796 3000 983 3053 indice
1015 3017 1210 3054 rerum
1243 3005 1299 3054 et
1346 2999 1759 3052 sententiarum
1807 2999 2055 3071 locuple-

353 3091 594 3144 tissimo.
625 3090 696 3144 Μ,
715 3089 944 3144 D.LXII.

430 3181 493 3232 D.
547 3181 684 3232 Aur.
741 3175 1050 3247 Augustini
1088 3177 1418 3241 Quaestiones
1471 3177 1530 3229 in
1577 3180 1728 3230 vetus
1756 3191 2056 3245 novumque

364 3269 778 3333 Testamentum,
820 3281 933 3319 una
983 3279 1114 3318 cum
1170 3264 1404 3335 reliquis
1457 3265 1610 3318 illius
1645 3265 2053 3332 voluminibus,

353 3371 482 3426 quae
513 3356 574 3401 τὰ
605 3353 850 3401 διδακτικὰ
872 3353 1254 3424 appellantur.
1283 3355 1432 3407 Tomi
1449 3355 1637 3421 quarti
1663 3368 1794 3422 pars
1850 3356 2051 3422 prima.

354 3445 498 3498 Cum
529 3443 738 3508 indice,
774 3447 877 3496 etc.
914 3441 1190 3496 M.D.LXI.
1224 3443 1359 3496 Pars
1384 3442 1617 3496 secunda
1643 3442 1923 3497 similiter.

424 3534 487 3586 D.
521 3535 659 3587 Aur.
703 3530 1008 3602 Augustini
1061 3531 1127 3584 de
1163 3530 1392 3586 Civitate
1453 3533 1549 3584 Dei
1605 3531 1642 3584 l.
1710 3531 1870 3596 XXII,
1921 3534 2053 3597 etc.,

354 3637 604 3692 quorum
651 3621 746 3675 XII
802 3621 911 3674 hoc
966 3619 1230 3673 omnium
1286 3619 1439 3673 illius
1487 3620 1737 3690 Operum
1807 3618 2052 3688 septimo

350 3715 510 3764 tomo
546 3708 913 3762 continentur
967 3707 1063 3777 (sic
1118 3706 1315 3761 vitiose
1355 3723 1458 3777 pro
1507 3710 1636 3762 tomi
1688 3710 1871 3776 quinti
1897 3711 2054 3776 parte

347 3801 554 3867 prima,
593 3801 658 3851 ut
695 3813 828 3851 mox
879 3796 1049 3851 etiam
1104 3801 1276 3850 tomus
1332 3801 1568 3861 octavus,
1611 3813 1724 3867 quo
1783 3795 2050 3866 reliquiX

353 3887 741 3952 continentur,
768 3901 872 3956 pro
887 3887 1016 3939 tomi
1035 3887 1216 3954 quinti
1230 3893 1392 3955 parte
1408 3885 1695 3955 secunda.)
1714 3885 2048 3940 M.D.LXIII.

429 3977 491 4030 D.
538 3979 674 4030 Aur.
720 3973 1022 4044 Augustini
1079 3977 1176 4022 τῶν
1200 3972 1478 4036 πολεμικῶν
1521 3990 1652 4044 pars
1704 3973 1910 4044 prima.
1958 3975 2053 4027 To-

347 4081 464 4120 mus
521 4069 724 4119 semtus.
787 4063 1089 4118 M.D.LXII.
1134 4093 1205 4102 —
1261 4065 1398 4118 Pars
1445 4063 1693 4117 secunda
1751 4066 1807 4116 et
1860 4063 2046 4118 tertia.

353 4157 506 4210 Tomi
529 4155 746 4223 septimi
770 4168 905 4221 pars
933 4155 1089 4220 prior
1113 4157 1163 4206 et
1188 4156 1474 4221 posterior.
1506 4153 1826 4207 M.D.LXII.

2165 3006 2470 3060 collatione
2500 3019 2653 3057 nunc
2690 3004 2877 3058 denuo
2922 3000 3185 3072 plurimis
3216 3000 3275 3054 in
3304 3000 3442 3054 locis
3473 3001 3822 3054 emendatus
3865 3019 3880 3054 :

2164 3095 2257 3150 cui
2288 3095 2589 3149 Sermones
2637 3092 2706 3147 de
2754 3089 2997 3146 Diversis
3027 3093 3082 3143 et
3113 3090 3433 3160 fragmenta
3462 3089 3726 3160 quaedam
3759 3106 3882 3145 an-

2162 3183 2329 3237 tehac
2375 3196 2694 3252 numquam
2722 3195 2944 3243 excusa,
2978 3194 3150 3248 opera
3191 3184 3248 3232 et
3275 3178 3465 3232 studio
3504 3178 3886 3233 doctissimo-

2164 3287 2292 3325 rum
2342 3269 2600 3336 virorun,
2650 3269 2876 3325 Martini
2919 3269 3117 3336 Lipsii,
3166 3270 3390 3322 Joannis
3442 3268 3765 3335 Vlimmerii,
3815 3275 3889 3323 et

2163 3359 2409 3413 aliorum
2438 3375 2468 3412 e
2501 3357 2756 3412 tenebris
2798 3361 2958 3411 eruta
2987 3356 3057 3410 ad
3090 3356 3300 3409 calcem
3339 3355 3650 3425 adjecimus
3680 3371 3692 3408 :
3726 3371 3888 3426 quo-

2161 3465 2290 3503 rum
2319 3449 2642 3518 catalogum
2671 3462 2918 3517 sequens
2945 3443 3157 3515 pagina
3185 3444 3474 3498 indicabit.

2233 3537 2406 3591 Index
2440 3537 2609 3606 juxta
2656 3535 3008 3606 superiorem
3053 3532 3364 3588 editionem
3397 3532 3712 3603 descriptus
3754 3539 3883 3590 est.

2231 3625 2412 3696 Hujus
2467 3624 2735 3679 editionis
2793 3626 3112 3679 accuratam
3182 3622 3444 3676 notitiam
3504 3622 3660 3676 dedit
3721 3623 3884 3678 olim

2160 3717 2385 3783 Sigism.
2433 3718 2550 3769 Jac.
2606 3716 3058 3780 Baumgartenius
3097 3711 3198 3781 (a).
3240 3710 3531 3782 Quidquid
3573 3710 3634 3764 in
3673 3710 3888 3780 ipsam

2161 3803 2432 3857 collatum
2461 3805 2545 3855 est
2572 3800 2890 3867 industriae,
2937 3801 3006 3854 ad
3035 3802 3257 3852 tomum
3302 3799 3366 3851 IX
3400 3803 3456 3852 et
3484 3799 3523 3852 X
3555 3798 3725 3853 unice
3770 3816 3886 3856 re-

2161 3893 2264 3957 dit,
2305 3907 2552 3962 quorum
2593 3890 2758 3943 illum
2801 3906 2948 3943 nova
2979 3888 3240 3942 codicum
3277 3887 3579 3940 collatione
3619 3887 3890 3944 donave-

2160 3985 2318 4049 runt,
2369 3979 2655 4034 decimum
2703 3994 2835 4032 vero
2864 3981 3048 4031 totum
3094 3976 3430 4030 immutasse
3461 3979 3634 4046 atque
3680 3977 3887 4032 reﬁn-

2159 4071 2304 4125 xisse
2337 4085 2395 4124 se
2441 4068 2804 4140 profitentur.
2859 4067 2938 4120 En
2982 4065 3173 4129 verba,
3219 4081 3351 4136 quae
3401 4081 3470 4118 ex
3518 4064 3892 4135 praefatione

2160 4176 2289 4215 raro
2315 4157 2578 4214 instituto
2606 4157 2862 4212 versibus
2894 4154 3213 4225 conscripta
3244 4154 3356 4208 huc
3385 4157 3678 4224 spectant:

420 4244 483 4296 D.
517 4244 654 4296 Aur.
689 4240 993 4310 Augustini
1022 4242 1422 4294 Enarrationes
1451 4243 1510 4294 in
1550 4242 1790 4294 Psalmos
1841 4242 2047 4310 mysti-
2087 4234 2131 4288 ι)
2223 4248 2387 4297 Multa
2419 4250 2551 4298 tomi
2580 4246 2726 4310 noni,
2757 4245 2944 4310 priscis
2976 4247 3035 4291 ut
3062 4255 3299 4310 consona
3327 4242 3474 4291 libris

345 4345 456 4384 cos.
496 4331 649 4384 Tomi
676 4330 852 4382 octavi
877 4343 1008 4396 pars
1034 4331 1220 4397 prima
1242 4333 1292 4382 et
1317 4328 1568 4382 secunda.
1600 4329 1908 4383 M.D.LXII.

423 4419 485 4472 D.
525 4420 663 4472 Aur.
688 4417 991 4489 Augustini
1047 4419 1429 4470 Enarrationes
1476 4418 1534 4469 in
1587 4418 1810 4470 Joannis
1852 4417 2048 4470 Evan-

351 4507 551 4575 gelium
579 4510 630 4560 et
682 4507 1078 4575 Apocalypsin,
1129 4521 1244 4558 una
1271 4520 1402 4559 cum
1439 4503 1608 4558 variis
1641 4504 1792 4558 illius
1820 4505 2054 4560 volumi-

350 4595 544 4662 nibus,
578 4599 682 4649 etc.
712 4597 902 4649 Tomus
932 4610 1104 4649 nonus
1160 4594 1480 4649 M.D.LXII.

419 4686 484 4739 D.
537 4687 675 4739 Aur.
725 4683 1028 4755 Augustini
1080 4683 1382 4739 Sermones.
1438 4682 1695 4747 Quorum
1743 4683 1949 4738 seriem
1995 4688 2051 4738 et

349 4789 660 4830 numerum
693 4773 771 4827 sic
827 4772 1073 4826 habeto:
1110 4773 1187 4826 De
1225 4772 1413 4826 verbis
1462 4771 1724 4838 Domini;
1759 4772 1838 4826 De
1866 4767 2052 4823 verbis

342 4863 634 4935 Apostoli;
672 4861 932 4916 Homiliaa
963 4862 1040 4926 L;
1101 4860 1363 4915 Homiliai
1404 4861 1474 4915 de
1526 4865 1815 4931 tempore;
1868 4855 2053 4912 Homi-

340 4953 438 5007 lite
490 4953 559 5007 de
609 4951 828 5007 Sanctis
880 4951 951 5005 ad
998 4951 1198 5005 fratres
1265 4950 1325 5004 in
1383 4951 1847 5016 eremo;Decem
1886 4951 1940 5002 et
1970 4962 2052 5001 se-

343 5044 502 5110 ptem
554 5041 854 5095 Sermones
917 5039 1298 5111 nonnullique
1375 5039 1490 5094 alii.
1550 5041 1740 5095 Tomus
1789 5038 2044 5092 decimus.

343 5128 675 5183 M.D.LXIII.

413 5215 600 5270 Editio
660 5218 943 5273 rarissime
983 5217 1167 5285 obvia,
1241 5217 1337 5271 sed
1397 5231 1678 5287 perquam
1752 5211 2048 5268 commode

338 5304 625 5371 instituta,
661 5309 726 5359 ut
769 5307 857 5360 vel
910 5323 974 5361 ex
1041 5305 1290 5378 copiosis
1336 5319 1529 5360 rerum
1582 5299 2046 5358 memorabilium

2223 4311 2428 4369 Essent,
2453 4304 2776 4359 contulimus
2809 4322 2819 4355 :
2848 4306 3040 4355 collata
3061 4305 3176 4354 hinc
3205 4304 3425 4367 quisque
3455 4305 3720 4369 probabit.

2226 4373 2373 4421 Parte
2405 4367 2495 4420 Sed
2526 4373 2581 4420 in
2607 4371 2810 4420 decima
2838 4369 3042 4417 mendis
3077 4380 3204 4430 qum
3225 4371 3336 4415 tota
3359 4367 3589 4415 scatebat

2224 4434 2522 4482 Innumeris
2553 4446 2772 4495 semper,
2799 4431 2884 4479 vel
2911 4429 3108 4495 iniquo
3115 4429 3293 4495 judice
3321 4431 3545 4495 constat,

2225 4497 2492 4554 Quantum
2520 4491 2738 4543 mutarit
2764 4496 2945 4541 nostra
2979 4491 3125 4541 hanc
3146 4491 3416 4554 industria,
3431 4493 3670 4554 partem.

2226 4552 2331 4606 Hac
2359 4559 2414 4606 in
2443 4557 2718 4620 purganda
2749 4555 2973 4620 multum
3004 4567 3214 4620 quoque
3245 4552 3487 4620 praastitit
3514 4552 3640 4600 olim

2223 4615 2461 4682 Lipsius,
2485 4615 2731 4680 huncque
2761 4617 2872 4680 pari
2891 4617 2979 4682 _vir
3013 4615 3292 4666 sedulitate
3307 4619 3529 4682 secutus

2227 4676 2490 4730 Costerius
2521 4697 2536 4728 :
2567 4676 2868 4742 magna—est
2891 4679 3100 4742 borum,
3133 4691 3243 4742 non
3271 4676 3448 4742 gloria
3461 4689 3650 4742 parva.

2224 4745 2328 4792 Nos
2359 4747 2532 4792 tamen
2564 4739 2806 4804 optantes
2837 4741 3108 4789 meliorem
3135 4741 3406 4804 imponere
3437 4739 3638 4796 limam,

2225 4805 2393 4867 Majus
2424 4818 2559 4852 onus
2595 4801 3396 4867 sumus_aggressi,_gmaj_oraque
3429 4805 3600 4867 coepta
3627 4815 3646 4867 _:

2224 4862 2432 4928 Nosque
2466 4880 2562 4914 suo
2588 4867 2671 4914 hic
2697 4862 2927 4928 multum,
2952 4864 3125 4928 studio
3165 4862 3640 4928 Ytimmerins'acri

2223 4925 2367 4979 Juvit
2403 4943 2414 4976 :
2446 4929 2535 4990 qui
2561 4928 2706 4990 vigili
2730 4941 2856 4976 cura
2882 4926 3132 4988 vigilique
3166 4925 3344 4990 labore

2223 4994 2358 5042 Ante
2387 4987 2517 5039 alios
2550 4987 2687 5039 unus
2717 4990 2872 5051 longe
2901 4987 2980 5036 est
2999 4987 3336 5051 praestantior
3361 5000 3562 5051 omnes.

2225 5055 2319 5104 Ille
2341 5054 2707 5116 imperfectum
2738 5049 3105 5116 nil'linquens,
3133 5049 3319 5116 mutila
3350 5049 3516 5116 multa

2223 5112 2434 5179 Integra
2462 5115 2707 5179 restituit.
2734 5113 3012 5179 priscaque
3031 5113 3083 5160 in
3109 5112 3230 5179 sede
3255 5112 3464 5179 locavit.

2223 5173 2389 5234 Adda.
2419 5177 2560 5240 quod
2589 5191 2616 5226 e
2646 5173 2792 5224 libris
2823 5173 3023 5240 aliquot
3050 5178 3273 5223 tractata
3298 5173 3546 5240 vetustis,

2225 5235 2608 5302 Sermon‘esque
2638 5251 2813 5302 sacros
2847 5235 2942 5285 toti
2968 5250 3110 5285 nunc
3138 5235 3358 5302 protulit
3381 5235 3514 5302 orbi,

2226 5305 2273 5352 A
2301 5303 2449 5354 nullo
2483 5298 2706 5351 excusos
2734 5299 2899 5362 prius,
2923 5303 3077 5362 atque
3099 5298 3368 5349 a‘nemine
3402 5298 3545 5345 visos
3578 5309 3590 5344 :

625 5491 982 5546 Nachrichten
1005 5508 1108 5546 von
1137 5491 1468 5547 merkwurd.
1508 5489 1752 5545 Buchern
1777 5488 1857 5542 St.
1895 5487 2029 5540 LIII.
2066 5484 2148 5554 (Τ.
2183 5481 2301 5553 lX,)
2330 5481 2488 5536 Halle
2521 5481 2677 5546 1756,
2705 5494 2764 5549 p.
2791 5480 2897 5534 400
2929 5493 3084 5548 seqq.
