4060 6194
161 321 220 367 73
1172 315 1445 371 NOTITIA
1488 314 1909 370 LITTERARIA
1949 315 2015 368 IN
2055 316 2110 369 S.
2155 316 2622 373 AUGUSTINUM.
3506 340 3509 343 ·
3582 324 3655 401 7i

217 441 313 489 llos
346 440 401 487 in
424 439 568 488 calce
593 438 756 502 hujus
776 440 953 502 partis
977 437 1093 495 tibi,
1123 437 1347 487 candide
1371 437 1556 502 lector,

217 504 537 565 Linquimus,
562 506 623 550 ut
646 500 846 565 videas,
870 500 938 549 sit
961 505 1160 563 quanta
1188 500 1417 565 accessio
1445 502 1600 565 facta.

220 566 302 613 His
321 560 472 627 prius
502 577 726 611 excuses
751 560 1218 627 junctos'quoque,
1248 562 1429 627 lector,
1460 560 1676 611 habebis

218 626 549 688 Non’paucos
571 640 583 672 :
609 639 790 673 verum
814 639 1008 687 magna
1031 626 1153 686 quia
1186 630 1329 686 parte
1358 626 1575 688 fuerunt

220 687 476 750 Corrupti,
508 693 561 736 et
588 688 730 735 vitiis
761 692 1067 736 scatueruut
1093 687 1329 750 pluribus
1356 687 1462 735 illi:

221 753 279 800 Ut
302 752 342 798 si
365 748 648 812 supplendi
678 750 863 811 quavis
889 763 951 797 ex
982 753 1126 811 parte
1154 748 1397 805 fuissent,

221 815 411 875 Pagina
443 816 697 875 mutasset
720 812 910 874 pariter
942 824 1331 875 numerumque
1359 812 1637 875 locumque

221 872 460 929 Pri'stiua,
492 879 545 922 et
573 872 772 922 utilitas
794 887 953 935 parva
974 872 1115 929 hinc,
1141 873 1292 921 labor
1322 873 1592 935 improbus
1616 874 1769 920 esset.

222 938 410 986 Iudicis
440 937 525 985 hic
548 936 718 983 fuerat
741 936 893 993 ratio,
924 936 1006 997 pie
1037 935 1215 991 lector,
1242 935 1514 984 habenda:

220 1000 429 1048 Mutatis
458 998 689 1046 numeris
713 1011 833 1045 cum
853 1001 1146 1045 mutaretur
1168 1000 1221 1044 et
1244 997 1347 1045 ille.

220 1063 290 1109 Ne
314 1066 489 1109 tamen
523 1060 643 1107 inde
656 1060 832 1121 aliqua
856 1060 1137 1107 frustratus
1165 1073 1256 1121 spe
1285 1058 1510 1107 videaris
1533 1073 1545 1107 :

223 1125 403 1173 Omnia
438 1127 490 1170 in
513 1122 777 1184 adjunctis
807 1122 1017 1169 fuerant
1040 1135 1157 1184 quas
1182 1122 1342 1183 digna
1371 1125 1575 1184 notatu,

222 1187 340 1234 llaac
371 1182 740 1232 inserta’tenet
763 1189 929 1241 vetus,
956 1188 1009 1231 at
1038 1183 1205 1231 multo
1233 1182 1453 1244 auctior,
1485 1182 1668 1235 index.

281 1247 469 1319 thato
494 1260 525 1293 a
548 1245 825 1319 multistat
852 1245 1034 1319 multis
1058 1250 1180 1319 ante
1211 1250 1402 1319 negato

224 1306 400 1358 Indice
428 1308 669 1361 Possidii.
700 1308 814 1355 Divi
845 1307 938 1370 qui
959 1307 1203 1370 Auctoris
1227 1306 1475 1370 alumnus

224 1371 622 1480 Discipulusque
654 1370 770 1427 fuit,
799 1369 897 1417 nos
928 1369 1265 1416 Vlimmerius
1287 1369 1424 1417 idem

224 1434 504 1480 Particines
555 1433 672 1480 acit.
703 1436 755 1480 et
784 1431 1056 1480 praestanti
1086 1444 1304 1478 munere
1334 1432 1424 1478 dor

223 1431 504 1496 Participes
534 1431 672 1489 facit,
703 1431 1056 1496 et‘praastanti
1086 1444 1304 1496 munere
1334 1432 1515 1496 donat.

208 1513 223 1524 ο
250 1558 253 1559 ν
279 1492 448 1559 Atque
480 1496 522 1542 is
553 1492 872 1559 conveniens
902 1497 1097 1541 nostrae
1127 1497 1186 1559 ut
1210 1492 1343 1541 foret
1366 1492 1606 1559 editioni,

225 1554 379 1606 Haud"
395 1570 609 1620 operam
634 1556 904 1620 Aexiguam‘
938 1555 1268 1620 suscepimus
1298 1558 1453 1615 atque
1476 1554 1732 1619 laborem,

221 1623 292 1669 Ne
320 1616 599 1682 quicquam
630 1618 685 1666 in
712 1616 864 1666 nobis
892 1616 1057 1682 lector
1086 1616 1347 1682 desideret
1373 1630 1575 1682 aequus.

281 1678 512 1731 Diversis
541 1681 583 1729 si
607 1693 725 1742 quas
752 1679 1008 1742 sententia
1039 1679 1272 1742 pendula
1300 1678 1454 1726 dictis

222 1744 380 1812 Nobis
404 1744 516 1792 visa
538 1741 653 1812 fuit.
686 1742 818 1812 hanc
835 1741 1005 1812 signis
1034 1741 1257 1812 quisque
1280 1745 1519 1812 notatam

282 1807 489 1862 Cernet,
514 1809 566 1853 et
594 1818 655 1852 ex
687 1804 776 1852 illa
806 1803 905 1851 sibi
932 1816 1117 1850 sensus
1147 1803 1303 1863 eliget
1334 1806 1484 1864 aptos

225 1870 358 1925 Quin
385 1869 540 1917 etiam
567 1867 682 1914 aliis
711 1870 837 1914 sunt
862 1873 1015 1913 aucta
1042 1864 1314 1913 volumina
1343 1864 1544 1922 multis,

227 1934 352 1988 Quae
380 1943 489 1978 non
513 1930 667 1977 laude
700 1942 814 1988 sua,
847 1928 1011 1976 lector
1032 1927 1287 1985 studiose,
1320 1928 1593 1975 carebunt.

234 2030 448 2098 Nempe
489 2030 715 2082 Joannes
764 2028 1106 2082 Vlimmerius
1155 2025 1527 2089 Lovaniensis,
1560 2023 1722 2094 prior
1764 2040 1855 2077 ca-

160 2118 414 2173 nonicor.
448 2117 693 2187 regular.
730 2117 799 2170 ad
821 2116 876 2170 S.
910 2115 1238 2181 Martinum,
1270 2115 1329 2168 in
1368 2114 1553 2185 patria
1606 2112 1858 2183 plurium

160 2210 393 2263 Patrum
422 2206 645 2275 scriptis
675 2204 839 2259 editis
877 2204 1062 2257 clarus
1092 2204 1189 2275 (a),
1234 2218 1382 2256 anno
1436 2204 1570 2255 1564
1628 2200 1860 2255 Lovanii

159 2297 420 2351 ediderat
465 2296 765 2363 Augustini
822 2294 1098 2349 Sermones
1162 2293 1227 2347 de
1281 2293 1521 2346 Diversis
1585 2292 1747 2344 XLIII
1804 2295 1862 2344 et

156 2390 473 2453 fragmenta
513 2385 827 2439 Sermonum
882 2383 1088 2449 XXVII,
1136 2397 1200 2435 ex
1249 2381 1537 2435 Thesauro
1598 2379 1861 2450 Eugippii

158 2474 378 2529 abbatis
415 2480 471 2527 et
498 2471 932 2527 Commentariis
962 2471 1125 2525 Beda:
1155 2486 1255 2524 seu
1288 2469 1460 2534 Flori,
1514 2469 1860 2534 Lugdunen-

157 2564 232 2617 sis
272 2562 533 2616 Ecclesia
580 2560 801 2615 diaconi
857 2562 1142 2630 decerpta,
1174 2575 1289 2613 una
1337 2574 1467 2612 cum
1519 2558 1757 2612 Possidii
1784 2561 1863 2611 in-

159 2654 339 2707 dit-uio
366 2653 692 2719 scriptorum
727 2650 1022 2716 Augustini
1046 2663 1244 2701 recens
1273 2663 1307 2701 a
1335 2663 1394 2701 se
1435 2646 1495 2699 in
1552 2645 1862 2700 bibliothe-

158 2758 222 2794 ca
248 2740 495 2795 abbatis:
523 2737 876 2792 Villariensis
913 2740 1142 2807 reperto
1186 2741 1244 2791 et
1298 2751 1400 2807 per
1429 2734 1616 2805 ipsum
1648 2735 1861 2804 margi-

157 2830 382 2884 nalibns
410 2827 640 2882 scholiis
678 2827 982 2881 illustrato.
1044 2826 1416 2895 Inscripserat
1463 2824 1613 2878 edita
1642 2823 1741 2878 illa
1767 2825 1865 2877 ,Ια-

159 2919 276 2971 robo
306 2916 563 2979 Pamelio,
600 2931 889 2969 sacrarum
916 2914 1241 2969 litterarum
1302 2916 1439 2967 tunc
1486 2912 1774 2966 licentiato
1801 2927 1866 2965 ac

160 3006 363 3077 Brugis
400 3004 698 3070 canonico,
731 3004 990 3074 epistola,
1022 3003 1154 3057 data
1183 3000 1418 3056 Lovanii
1465 3017 1495 3054 e
1526 3017 1629 3054 suo
1671 3001 1861 3055 Marti-
1893 3028 1932 3083 ρ

158 3094 326 3147 niano
356 3092 618 3146 coenobio
653 3108 713 3146 ix
738 3092 964 3146 kalend.
992 3090 1199 3162 Aprilis
1213 3106 1362 3144 anno
1387 3089 1715 3143 M.D.LXIV.
1737 3089 1862 3143 Jam

158 3188 215 3235 ut
242 3196 515 3236 sermones
546 3180 637 3234 isti
683 3196 879 3235 recens
910 3181 980 3235 ab
1026 3180 1124 3233 illo
1174 3178 1310 3234 editi
1339 3178 1406 3232 ad
1454 3178 1666 3231 calcem
1720 3176 1863 3231 tomi

157 3273 197 3325 X
222 3270 521 3339 subjuncti
565 3274 716 3336 sunt,
769 3270 849 3323 ita
890 3268 1127 3323 Possidii
1178 3268 1403 3322 libellus
1432 3283 1550 3321 una
1577 3282 1708 3321 cum
1738 3265 1861 3335 epi-

157 3362 303 3415 stola
334 3359 654 3414 Vlimmerii
676 3359 933 3430 primum
960 3364 1185 3414 tomum
1216 3357 1419 3428 aperit.
1453 3357 1589 3421 Qum
1621 3355 1862 3427 epistola

156 3448 386 3503 induxit
418 3448 945 3519 Baumgartenium,
977 3452 1041 3502 ut
1069 3463 1221 3501 anno
1256 3448 1389 3501 1564
1411 3446 1717 3516 incoeptam
1738 3460 1861 3499 esse

157 3540 306 3593 hanc
360 3538 671 3592 editionem
720 3537 1073 3610 opinaretur,
1122 3536 1275 3607 quod
1337 3536 1650 3607 ignoraret,
1708 3534 1860 3589 haud

156 3628 356 3694 dubie,
387 3626 664 3697 peculiari
692 3626 852 3680 illam
883 3624 1122 3680 editioni
1152 3628 1319 3679 antea
1354 3623 1681 3678 inseruisse.
1714 3625 1862 3677 Prae.-

154 3722 318 3771 terea
356 3732 491 3769 vero
522 3716 693 3769 totius
726 3713 933 3769 decimi
988 3712 1132 3767 tomi
1178 3712 1632 3783 recognitionem
1682 3713 1859 3766 Vlim-

152 3806 379 3860 merius
407 3803 696 3871 sustinuit,
727 3808 793 3856 ut
823 3819 891 3856 ex
920 3803 1026 3856 hac
1059 3801 1299 3872 epistola
1328 3805 1504 3872 patet.

226 3896 519 3950 Caeterum
548 3892 850 3963 impressio
888 3892 1034 3946 facta
1063 3895 1164 3957 est,
1196 3894 1260 3944 ut
1307 3889 1366 3943 in
1420 3889 1732 3960 superiore,
1772 3889 1860 3944 bi-

152 3986 245 4039 nis
275 3982 582 4048 columnis,
636 3981 731 4036 sed
785 3981 979 4035 charta
1030 3980 1351 4049 litterisque
1404 3978 1698 4050 aliquanto
1747 3978 1860 4032 ele-

152 4072 543 4144 gantioribus.
602 4071 823 4126 Titulus
875 4068 1095 4141 primus
1147 4067 1347 4139 figuris
1403 4066 1610 4138 ligneis
1661 4066 1861 4123 formis

150 4162 458 4235 impressis
482 4166 787 4215 exornatus
816 4164 919 4214 est.

942 4248 1097 4303 l570.

1888 438 1931 491 A
1963 436 2097 490 bros
2120 436 2186 491 de
2210 438 2443 494 Civitate
2470 440 2574 493 Dei
2604 439 2845 508 epistola
2882 439 2957 493 ad
2994 440 3226 496 nobilem
3255 457 3317 497 ac
3344 457 3653 510 generosum

1951 526 2202 594 juvenem
2278 527 2350 581 Ι).
2440 529 2777 583 Stanislaum
2844 529 3299 597 Starzechovium,
3373 534 3649 594 Polonum.

1955 616 2179 669 Joannis
2268 616 2636 671 Starzechovii
2717 618 2978 683 Palatini,
3070 619 3421 687 Podoliensis,
3482 624 3655 690 ﬁlium

1962 704 2067 772 (de.
2101 706 2326 759 Basileae
2344 722 2396 758 a.
2428 706 2492 759 M.
2508 706 2721 759 D.LXX.
2746 706 2947 759 decimo
2966 712 3114 761 screto
3132 708 3442 779 Februarii)
3463 709 3522 763 in
3544 726 3659 781 qua

1961 791 2031 845 de
2052 809 2109 845 se
2141 799 2197 846 et
2216 810 2390 863 opera
2419 811 2517 847 sua
2550 793 2672 847 haec
2691 796 3027 863 profitetur:
3059 815 3084 846 α
3114 798 3444 851 Ambrosius
3462 804 3519 853 et
3545 802 3657 854 Au-

1961 880 2137 933 relius
2164 882 2423 935 Frobenii
2455 898 2586 936 cum
2617 882 2689 935 ob
2721 882 3000 936 defectum
3024 887 3438 955 exemplarium
3470 893 3665 955 quarto

1964 970 2346 1039 Augustinum
2403 972 2565 1041 prelo
2597 971 2877 1041 subjicere
2938 974 3381 1041 constituissent,
3457 991 3549 1029 me
3603 980 3671 1030 ut

1966 1075 2200 1128 operam
2238 1059 2297 1112 in
2329 1076 2396 1112 eo
2445 1060 2631 1114 denuo
2672 1061 3035 1125 conferendo,
3094 1064 3456 1134 repurgando
3497 1081 3560 1118 ac
3599 1065 3667 1118 il-

1966 1147 2261 1201 lustrando
2300 1154 2655 1217 praestarem,
2716 1150 3110 1216 obsecraruut,
3144 1152 3491 1223 tandemque
3514 1169 3667 1207 com-

1966 1236 2157 1289 munis
2181 1237 2440 1290 utilitatis
2470 1242 2733 1308 respectu
2763 1244 2819 1293 et
2847 1255 3143 1294 sacrorum
3190 1240 3487 1296 doctorum
3539 1258 3669 1313 pre-

1966 1324 2124 1379 cibus
2145 1325 2355 1380 victum
2386 1326 2455 1380 ad
2484 1327 2637 1381 hunc
2666 1328 2924 1383 laborem
2969 1344 3103 1382 sane
3152 1327 3571 1396 difficillimum,
3606 1346 3671 1384 ac

1966 1414 2227 1469 molestia
2295 1416 2527 1486 plenum
2586 1420 3007 1487 pertraxerunt,
3076 1422 3300 1471 motum
3349 1419 3671 1488 praesertim

1967 1508 2052 1557 tot
2072 1519 2411 1573 magnorum
2443 1508 2696 1559 virorum
2725 1509 3005 1577 exemplo,
3040 1523 3103 1560 ac
3124 1523 3316 1561 rerum
3336 1508 3673 1578 theologica-

1968 1608 2096 1645 rum
2126 1609 2189 1645 ac
2219 1592 2391 1662 hujus
2435 1594 2683 1648 auctoris
2712 1594 3064 1663 praestantia.
3128 1596 3281 1649 Hauc
3320 1596 3674 1666 provinciam

1966 1683 2110 1735 inter
2138 1682 2249 1734 alia
2278 1686 2491 1749 negotia
2543 1683 2957 1751 typographica,
3016 1684 3211 1751 quibus
3249 1685 3530 1751 obruebar,
3564 1692 3678 1740 tan-

1964 1769 2083 1822 dem
2108 1770 2229 1836 jam
2259 1773 2415 1823 tertio
2466 1777 2656 1824 emacto
2704 1787 2862 1834 anno,
2914 1776 3042 1841 post
3088 1776 3171 1825 tot
3219 1773 3675 1840 lucubrationes,

1964 1856 2223 1920 sudores,
2283 1856 2735 1910 intricatissimas
2815 1857 3224 1926 revolutiones,
3282 1860 3675 1915 distinctiones

1964 1948 2021 1997 et
2047 1944 2319 2012 abruptas
2373 1944 2672 2015 variasque
2730 1946 3098 2015 cogitationes
3146 1947 3434 2001 indefesso
3476 1950 3674 2004 labore

1965 2032 2136 2086 etiam
2166 2049 2295 2085 cum
2326 2034 2670 2087 valetudinis
2703 2035 2927 2103 jactura
2956 2035 3278 2105 exhaustas,
3306 2037 3387 2091 ita
3418 2054 3509 2091 me
3542 2055 3673 2109 ges-

1966 2121 2102 2175 sisse
2134 2138 2321 2191 spero,
2356 2127 2418 2175 ut
2475 2123 2665 2176 oleum
2726 2127 2781 2176 et
2828 2140 3063 2195 operam
3105 2141 3220 2179 non
3250 2126 3561 2195 perdidisse
3589 2129 3675 2182 vi-

1966 2209 2087 2264 deri
2118 2211 2354 2281 possim,
2409 2216 2464 2264 et
2519 2212 2670 2281 apud
2728 2212 3031 2284 theologia:
3070 2214 3353 2268 studiosos
3395 2220 3450 2269 et
3482 2233 3677 2288 aequos

1967 2316 2229 2353 censores
2262 2300 2507 2369 gratiam
2540 2316 2631 2353 me
2672 2317 2785 2353 non
2818 2303 3299 2357 contemnendam
3350 2304 3544 2358 iniisse
3572 2322 3676 2376 pu-

1966 2392 2102 2442 tem.
2138 2389 2243 2442 Sed
2280 2389 2503 2441 omissis
2536 2389 2643 2455 his,
2687 2389 2756 2442 ad
2792 2390 2973 2458 ipsam
3023 2407 3167 2455 rem,
3219 2408 3347 2462 quae
3406 2393 3463 2447 in
3518 2410 3677 2449 nova:

1968 2476 2236 2530 editionis
2266 2475 2601 2545 praefatione
2658 2478 2945 2548 praecipua
2965 2495 3087 2533 esse
3142 2480 3332 2545 debet,
3385 2482 3674 2549 accedam,

1967 2569 2019 2618 et
2048 2565 2182 2632 quid
2217 2567 2588 2633 praestiterim,
2641 2567 2934 2621 recensebo.
2996 2569 3183 2623 Primo
3223 2568 3459 2639 (praster
3507 2586 3677 2625 orna-

1970 2657 2163 2706 menta
2209 2654 2624 2723 typographica
2663 2659 2718 2708 et
2746 2654 3014 2721 indicem,
3072 2656 3269 2710 multis
3322 2657 3510 2714 modis
3571 2675 3675 2713 au-

1970 2745 2147 2807 ctum,
2180 2741 2435 2812 aliasque
2481 2742 2649 2796 utiles
2697 2742 3065 2813 accessiones)
3118 2746 3428 2815 Augustini
3481 2763 3677 2817 opera,

1972 2830 2190 2883 collatis
2248 2830 2727 2884 emendatissimis
2793 2832 3236 2901 exemplaribus,
3290 2833 3372 2888 ita
3424 2834 3675 2898 distinxi,

1974 2922 2035 2971 ut
2064 2917 2303 2987 posthac
2322 2917 2384 2971 in
2422 2917 2796 2988 intelligendo
2824 2918 3003 2971 lector
3031 2920 3215 2974 multo
3275 2936 3450 2991 quam
3507 2928 3679 2976 antea

1974 3006 2289 3077 expeditior
2316 3006 2389 3060 sit
2415 3006 2656 3061 futurus.
2700 3008 2941 3063 Secundo
2995 3024 3060 3062 ex
3113 3009 3315 3063 eadem
3373 3011 3676 3067 collatione

1970 3097 2245 3150 hactenus
2285 3095 2497 3151 omissa
2553 3096 2789 3166 inserui,
2830 3098 3137 3168 depravata
3188 3100 3423 3167 correxi,
3485 3102 3678 3155 luxata

1968 3185 2214 3240 restitui.
2270 3188 2447 3240 Tertio
2493 3184 2823 3239 testimonia
2874 3201 3049 3240 sacrae
3105 3185 3413 3257 Scripturae
3445 3193 3502 3243 et
3532 3190 3675 3245 alio-

1970 3288 2100 3326 rum
2122 3276 2443 3341 auctorum,
2475 3288 2607 3342 quas
2636 3272 2697 3325 in
2720 3272 2810 3326 his
2840 3272 3000 3327 libris
3052 3273 3318 3340 citantur,
3374 3274 3435 3329 in
3463 3276 3675 3347 margi-

1968 3377 2041 3415 ne
2072 3360 2377 3415 annotavi:
2411 3376 2689 3431 magnum
2712 3377 2848 3415 sane
2881 3360 3279 3431 adjumentum
3312 3360 3402 3415 his
3429 3361 3529 3433 qui
3553 3378 3676 3417 me-

1968 3449 2155 3503 moria
2184 3465 2300 3503 non
2331 3449 2471 3504 adeo
2499 3449 2709 3503 valent.
2744 3449 2946 3515 Quarto
2994 3449 3341 3520 marginales
3398 3466 3672 3515 summas,

1966 3541 2035 3592 ut
2052 3537 2275 3592 facilius
2313 3538 2704 3608 quaerentibus
2734 3537 2993 3592 materiae
3039 3542 3360 3604 occurrant,
3392 3555 3509 3593 non
3565 3540 3676 3594 levi

1968 3642 2099 3680 cum
2124 3626 2301 3681 totius
2331 3626 2520 3697 operis
2546 3626 2765 3680 lumine
2814 3626 3078 3697 adjunxi:
3110 3627 3432 3697 posteriora
3483 3632 3675 3683 tamen

1967 3715 2081 3769 duo
2111 3715 2357 3769 maxime
2386 3715 2446 3769 in
2468 3718 2657 3785 quinto
2677 3719 2729 3769 et
2767 3715 2971 3770 decimo
3022 3720 3179 3783 torno,
3209 3718 3269 3769 in
3321 3716 3514 3785 quibus
3562 3718 3678 3783 fere

1966 3808 2353 3874 sesquiannum
2412 3807 2735 3874 consumpsi,
2824 3809 2957 3859 sunt
3013 3805 3274 3875 adjecta:
3333 3806 3392 3860 in
3455 3806 3674 3862 decimo

1966 3895 2285 3964 prassertim
2301 3910 2420 3949 non
2445 3894 2930 3948 contemnendum
2952 3895 3319 3949 Tractatuum
3344 3899 3515 3967 atque
3546 3896 3677 3951 Ser-

1969 3999 2210 4038 monum
2242 3998 2549 4038 numerum
2581 3999 2649 4037 ex
2684 3984 3011 4051 Vlimmerii,
3042 3982 3151 4036 viri
3180 3984 3517 4038 venerandae
3576 4000 3677 4039 an-

1968 4072 2249 4142 tiquitatis
2275 4070 2746 4134 studiosisissimi,
2779 4071 3026 4125 editione
3057 4070 3266 4125 addidi.
3309 4072 3506 4137 Quinto
3557 4072 3678 4127 haec

1969 4159 2164 4214 omnia
2202 4176 2319 4213 non
2368 4160 2554 4214 solum
2586 4159 2666 4212 ita
2696 4158 2971 4228 disposui,
3030 4162 3093 4211 ut
3129 4157 3297 4211 multi
3348 4158 3442 4212 alii
3471 4160 3675 4227 solent,

1968 4249 2069 4303 sed
2099 4248 2273 4303 etiam
2305 4252 2369 4302 ut
2397 4247 2459 4301 in
2507 4252 2699 4301 actum
2730 4245 3169 4317 diligentissime
3201 4246 3674 4317 producerentur,

226 4341 467 4397 Basilez
489 4354 586 4409 per
610 4339 957 4393 Ambrosium
998 4341 1047 4390 et
1096 4336 1387 4390 Aurelium
1423 4335 1707 4389 Frobenios
1744 4336 1866 4402 fea-
1898 4322 1943 4377 D
1982 4339 2052 4393 ad
2081 4338 2240 4409 prela
2271 4338 2600 4409 frequenter
2627 4341 2817 4390 astans
2848 4351 3083 4406 operam
3126 4335 3273 4389 dedi.
3335 4336 3435 4390 Hic
3461 4342 3678 4405 autem,

157 4434 306 4495 tres;
340 4429 515 4495 ἐτι-[οι.
549 4428 614 4480 XI
636 4428 811 4481 tomis.
845 4426 909 4479 D.
940 4423 1159 4479 Aurelii
1179 4422 1503 4493 Augustini,
1531 4423 1871 4493 Hipponen—

151 4520 232 4573 sis
270 4515 531 4588 episcopi
554 4516 753 4586 Opera.

229 4608 450 4662 Mirum
499 4606 641 4658 forte
696 4603 865 4657 alicui
892 4602 1071 4657 videri
1108 4602 1311 4672 possit,
1360 4601 1532 4672 idque
1578 4600 1719 4654 mihi
1762 4600 1871 4671 ipsi

158 4697 439 4751 accidisse
474 4694 675 4760 fateor,
707 4693 860 4764 quod
897 4708 1025 4746 cum
1066 4692 1295 4763 plenam
1328 4696 1497 4762 atque
1552 4690 1871 4744 absolutam

156 4786 485 4839 editionem
544 4783 793 4854 Operum
841 4781 1146 4852 Augustini
1192 4779 1455 4851 proximo
1507 4796 1657 4834 anno
1695 4779 1871 4834 iidem

156 4874 437 4929 Frobenii
467 4872 673 4926 fratres
709 4871 1046 4938 dedisssent,
1081 4870 1343 4924 eamdem
1384 4869 1573 4924 denuo
1598 4869 1719 4938 jam
1767 4867 1872 4922 sub

150 4962 440 5018 incudem
462 4959 871 5015 revocaverint.
903 4962 1086 5030 Atque
1135 4958 1331 5029 paucis
1389 4963 1444 5011 et
1488 4958 1721 5012 fortasse
1768 4973 1870 5012 ne-

146 5052 314 5107 mini
350 5050 641 5122 cognitam
674 5064 793 5103 esse
819 5048 1102 5119 integram
1130 5052 1285 5102 certo
1316 5047 1590 5114 intellexi,
1650 5051 1713 5100 ut
1748 5047 1871 5117 jus-

147 5150 278 5196 tam
327 5138 630 5194 dubitandi
662 5154 888 5192 causam
928 5138 1137 5192 habere
1168 5136 1446 5203 duxerim,
1495 5137 1542 5190 si
1587 5153 1621 5189 a
1675 5135 1873 5206 quovis

146 5231 271 5285 alio
308 5229 520 5299 magis,
553 5243 728 5299 quam
785 5226 853 5281 ab
906 5226 1031 5295 ipso
1078 5227 1293 5281 editore
1350 5224 1745 5280 testimonium
1776 5240 1874 5278 ac-

149 5320 476 5392 cepissem.
510 5318 559 5371 Is
587 5332 722 5370 vero
770 5315 879 5370 fuit
909 5308 1208 5370 Ilieaauus
1264 5315 1470 5369 MYLIUS
1515 5312 1872 5383 Picropedia-

151 5425 291 5475 nus,
332 5410 641 5469 corrector,
674 5407 740 5457 ut
781 5419 978 5474 arguo.
1014 5409 1112 5457 aut
1141 5403 1570 5457 administrator
1612 5405 1875 5473 typogra-

154 5498 319 5568 phiae
356 5496 601 5550 fratrum
651 5492 1088 5559 Frobeniorum,
1136 5490 1237 5563 qui
1263 5491 1537 5563 prwfatus
1566 5494 1650 5546 est
1688 5491 1758 5545 ad
1802 5489 1872 5545 li-

225 5590 323 5658 (a)
356 5584 451 5641 Cf.
487 5585 731 5653 Foppens
763 5581 901 5636 Bibl.
925 5581 1043 5637 Bel.
1076 5581 1136 5636 'l‘.
1172 5581 1243 5648 II,
1272 5596 1329 5651 p.
1359 5582 1491 5635 747.

440 5689 721 5755 ΡΑτιιοι.
774 5688 1013 5756 XLVII.

1975 4426 2183 4499 pergit,
2222 4426 2463 4481 fortasse
2493 4424 2637 4479 mihi
2664 4428 2963 4479 occurrent
2990 4422 3129 4477 Zoili
3153 4422 3330 4478 invidi
3382 4428 3439 4478 et
3466 4427 3683 4481 calum-

1978 4515 2229 4571 niatores
2262 4514 2516 4586 (quibus,
2543 4530 2674 4568 cum
2705 4514 2817 4584 ipsi
2849 4512 3081 4583 quidem
3112 4512 3257 4566 nihil
3291 4517 3390 4567 aut
3418 4530 3535 4570 non
3563 4531 3682 4571 me-

1977 4604 2125 4659 liora
2154 4603 2383 4669 faciant,
2418 4604 2656 4656 aliorum
2707 4601 2934 4656 honesti
2990 4606 3227 4655 conatus
3284 4617 3510 4673 semper
3565 4604 3681 4659 dis-

1976 4693 2214 4763 plicent)
2246 4708 2338 4745 me
2366 4690 2588 4745 irrisuri
2619 4690 2719 4762 qui
2768 4695 2897 4761 post
2951 4695 3142 4744 tantos
3203 4689 3354 4745 viros
3408 4692 3471 4746 in
3520 4697 3680 4747 tanto

1978 4796 2150 4851 Opere
2182 4784 2374 4834 actum
2406 4779 2569 4850 quasi
2587 4794 2775 4849 agam,
2807 4784 2864 4832 et
2893 4778 3235 4850 arrogantiae
3265 4796 3357 4834 me
3386 4780 3680 4835 insimula-

1977 4870 2111 4925 turi.
2136 4869 2231 4923 His
2261 4869 2511 4923 breviter
2536 4869 2614 4923 ita
2642 4885 2979 4940 responsum
3001 4869 3153 4931 volo,
3179 4870 3431 4933 Erasmo,
3453 4870 3681 4924 Germa-

1979 4959 2090 5013 nia:
2118 4958 2387 5030 phasuici,
2429 4963 2486 5012 et
2518 4958 2802 5013 Ludovico
2832 4958 2972 5022 Vivi,
3005 4957 3124 5012 viro
3174 4957 3558 5023 eruditissmo,
3587 4973 3680 5011 me

1980 5047 2215 5120 quidem
2248 5064 2365 5102 non
2396 5047 2870 5119 comparandum,
2904 5048 3000 5102 sed
3028 5051 3219 5101 tamen
3242 5061 3361 5099 cum
3383 5060 3485 5115 per
3509 5061 3681 5101 emam-

1974 5139 2163 5208 plaria
2198 5138 2285 5192 illi
2309 5139 2495 5207 potius
2522 5152 2686 5207 quam
2712 5139 2999 5206 proprium
3025 5136 3317 5205 judicium,
3349 5139 3684 5204 repurgatio-

1978 5243 2099 5282 nem
2131 5243 2286 5282 suam
2311 5229 2658 5296 perfecerint,
2709 5229 2766 5279 et
2794 5242 2908 5279 non
2942 5224 3134 5278 omnia
3191 5222 3360 5277 simul
3400 5223 3526 5279 ﬁeri
3554 5240 3683 5294 pos-

1981 5316 2115 5385 sint,
2140 5332 2232 5370 me
2258 5315 2348 5369 die
2377 5315 2531 5369 diem
2560 5314 2816 5378 docente,
2848 5312 3112 5383 pluribus
3141 5309 3272 5365 illos
3324 5311 3682 5367 imitantibus

1982 5408 2038 5459 et
2066 5403 2480 5475 exemplarium
2511 5402 2733 5474 copiam
2764 5399 3126 5471 augentibus,
3157 5415 3262 5454 nec
3291 5400 3522 5467 leviora,
3579 5417 3683 5455 ne-

1981 5494 2120 5549 dum
2149 5492 2423 5549 notabilia
2452 5497 2639 5547 errata
2669 5491 2868 5545 tollere
2915 5487 3188 5559 potuisse.
3247 5488 3480 5546 Accedit
3528 5489 3683 5560 quod

3373 5688 3409 5745 3
