  <div class='ocr_page' id='page_1' title='image "/cluster/home/n/w/nwhite01/storage/ocr_20150623/47/hvd.32044096580683/043.png"; bbox 0 0 4044 6190; ppageno 0'>
   <div class='ocr_carea' id='block_1_1' title="bbox 388 250 466 329">
    <p class='ocr_par' dir='ltr' id='par_1_1' title="bbox 388 250 466 329">
     <span class='ocr_line' id='line_1_1' title="bbox 388 250 466 329; baseline 0 0"><span class='ocrx_word' id='word_1_1' title='bbox 388 250 466 329; x_wconf 66' lang='grc'><strong>’75</strong></span> 
     </span>
    </p>
   </div>
   <div class='ocr_carea' id='block_1_2' title="bbox 1426 263 2903 326">
    <p class='ocr_par' dir='ltr' id='par_1_2' title="bbox 1426 263 2903 326">
     <span class='ocr_line' id='line_1_2' title="bbox 1426 263 2903 326; baseline -0.005 0"><span class='ocrx_word' id='word_1_2' title='bbox 1426 268 1985 326; x_wconf 79' lang='lat' dir='ltr'><strong>SUPPLEMENTUM</strong></span> <span class='ocrx_word' id='word_1_3' title='bbox 2026 267 2116 322; x_wconf 83' lang='lat' dir='ltr'><strong>AD</strong></span> <span class='ocrx_word' id='word_1_4' title='bbox 2152 263 2390 322; x_wconf 84' lang='lat' dir='ltr'><strong>OPERA</strong></span> <span class='ocrx_word' id='word_1_5' title='bbox 2426 266 2482 321; x_wconf 87' lang='lat' dir='ltr'><strong>S.</strong></span> <span class='ocrx_word' id='word_1_6' title='bbox 2524 263 2903 321; x_wconf 85' lang='lat' dir='ltr'><strong>AUGUSTINI.</strong></span> 
     </span>
    </p>
   </div>
   <div class='ocr_carea' id='block_1_3' title="bbox 3820 270 3876 319">
    <p class='ocr_par' dir='ltr' id='par_1_3' title="bbox 3820 270 3876 319">
     <span class='ocr_line' id='line_1_3' title="bbox 3820 270 3876 319; baseline 0.018 -1"><span class='ocrx_word' id='word_1_7' title='bbox 3820 270 3876 319; x_wconf 85' lang='lat'><strong>76</strong></span> 
     </span>
    </p>
   </div>
   <div class='ocr_carea' id='block_1_4' title="bbox 404 383 3873 471">
    <p class='ocr_par' dir='ltr' id='par_1_4' title="bbox 404 383 3873 471">
     <span class='ocr_line' id='line_1_4' title="bbox 404 383 3873 471; baseline -0.003 -18"><span class='ocrx_word' id='word_1_8' title='bbox 404 412 706 471; x_wconf 84' lang='lat' dir='ltr'><strong>Operarum</strong></span> <span class='ocrx_word' id='word_1_9' title='bbox 728 394 1100 468; x_wconf 77' lang='lat' dir='ltr'><strong>negligentia,</strong></span> <span class='ocrx_word' id='word_1_10' title='bbox 1127 410 1258 450; x_wconf 89' lang='lat' dir='ltr'><strong>cum</strong></span> <span class='ocrx_word' id='word_1_11' title='bbox 1288 392 1399 465; x_wconf 89' lang='lat' dir='ltr'><strong>ipsi</strong></span> <span class='ocrx_word' id='word_1_12' title='bbox 1437 392 1609 464; x_wconf 84' lang='lat' dir='ltr'><strong>prelis</strong></span> <span class='ocrx_word' id='word_1_13' title='bbox 1650 408 1766 447; x_wconf 88' lang='lat' dir='ltr'><strong>non</strong></span> <span class='ocrx_word' id='word_1_14' title='bbox 1816 389 2103 458; x_wconf 81' lang='lat' dir='ltr'><strong>atl‘uerint,</strong></span> <span class='ocrx_word' id='word_1_15' title='bbox 2143 397 2185 448; x_wconf 84' lang='lat' dir='ltr'><strong>A</strong></span> <span class='ocrx_word' id='word_1_16' title='bbox 2285 390 2496 443; x_wconf 89' lang='lat' dir='ltr'><strong>Tomus</strong></span> <span class='ocrx_word' id='word_1_17' title='bbox 2526 387 2670 443; x_wconf 83' lang='grc' dir='ltr'>ΙΙΙ-Χ</span> <span class='ocrx_word' id='word_1_18' title='bbox 2718 384 3110 442; x_wconf 84' lang='lat' dir='ltr'><strong>inscribuntur</strong></span> <span class='ocrx_word' id='word_1_19' title='bbox 3157 388 3224 439; x_wconf 90' lang='lat' dir='ltr'><strong>ut</strong></span> <span class='ocrx_word' id='word_1_20' title='bbox 3273 383 3607 439; x_wconf 90' lang='lat' dir='ltr'><strong>Basileensis</strong></span> <span class='ocrx_word' id='word_1_21' title='bbox 3655 400 3704 438; x_wconf 91' lang='lat' dir='ltr'><strong>a.</strong></span> <span class='ocrx_word' id='word_1_22' title='bbox 3735 388 3873 454; x_wconf 81' lang='grc'><strong>1543,</strong></span> 
     </span>
    </p>
   </div>
   <div class='ocr_carea' id='block_1_5' title="bbox 400 478 2094 553">
    <p class='ocr_par' dir='ltr' id='par_1_5' title="bbox 400 478 2094 553">
     <span class='ocr_line' id='line_1_5' title="bbox 400 478 2094 553; baseline -0.006 -11"><span class='ocrx_word' id='word_1_23' title='bbox 400 489 582 542; x_wconf 88' lang='lat' dir='ltr'><strong>multa</strong></span> <span class='ocrx_word' id='word_1_24' title='bbox 601 486 779 541; x_wconf 86' lang='lat' dir='ltr'><strong>etiam</strong></span> <span class='ocrx_word' id='word_1_25' title='bbox 807 490 960 539; x_wconf 91' lang='lat' dir='ltr'><strong>recte</strong></span> <span class='ocrx_word' id='word_1_26' title='bbox 981 484 1290 539; x_wconf 90' lang='lat' dir='ltr'><strong>constituta</strong></span> <span class='ocrx_word' id='word_1_27' title='bbox 1315 486 1756 553; x_wconf 83' lang='lat' dir='ltr'><strong>corrumpantur</strong></span> <span class='ocrx_word' id='word_1_28' title='bbox 1802 485 1900 534; x_wconf 91' lang='lat' dir='ltr'><strong>aut</strong></span> <span class='ocrx_word' id='word_1_29' title='bbox 1928 478 2094 533; x_wconf 83' lang='lat' dir='ltr'><strong>omit--</strong></span> 
     </span>
    </p>
   </div>
   <div class='ocr_carea' id='block_1_6' title="bbox 397 569 2090 645">
    <p class='ocr_par' dir='ltr' id='par_1_6' title="bbox 397 569 2090 645">
     <span class='ocr_line' id='line_1_6' title="bbox 397 569 2090 645; baseline -0.005 -15"><span class='ocrx_word' id='word_1_30' title='bbox 397 579 629 629; x_wconf 89' lang='lat' dir='ltr'><strong>tantur:</strong></span> <span class='ocrx_word' id='word_1_31' title='bbox 668 575 821 645; x_wconf 91' lang='lat' dir='ltr'><strong>quod</strong></span> <span class='ocrx_word' id='word_1_32' title='bbox 852 579 911 627; x_wconf 92' lang='lat' dir='ltr'><strong>et</strong></span> <span class='ocrx_word' id='word_1_33' title='bbox 936 571 1205 643; x_wconf 72' lang='lat' dir='ltr'><strong>praesenti</strong></span> <span class='ocrx_word' id='word_1_34' title='bbox 1244 569 1389 625; x_wconf 91' lang='lat' dir='ltr'><strong>mihi</strong></span> <span class='ocrx_word' id='word_1_35' title='bbox 1430 571 1517 624; x_wconf 88' lang='lat' dir='ltr'><strong>vel</strong></span> <span class='ocrx_word' id='word_1_36' title='bbox 1566 571 1700 624; x_wconf 86' lang='lat' dir='ltr'><strong>satis</strong></span> <span class='ocrx_word' id='word_1_37' title='bbox 1738 569 1959 624; x_wconf 91' lang='lat' dir='ltr'><strong>intento</strong></span> <span class='ocrx_word' id='word_1_38' title='bbox 1986 584 2090 621; x_wconf 69' lang='lat' dir='ltr'><strong>saa-</strong></span> 
     </span>
    </p>
   </div>
   <div class='ocr_carea' id='block_1_7' title="bbox 397 658 2092 734">
    <p class='ocr_par' dir='ltr' id='par_1_7' title="bbox 397 658 2092 734">
     <span class='ocr_line' id='line_1_7' title="bbox 397 658 2092 734; baseline -0.004 -17"><span class='ocrx_word' id='word_1_39' title='bbox 397 664 630 734; x_wconf 89' lang='lat' dir='ltr'><strong>pissime</strong></span> <span class='ocrx_word' id='word_1_40' title='bbox 656 661 916 732; x_wconf 80' lang='lat' dir='ltr'><strong>contigit.</strong></span> <span class='ocrx_word' id='word_1_41' title='bbox 964 661 1068 715; x_wconf 89' lang='lat' dir='ltr'><strong>Sed</strong></span> <span class='ocrx_word' id='word_1_42' title='bbox 1128 659 1267 731; x_wconf 90' lang='lat' dir='ltr'><strong>quid</strong></span> <span class='ocrx_word' id='word_1_43' title='bbox 1318 658 1511 713; x_wconf 91' lang='lat' dir='ltr'><strong>multis</strong></span> <span class='ocrx_word' id='word_1_44' title='bbox 1543 659 1570 714; x_wconf 76' lang='lat' dir='ltr'><strong>i’</strong></span> <span class='ocrx_word' id='word_1_45' title='bbox 1620 661 1743 729; x_wconf 85' lang='lat' dir='ltr'><strong>ipsa</strong></span> <span class='ocrx_word' id='word_1_46' title='bbox 1797 658 2092 713; x_wconf 82' lang='lat' dir='ltr'><strong>editionum</strong></span> 
     </span>
    </p>
   </div>
   <div class='ocr_carea' id='block_1_8' title="bbox 399 744 2091 819">
    <p class='ocr_par' dir='ltr' id='par_1_8' title="bbox 399 744 2091 819">
     <span class='ocr_line' id='line_1_8' title="bbox 399 744 2091 819; baseline -0.005 -12"><span class='ocrx_word' id='word_1_47' title='bbox 399 754 634 819; x_wconf 76' lang='lat' dir='ltr'><strong>collatio,</strong></span> <span class='ocrx_word' id='word_1_48' title='bbox 663 750 798 819; x_wconf 87' lang='lat' dir='ltr'><strong>quid</strong></span> <span class='ocrx_word' id='word_1_49' title='bbox 838 752 1145 818; x_wconf 71' lang='lat' dir='ltr'><strong>praestitum</strong></span> <span class='ocrx_word' id='word_1_50' title='bbox 1173 751 1265 817; x_wconf 89' lang='lat' dir='ltr'><strong>sit,</strong></span> <span class='ocrx_word' id='word_1_51' title='bbox 1300 747 1527 802; x_wconf 85' lang='lat' dir='ltr'><strong>abunde</strong></span> <span class='ocrx_word' id='word_1_52' title='bbox 1580 746 1841 818; x_wconf 80' lang='lat' dir='ltr'><strong>diligenti</strong></span> <span class='ocrx_word' id='word_1_53' title='bbox 1898 744 2091 799; x_wconf 86' lang='lat' dir='ltr'><strong>lectori</strong></span> 
     </span>
    </p>
   </div>
   <div class='ocr_carea' id='block_1_9' title="bbox 397 834 2092 906">
    <p class='ocr_par' dir='ltr' id='par_1_9' title="bbox 397 834 2092 906">
     <span class='ocr_line' id='line_1_9' title="bbox 397 834 2092 906; baseline -0.003 -14"><span class='ocrx_word' id='word_1_54' title='bbox 397 838 716 892; x_wconf 83' lang='lat' dir='ltr'><strong>testabitur.</strong></span> <span class='ocrx_word' id='word_1_55' title='bbox 746 836 905 899; x_wconf 85' lang='lat' dir='ltr'><strong>Quod</strong></span> <span class='ocrx_word' id='word_1_56' title='bbox 932 852 1064 890; x_wconf 82' lang='lat' dir='ltr'><strong>vero</strong></span> <span class='ocrx_word' id='word_1_57' title='bbox 1095 837 1182 891; x_wconf 86' lang='lat' dir='ltr'><strong>hic</strong></span> <span class='ocrx_word' id='word_1_58' title='bbox 1211 842 1381 891; x_wconf 90' lang='lat' dir='ltr'><strong>tomus</strong></span> <span class='ocrx_word' id='word_1_59' title='bbox 1435 835 1675 906; x_wconf 89' lang='lat' dir='ltr'><strong>reliquis</strong></span> <span class='ocrx_word' id='word_1_60' title='bbox 1724 834 1797 889; x_wconf 88' lang='lat' dir='ltr'><strong>sit</strong></span> <span class='ocrx_word' id='word_1_61' title='bbox 1849 834 2092 888; x_wconf 81' lang='lat' dir='ltr'><strong>vendibi-</strong></span> 
     </span>
    </p>
   </div>
   <div class='ocr_carea' id='block_1_10' title="bbox 395 922 2088 995">
    <p class='ocr_par' dir='ltr' id='par_1_10' title="bbox 395 922 2088 995">
     <span class='ocr_line' id='line_1_10' title="bbox 395 922 2088 995; baseline -0.002 -16"><span class='ocrx_word' id='word_1_62' title='bbox 395 926 498 979; x_wconf 78' lang='lat' dir='ltr'><strong>lior</strong></span> <span class='ocrx_word' id='word_1_63' title='bbox 522 931 578 979; x_wconf 90' lang='lat' dir='ltr'><strong>et</strong></span> <span class='ocrx_word' id='word_1_64' title='bbox 597 925 657 977; x_wconf 92' lang='lat' dir='ltr'><strong>in</strong></span> <span class='ocrx_word' id='word_1_65' title='bbox 686 924 1045 979; x_wconf 87' lang='lat' dir='ltr'><strong>eruditorum</strong></span> <span class='ocrx_word' id='word_1_66' title='bbox 1088 923 1390 978; x_wconf 89' lang='lat' dir='ltr'><strong>hominum</strong></span> <span class='ocrx_word' id='word_1_67' title='bbox 1420 924 1686 978; x_wconf 90' lang='lat' dir='ltr'><strong>manibus</strong></span> <span class='ocrx_word' id='word_1_68' title='bbox 1713 922 2088 995; x_wconf 84' lang='lat' dir='ltr'><strong>frequentior,</strong></span> 
     </span>
    </p>
   </div>
   <div class='ocr_carea' id='block_1_11' title="bbox 393 1010 2089 1083">
    <p class='ocr_par' dir='ltr' id='par_1_11' title="bbox 393 1010 2089 1083">
     <span class='ocr_line' id='line_1_11' title="bbox 393 1010 2089 1083; baseline -0.002 -16"><span class='ocrx_word' id='word_1_69' title='bbox 393 1014 479 1067; x_wconf 84' lang='lat' dir='ltr'><strong>hic</strong></span> <span class='ocrx_word' id='word_1_70' title='bbox 502 1013 847 1081; x_wconf 83' lang='lat' dir='ltr'><strong>potissimum</strong></span> <span class='ocrx_word' id='word_1_71' title='bbox 878 1012 946 1066; x_wconf 93' lang='lat' dir='ltr'><strong>de</strong></span> <span class='ocrx_word' id='word_1_72' title='bbox 994 1012 1136 1066; x_wconf 90' lang='lat' dir='ltr'><strong>meis</strong></span> <span class='ocrx_word' id='word_1_73' title='bbox 1175 1012 1235 1065; x_wconf 91' lang='lat' dir='ltr'><strong>in</strong></span> <span class='ocrx_word' id='word_1_74' title='bbox 1284 1014 1394 1067; x_wconf 92' lang='lat' dir='ltr'><strong>hoc</strong></span> <span class='ocrx_word' id='word_1_75' title='bbox 1428 1012 1636 1066; x_wconf 85' lang='lat' dir='ltr'><strong>eximio</strong></span> <span class='ocrx_word' id='word_1_76' title='bbox 1676 1016 1835 1083; x_wconf 85' lang='lat' dir='ltr'><strong>patre</strong></span> <span class='ocrx_word' id='word_1_77' title='bbox 1873 1010 2089 1065; x_wconf 89' lang='lat' dir='ltr'><strong>labori-</strong></span> 
     </span>
    </p>
   </div>
   <div class='ocr_carea' id='block_1_12' title="bbox 391 1096 2089 1170">
    <p class='ocr_par' dir='ltr' id='par_1_12' title="bbox 391 1096 2089 1170">
     <span class='ocr_line' id='line_1_12' title="bbox 391 1096 2089 1170; baseline -0.002 -17"><span class='ocrx_word' id='word_1_78' title='bbox 391 1100 495 1154; x_wconf 87' lang='lat' dir='ltr'><strong>bus</strong></span> <span class='ocrx_word' id='word_1_79' title='bbox 522 1102 761 1170; x_wconf 66' lang='lat' dir='ltr'><strong>praefari</strong></span> <span class='ocrx_word' id='word_1_80' title='bbox 794 1100 978 1155; x_wconf 90' lang='lat' dir='ltr'><strong>libuit.</strong></span> <span class='ocrx_word' id='word_1_81' title='bbox 1014 1120 1041 1152; x_wconf 91' lang='lat'><strong>»</strong></span> <span class='ocrx_word' id='word_1_82' title='bbox 1073 1101 1316 1156; x_wconf 90' lang='lat' dir='ltr'><strong>Tantum</strong></span> <span class='ocrx_word' id='word_1_83' title='bbox 1374 1117 1443 1156; x_wconf 90' lang='lat' dir='ltr'><strong>ex</strong></span> <span class='ocrx_word' id='word_1_84' title='bbox 1487 1100 1726 1155; x_wconf 79' lang='lat' dir='ltr'><strong>verbosa</strong></span> <span class='ocrx_word' id='word_1_85' title='bbox 1779 1098 1931 1170; x_wconf 75' lang='lat' dir='ltr'><strong>Mylii</strong></span> <span class='ocrx_word' id='word_1_86' title='bbox 1961 1096 2089 1168; x_wconf 90' lang='lat' dir='ltr'><strong>epi-</strong></span> 
     </span>
    </p>
   </div>
   <div class='ocr_carea' id='block_1_13' title="bbox 390 1185 2088 1259">
    <p class='ocr_par' dir='ltr' id='par_1_13' title="bbox 390 1185 2088 1259">
     <span class='ocr_line' id='line_1_13' title="bbox 390 1185 2088 1259; baseline -0.002 -17"><span class='ocrx_word' id='word_1_87' title='bbox 390 1190 539 1242; x_wconf 85' lang='lat' dir='ltr'><strong>stola</strong></span> <span class='ocrx_word' id='word_1_88' title='bbox 567 1204 865 1258; x_wconf 85' lang='lat' dir='ltr'><strong>excerpere</strong></span> <span class='ocrx_word' id='word_1_89' title='bbox 905 1188 1089 1243; x_wconf 89' lang='lat' dir='ltr'><strong>visum</strong></span> <span class='ocrx_word' id='word_1_90' title='bbox 1142 1188 1269 1257; x_wconf 82' lang='lat' dir='ltr'><strong>fuit,</strong></span> <span class='ocrx_word' id='word_1_91' title='bbox 1336 1193 1401 1243; x_wconf 88' lang='lat' dir='ltr'><strong>ut</strong></span> <span class='ocrx_word' id='word_1_92' title='bbox 1454 1188 1565 1259; x_wconf 87' lang='lat' dir='ltr'><strong>ipsi</strong></span> <span class='ocrx_word' id='word_1_93' title='bbox 1620 1189 1859 1242; x_wconf 87' lang='lat' dir='ltr'><strong>lectores</strong></span> <span class='ocrx_word' id='word_1_94' title='bbox 1911 1185 2088 1241; x_wconf 86' lang='lat' dir='ltr'><strong>oculis</strong></span> 
     </span>
    </p>
   </div>
   <div class='ocr_carea' id='block_1_14' title="bbox 390 1274 2089 1348">
    <p class='ocr_par' dir='ltr' id='par_1_14' title="bbox 390 1274 2089 1348">
     <span class='ocr_line' id='line_1_14' title="bbox 390 1274 2089 1348; baseline -0.002 -18"><span class='ocrx_word' id='word_1_95' title='bbox 390 1277 505 1331; x_wconf 85' lang='lat' dir='ltr'><strong>suis</strong></span> <span class='ocrx_word' id='word_1_96' title='bbox 557 1276 873 1338; x_wconf 87' lang='lat' dir='ltr'><strong>haurirent,</strong></span> <span class='ocrx_word' id='word_1_97' title='bbox 915 1277 1067 1347; x_wconf 91' lang='lat' dir='ltr'><strong>quod</strong></span> <span class='ocrx_word' id='word_1_98' title='bbox 1110 1293 1178 1332; x_wconf 88' lang='lat' dir='ltr'><strong>ex</strong></span> <span class='ocrx_word' id='word_1_99' title='bbox 1226 1276 1444 1331; x_wconf 86' lang='lat' dir='ltr'><strong>intuitu</strong></span> <span class='ocrx_word' id='word_1_100' title='bbox 1499 1276 1732 1348; x_wconf 89' lang='lat' dir='ltr'><strong>quidem</strong></span> <span class='ocrx_word' id='word_1_101' title='bbox 1784 1274 1936 1330; x_wconf 87' lang='lat' dir='ltr'><strong>tituli</strong></span> <span class='ocrx_word' id='word_1_102' title='bbox 1966 1275 2089 1345; x_wconf 88' lang='lat' dir='ltr'><strong>ejus</strong></span> 
     </span>
    </p>
   </div>
   <div class='ocr_carea' id='block_1_15' title="bbox 386 1364 2088 1437">
    <p class='ocr_par' dir='ltr' id='par_1_15' title="bbox 386 1364 2088 1437">
     <span class='ocr_line' id='line_1_15' title="bbox 386 1364 2088 1437; baseline -0.001 -19"><span class='ocrx_word' id='word_1_103' title='bbox 386 1364 715 1435; x_wconf 81' lang='lat' dir='ltr'><strong>voluminis,</strong></span> <span class='ocrx_word' id='word_1_104' title='bbox 745 1365 837 1419; x_wconf 91' lang='lat' dir='ltr'><strong>cui</strong></span> <span class='ocrx_word' id='word_1_105' title='bbox 851 1365 951 1419; x_wconf 91' lang='lat' dir='ltr'><strong>illa</strong></span> <span class='ocrx_word' id='word_1_106' title='bbox 973 1365 1231 1431; x_wconf 70' lang='lat' dir='ltr'><strong>adhaesit,</strong></span> <span class='ocrx_word' id='word_1_107' title='bbox 1263 1365 1504 1420; x_wconf 92' lang='lat' dir='ltr'><strong>minime</strong></span> <span class='ocrx_word' id='word_1_108' title='bbox 1524 1369 1783 1437; x_wconf 88' lang='lat' dir='ltr'><strong>arguent,</strong></span> <span class='ocrx_word' id='word_1_109' title='bbox 1803 1364 2088 1434; x_wconf 82' lang='lat' dir='ltr'><strong>integram</strong></span> 
     </span>
    </p>
   </div>
   <div class='ocr_carea' id='block_1_16' title="bbox 388 1454 2087 1526">
    <p class='ocr_par' dir='ltr' id='par_1_16' title="bbox 388 1454 2087 1526">
     <span class='ocr_line' id='line_1_16' title="bbox 388 1454 2087 1526; baseline -0.002 -17"><span class='ocrx_word' id='word_1_110' title='bbox 388 1470 628 1526; x_wconf 93' lang='lat' dir='ltr'><strong>operum</strong></span> <span class='ocrx_word' id='word_1_111' title='bbox 661 1454 960 1525; x_wconf 83' lang='lat' dir='ltr'><strong>Augustini</strong></span> <span class='ocrx_word' id='word_1_112' title='bbox 991 1454 1303 1509; x_wconf 89' lang='lat' dir='ltr'><strong>editionem</strong></span> <span class='ocrx_word' id='word_1_113' title='bbox 1343 1455 1533 1509; x_wconf 93' lang='lat' dir='ltr'><strong>denuo</strong></span> <span class='ocrx_word' id='word_1_114' title='bbox 1582 1455 1690 1509; x_wconf 91' lang='lat' dir='ltr'><strong>hoc</strong></span> <span class='ocrx_word' id='word_1_115' title='bbox 1744 1470 1892 1508; x_wconf 87' lang='lat' dir='ltr'><strong>anno</strong></span> <span class='ocrx_word' id='word_1_116' title='bbox 1950 1468 2087 1523; x_wconf 92' lang='lat' dir='ltr'><strong>per-</strong></span> 
     </span>
    </p>
   </div>
   <div class='ocr_carea' id='block_1_17' title="bbox 387 1531 2085 1612">
    <p class='ocr_par' dir='ltr' id='par_1_17' title="bbox 387 1531 2085 1612">
     <span class='ocr_line' id='line_1_17' title="bbox 387 1531 2085 1612; baseline -0.002 -14"><span class='ocrx_word' id='word_1_117' title='bbox 387 1531 570 1598; x_wconf 82' lang='lat' dir='ltr'><strong>actam</strong></span> <span class='ocrx_word' id='word_1_118' title='bbox 601 1543 731 1597; x_wconf 91' lang='lat' dir='ltr'><strong>dici.</strong></span> <span class='ocrx_word' id='word_1_119' title='bbox 768 1544 929 1606; x_wconf 86' lang='lat' dir='ltr'><strong>Nam,</strong></span> <span class='ocrx_word' id='word_1_120' title='bbox 968 1548 1030 1597; x_wconf 92' lang='lat' dir='ltr'><strong>ut</strong></span> <span class='ocrx_word' id='word_1_121' title='bbox 1075 1547 1244 1598; x_wconf 88' lang='lat' dir='ltr'><strong>antea</strong></span> <span class='ocrx_word' id='word_1_122' title='bbox 1298 1544 1564 1607; x_wconf 87' lang='lat' dir='ltr'><strong>diximus,</strong></span> <span class='ocrx_word' id='word_1_123' title='bbox 1616 1544 1886 1597; x_wconf 83' lang='lat' dir='ltr'><strong>volumen</strong></span> <span class='ocrx_word' id='word_1_124' title='bbox 1933 1541 2085 1612; x_wconf 87' lang='lat' dir='ltr'><strong>apud</strong></span> 
     </span>
    </p>
   </div>
   <div class='ocr_carea' id='block_1_18' title="bbox 386 1630 2083 1701">
    <p class='ocr_par' dir='ltr' id='par_1_18' title="bbox 386 1630 2083 1701">
     <span class='ocr_line' id='line_1_18' title="bbox 386 1630 2083 1701; baseline -0.001 -18"><span class='ocrx_word' id='word_1_125' title='bbox 386 1646 491 1685; x_wconf 90' lang='lat' dir='ltr'><strong>nos</strong></span> <span class='ocrx_word' id='word_1_126' title='bbox 547 1636 649 1697; x_wconf 91' lang='lat' dir='ltr'><strong>est,</strong></span> <span class='ocrx_word' id='word_1_127' title='bbox 692 1631 867 1685; x_wconf 89' lang='lat' dir='ltr'><strong>libros</strong></span> <span class='ocrx_word' id='word_1_128' title='bbox 923 1632 993 1685; x_wconf 93' lang='lat' dir='ltr'><strong>de</strong></span> <span class='ocrx_word' id='word_1_129' title='bbox 1046 1630 1281 1685; x_wconf 88' lang='lat' dir='ltr'><strong>Civitate</strong></span> <span class='ocrx_word' id='word_1_130' title='bbox 1341 1632 1440 1685; x_wconf 91' lang='lat' dir='ltr'><strong>Dei</strong></span> <span class='ocrx_word' id='word_1_131' title='bbox 1486 1632 1888 1701; x_wconf 90' lang='lat' dir='ltr'><strong>complectens,</strong></span> <span class='ocrx_word' id='word_1_132' title='bbox 1921 1631 2083 1700; x_wconf 88' lang='lat' dir='ltr'><strong>cujus</strong></span> 
     </span>
    </p>
   </div>
   <div class='ocr_carea' id='block_1_19' title="bbox 384 1718 2084 1790">
    <p class='ocr_par' dir='ltr' id='par_1_19' title="bbox 384 1718 2084 1790">
     <span class='ocr_line' id='line_1_19' title="bbox 384 1718 2084 1790; baseline -0.001 -17"><span class='ocrx_word' id='word_1_133' title='bbox 384 1720 617 1773; x_wconf 86' lang='lat' dir='ltr'><strong>titulum</strong></span> <span class='ocrx_word' id='word_1_134' title='bbox 639 1723 711 1773; x_wconf 90' lang='lat' dir='ltr'><strong>ab</strong></span> <span class='ocrx_word' id='word_1_135' title='bbox 742 1720 841 1774; x_wconf 92' lang='lat' dir='ltr'><strong>illo</strong></span> <span class='ocrx_word' id='word_1_136' title='bbox 872 1720 962 1773; x_wconf 92' lang='lat' dir='ltr'><strong>ed.</strong></span> <span class='ocrx_word' id='word_1_137' title='bbox 994 1736 1046 1773; x_wconf 91' lang='lat' dir='ltr'><strong>a.</strong></span> <span class='ocrx_word' id='word_1_138' title='bbox 1082 1722 1217 1773; x_wconf 85' lang='grc'><strong>1569</strong></span> <span class='ocrx_word' id='word_1_139' title='bbox 1247 1720 1415 1790; x_wconf 89' lang='lat' dir='ltr'><strong>plane</strong></span> <span class='ocrx_word' id='word_1_140' title='bbox 1437 1720 1723 1773; x_wconf 88' lang='lat' dir='ltr'><strong>diversum</strong></span> <span class='ocrx_word' id='word_1_141' title='bbox 1772 1719 1940 1784; x_wconf 89' lang='lat' dir='ltr'><strong>infra,</strong></span> <span class='ocrx_word' id='word_1_142' title='bbox 1986 1718 2084 1772; x_wconf 89' lang='lat' dir='ltr'><strong>ubi</strong></span> 
     </span>
    </p>
   </div>
   <div class='ocr_carea' id='block_1_20' title="bbox 383 1806 2083 1879">
    <p class='ocr_par' dir='ltr' id='par_1_20' title="bbox 383 1806 2083 1879">
     <span class='ocr_line' id='line_1_20' title="bbox 383 1806 2083 1879; baseline -0.001 -18"><span class='ocrx_word' id='word_1_143' title='bbox 383 1809 453 1862; x_wconf 90' lang='lat' dir='ltr'><strong>ad</strong></span> <span class='ocrx_word' id='word_1_144' title='bbox 486 1809 718 1861; x_wconf 89' lang='lat' dir='ltr'><strong>illorum</strong></span> <span class='ocrx_word' id='word_1_145' title='bbox 759 1808 1037 1861; x_wconf 90' lang='lat' dir='ltr'><strong>librorum</strong></span> <span class='ocrx_word' id='word_1_146' title='bbox 1088 1807 1407 1879; x_wconf 86' lang='lat' dir='ltr'><strong>singulares</strong></span> <span class='ocrx_word' id='word_1_147' title='bbox 1456 1808 1735 1862; x_wconf 87' lang='lat' dir='ltr'><strong>editiones</strong></span> <span class='ocrx_word' id='word_1_148' title='bbox 1790 1806 2083 1862; x_wconf 89' lang='lat' dir='ltr'><strong>accesseri-</strong></span> 
     </span>
    </p>
   </div>
   <div class='ocr_carea' id='block_1_21' title="bbox 382 1895 2083 1968">
    <p class='ocr_par' dir='ltr' id='par_1_21' title="bbox 382 1895 2083 1968">
     <span class='ocr_line' id='line_1_21' title="bbox 382 1895 2083 1968; baseline -0.001 -18"><span class='ocrx_word' id='word_1_149' title='bbox 382 1912 531 1963; x_wconf 88' lang='lat' dir='ltr'><strong>mus,</strong></span> <span class='ocrx_word' id='word_1_150' title='bbox 567 1896 845 1950; x_wconf 86' lang='lat' dir='ltr'><strong>dabimus.</strong></span> <span class='ocrx_word' id='word_1_151' title='bbox 880 1896 1039 1960; x_wconf 85' lang='lat' dir='ltr'><strong>Quod</strong></span> <span class='ocrx_word' id='word_1_152' title='bbox 1084 1897 1157 1951; x_wconf 89' lang='lat' dir='ltr'><strong>ad</strong></span> <span class='ocrx_word' id='word_1_153' title='bbox 1217 1897 1403 1968; x_wconf 87' lang='lat' dir='ltr'><strong>ipsam</strong></span> <span class='ocrx_word' id='word_1_154' title='bbox 1450 1913 1585 1951; x_wconf 89' lang='lat' dir='ltr'><strong>vero</strong></span> <span class='ocrx_word' id='word_1_155' title='bbox 1626 1896 1927 1967; x_wconf 87' lang='lat' dir='ltr'><strong>epistolam</strong></span> <span class='ocrx_word' id='word_1_156' title='bbox 1957 1895 2083 1949; x_wconf 88' lang='lat' dir='ltr'><strong>atti-</strong></span> 
     </span>
    </p>
   </div>
   <div class='ocr_carea' id='block_1_22' title="bbox 381 1984 2079 2056">
    <p class='ocr_par' dir='ltr' id='par_1_22' title="bbox 381 1984 2079 2056">
     <span class='ocr_line' id='line_1_22' title="bbox 381 1984 2079 2056; baseline -0.001 -17"><span class='ocrx_word' id='word_1_157' title='bbox 381 1991 500 2052; x_wconf 88' lang='lat' dir='ltr'><strong>net,</strong></span> <span class='ocrx_word' id='word_1_158' title='bbox 548 2001 722 2056; x_wconf 89' lang='lat' dir='ltr'><strong>quam</strong></span> <span class='ocrx_word' id='word_1_159' title='bbox 769 2002 911 2039; x_wconf 88' lang='lat' dir='ltr'><strong>vane</strong></span> <span class='ocrx_word' id='word_1_160' title='bbox 953 1989 1009 2039; x_wconf 92' lang='lat' dir='ltr'><strong>et</strong></span> <span class='ocrx_word' id='word_1_161' title='bbox 1061 1985 1361 2040; x_wconf 81' lang='lat' dir='ltr'><strong>temerarie</strong></span> <span class='ocrx_word' id='word_1_162' title='bbox 1413 1986 1594 2039; x_wconf 89' lang='lat' dir='ltr'><strong>multa</strong></span> <span class='ocrx_word' id='word_1_163' title='bbox 1640 1985 1898 2056; x_wconf 88' lang='lat' dir='ltr'><strong>jactitata</strong></span> <span class='ocrx_word' id='word_1_164' title='bbox 1944 1984 2079 2054; x_wconf 89' lang='lat' dir='ltr'><strong>sint,</strong></span> 
     </span>
    </p>
   </div>
   <div class='ocr_carea' id='block_1_23' title="bbox 380 2074 2077 2146">
    <p class='ocr_par' dir='ltr' id='par_1_23' title="bbox 380 2074 2077 2146">
     <span class='ocr_line' id='line_1_23' title="bbox 380 2074 2077 2146; baseline 0 -19"><span class='ocrx_word' id='word_1_165' title='bbox 380 2090 550 2128; x_wconf 92' lang='lat' dir='ltr'><strong>nemo</strong></span> <span class='ocrx_word' id='word_1_166' title='bbox 580 2090 700 2127; x_wconf 91' lang='lat' dir='ltr'><strong>non</strong></span> <span class='ocrx_word' id='word_1_167' title='bbox 729 2074 920 2142; x_wconf 87' lang='lat' dir='ltr'><strong>videt;</strong></span> <span class='ocrx_word' id='word_1_168' title='bbox 950 2079 1202 2129; x_wconf 86' lang='lat' dir='ltr'><strong>attamen</strong></span> <span class='ocrx_word' id='word_1_169' title='bbox 1233 2090 1511 2146; x_wconf 87' lang='lat' dir='ltr'><strong>quorsum</strong></span> <span class='ocrx_word' id='word_1_170' title='bbox 1558 2075 1680 2128; x_wconf 65' lang='lat' dir='ltr'><strong>haec</strong></span> <span class='ocrx_word' id='word_1_171' title='bbox 1735 2074 1931 2128; x_wconf 89' lang='lat' dir='ltr'><strong>omnia</strong></span> <span class='ocrx_word' id='word_1_172' title='bbox 1967 2074 2077 2129; x_wconf 84' lang='lat' dir='ltr'><strong>dis-</strong></span> 
     </span>
    </p>
   </div>
   <div class='ocr_carea' id='block_1_24' title="bbox 376 2161 2080 2235">
    <p class='ocr_par' dir='ltr' id='par_1_24' title="bbox 376 2161 2080 2235">
     <span class='ocr_line' id='line_1_24' title="bbox 376 2161 2080 2235; baseline 0.003 -22"><span class='ocrx_word' id='word_1_173' title='bbox 376 2164 577 2229; x_wconf 87' lang='lat' dir='ltr'><strong>putata</strong></span> <span class='ocrx_word' id='word_1_174' title='bbox 615 2161 747 2227; x_wconf 87' lang='lat' dir='ltr'><strong>sint,</strong></span> <span class='ocrx_word' id='word_1_175' title='bbox 782 2178 899 2215; x_wconf 92' lang='lat' dir='ltr'><strong>non</strong></span> <span class='ocrx_word' id='word_1_176' title='bbox 957 2162 1119 2216; x_wconf 86' lang='lat' dir='ltr'><strong>facile</strong></span> <span class='ocrx_word' id='word_1_177' title='bbox 1174 2162 1480 2235; x_wconf 89' lang='lat' dir='ltr'><strong>intelliges.</strong></span> <span class='ocrx_word' id='word_1_178' title='bbox 1540 2163 1761 2217; x_wconf 87' lang='lat' dir='ltr'><strong>Etenim</strong></span> <span class='ocrx_word' id='word_1_179' title='bbox 1805 2168 1870 2217; x_wconf 91' lang='lat' dir='ltr'><strong>ut</strong></span> <span class='ocrx_word' id='word_1_180' title='bbox 1899 2178 2080 2219; x_wconf 91' lang='lat' dir='ltr'><strong>unum</strong></span> 
     </span>
    </p>
   </div>
   <div class='ocr_carea' id='block_1_25' title="bbox 379 2249 2078 2322">
    <p class='ocr_par' dir='ltr' id='par_1_25' title="bbox 379 2249 2078 2322">
     <span class='ocr_line' id='line_1_25' title="bbox 379 2249 2078 2322; baseline 0.002 -21"><span class='ocrx_word' id='word_1_181' title='bbox 379 2250 607 2302; x_wconf 88' lang='lat' dir='ltr'><strong>tantum</strong></span> <span class='ocrx_word' id='word_1_182' title='bbox 643 2249 951 2319; x_wconf 85' lang='lat' dir='ltr'><strong>proferam,</strong></span> <span class='ocrx_word' id='word_1_183' title='bbox 983 2266 1088 2320; x_wconf 87' lang='lat' dir='ltr'><strong>per</strong></span> <span class='ocrx_word' id='word_1_184' title='bbox 1114 2256 1229 2306; x_wconf 91' lang='lat' dir='ltr'><strong>tres</strong></span> <span class='ocrx_word' id='word_1_185' title='bbox 1279 2267 1458 2305; x_wconf 90' lang='lat' dir='ltr'><strong>annos</strong></span> <span class='ocrx_word' id='word_1_186' title='bbox 1505 2251 1691 2306; x_wconf 89' lang='lat' dir='ltr'><strong>editor</strong></span> <span class='ocrx_word' id='word_1_187' title='bbox 1744 2252 1896 2305; x_wconf 85' lang='lat' dir='ltr'><strong>hunc</strong></span> <span class='ocrx_word' id='word_1_188' title='bbox 1934 2251 2078 2322; x_wconf 88' lang='lat' dir='ltr'><strong>lapi-</strong></span> 
     </span>
    </p>
   </div>
   <div class='ocr_carea' id='block_1_26' title="bbox 378 2335 2079 2405">
    <p class='ocr_par' dir='ltr' id='par_1_26' title="bbox 378 2335 2079 2405">
     <span class='ocr_line' id='line_1_26' title="bbox 378 2335 2079 2405; baseline 0.001 -14"><span class='ocrx_word' id='word_1_189' title='bbox 378 2335 510 2392; x_wconf 89' lang='lat' dir='ltr'><strong>dem</strong></span> <span class='ocrx_word' id='word_1_190' title='bbox 533 2337 776 2392; x_wconf 90' lang='lat' dir='ltr'><strong>voluisse</strong></span> <span class='ocrx_word' id='word_1_191' title='bbox 796 2338 978 2392; x_wconf 91' lang='lat' dir='ltr'><strong>videri</strong></span> <span class='ocrx_word' id='word_1_192' title='bbox 1008 2340 1146 2405; x_wconf 89' lang='lat' dir='ltr'><strong>vult,</strong></span> <span class='ocrx_word' id='word_1_193' title='bbox 1180 2344 1244 2394; x_wconf 89' lang='lat' dir='ltr'><strong>ut</strong></span> <span class='ocrx_word' id='word_1_194' title='bbox 1273 2340 1581 2395; x_wconf 90' lang='lat' dir='ltr'><strong>correctior</strong></span> <span class='ocrx_word' id='word_1_195' title='bbox 1630 2345 1684 2394; x_wconf 92' lang='lat' dir='ltr'><strong>et</strong></span> <span class='ocrx_word' id='word_1_196' title='bbox 1732 2341 1936 2394; x_wconf 90' lang='lat' dir='ltr'><strong>melior</strong></span> <span class='ocrx_word' id='word_1_197' title='bbox 1966 2344 2079 2393; x_wconf 89' lang='lat' dir='ltr'><strong>Au-</strong></span> 
     </span>
    </p>
   </div>
   <div class='ocr_carea' id='block_1_27' title="bbox 378 2425 2077 2499">
    <p class='ocr_par' dir='ltr' id='par_1_27' title="bbox 378 2425 2077 2499">
     <span class='ocr_line' id='line_1_27' title="bbox 378 2425 2077 2499; baseline 0.003 -21"><span class='ocrx_word' id='word_1_198' title='bbox 378 2425 641 2495; x_wconf 89' lang='lat' dir='ltr'><strong>gustinus</strong></span> <span class='ocrx_word' id='word_1_199' title='bbox 670 2426 955 2496; x_wconf 88' lang='lat' dir='ltr'><strong>prodiret:</strong></span> <span class='ocrx_word' id='word_1_200' title='bbox 1013 2428 1346 2499; x_wconf 89' lang='lat' dir='ltr'><strong>intereaque</strong></span> <span class='ocrx_word' id='word_1_201' title='bbox 1394 2430 1466 2483; x_wconf 90' lang='lat' dir='ltr'><strong>ab</strong></span> <span class='ocrx_word' id='word_1_202' title='bbox 1528 2428 1748 2495; x_wconf 90' lang='lat' dir='ltr'><strong>iisdem,</strong></span> <span class='ocrx_word' id='word_1_203' title='bbox 1792 2428 1891 2499; x_wconf 89' lang='lat' dir='ltr'><strong>qui</strong></span> <span class='ocrx_word' id='word_1_204' title='bbox 1921 2429 1973 2482; x_wconf 92' lang='lat' dir='ltr'><strong>ei</strong></span> <span class='ocrx_word' id='word_1_205' title='bbox 2003 2428 2077 2483; x_wconf 87' lang='lat' dir='ltr'><strong>is-</strong></span> 
     </span>
    </p>
   </div>
   <div class='ocr_carea' id='block_1_28' title="bbox 377 2515 2078 2588">
    <p class='ocr_par' dir='ltr' id='par_1_28' title="bbox 377 2515 2078 2588">
     <span class='ocr_line' id='line_1_28' title="bbox 377 2515 2078 2588; baseline 0.002 -21"><span class='ocrx_word' id='word_1_206' title='bbox 377 2520 496 2568; x_wconf 87' lang='lat' dir='ltr'><strong>tam</strong></span> <span class='ocrx_word' id='word_1_207' title='bbox 578 2515 951 2585; x_wconf 88' lang='lat' dir='ltr'><strong>injunxerant</strong></span> <span class='ocrx_word' id='word_1_208' title='bbox 997 2516 1375 2587; x_wconf 88' lang='lat' dir='ltr'><strong>provinciam,</strong></span> <span class='ocrx_word' id='word_1_209' title='bbox 1452 2521 1636 2572; x_wconf 90' lang='lat' dir='ltr'><strong>totum</strong></span> <span class='ocrx_word' id='word_1_210' title='bbox 1694 2517 2078 2588; x_wconf 83' lang='lat' dir='ltr'><strong>Augustinum</strong></span> 
     </span>
    </p>
   </div>
   <div class='ocr_carea' id='block_1_29' title="bbox 375 2603 2078 2677">
    <p class='ocr_par' dir='ltr' id='par_1_29' title="bbox 375 2603 2078 2677">
     <span class='ocr_line' id='line_1_29' title="bbox 375 2603 2078 2677; baseline 0.002 -22"><span class='ocrx_word' id='word_1_211' title='bbox 375 2603 589 2673; x_wconf 78' lang='lat' dir='ltr'><strong>absque</strong></span> <span class='ocrx_word' id='word_1_212' title='bbox 620 2604 735 2657; x_wconf 88' lang='lat' dir='ltr'><strong>ulla</strong></span> <span class='ocrx_word' id='word_1_213' title='bbox 764 2603 919 2658; x_wconf 91' lang='lat' dir='ltr'><strong>illius</strong></span> <span class='ocrx_word' id='word_1_214' title='bbox 950 2604 1055 2658; x_wconf 88' lang='lat' dir='ltr'><strong>viri</strong></span> <span class='ocrx_word' id='word_1_215' title='bbox 1086 2605 1345 2677; x_wconf 89' lang='lat' dir='ltr'><strong>impensa</strong></span> <span class='ocrx_word' id='word_1_216' title='bbox 1375 2622 1548 2677; x_wconf 88' lang='lat' dir='ltr'><strong>opera</strong></span> <span class='ocrx_word' id='word_1_217' title='bbox 1578 2606 1778 2660; x_wconf 86' lang='lat' dir='ltr'><strong>excudi</strong></span> <span class='ocrx_word' id='word_1_218' title='bbox 1828 2606 2078 2677; x_wconf 90' lang='lat' dir='ltr'><strong>potuisse</strong></span> 
     </span>
    </p>
   </div>
   <div class='ocr_carea' id='block_1_30' title="bbox 373 2691 2078 2766">
    <p class='ocr_par' dir='ltr' id='par_1_30' title="bbox 373 2691 2078 2766">
     <span class='ocr_line' id='line_1_30' title="bbox 373 2691 2078 2766; baseline 0.002 -21"><span class='ocrx_word' id='word_1_219' title='bbox 373 2691 748 2760; x_wconf 85' lang='lat' dir='ltr'><strong>putabimus?</strong></span> <span class='ocrx_word' id='word_1_220' title='bbox 801 2696 887 2747; x_wconf 90' lang='lat' dir='ltr'><strong>An</strong></span> <span class='ocrx_word' id='word_1_221' title='bbox 940 2710 1074 2748; x_wconf 91' lang='lat' dir='ltr'><strong>vero</strong></span> <span class='ocrx_word' id='word_1_222' title='bbox 1103 2699 1187 2749; x_wconf 89' lang='lat' dir='ltr'><strong>tot</strong></span> <span class='ocrx_word' id='word_1_223' title='bbox 1234 2712 1299 2749; x_wconf 90' lang='lat' dir='ltr'><strong>ac</strong></span> <span class='ocrx_word' id='word_1_224' title='bbox 1349 2700 1467 2749; x_wconf 88' lang='lat' dir='ltr'><strong>tam</strong></span> <span class='ocrx_word' id='word_1_225' title='bbox 1516 2695 1751 2766; x_wconf 87' lang='lat' dir='ltr'><strong>cupidos</strong></span> <span class='ocrx_word' id='word_1_226' title='bbox 1799 2696 2078 2749; x_wconf 88' lang='lat' dir='ltr'><strong>editiones</strong></span> 
     </span>
    </p>
   </div>
   <div class='ocr_carea' id='block_1_31' title="bbox 371 2779 2075 2855">
    <p class='ocr_par' dir='ltr' id='par_1_31' title="bbox 371 2779 2075 2855">
     <span class='ocr_line' id='line_1_31' title="bbox 371 2779 2075 2855; baseline 0.004 -23"><span class='ocrx_word' id='word_1_227' title='bbox 371 2779 501 2833; x_wconf 91' lang='lat' dir='ltr'><strong>illas</strong></span> <span class='ocrx_word' id='word_1_228' title='bbox 530 2786 587 2835; x_wconf 92' lang='lat' dir='ltr'><strong>et</strong></span> <span class='ocrx_word' id='word_1_229' title='bbox 614 2786 966 2851; x_wconf 88' lang='lat' dir='ltr'><strong>postremam</strong></span> <span class='ocrx_word' id='word_1_230' title='bbox 998 2783 1244 2838; x_wconf 85' lang='lat' dir='ltr'><strong>maxime</strong></span> <span class='ocrx_word' id='word_1_231' title='bbox 1302 2790 1590 2855; x_wconf 89' lang='lat' dir='ltr'><strong>emptores</strong></span> <span class='ocrx_word' id='word_1_232' title='bbox 1640 2783 1924 2838; x_wconf 87' lang='lat' dir='ltr'><strong>invenisse</strong></span> <span class='ocrx_word' id='word_1_233' title='bbox 1955 2800 2075 2838; x_wconf 91' lang='lat' dir='ltr'><strong>cre-</strong></span> 
     </span>
    </p>
   </div>
   <div class='ocr_carea' id='block_1_32' title="bbox 306 2867 2077 2943">
    <p class='ocr_par' dir='ltr' id='par_1_32' title="bbox 306 2867 2077 2943">
     <span class='ocr_line' id='line_1_32' title="bbox 306 2867 2077 2943; baseline 0.003 -22"><span class='ocrx_word' id='word_1_234' title='bbox 306 2934 307 2937; x_wconf 19' lang='grc' dir='ltr'><strong>η</strong></span> <span class='ocrx_word' id='word_1_235' title='bbox 372 2867 545 2922; x_wconf 91' lang='lat' dir='ltr'><strong>dihile</strong></span> <span class='ocrx_word' id='word_1_236' title='bbox 581 2874 683 2936; x_wconf 85' lang='lat' dir='ltr'><strong>est,</strong></span> <span class='ocrx_word' id='word_1_237' title='bbox 746 2875 810 2925; x_wconf 90' lang='lat' dir='ltr'><strong>ut</strong></span> <span class='ocrx_word' id='word_1_238' title='bbox 863 2872 1124 2941; x_wconf 89' lang='lat' dir='ltr'><strong>pluribus</strong></span> <span class='ocrx_word' id='word_1_239' title='bbox 1181 2873 1385 2927; x_wconf 89' lang='lat' dir='ltr'><strong>eodem</strong></span> <span class='ocrx_word' id='word_1_240' title='bbox 1428 2878 1685 2943; x_wconf 88' lang='lat' dir='ltr'><strong>tempore</strong></span> <span class='ocrx_word' id='word_1_241' title='bbox 1733 2873 1869 2926; x_wconf 89' lang='lat' dir='ltr'><strong>viris</strong></span> <span class='ocrx_word' id='word_1_242' title='bbox 1900 2873 2077 2927; x_wconf 90' lang='lat' dir='ltr'><strong>doctis</strong></span> 
     </span>
    </p>
   </div>
   <div class='ocr_carea' id='block_1_33' title="bbox 374 2958 2146 3041">
    <p class='ocr_par' dir='ltr' id='par_1_33' title="bbox 374 2958 2146 3041">
     <span class='ocr_line' id='line_1_33' title="bbox 374 2958 2146 3041; baseline 0.003 -31"><span class='ocrx_word' id='word_1_243' title='bbox 374 2958 850 3028; x_wconf 89' lang='lat' dir='ltr'><strong>expurgationem</strong></span> <span class='ocrx_word' id='word_1_244' title='bbox 906 2976 1144 3030; x_wconf 90' lang='lat' dir='ltr'><strong>operum</strong></span> <span class='ocrx_word' id='word_1_245' title='bbox 1194 2961 1550 3016; x_wconf 83' lang='lat' dir='ltr'><strong>committere</strong></span> <span class='ocrx_word' id='word_1_246' title='bbox 1583 2978 1699 3016; x_wconf 94' lang='lat' dir='ltr'><strong>non</strong></span> <span class='ocrx_word' id='word_1_247' title='bbox 1751 2961 2146 3041; x_wconf 75' lang='lat' dir='ltr'><strong>dubitarentc</strong></span> 
     </span>
    </p>
   </div>
   <div class='ocr_carea' id='block_1_34' title="bbox 2118 1688 2158 1742">
    <p class='ocr_par' dir='ltr' id='par_1_34' title="bbox 2118 1688 2158 1742">
     <span class='ocr_line' id='line_1_34' title="bbox 2118 1688 2158 1742; baseline 0 0"><span class='ocrx_word' id='word_1_248' title='bbox 2118 1688 2158 1742; x_wconf 90' lang='grc' dir='ltr'>Β</span> 
     </span>
    </p>
   </div>
   <div class='ocr_carea' id='block_1_35' title="bbox 372 3045 2075 3121">
    <p class='ocr_par' dir='ltr' id='par_1_35' title="bbox 372 3045 2075 3121">
     <span class='ocr_line' id='line_1_35' title="bbox 372 3045 2075 3121; baseline 0.004 -23"><span class='ocrx_word' id='word_1_249' title='bbox 372 3045 661 3112; x_wconf 89' lang='lat' dir='ltr'><strong>Frobenii,</strong></span> <span class='ocrx_word' id='word_1_250' title='bbox 693 3062 919 3116; x_wconf 91' lang='lat' dir='ltr'><strong>semper</strong></span> <span class='ocrx_word' id='word_1_251' title='bbox 948 3048 1281 3117; x_wconf 88' lang='lat' dir='ltr'><strong>imprimere</strong></span> <span class='ocrx_word' id='word_1_252' title='bbox 1332 3050 1533 3120; x_wconf 89' lang='lat' dir='ltr'><strong>parati,</strong></span> <span class='ocrx_word' id='word_1_253' title='bbox 1577 3056 1637 3104; x_wconf 92' lang='lat' dir='ltr'><strong>ut</strong></span> <span class='ocrx_word' id='word_1_254' title='bbox 1665 3051 1899 3121; x_wconf 90' lang='lat' dir='ltr'><strong>plagula</strong></span> <span class='ocrx_word' id='word_1_255' title='bbox 1949 3067 2075 3121; x_wconf 91' lang='lat' dir='ltr'><strong>pre-</strong></span> 
     </span>
    </p>
   </div>
   <div class='ocr_carea' id='block_1_36' title="bbox 370 3133 2074 3208">
    <p class='ocr_par' dir='ltr' id='par_1_36' title="bbox 370 3133 2074 3208">
     <span class='ocr_line' id='line_1_36' title="bbox 370 3133 2074 3208; baseline 0.005 -22"><span class='ocrx_word' id='word_1_256' title='bbox 370 3133 427 3187; x_wconf 95' lang='lat' dir='ltr'><strong>lo</strong></span> <span class='ocrx_word' id='word_1_257' title='bbox 458 3138 684 3189; x_wconf 87' lang='lat' dir='ltr'><strong>matura</strong></span> <span class='ocrx_word' id='word_1_258' title='bbox 712 3140 875 3188; x_wconf 88' lang='lat' dir='ltr'><strong>esset.</strong></span> <span class='ocrx_word' id='word_1_259' title='bbox 934 3137 1263 3206; x_wconf 83' lang='lat' dir='ltr'><strong>Expeditior</strong></span> <span class='ocrx_word' id='word_1_260' title='bbox 1312 3138 1544 3208; x_wconf 92' lang='lat' dir='ltr'><strong>quidem</strong></span> <span class='ocrx_word' id='word_1_261' title='bbox 1600 3155 1690 3193; x_wconf 90' lang='lat' dir='ltr'><strong>res</strong></span> <span class='ocrx_word' id='word_1_262' title='bbox 1734 3140 1977 3207; x_wconf 90' lang='lat' dir='ltr'><strong>videtur,</strong></span> <span class='ocrx_word' id='word_1_263' title='bbox 2027 3139 2074 3194; x_wconf 89' lang='lat' dir='ltr'><strong>si</strong></span> 
     </span>
    </p>
   </div>
   <div class='ocr_carea' id='block_1_37' title="bbox 372 3221 2072 3296">
    <p class='ocr_par' dir='ltr' id='par_1_37' title="bbox 372 3221 2072 3296">
     <span class='ocr_line' id='line_1_37' title="bbox 372 3221 2072 3296; baseline 0.004 -21"><span class='ocrx_word' id='word_1_264' title='bbox 372 3221 480 3276; x_wconf 87' lang='lat' dir='ltr'><strong>tibi</strong></span> <span class='ocrx_word' id='word_1_265' title='bbox 508 3224 874 3293; x_wconf 85' lang='lat' dir='ltr'><strong>persuadeas,</strong></span> <span class='ocrx_word' id='word_1_266' title='bbox 906 3223 1247 3295; x_wconf 89' lang='lat' dir='ltr'><strong>bibliopolas</strong></span> <span class='ocrx_word' id='word_1_267' title='bbox 1278 3227 1633 3296; x_wconf 87' lang='lat' dir='ltr'><strong>emptoribus</strong></span> <span class='ocrx_word' id='word_1_268' title='bbox 1665 3227 1859 3282; x_wconf 88' lang='lat' dir='ltr'><strong>fucum</strong></span> <span class='ocrx_word' id='word_1_269' title='bbox 1888 3228 2072 3282; x_wconf 84' lang='lat' dir='ltr'><strong>facere</strong></span> 
     </span>
    </p>
   </div>
   <div class='ocr_carea' id='block_1_38' title="bbox 370 3308 2072 3381">
    <p class='ocr_par' dir='ltr' id='par_1_38' title="bbox 370 3308 2072 3381">
     <span class='ocr_line' id='line_1_38' title="bbox 370 3308 2072 3381; baseline 0.005 -20"><span class='ocrx_word' id='word_1_270' title='bbox 370 3308 638 3376; x_wconf 90' lang='lat' dir='ltr'><strong>voluisse,</strong></span> <span class='ocrx_word' id='word_1_271' title='bbox 685 3314 751 3364; x_wconf 89' lang='lat' dir='ltr'><strong>ut</strong></span> <span class='ocrx_word' id='word_1_272' title='bbox 799 3326 905 3380; x_wconf 90' lang='lat' dir='ltr'><strong>pro</strong></span> <span class='ocrx_word' id='word_1_273' title='bbox 961 3327 1110 3365; x_wconf 90' lang='lat' dir='ltr'><strong>nova</strong></span> <span class='ocrx_word' id='word_1_274' title='bbox 1157 3312 1404 3367; x_wconf 89' lang='lat' dir='ltr'><strong>editione</strong></span> <span class='ocrx_word' id='word_1_275' title='bbox 1465 3314 1791 3381; x_wconf 81' lang='lat' dir='ltr'><strong>venderent,</strong></span> <span class='ocrx_word' id='word_1_276' title='bbox 1840 3315 1932 3368; x_wconf 91' lang='lat' dir='ltr'><strong>cui</strong></span> <span class='ocrx_word' id='word_1_277' title='bbox 1992 3315 2072 3369; x_wconf 92' lang='lat' dir='ltr'><strong>nil</strong></span> 
     </span>
    </p>
   </div>
   <div class='ocr_carea' id='block_1_39' title="bbox 369 3397 2069 3473">
    <p class='ocr_par' dir='ltr' id='par_1_39' title="bbox 369 3397 2069 3473">
     <span class='ocr_line' id='line_1_39' title="bbox 369 3397 2069 3473; baseline 0.005 -23"><span class='ocrx_word' id='word_1_278' title='bbox 369 3397 483 3451; x_wconf 91' lang='lat' dir='ltr'><strong>nisi</strong></span> <span class='ocrx_word' id='word_1_279' title='bbox 522 3398 719 3452; x_wconf 87' lang='lat' dir='ltr'><strong>titulus</strong></span> <span class='ocrx_word' id='word_1_280' title='bbox 774 3414 952 3452; x_wconf 87' lang='lat' dir='ltr'><strong>novus</strong></span> <span class='ocrx_word' id='word_1_281' title='bbox 1002 3404 1057 3454; x_wconf 92' lang='lat' dir='ltr'><strong>et</strong></span> <span class='ocrx_word' id='word_1_282' title='bbox 1112 3401 1464 3472; x_wconf 71' lang='lat' dir='ltr'><strong>przefaminis</strong></span> <span class='ocrx_word' id='word_1_283' title='bbox 1525 3402 1742 3473; x_wconf 88' lang='lat' dir='ltr'><strong>aliquid</strong></span> <span class='ocrx_word' id='word_1_284' title='bbox 1810 3403 2069 3458; x_wconf 89' lang='lat' dir='ltr'><strong>additum</strong></span> 
     </span>
    </p>
   </div>
   <div class='ocr_carea' id='block_1_40' title="bbox 368 3485 2069 3563">
    <p class='ocr_par' dir='ltr' id='par_1_40' title="bbox 368 3485 2069 3563">
     <span class='ocr_line' id='line_1_40' title="bbox 368 3485 2069 3563; baseline 0.006 -25"><span class='ocrx_word' id='word_1_285' title='bbox 368 3485 581 3541; x_wconf 88' lang='lat' dir='ltr'><strong>fuerat:</strong></span> <span class='ocrx_word' id='word_1_286' title='bbox 623 3486 848 3541; x_wconf 88' lang='lat' dir='ltr'><strong>tametsi</strong></span> <span class='ocrx_word' id='word_1_287' title='bbox 908 3504 979 3543; x_wconf 92' lang='lat' dir='ltr'><strong>ne</strong></span> <span class='ocrx_word' id='word_1_288' title='bbox 1032 3487 1111 3543; x_wconf 90' lang='lat' dir='ltr'><strong>sic</strong></span> <span class='ocrx_word' id='word_1_289' title='bbox 1161 3490 1393 3560; x_wconf 89' lang='lat' dir='ltr'><strong>quidem</strong></span> <span class='ocrx_word' id='word_1_290' title='bbox 1450 3491 1756 3546; x_wconf 83' lang='lat' dir='ltr'><strong>artiﬁcium</strong></span> <span class='ocrx_word' id='word_1_291' title='bbox 1811 3492 2069 3563; x_wconf 65' lang='lat' dir='ltr'><strong>epistola:</strong></span> 
     </span>
    </p>
   </div>
   <div class='ocr_carea' id='block_1_41' title="bbox 368 3575 1004 3649">
    <p class='ocr_par' dir='ltr' id='par_1_41' title="bbox 368 3575 1004 3649">
     <span class='ocr_line' id='line_1_41' title="bbox 368 3575 1004 3649; baseline 0.006 -21"><span class='ocrx_word' id='word_1_292' title='bbox 368 3575 523 3630; x_wconf 90' lang='lat' dir='ltr'><strong>illius</strong></span> <span class='ocrx_word' id='word_1_293' title='bbox 554 3576 690 3631; x_wconf 90' lang='lat' dir='ltr'><strong>satis</strong></span> <span class='ocrx_word' id='word_1_294' title='bbox 728 3576 1004 3649; x_wconf 90' lang='lat' dir='ltr'><strong>intelligo.</strong></span> 
     </span>
    </p>
   </div>
   <div class='ocr_carea' id='block_1_42' title="bbox 1142 3651 1298 3704">
    <p class='ocr_par' dir='ltr' id='par_1_42' title="bbox 1142 3651 1298 3704">
     <span class='ocr_line' id='line_1_42' title="bbox 1142 3651 1298 3704; baseline 0.006 -1"><span class='ocrx_word' id='word_1_295' title='bbox 1142 3651 1298 3704; x_wconf 81' lang='grc'><strong>1570.</strong></span> 
     </span>
    </p>
   </div>
   <div class='ocr_carea' id='block_1_43' title="bbox 442 3753 2066 3826">
    <p class='ocr_par' dir='ltr' id='par_1_43' title="bbox 442 3753 2066 3826">
     <span class='ocr_line' id='line_1_43' title="bbox 442 3753 2066 3826; baseline 0.005 -18"><span class='ocrx_word' id='word_1_296' title='bbox 442 3754 675 3808; x_wconf 85' lang='lat' dir='ltr'><strong>Venetiis</strong></span> <span class='ocrx_word' id='word_1_297' title='bbox 705 3753 856 3824; x_wconf 85' lang='lat' dir='ltr'><strong>apud</strong></span> <span class='ocrx_word' id='word_1_298' title='bbox 906 3756 1243 3811; x_wconf 75' lang='lat' dir='ltr'><strong>Vincentium</strong></span> <span class='ocrx_word' id='word_1_299' title='bbox 1306 3757 1659 3826; x_wconf 83' lang='lat' dir='ltr'><strong>Valgrisium,</strong></span> <span class='ocrx_word' id='word_1_300' title='bbox 1704 3757 1841 3813; x_wconf 89' lang='lat' dir='ltr'><strong>item</strong></span> <span class='ocrx_word' id='word_1_301' title='bbox 1871 3761 2066 3817; x_wconf 83' lang='lat' dir='ltr'><strong>Juntas</strong></span> 
     </span>
    </p>
   </div>
   <div class='ocr_carea' id='block_1_44' title="bbox 368 3843 2065 3910">
    <p class='ocr_par' dir='ltr' id='par_1_44' title="bbox 368 3843 2065 3910">
     <span class='ocr_line' id='line_1_44' title="bbox 368 3843 2065 3910; baseline 0.005 -15"><span class='ocrx_word' id='word_1_302' title='bbox 368 3845 424 3895; x_wconf 87' lang='lat' dir='ltr'><strong>et</strong></span> <span class='ocrx_word' id='word_1_303' title='bbox 454 3843 717 3897; x_wconf 87' lang='lat' dir='ltr'><strong>Dominic.</strong></span> <span class='ocrx_word' id='word_1_304' title='bbox 756 3844 1100 3910; x_wconf 86' lang='lat' dir='ltr'><strong>Nicolinum;</strong></span> <span class='ocrx_word' id='word_1_305' title='bbox 1136 3846 1305 3899; x_wconf 69' lang='lat' dir='ltr'><strong>iii-4°.</strong></span> <span class='ocrx_word' id='word_1_306' title='bbox 1371 3847 1443 3900; x_wconf 84' lang='lat' dir='ltr'><strong>Xl</strong></span> <span class='ocrx_word' id='word_1_307' title='bbox 1489 3850 1662 3900; x_wconf 86' lang='lat' dir='ltr'><strong>tomis.</strong></span> <span class='ocrx_word' id='word_1_308' title='bbox 1725 3847 1789 3901; x_wconf 90' lang='lat' dir='ltr'><strong>D.</strong></span> <span class='ocrx_word' id='word_1_309' title='bbox 1848 3849 2065 3904; x_wconf 86' lang='lat' dir='ltr'><strong>Aurelii</strong></span> 
     </span>
    </p>
   </div>
   <div class='ocr_carea' id='block_1_45' title="bbox 365 3929 2063 4005">
    <p class='ocr_par' dir='ltr' id='par_1_45' title="bbox 365 3929 2063 4005">
     <span class='ocr_line' id='line_1_45' title="bbox 365 3929 2063 4005; baseline 0.006 -24"><span class='ocrx_word' id='word_1_310' title='bbox 365 3929 694 4000; x_wconf 78' lang='lat' dir='ltr'><strong>Augustini,</strong></span> <span class='ocrx_word' id='word_1_311' title='bbox 726 3930 1109 4001; x_wconf 85' lang='lat' dir='ltr'><strong>Hipponensis</strong></span> <span class='ocrx_word' id='word_1_312' title='bbox 1139 3932 1411 4003; x_wconf 88' lang='lat' dir='ltr'><strong>episcopi.</strong></span> <span class='ocrx_word' id='word_1_313' title='bbox 1446 3932 1697 4004; x_wconf 90' lang='lat' dir='ltr'><strong>Operum</strong></span> <span class='ocrx_word' id='word_1_314' title='bbox 1728 3940 1900 3991; x_wconf 89' lang='lat' dir='ltr'><strong>tomus</strong></span> <span class='ocrx_word' id='word_1_315' title='bbox 1933 3939 2063 4005; x_wconf 84' lang='lat' dir='ltr'><strong>pri-</strong></span> 
     </span>
    </p>
   </div>
   <div class='ocr_carea' id='block_1_46' title="bbox 360 4018 2064 4097">
    <p class='ocr_par' dir='ltr' id='par_1_46' title="bbox 360 4018 2064 4097">
     <span class='ocr_line' id='line_1_46' title="bbox 360 4018 2064 4097; baseline 0.004 -25"><span class='ocrx_word' id='word_1_316' title='bbox 360 4033 498 4074; x_wconf 89' lang='lat' dir='ltr'><strong>mus.</strong></span> <span class='ocrx_word' id='word_1_317' title='bbox 533 4018 634 4074; x_wconf 88' lang='lat' dir='ltr'><strong>Cui</strong></span> <span class='ocrx_word' id='word_1_318' title='bbox 663 4026 1021 4077; x_wconf 90' lang='lat' dir='ltr'><strong>accesserunt</strong></span> <span class='ocrx_word' id='word_1_319' title='bbox 1048 4021 1200 4087; x_wconf 89' lang='lat' dir='ltr'><strong>libri,</strong></span> <span class='ocrx_word' id='word_1_320' title='bbox 1224 4022 1502 4092; x_wconf 73' lang='lat' dir='ltr'><strong>epistolze,</strong></span> <span class='ocrx_word' id='word_1_321' title='bbox 1532 4039 1820 4078; x_wconf 86' lang='lat' dir='ltr'><strong>sermones</strong></span> <span class='ocrx_word' id='word_1_322' title='bbox 1842 4029 1898 4079; x_wconf 90' lang='lat' dir='ltr'><strong>et</strong></span> <span class='ocrx_word' id='word_1_323' title='bbox 1915 4024 2064 4097; x_wconf 87' lang='lat' dir='ltr'><strong>frag-</strong></span> 
     </span>
    </p>
   </div>
   <div class='ocr_carea' id='block_1_47' title="bbox 358 4108 2057 4185">
    <p class='ocr_par' dir='ltr' id='par_1_47' title="bbox 358 4108 2057 4185">
     <span class='ocr_line' id='line_1_47' title="bbox 358 4108 2057 4185; baseline 0.004 -22"><span class='ocrx_word' id='word_1_324' title='bbox 358 4112 553 4164; x_wconf 89' lang='lat' dir='ltr'><strong>menta</strong></span> <span class='ocrx_word' id='word_1_325' title='bbox 590 4108 830 4182; x_wconf 88' lang='lat' dir='ltr'><strong>aliquot,</strong></span> <span class='ocrx_word' id='word_1_326' title='bbox 858 4110 1130 4166; x_wconf 90' lang='lat' dir='ltr'><strong>hactenus</strong></span> <span class='ocrx_word' id='word_1_327' title='bbox 1163 4127 1478 4183; x_wconf 87' lang='lat' dir='ltr'><strong>numquam</strong></span> <span class='ocrx_word' id='word_1_328' title='bbox 1510 4112 1807 4184; x_wconf 91' lang='lat' dir='ltr'><strong>impressa.</strong></span> <span class='ocrx_word' id='word_1_329' title='bbox 1840 4115 1905 4168; x_wconf 86' lang='lat' dir='ltr'><strong>In</strong></span> <span class='ocrx_word' id='word_1_330' title='bbox 1934 4131 2057 4185; x_wconf 90' lang='lat' dir='ltr'><strong>quo,</strong></span> 
     </span>
    </p>
   </div>
   <div class='ocr_carea' id='block_1_48' title="bbox 355 4198 2061 4271">
    <p class='ocr_par' dir='ltr' id='par_1_48' title="bbox 355 4198 2061 4271">
     <span class='ocr_line' id='line_1_48' title="bbox 355 4198 2061 4271; baseline 0.005 -21"><span class='ocrx_word' id='word_1_331' title='bbox 355 4202 556 4267; x_wconf 59' lang='lat' dir='ltr'><strong>preter</strong></span> <span class='ocrx_word' id='word_1_332' title='bbox 585 4198 817 4253; x_wconf 80' lang='lat' dir='ltr'><strong>locorum</strong></span> <span class='ocrx_word' id='word_1_333' title='bbox 844 4201 1135 4255; x_wconf 85' lang='lat' dir='ltr'><strong>multorum</strong></span> <span class='ocrx_word' id='word_1_334' title='bbox 1179 4204 1596 4271; x_wconf 79' lang='lat' dir='ltr'><strong>restitutionem,</strong></span> <span class='ocrx_word' id='word_1_335' title='bbox 1628 4203 1918 4257; x_wconf 87' lang='lat' dir='ltr'><strong>secundum</strong></span> <span class='ocrx_word' id='word_1_336' title='bbox 1949 4206 2061 4259; x_wconf 91' lang='lat' dir='ltr'><strong>col-</strong></span> 
     </span>
    </p>
   </div>
   <div class='ocr_carea' id='block_1_49' title="bbox 2206 472 3877 548">
    <p class='ocr_par' dir='ltr' id='par_1_49' title="bbox 2206 472 3877 548">
     <span class='ocr_line' id='line_1_49' title="bbox 2206 472 3877 548; baseline -0.002 -16"><span class='ocrx_word' id='word_1_337' title='bbox 2206 477 2410 532; x_wconf 86' lang='lat' dir='ltr'><strong>additis</strong></span> <span class='ocrx_word' id='word_1_338' title='bbox 2442 477 2652 548; x_wconf 87' lang='lat' dir='ltr'><strong>ubique</strong></span> <span class='ocrx_word' id='word_1_339' title='bbox 2686 476 2895 543; x_wconf 81' lang='lat' dir='ltr'><strong>verbis,</strong></span> <span class='ocrx_word' id='word_1_340' title='bbox 2927 490 3054 547; x_wconf 82' lang='lat' dir='ltr'><strong>quae</strong></span> <span class='ocrx_word' id='word_1_341' title='bbox 3087 473 3255 528; x_wconf 92' lang='lat' dir='ltr'><strong>modo</strong></span> <span class='ocrx_word' id='word_1_342' title='bbox 3312 472 3701 545; x_wconf 89' lang='lat' dir='ltr'><strong>produximus.</strong></span> <span class='ocrx_word' id='word_1_343' title='bbox 3743 476 3877 529; x_wconf 88' lang='lat' dir='ltr'><strong>Atta-</strong></span> 
     </span>
    </p>
   </div>
   <div class='ocr_carea' id='block_1_50' title="bbox 2202 561 3879 637">
    <p class='ocr_par' dir='ltr' id='par_1_50' title="bbox 2202 561 3879 637">
     <span class='ocr_line' id='line_1_50' title="bbox 2202 561 3879 637; baseline -0.002 -17"><span class='ocrx_word' id='word_1_344' title='bbox 2202 584 2333 621; x_wconf 93' lang='lat' dir='ltr'><strong>men</strong></span> <span class='ocrx_word' id='word_1_345' title='bbox 2363 584 2424 620; x_wconf 85' lang='grc'><strong>111</strong></span> <span class='ocrx_word' id='word_1_346' title='bbox 2455 566 2639 637; x_wconf 87' lang='lat' dir='ltr'><strong>quinti</strong></span> <span class='ocrx_word' id='word_1_347' title='bbox 2666 565 2803 620; x_wconf 90' lang='lat' dir='ltr'><strong>tomi</strong></span> <span class='ocrx_word' id='word_1_348' title='bbox 2833 565 3001 620; x_wconf 89' lang='lat' dir='ltr'><strong>titulo</strong></span> <span class='ocrx_word' id='word_1_349' title='bbox 3022 561 3419 618; x_wconf 89' lang='lat' dir='ltr'><strong>commentarii</strong></span> <span class='ocrx_word' id='word_1_350' title='bbox 3444 562 3531 617; x_wconf 81' lang='lat' dir='ltr'><strong>Jo.</strong></span> <span class='ocrx_word' id='word_1_351' title='bbox 3574 561 3707 616; x_wconf 88' lang='lat' dir='ltr'><strong>Lud.</strong></span> <span class='ocrx_word' id='word_1_352' title='bbox 3745 562 3879 617; x_wconf 81' lang='lat' dir='ltr'><strong>Vivis</strong></span> 
     </span>
    </p>
   </div>
   <div class='ocr_carea' id='block_1_51' title="bbox 2201 655 2790 711">
    <p class='ocr_par' dir='ltr' id='par_1_51' title="bbox 2201 655 2790 711">
     <span class='ocr_line' id='line_1_51' title="bbox 2201 655 2790 711; baseline -0.002 -1"><span class='ocrx_word' id='word_1_353' title='bbox 2201 656 2415 711; x_wconf 91' lang='lat' dir='ltr'><strong>mentio</strong></span> <span class='ocrx_word' id='word_1_354' title='bbox 2447 662 2530 710; x_wconf 90' lang='lat' dir='ltr'><strong>est</strong></span> <span class='ocrx_word' id='word_1_355' title='bbox 2560 655 2790 710; x_wconf 90' lang='lat' dir='ltr'><strong>omissa.</strong></span> 
     </span>
    </p>
   </div>
   <div class='ocr_carea' id='block_1_52' title="bbox 2272 738 3878 814">
    <p class='ocr_par' dir='ltr' id='par_1_52' title="bbox 2272 738 3878 814">
     <span class='ocr_line' id='line_1_52' title="bbox 2272 738 3878 814; baseline -0.002 -15"><span class='ocrx_word' id='word_1_356' title='bbox 2272 745 2442 799; x_wconf 91' lang='lat' dir='ltr'><strong>Index</strong></span> <span class='ocrx_word' id='word_1_357' title='bbox 2467 744 2749 809; x_wconf 89' lang='lat' dir='ltr'><strong>omnium,</strong></span> <span class='ocrx_word' id='word_1_358' title='bbox 2777 758 2905 814; x_wconf 73' lang='lat' dir='ltr'><strong>quae</strong></span> <span class='ocrx_word' id='word_1_359' title='bbox 2938 740 3242 811; x_wconf 89' lang='lat' dir='ltr'><strong>insigniter</strong></span> <span class='ocrx_word' id='word_1_360' title='bbox 3270 756 3304 793; x_wconf 90' lang='lat' dir='ltr'><strong>a</strong></span> <span class='ocrx_word' id='word_1_361' title='bbox 3333 740 3396 794; x_wconf 94' lang='lat' dir='ltr'><strong>D.</strong></span> <span class='ocrx_word' id='word_1_362' title='bbox 3425 738 3656 793; x_wconf 91' lang='lat' dir='ltr'><strong>Aurelio</strong></span> <span class='ocrx_word' id='word_1_363' title='bbox 3701 741 3878 811; x_wconf 86' lang='lat' dir='ltr'><strong>Augu-</strong></span> 
     </span>
    </p>
   </div>
   <div class='ocr_carea' id='block_1_53' title="bbox 2199 829 3881 903">
    <p class='ocr_par' dir='ltr' id='par_1_53' title="bbox 2199 829 3881 903">
     <span class='ocr_line' id='line_1_53' title="bbox 2199 829 3881 903; baseline -0.002 -16"><span class='ocrx_word' id='word_1_364' title='bbox 2199 833 2348 888; x_wconf 90' lang='lat' dir='ltr'><strong>stino</strong></span> <span class='ocrx_word' id='word_1_365' title='bbox 2378 833 2528 888; x_wconf 88' lang='lat' dir='ltr'><strong>dicta</strong></span> <span class='ocrx_word' id='word_1_366' title='bbox 2570 838 2722 899; x_wconf 90' lang='lat' dir='ltr'><strong>sunt,</strong></span> <span class='ocrx_word' id='word_1_367' title='bbox 2751 833 2920 903; x_wconf 90' lang='lat' dir='ltr'><strong>longe</strong></span> <span class='ocrx_word' id='word_1_368' title='bbox 2980 847 3151 902; x_wconf 90' lang='lat' dir='ltr'><strong>quam</strong></span> <span class='ocrx_word' id='word_1_369' title='bbox 3202 834 3370 883; x_wconf 89' lang='lat' dir='ltr'><strong>antea</strong></span> <span class='ocrx_word' id='word_1_370' title='bbox 3412 829 3630 882; x_wconf 89' lang='lat' dir='ltr'><strong>auctior</strong></span> <span class='ocrx_word' id='word_1_371' title='bbox 3659 844 3718 881; x_wconf 87' lang='lat' dir='ltr'><strong>ac</strong></span> <span class='ocrx_word' id='word_1_372' title='bbox 3747 829 3881 883; x_wconf 87' lang='lat' dir='ltr'><strong>locu-</strong></span> 
     </span>
    </p>
   </div>
   <div class='ocr_carea' id='block_1_54' title="bbox 2197 920 3873 993">
    <p class='ocr_par' dir='ltr' id='par_1_54' title="bbox 2197 920 3873 993">
     <span class='ocr_line' id='line_1_54' title="bbox 2197 920 3873 993; baseline -0.002 -17"><span class='ocrx_word' id='word_1_373' title='bbox 2197 922 2407 993; x_wconf 87' lang='lat' dir='ltr'><strong>pletior</strong></span> <span class='ocrx_word' id='word_1_374' title='bbox 2438 921 2709 976; x_wconf 89' lang='lat' dir='ltr'><strong>redditus.</strong></span> <span class='ocrx_word' id='word_1_375' title='bbox 2744 923 2982 990; x_wconf 88' lang='lat' dir='ltr'><strong>Insuper</strong></span> <span class='ocrx_word' id='word_1_376' title='bbox 3020 920 3219 984; x_wconf 90' lang='lat' dir='ltr'><strong>multa,</strong></span> <span class='ocrx_word' id='word_1_377' title='bbox 3282 933 3410 989; x_wconf 72' lang='lat' dir='ltr'><strong>quas</strong></span> <span class='ocrx_word' id='word_1_378' title='bbox 3457 923 3619 971; x_wconf 91' lang='lat' dir='ltr'><strong>erant</strong></span> <span class='ocrx_word' id='word_1_379' title='bbox 3672 932 3873 985; x_wconf 85' lang='lat' dir='ltr'><strong>manca,</strong></span> 
     </span>
    </p>
   </div>
   <div class='ocr_carea' id='block_1_55' title="bbox 2200 1004 3877 1073">
    <p class='ocr_par' dir='ltr' id='par_1_55' title="bbox 2200 1004 3877 1073">
     <span class='ocr_line' id='line_1_55' title="bbox 2200 1004 3877 1073; baseline -0.004 -8"><span class='ocrx_word' id='word_1_380' title='bbox 2200 1011 2403 1065; x_wconf 88' lang='lat' dir='ltr'><strong>mutila</strong></span> <span class='ocrx_word' id='word_1_381' title='bbox 2431 1015 2487 1065; x_wconf 91' lang='lat' dir='ltr'><strong>et</strong></span> <span class='ocrx_word' id='word_1_382' title='bbox 2513 1011 2700 1065; x_wconf 92' lang='lat' dir='ltr'><strong>solum</strong></span> <span class='ocrx_word' id='word_1_383' title='bbox 2730 1010 3013 1073; x_wconf 86' lang='lat' dir='ltr'><strong>inchoata,</strong></span> <span class='ocrx_word' id='word_1_384' title='bbox 3045 1013 3160 1062; x_wconf 90' lang='lat' dir='ltr'><strong>tam</strong></span> <span class='ocrx_word' id='word_1_385' title='bbox 3194 1007 3248 1061; x_wconf 84' lang='lat' dir='ltr'><strong>in</strong></span> <span class='ocrx_word' id='word_1_386' title='bbox 3280 1006 3465 1061; x_wconf 90' lang='lat' dir='ltr'><strong>indice</strong></span> <span class='ocrx_word' id='word_1_387' title='bbox 3496 1004 3877 1060; x_wconf 88' lang='lat' dir='ltr'><strong>auctoritatum</strong></span> 
     </span>
    </p>
   </div>
   <div class='ocr_carea' id='block_1_56' title="bbox 2199 1095 3877 1170">
    <p class='ocr_par' dir='ltr' id='par_1_56' title="bbox 2199 1095 3877 1170">
     <span class='ocr_line' id='line_1_56' title="bbox 2199 1095 3877 1170; baseline -0.004 -15"><span class='ocrx_word' id='word_1_388' title='bbox 2199 1117 2371 1155; x_wconf 62' lang='lat' dir='ltr'><strong>sacrae</strong></span> <span class='ocrx_word' id='word_1_389' title='bbox 2394 1099 2722 1170; x_wconf 65' lang='lat' dir='ltr'><strong>Scripturaa,</strong></span> <span class='ocrx_word' id='word_1_390' title='bbox 2762 1097 2821 1153; x_wconf 94' lang='lat' dir='ltr'><strong>id</strong></span> <span class='ocrx_word' id='word_1_391' title='bbox 2847 1102 2951 1164; x_wconf 90' lang='lat' dir='ltr'><strong>est,</strong></span> <span class='ocrx_word' id='word_1_392' title='bbox 2987 1096 3191 1151; x_wconf 88' lang='lat' dir='ltr'><strong>veteris</strong></span> <span class='ocrx_word' id='word_1_393' title='bbox 3220 1112 3283 1150; x_wconf 90' lang='lat' dir='ltr'><strong>ac</strong></span> <span class='ocrx_word' id='word_1_394' title='bbox 3315 1095 3448 1149; x_wconf 90' lang='lat' dir='ltr'><strong>novi</strong></span> <span class='ocrx_word' id='word_1_395' title='bbox 3505 1095 3877 1164; x_wconf 89' lang='lat' dir='ltr'><strong>lnstrumenti,</strong></span> 
     </span>
    </p>
   </div>
   <div class='ocr_carea' id='block_1_57' title="bbox 2198 1183 3880 1260">
    <p class='ocr_par' dir='ltr' id='par_1_57' title="bbox 2198 1183 3880 1260">
     <span class='ocr_line' id='line_1_57' title="bbox 2198 1183 3880 1260; baseline -0.004 -17"><span class='ocrx_word' id='word_1_396' title='bbox 2198 1205 2372 1260; x_wconf 88' lang='lat' dir='ltr'><strong>quam</strong></span> <span class='ocrx_word' id='word_1_397' title='bbox 2402 1189 2462 1242; x_wconf 92' lang='lat' dir='ltr'><strong>in</strong></span> <span class='ocrx_word' id='word_1_398' title='bbox 2493 1187 2630 1242; x_wconf 90' lang='lat' dir='ltr'><strong>locis</strong></span> <span class='ocrx_word' id='word_1_399' title='bbox 2644 1187 2861 1258; x_wconf 88' lang='lat' dir='ltr'><strong>aliquot</strong></span> <span class='ocrx_word' id='word_1_400' title='bbox 2882 1200 3171 1239; x_wconf 89' lang='lat' dir='ltr'><strong>sacrarum</strong></span> <span class='ocrx_word' id='word_1_401' title='bbox 3192 1183 3615 1254; x_wconf 89' lang='lat' dir='ltr'><strong>Scripturarum</strong></span> <span class='ocrx_word' id='word_1_402' title='bbox 3637 1199 3880 1254; x_wconf 86' lang='lat' dir='ltr'><strong>pugnan-</strong></span> 
     </span>
    </p>
   </div>
   <div class='ocr_carea' id='block_1_58' title="bbox 2197 1262 3880 1346">
    <p class='ocr_par' dir='ltr' id='par_1_58' title="bbox 2197 1262 3880 1346">
     <span class='ocr_line' id='line_1_58' title="bbox 2197 1262 3880 1346; baseline -0.004 -14"><span class='ocrx_word' id='word_1_403' title='bbox 2197 1276 2351 1332; x_wconf 87' lang='lat' dir='ltr'><strong>tibus</strong></span> <span class='ocrx_word' id='word_1_404' title='bbox 2389 1275 2700 1331; x_wconf 87' lang='lat' dir='ltr'><strong>conciliatis</strong></span> <span class='ocrx_word' id='word_1_405' title='bbox 2748 1274 3199 1346; x_wconf 54' lang='lat' dir='ltr'><strong>in&#39;Augustino,</strong></span> <span class='ocrx_word' id='word_1_406' title='bbox 3257 1262 3586 1340; x_wconf 82' lang='lat' dir='ltr'><strong>reformata,</strong></span> <span class='ocrx_word' id='word_1_407' title='bbox 3635 1277 3794 1326; x_wconf 85' lang='lat' dir='ltr'><strong>aucta</strong></span> <span class='ocrx_word' id='word_1_408' title='bbox 3831 1277 3880 1326; x_wconf 91' lang='lat' dir='ltr'><strong>et</strong></span> 
     </span>
    </p>
   </div>
   <div class='ocr_carea' id='block_1_59' title="bbox 2196 1363 3299 1436">
    <p class='ocr_par' dir='ltr' id='par_1_59' title="bbox 2196 1363 3299 1436">
     <span class='ocr_line' id='line_1_59' title="bbox 2196 1363 3299 1436; baseline -0.004 -17"><span class='ocrx_word' id='word_1_409' title='bbox 2196 1370 2506 1436; x_wconf 89' lang='lat' dir='ltr'><strong>repurgata</strong></span> <span class='ocrx_word' id='word_1_410' title='bbox 2532 1369 2683 1431; x_wconf 87' lang='lat' dir='ltr'><strong>sunt,</strong></span> <span class='ocrx_word' id='word_1_411' title='bbox 2725 1364 2973 1418; x_wconf 90' lang='lat' dir='ltr'><strong>Venetiis</strong></span> <span class='ocrx_word' id='word_1_412' title='bbox 3003 1363 3299 1418; x_wconf 85' lang='lat' dir='ltr'><strong>M.D.LXX.</strong></span> 
     </span>
    </p>
   </div>
   <div class='ocr_carea' id='block_1_60' title="bbox 2269 1450 3877 1520">
    <p class='ocr_par' dir='ltr' id='par_1_60' title="bbox 2269 1450 3877 1520">
     <span class='ocr_line' id='line_1_60' title="bbox 2269 1450 3877 1520; baseline -0.004 -10"><span class='ocrx_word' id='word_1_413' title='bbox 2269 1457 2543 1510; x_wconf 88' lang='lat' dir='ltr'><strong>Recenset</strong></span> <span class='ocrx_word' id='word_1_414' title='bbox 2595 1455 2742 1508; x_wconf 90' lang='lat' dir='ltr'><strong>hanc</strong></span> <span class='ocrx_word' id='word_1_415' title='bbox 2798 1453 3131 1520; x_wconf 90' lang='lat' dir='ltr'><strong>editionem,</strong></span> <span class='ocrx_word' id='word_1_416' title='bbox 3192 1451 3290 1505; x_wconf 91' lang='lat' dir='ltr'><strong>sed</strong></span> <span class='ocrx_word' id='word_1_417' title='bbox 3355 1450 3525 1505; x_wconf 89' lang='lat' dir='ltr'><strong>titulo</strong></span> <span class='ocrx_word' id='word_1_418' title='bbox 3582 1453 3877 1515; x_wconf 85' lang='lat' dir='ltr'><strong>contracto,</strong></span> 
     </span>
    </p>
   </div>
   <div class='ocr_carea' id='block_1_61' title="bbox 2195 1538 3882 1612">
    <p class='ocr_par' dir='ltr' id='par_1_61' title="bbox 2195 1538 3882 1612">
     <span class='ocr_line' id='line_1_61' title="bbox 2195 1538 3882 1612; baseline -0.004 -14"><span class='ocrx_word' id='word_1_419' title='bbox 2195 1544 2553 1612; x_wconf 75' lang='lat' dir='ltr'><strong>Audiﬂ‘ridus</strong></span> <span class='ocrx_word' id='word_1_420' title='bbox 2582 1544 2640 1597; x_wconf 92' lang='lat' dir='ltr'><strong>in</strong></span> <span class='ocrx_word' id='word_1_421' title='bbox 2663 1544 2844 1599; x_wconf 88' lang='lat' dir='ltr'><strong>Catal.</strong></span> <span class='ocrx_word' id='word_1_422' title='bbox 2896 1543 3033 1597; x_wconf 87' lang='lat' dir='ltr'><strong>Bibl.</strong></span> <span class='ocrx_word' id='word_1_423' title='bbox 3070 1542 3325 1597; x_wconf 88' lang='lat' dir='ltr'><strong>Casanat.</strong></span> <span class='ocrx_word' id='word_1_424' title='bbox 3358 1540 3421 1593; x_wconf 89' lang='lat' dir='ltr'><strong>T.</strong></span> <span class='ocrx_word' id='word_1_425' title='bbox 3454 1541 3497 1606; x_wconf 89' lang='grc' dir='ltr'><strong>Ι,</strong></span> <span class='ocrx_word' id='word_1_426' title='bbox 3542 1555 3599 1609; x_wconf 92' lang='lat' dir='ltr'><strong>p.</strong></span> <span class='ocrx_word' id='word_1_427' title='bbox 3636 1541 3762 1604; x_wconf 69' lang='grc'><strong>341,</strong></span> <span class='ocrx_word' id='word_1_428' title='bbox 3793 1538 3882 1592; x_wconf 92' lang='lat' dir='ltr'><strong>do-</strong></span> 
     </span>
    </p>
   </div>
   <div class='ocr_carea' id='block_1_62' title="bbox 2196 1626 3885 1703">
    <p class='ocr_par' dir='ltr' id='par_1_62' title="bbox 2196 1626 3885 1703">
     <span class='ocr_line' id='line_1_62' title="bbox 2196 1626 3885 1703; baseline -0.004 -18"><span class='ocrx_word' id='word_1_429' title='bbox 2196 1648 2350 1699; x_wconf 90' lang='lat' dir='ltr'><strong>cens,</strong></span> <span class='ocrx_word' id='word_1_430' title='bbox 2377 1632 2628 1703; x_wconf 90' lang='lat' dir='ltr'><strong>primum</strong></span> <span class='ocrx_word' id='word_1_431' title='bbox 2658 1636 2880 1685; x_wconf 91' lang='lat' dir='ltr'><strong>tomum</strong></span> <span class='ocrx_word' id='word_1_432' title='bbox 2912 1630 3064 1699; x_wconf 84' lang='lat' dir='ltr'><strong>apud</strong></span> <span class='ocrx_word' id='word_1_433' title='bbox 3112 1628 3469 1699; x_wconf 87' lang='lat' dir='ltr'><strong>Valgrisium,</strong></span> <span class='ocrx_word' id='word_1_434' title='bbox 3532 1627 3786 1697; x_wconf 88' lang='lat' dir='ltr'><strong>reliquos</strong></span> <span class='ocrx_word' id='word_1_435' title='bbox 3822 1626 3885 1680; x_wconf 90' lang='lat' dir='ltr'><strong>ad</strong></span> 
     </span>
    </p>
   </div>
   <div class='ocr_carea' id='block_1_63' title="bbox 2198 1716 3883 1791">
    <p class='ocr_par' dir='ltr' id='par_1_63' title="bbox 2198 1716 3883 1791">
     <span class='ocr_line' id='line_1_63' title="bbox 2198 1716 3883 1791; baseline -0.004 -16"><span class='ocrx_word' id='word_1_436' title='bbox 2198 1722 2469 1775; x_wconf 87' lang='lat' dir='ltr'><strong>Octavum</strong></span> <span class='ocrx_word' id='word_1_437' title='bbox 2496 1737 2673 1791; x_wconf 89' lang='lat' dir='ltr'><strong>usque</strong></span> <span class='ocrx_word' id='word_1_438' title='bbox 2703 1736 2835 1773; x_wconf 93' lang='lat' dir='ltr'><strong>cum</strong></span> <span class='ocrx_word' id='word_1_439' title='bbox 2882 1719 3068 1773; x_wconf 86' lang='lat' dir='ltr'><strong>indice</strong></span> <span class='ocrx_word' id='word_1_440' title='bbox 3100 1717 3316 1772; x_wconf 86' lang='lat' dir='ltr'><strong>ibidem</strong></span> <span class='ocrx_word' id='word_1_441' title='bbox 3362 1716 3678 1786; x_wconf 89' lang='lat' dir='ltr'><strong>eodemque</strong></span> <span class='ocrx_word' id='word_1_442' title='bbox 3747 1730 3883 1769; x_wconf 88' lang='lat' dir='ltr'><strong>anno</strong></span> 
     </span>
    </p>
   </div>
   <div class='ocr_carea' id='block_1_64' title="bbox 2193 1804 3886 1880">
    <p class='ocr_par' dir='ltr' id='par_1_64' title="bbox 2193 1804 3886 1880">
     <span class='ocr_line' id='line_1_64' title="bbox 2193 1804 3886 1880; baseline -0.004 -16"><span class='ocrx_word' id='word_1_443' title='bbox 2193 1810 2347 1880; x_wconf 90' lang='lat' dir='ltr'><strong>apud</strong></span> <span class='ocrx_word' id='word_1_444' title='bbox 2392 1810 2612 1877; x_wconf 85' lang='lat' dir='ltr'><strong>Juntas,</strong></span> <span class='ocrx_word' id='word_1_445' title='bbox 2665 1823 2924 1861; x_wconf 90' lang='lat' dir='ltr'><strong>nonnum</strong></span> <span class='ocrx_word' id='word_1_446' title='bbox 2973 1812 3028 1859; x_wconf 91' lang='lat' dir='ltr'><strong>et</strong></span> <span class='ocrx_word' id='word_1_447' title='bbox 3076 1805 3363 1859; x_wconf 89' lang='lat' dir='ltr'><strong>decimum</strong></span> <span class='ocrx_word' id='word_1_448' title='bbox 3392 1804 3539 1875; x_wconf 91' lang='lat' dir='ltr'><strong>apud</strong></span> <span class='ocrx_word' id='word_1_449' title='bbox 3572 1804 3886 1858; x_wconf 86' lang='lat' dir='ltr'><strong>Nicolinum</strong></span> 
     </span>
    </p>
   </div>
   <div class='ocr_carea' id='block_1_65' title="bbox 2191 1891 3885 1968">
    <p class='ocr_par' dir='ltr' id='par_1_65' title="bbox 2191 1891 3885 1968">
     <span class='ocr_line' id='line_1_65' title="bbox 2191 1891 3885 1968; baseline -0.002 -19"><span class='ocrx_word' id='word_1_450' title='bbox 2191 1895 2486 1968; x_wconf 91' lang='lat' dir='ltr'><strong>prodiisse.</strong></span> <span class='ocrx_word' id='word_1_451' title='bbox 2523 1895 2620 1949; x_wconf 88' lang='lat' dir='ltr'><strong>His</strong></span> <span class='ocrx_word' id='word_1_452' title='bbox 2649 1900 2764 1948; x_wconf 86' lang='lat' dir='ltr'><strong>tam</strong></span> <span class='ocrx_word' id='word_1_453' title='bbox 2816 1896 3023 1949; x_wconf 90' lang='lat' dir='ltr'><strong>diserto</strong></span> <span class='ocrx_word' id='word_1_454' title='bbox 3055 1892 3386 1947; x_wconf 88' lang='lat' dir='ltr'><strong>testimonio</strong></span> <span class='ocrx_word' id='word_1_455' title='bbox 3417 1891 3759 1945; x_wconf 88' lang='lat' dir='ltr'><strong>contradicit</strong></span> <span class='ocrx_word' id='word_1_456' title='bbox 3787 1895 3885 1946; x_wconf 89' lang='lat' dir='ltr'><strong>Da-</strong></span> 
     </span>
    </p>
   </div>
   <div class='ocr_carea' id='block_1_66' title="bbox 2188 1980 3882 2050">
    <p class='ocr_par' dir='ltr' id='par_1_66' title="bbox 2188 1980 3882 2050">
     <span class='ocr_line' id='line_1_66' title="bbox 2188 1980 3882 2050; baseline -0.002 -13"><span class='ocrx_word' id='word_1_457' title='bbox 2188 1984 2337 2038; x_wconf 77' lang='lat' dir='ltr'><strong>vides</strong></span> <span class='ocrx_word' id='word_1_458' title='bbox 2370 1985 2598 2040; x_wconf 87' lang='lat' dir='ltr'><strong>Clement</strong></span> <span class='ocrx_word' id='word_1_459' title='bbox 2629 1983 2690 2036; x_wconf 92' lang='lat' dir='ltr'><strong>in</strong></span> <span class='ocrx_word' id='word_1_460' title='bbox 2718 1984 2858 2037; x_wconf 83' lang='lat' dir='ltr'><strong>Bibl.</strong></span> <span class='ocrx_word' id='word_1_461' title='bbox 2892 1984 3034 2035; x_wconf 84' lang='lat' dir='ltr'><strong>Hist.</strong></span> <span class='ocrx_word' id='word_1_462' title='bbox 3079 1982 3235 2047; x_wconf 82' lang='lat' dir='ltr'><strong>Crit.,</strong></span> <span class='ocrx_word' id='word_1_463' title='bbox 3274 1980 3374 2034; x_wconf 89' lang='lat' dir='ltr'><strong>ubi</strong></span> <span class='ocrx_word' id='word_1_464' title='bbox 3402 1984 3733 2034; x_wconf 86' lang='lat' dir='ltr'><strong>accuratam</strong></span> <span class='ocrx_word' id='word_1_465' title='bbox 3771 1980 3882 2050; x_wconf 89' lang='lat' dir='ltr'><strong>ejus</strong></span> 
     </span>
    </p>
   </div>
   <div class='ocr_carea' id='block_1_67' title="bbox 2188 2067 3889 2141">
    <p class='ocr_par' dir='ltr' id='par_1_67' title="bbox 2188 2067 3889 2141">
     <span class='ocr_line' id='line_1_67' title="bbox 2188 2067 3889 2141; baseline -0.003 -13"><span class='ocrx_word' id='word_1_466' title='bbox 2188 2072 2541 2128; x_wconf 89' lang='lat' dir='ltr'><strong>mentionem</strong></span> <span class='ocrx_word' id='word_1_467' title='bbox 2579 2072 2774 2126; x_wconf 87' lang='lat' dir='ltr'><strong>fecisse</strong></span> <span class='ocrx_word' id='word_1_468' title='bbox 2804 2087 2973 2141; x_wconf 87' lang='lat' dir='ltr'><strong>supra</strong></span> <span class='ocrx_word' id='word_1_469' title='bbox 3014 2071 3134 2140; x_wconf 86' lang='lat' dir='ltr'><strong>jam</strong></span> <span class='ocrx_word' id='word_1_470' title='bbox 3166 2067 3608 2140; x_wconf 84' lang='lat' dir='ltr'><strong>signiﬁcavimus</strong></span> <span class='ocrx_word' id='word_1_471' title='bbox 3658 2068 3764 2139; x_wconf 92' lang='lat' dir='ltr'><strong>(a).</strong></span> <span class='ocrx_word' id='word_1_472' title='bbox 3795 2068 3889 2123; x_wconf 66' lang='grc' dir='ltr'><strong>ΑΒ·</strong></span> 
     </span>
    </p>
   </div>
   <div class='ocr_carea' id='block_1_68' title="bbox 2188 2156 3887 2231">
    <p class='ocr_par' dir='ltr' id='par_1_68' title="bbox 2188 2156 3887 2231">
     <span class='ocr_line' id='line_1_68' title="bbox 2188 2156 3887 2231; baseline -0.003 -14"><span class='ocrx_word' id='word_1_473' title='bbox 2188 2179 2256 2217; x_wconf 89' lang='lat' dir='ltr'><strong>eo</strong></span> <span class='ocrx_word' id='word_1_474' title='bbox 2284 2178 2417 2217; x_wconf 89' lang='lat' dir='ltr'><strong>sane</strong></span> <span class='ocrx_word' id='word_1_475' title='bbox 2438 2162 2669 2217; x_wconf 89' lang='lat' dir='ltr'><strong>titulum</strong></span> <span class='ocrx_word' id='word_1_476' title='bbox 2692 2160 3009 2231; x_wconf 89' lang='lat' dir='ltr'><strong>pleniorem</strong></span> <span class='ocrx_word' id='word_1_477' title='bbox 3042 2157 3287 2212; x_wconf 87' lang='lat' dir='ltr'><strong>mutuati</strong></span> <span class='ocrx_word' id='word_1_478' title='bbox 3317 2173 3532 2223; x_wconf 88' lang='lat' dir='ltr'><strong>sumus,</strong></span> <span class='ocrx_word' id='word_1_479' title='bbox 3563 2173 3745 2227; x_wconf 88' lang='lat' dir='ltr'><strong>quem</strong></span> <span class='ocrx_word' id='word_1_480' title='bbox 3775 2156 3887 2228; x_wconf 91' lang='lat' dir='ltr'><strong>ipse</strong></span> 
     </span>
    </p>
   </div>
   <div class='ocr_carea' id='block_1_69' title="bbox 2187 2246 3886 2322">
    <p class='ocr_par' dir='ltr' id='par_1_69' title="bbox 2187 2246 3886 2322">
     <span class='ocr_line' id='line_1_69' title="bbox 2187 2246 3886 2322; baseline -0.004 -16"><span class='ocrx_word' id='word_1_481' title='bbox 2187 2251 2442 2322; x_wconf 88' lang='lat' dir='ltr'><strong>primum</strong></span> <span class='ocrx_word' id='word_1_482' title='bbox 2488 2267 2557 2306; x_wconf 90' lang='lat' dir='ltr'><strong>ex</strong></span> <span class='ocrx_word' id='word_1_483' title='bbox 2586 2251 2852 2320; x_wconf 87' lang='lat' dir='ltr'><strong>Catalogo</strong></span> <span class='ocrx_word' id='word_1_484' title='bbox 2884 2249 3024 2303; x_wconf 88' lang='lat' dir='ltr'><strong>Bibl.</strong></span> <span class='ocrx_word' id='word_1_485' title='bbox 3088 2246 3422 2318; x_wconf 83' lang='lat' dir='ltr'><strong>Magerianae</strong></span> <span class='ocrx_word' id='word_1_486' title='bbox 3481 2246 3560 2317; x_wconf 90' lang='lat' dir='ltr'><strong>(b)</strong></span> <span class='ocrx_word' id='word_1_487' title='bbox 3591 2262 3886 2317; x_wconf 84' lang='lat' dir='ltr'><strong>excerpse-</strong></span> 
     </span>
    </p>
   </div>
   <div class='ocr_carea' id='block_1_70' title="bbox 2186 2336 3885 2409">
    <p class='ocr_par' dir='ltr' id='par_1_70' title="bbox 2186 2336 3885 2409">
     <span class='ocr_line' id='line_1_70' title="bbox 2186 2336 3885 2409; baseline -0.004 -14"><span class='ocrx_word' id='word_1_488' title='bbox 2186 2348 2297 2408; x_wconf 88' lang='lat' dir='ltr'><strong>rat,</strong></span> <span class='ocrx_word' id='word_1_489' title='bbox 2347 2357 2484 2395; x_wconf 88' lang='lat' dir='ltr'><strong>mox</strong></span> <span class='ocrx_word' id='word_1_490' title='bbox 2530 2356 2682 2409; x_wconf 88' lang='lat' dir='ltr'><strong>vero,</strong></span> <span class='ocrx_word' id='word_1_491' title='bbox 2716 2356 2845 2393; x_wconf 91' lang='lat' dir='ltr'><strong>cum</strong></span> <span class='ocrx_word' id='word_1_492' title='bbox 2898 2339 3082 2409; x_wconf 89' lang='lat' dir='ltr'><strong>ipsam</strong></span> <span class='ocrx_word' id='word_1_493' title='bbox 3136 2336 3443 2391; x_wconf 86' lang='lat' dir='ltr'><strong>editionem</strong></span> <span class='ocrx_word' id='word_1_494' title='bbox 3492 2341 3698 2390; x_wconf 88' lang='lat' dir='ltr'><strong>nactus</strong></span> <span class='ocrx_word' id='word_1_495' title='bbox 3730 2339 3885 2400; x_wconf 86' lang='lat' dir='ltr'><strong>esset,</strong></span> 
     </span>
    </p>
   </div>
   <div class='ocr_carea' id='block_1_71' title="bbox 2188 2424 3886 2500">
    <p class='ocr_par' dir='ltr' id='par_1_71' title="bbox 2188 2424 3886 2500">
     <span class='ocr_line' id='line_1_71' title="bbox 2188 2424 3886 2500; baseline -0.004 -16"><span class='ocrx_word' id='word_1_496' title='bbox 2188 2446 2255 2484; x_wconf 91' lang='lat' dir='ltr'><strong>ex</strong></span> <span class='ocrx_word' id='word_1_497' title='bbox 2286 2428 2521 2500; x_wconf 90' lang='lat' dir='ltr'><strong>propria</strong></span> <span class='ocrx_word' id='word_1_498' title='bbox 2568 2428 2920 2498; x_wconf 87' lang='lat' dir='ltr'><strong>inspectione</strong></span> <span class='ocrx_word' id='word_1_499' title='bbox 2969 2424 3321 2497; x_wconf 87' lang='lat' dir='ltr'><strong>approbavit.</strong></span> <span class='ocrx_word' id='word_1_500' title='bbox 3378 2425 3775 2495; x_wconf 85' lang='lat' dir='ltr'><strong>Reprehendit</strong></span> <span class='ocrx_word' id='word_1_501' title='bbox 3801 2442 3886 2479; x_wconf 89' lang='lat' dir='ltr'><strong>au-</strong></span> 
     </span>
    </p>
   </div>
   <div class='ocr_carea' id='block_1_72' title="bbox 2185 2512 3889 2586">
    <p class='ocr_par' dir='ltr' id='par_1_72' title="bbox 2185 2512 3889 2586">
     <span class='ocr_line' id='line_1_72' title="bbox 2185 2512 3889 2586; baseline -0.003 -13"><span class='ocrx_word' id='word_1_502' title='bbox 2185 2522 2304 2573; x_wconf 90' lang='lat' dir='ltr'><strong>tem</strong></span> <span class='ocrx_word' id='word_1_503' title='bbox 2333 2517 2678 2572; x_wconf 90' lang='lat' dir='ltr'><strong>Clementius</strong></span> <span class='ocrx_word' id='word_1_504' title='bbox 2694 2515 3034 2581; x_wconf 86' lang='lat' dir='ltr'><strong>Fabricium,</strong></span> <span class='ocrx_word' id='word_1_505' title='bbox 3058 2514 3213 2586; x_wconf 91' lang='lat' dir='ltr'><strong>quod</strong></span> <span class='ocrx_word' id='word_1_506' title='bbox 3238 2512 3889 2584; x_wconf 87' lang='lat' dir='ltr'><strong>Valgrisiumexcudisse</strong></span> 
     </span>
    </p>
   </div>
   <div class='ocr_carea' id='block_1_73' title="bbox 2188 2602 3891 2676">
    <p class='ocr_par' dir='ltr' id='par_1_73' title="bbox 2188 2602 3891 2676">
     <span class='ocr_line' id='line_1_73' title="bbox 2188 2602 3891 2676; baseline -0.002 -15"><span class='ocrx_word' id='word_1_507' title='bbox 2188 2623 2314 2662; x_wconf 91' lang='lat' dir='ltr'><strong>eam</strong></span> <span class='ocrx_word' id='word_1_508' title='bbox 2371 2606 2595 2660; x_wconf 84' lang='lat' dir='ltr'><strong>dixerit.</strong></span> <span class='ocrx_word' id='word_1_509' title='bbox 2642 2607 2721 2659; x_wconf 88' lang='lat' dir='ltr'><strong>En</strong></span> <span class='ocrx_word' id='word_1_510' title='bbox 2768 2605 2946 2676; x_wconf 90' lang='lat' dir='ltr'><strong>igitur</strong></span> <span class='ocrx_word' id='word_1_511' title='bbox 2983 2620 3087 2674; x_wconf 90' lang='lat' dir='ltr'><strong>par</strong></span> <span class='ocrx_word' id='word_1_512' title='bbox 3133 2603 3385 2657; x_wconf 89' lang='lat' dir='ltr'><strong>virorum</strong></span> <span class='ocrx_word' id='word_1_513' title='bbox 3414 2606 3471 2656; x_wconf 92' lang='lat' dir='ltr'><strong>et</strong></span> <span class='ocrx_word' id='word_1_514' title='bbox 3501 2602 3808 2657; x_wconf 81' lang='lat' dir='ltr'><strong>doctorum</strong></span> <span class='ocrx_word' id='word_1_515' title='bbox 3839 2608 3891 2657; x_wconf 88' lang='lat' dir='ltr'><strong>et</strong></span> 
     </span>
    </p>
   </div>
   <div class='ocr_carea' id='block_1_74' title="bbox 2187 2681 3887 2763">
    <p class='ocr_par' dir='ltr' id='par_1_74' title="bbox 2187 2681 3887 2763">
     <span class='ocr_line' id='line_1_74' title="bbox 2187 2681 3887 2763; baseline -0.003 -14"><span class='ocrx_word' id='word_1_516' title='bbox 2187 2694 2512 2750; x_wconf 90' lang='lat' dir='ltr'><strong>curiositate</strong></span> <span class='ocrx_word' id='word_1_517' title='bbox 2540 2709 2604 2747; x_wconf 89' lang='lat' dir='ltr'><strong>ac</strong></span> <span class='ocrx_word' id='word_1_518' title='bbox 2633 2681 2934 2748; x_wconf 86' lang='lat' dir='ltr'><strong>sedulitate</strong></span> <span class='ocrx_word' id='word_1_519' title='bbox 2966 2694 3023 2746; x_wconf 92' lang='lat' dir='ltr'><strong>in</strong></span> <span class='ocrx_word' id='word_1_520' title='bbox 3057 2709 3158 2746; x_wconf 81' lang='lat' dir='ltr'><strong>suo</strong></span> <span class='ocrx_word' id='word_1_521' title='bbox 3194 2708 3406 2763; x_wconf 89' lang='lat' dir='ltr'><strong>genere</strong></span> <span class='ocrx_word' id='word_1_522' title='bbox 3431 2690 3649 2745; x_wconf 89' lang='lat' dir='ltr'><strong>nemini</strong></span> <span class='ocrx_word' id='word_1_523' title='bbox 3685 2691 3887 2746; x_wconf 88' lang='lat' dir='ltr'><strong>ceden-</strong></span> 
     </span>
    </p>
   </div>
   <div class='ocr_carea' id='block_1_75' title="bbox 2186 2780 3891 2852">
    <p class='ocr_par' dir='ltr' id='par_1_75' title="bbox 2186 2780 3891 2852">
     <span class='ocr_line' id='line_1_75' title="bbox 2186 2780 3891 2852; baseline -0.002 -16"><span class='ocrx_word' id='word_1_524' title='bbox 2186 2782 2356 2851; x_wconf 91' lang='lat' dir='ltr'><strong>tium,</strong></span> <span class='ocrx_word' id='word_1_525' title='bbox 2388 2782 2446 2835; x_wconf 90' lang='lat' dir='ltr'><strong>iu</strong></span> <span class='ocrx_word' id='word_1_526' title='bbox 2477 2798 2540 2835; x_wconf 90' lang='lat' dir='ltr'><strong>re</strong></span> <span class='ocrx_word' id='word_1_527' title='bbox 2569 2782 2681 2836; x_wconf 80' lang='lat' dir='ltr'><strong>levi</strong></span> <span class='ocrx_word' id='word_1_528' title='bbox 2710 2786 2766 2836; x_wconf 90' lang='lat' dir='ltr'><strong>et</strong></span> <span class='ocrx_word' id='word_1_529' title='bbox 2794 2798 2923 2852; x_wconf 87' lang='lat' dir='ltr'><strong>quae</strong></span> <span class='ocrx_word' id='word_1_530' title='bbox 2960 2797 3220 2836; x_wconf 85' lang='lat' dir='ltr'><strong>errorem</strong></span> <span class='ocrx_word' id='word_1_531' title='bbox 3248 2780 3401 2834; x_wconf 91' lang='lat' dir='ltr'><strong>inter</strong></span> <span class='ocrx_word' id='word_1_532' title='bbox 3428 2785 3598 2835; x_wconf 86' lang='lat' dir='ltr'><strong>testes</strong></span> <span class='ocrx_word' id='word_1_533' title='bbox 3628 2782 3891 2835; x_wconf 88' lang='lat' dir='ltr'><strong>oculares</strong></span> 
     </span>
    </p>
   </div>
   <div class='ocr_carea' id='block_1_76' title="bbox 2185 2869 3890 2942">
    <p class='ocr_par' dir='ltr' id='par_1_76' title="bbox 2185 2869 3890 2942">
     <span class='ocr_line' id='line_1_76' title="bbox 2185 2869 3890 2942; baseline -0.001 -18"><span class='ocrx_word' id='word_1_534' title='bbox 2185 2870 2279 2925; x_wconf 90' lang='lat' dir='ltr'><strong>vix</strong></span> <span class='ocrx_word' id='word_1_535' title='bbox 2324 2871 2469 2925; x_wconf 82' lang='lat' dir='ltr'><strong>ferre</strong></span> <span class='ocrx_word' id='word_1_536' title='bbox 2516 2872 2711 2942; x_wconf 87' lang='lat' dir='ltr'><strong>possit,</strong></span> <span class='ocrx_word' id='word_1_537' title='bbox 2761 2871 2869 2925; x_wconf 91' lang='lat' dir='ltr'><strong>sibi</strong></span> <span class='ocrx_word' id='word_1_538' title='bbox 2914 2886 3260 2942; x_wconf 89' lang='lat' dir='ltr'><strong>repugnans.</strong></span> <span class='ocrx_word' id='word_1_539' title='bbox 3316 2870 3606 2940; x_wconf 90' lang='lat' dir='ltr'><strong>Optimum</strong></span> <span class='ocrx_word' id='word_1_540' title='bbox 3649 2869 3890 2941; x_wconf 80' lang='lat' dir='ltr'><strong>quidem</strong></span> 
     </span>
    </p>
   </div>
   <div class='ocr_carea' id='block_1_77' title="bbox 2185 2958 3889 3027">
    <p class='ocr_par' dir='ltr' id='par_1_77' title="bbox 2185 2958 3889 3027">
     <span class='ocr_line' id='line_1_77' title="bbox 2185 2958 3889 3027; baseline -0.001 -14"><span class='ocrx_word' id='word_1_541' title='bbox 2185 2960 2395 3026; x_wconf 88' lang='lat' dir='ltr'><strong>aliquis</strong></span> <span class='ocrx_word' id='word_1_542' title='bbox 2424 2960 2670 3027; x_wconf 89' lang='lat' dir='ltr'><strong>duxerit,</strong></span> <span class='ocrx_word' id='word_1_543' title='bbox 2704 2960 2905 3015; x_wconf 91' lang='lat' dir='ltr'><strong>missos</strong></span> <span class='ocrx_word' id='word_1_544' title='bbox 2938 2977 3032 3014; x_wconf 90' lang='lat' dir='ltr'><strong>eos</strong></span> <span class='ocrx_word' id='word_1_545' title='bbox 3062 2960 3266 3025; x_wconf 88' lang='lat' dir='ltr'><strong>facere,</strong></span> <span class='ocrx_word' id='word_1_546' title='bbox 3295 2965 3353 3013; x_wconf 91' lang='lat' dir='ltr'><strong>et</strong></span> <span class='ocrx_word' id='word_1_547' title='bbox 3378 2959 3550 3013; x_wconf 83' lang='lat' dir='ltr'><strong>fidem</strong></span> <span class='ocrx_word' id='word_1_548' title='bbox 3598 2960 3763 3013; x_wconf 79' lang='lat' dir='ltr'><strong>tertii</strong></span> <span class='ocrx_word' id='word_1_549' title='bbox 3792 2958 3889 3012; x_wconf 90' lang='lat' dir='ltr'><strong>ali-</strong></span> 
     </span>
    </p>
   </div>
   <div class='ocr_carea' id='block_1_78' title="bbox 2185 3048 3890 3119">
    <p class='ocr_par' dir='ltr' id='par_1_78' title="bbox 2185 3048 3890 3119">
     <span class='ocr_line' id='line_1_78' title="bbox 2185 3048 3890 3119; baseline -0.001 -17"><span class='ocrx_word' id='word_1_550' title='bbox 2185 3049 2368 3119; x_wconf 89' lang='lat' dir='ltr'><strong>cujus,</strong></span> <span class='ocrx_word' id='word_1_551' title='bbox 2394 3049 2484 3103; x_wconf 90' lang='lat' dir='ltr'><strong>cui</strong></span> <span class='ocrx_word' id='word_1_552' title='bbox 2505 3049 2695 3104; x_wconf 88' lang='lat' dir='ltr'><strong>videre</strong></span> <span class='ocrx_word' id='word_1_553' title='bbox 2728 3049 2987 3104; x_wconf 90' lang='lat' dir='ltr'><strong>eamdem</strong></span> <span class='ocrx_word' id='word_1_554' title='bbox 3019 3048 3345 3119; x_wconf 87' lang='lat' dir='ltr'><strong>contigerit,</strong></span> <span class='ocrx_word' id='word_1_555' title='bbox 3379 3052 3735 3118; x_wconf 83' lang='lat' dir='ltr'><strong>exspectare.</strong></span> <span class='ocrx_word' id='word_1_556' title='bbox 3772 3048 3890 3102; x_wconf 88' lang='lat' dir='ltr'><strong>Non</strong></span> 
     </span>
    </p>
   </div>
   <div class='ocr_carea' id='block_1_79' title="bbox 2185 3136 3893 3209">
    <p class='ocr_par' dir='ltr' id='par_1_79' title="bbox 2185 3136 3893 3209">
     <span class='ocr_line' id='line_1_79' title="bbox 2185 3136 3893 3209; baseline -0.002 -17"><span class='ocrx_word' id='word_1_557' title='bbox 2185 3138 2399 3206; x_wconf 86' lang='lat' dir='ltr'><strong>abnuo,</strong></span> <span class='ocrx_word' id='word_1_558' title='bbox 2432 3154 2536 3192; x_wconf 91' lang='lat' dir='ltr'><strong>nec</strong></span> <span class='ocrx_word' id='word_1_559' title='bbox 2558 3143 2751 3192; x_wconf 91' lang='lat' dir='ltr'><strong>tamen</strong></span> <span class='ocrx_word' id='word_1_560' title='bbox 2808 3137 2953 3191; x_wconf 88' lang='lat' dir='ltr'><strong>mihi</strong></span> <span class='ocrx_word' id='word_1_561' title='bbox 2983 3142 3261 3209; x_wconf 92' lang='lat' dir='ltr'><strong>tempero,</strong></span> <span class='ocrx_word' id='word_1_562' title='bbox 3295 3153 3409 3208; x_wconf 90' lang='lat' dir='ltr'><strong>quo</strong></span> <span class='ocrx_word' id='word_1_563' title='bbox 3459 3136 3649 3190; x_wconf 91' lang='lat' dir='ltr'><strong>minus</strong></span> <span class='ocrx_word' id='word_1_564' title='bbox 3711 3136 3893 3207; x_wconf 83' lang='lat' dir='ltr'><strong>suspi-</strong></span> 
     </span>
    </p>
   </div>
   <div class='ocr_carea' id='block_1_80' title="bbox 2182 3224 3894 3297">
    <p class='ocr_par' dir='ltr' id='par_1_80' title="bbox 2182 3224 3894 3297">
     <span class='ocr_line' id='line_1_80' title="bbox 2182 3224 3894 3297; baseline -0.001 -16"><span class='ocrx_word' id='word_1_565' title='bbox 2182 3227 2374 3282; x_wconf 90' lang='lat' dir='ltr'><strong>ciones</strong></span> <span class='ocrx_word' id='word_1_566' title='bbox 2408 3242 2564 3281; x_wconf 89' lang='lat' dir='ltr'><strong>meas</strong></span> <span class='ocrx_word' id='word_1_567' title='bbox 2580 3226 2805 3281; x_wconf 90' lang='lat' dir='ltr'><strong>addam.</strong></span> <span class='ocrx_word' id='word_1_568' title='bbox 2839 3225 3235 3282; x_wconf 76' lang='lat' dir='ltr'><strong>Audiﬁ&#39;redum</strong></span> <span class='ocrx_word' id='word_1_569' title='bbox 3264 3224 3450 3279; x_wconf 91' lang='lat' dir='ltr'><strong>virum</strong></span> <span class='ocrx_word' id='word_1_570' title='bbox 3478 3240 3677 3294; x_wconf 86' lang='lat' dir='ltr'><strong>supra,</strong></span> <span class='ocrx_word' id='word_1_571' title='bbox 3720 3241 3894 3297; x_wconf 87' lang='lat' dir='ltr'><strong>quam</strong></span> 
     </span>
    </p>
   </div>
   <div class='ocr_carea' id='block_1_81' title="bbox 2181 3314 3895 3387">
    <p class='ocr_par' dir='ltr' id='par_1_81' title="bbox 2181 3314 3895 3387">
     <span class='ocr_line' id='line_1_81' title="bbox 2181 3314 3895 3387; baseline -0.002 -16"><span class='ocrx_word' id='word_1_572' title='bbox 2181 3316 2293 3371; x_wconf 92' lang='lat' dir='ltr'><strong>dici</strong></span> <span class='ocrx_word' id='word_1_573' title='bbox 2316 3322 2520 3387; x_wconf 90' lang='lat' dir='ltr'><strong>potest,</strong></span> <span class='ocrx_word' id='word_1_574' title='bbox 2553 3316 2614 3370; x_wconf 92' lang='lat' dir='ltr'><strong>in</strong></span> <span class='ocrx_word' id='word_1_575' title='bbox 2642 3316 2712 3371; x_wconf 91' lang='lat' dir='ltr'><strong>iis</strong></span> <span class='ocrx_word' id='word_1_576' title='bbox 2736 3316 3023 3386; x_wconf 90' lang='lat' dir='ltr'><strong>omnibus,</strong></span> <span class='ocrx_word' id='word_1_577' title='bbox 3059 3332 3187 3387; x_wconf 73' lang='lat' dir='ltr'><strong>quae</strong></span> <span class='ocrx_word' id='word_1_578' title='bbox 3242 3314 3312 3369; x_wconf 88' lang='lat' dir='ltr'><strong>ad</strong></span> <span class='ocrx_word' id='word_1_579' title='bbox 3343 3314 3797 3385; x_wconf 83' lang='lat' dir='ltr'><strong>descriptionem</strong></span> <span class='ocrx_word' id='word_1_580' title='bbox 3830 3314 3895 3369; x_wconf 83' lang='lat' dir='ltr'><strong>li-</strong></span> 
     </span>
    </p>
   </div>
   <div class='ocr_carea' id='block_1_82' title="bbox 2180 3402 3894 3475">
    <p class='ocr_par' dir='ltr' id='par_1_82' title="bbox 2180 3402 3894 3475">
     <span class='ocr_line' id='line_1_82' title="bbox 2180 3402 3894 3475; baseline -0.001 -17"><span class='ocrx_word' id='word_1_581' title='bbox 2180 3404 2269 3458; x_wconf 89' lang='lat' dir='ltr'><strong>bri</strong></span> <span class='ocrx_word' id='word_1_582' title='bbox 2299 3406 2537 3475; x_wconf 85' lang='lat' dir='ltr'><strong>alicujus</strong></span> <span class='ocrx_word' id='word_1_583' title='bbox 2572 3405 2639 3460; x_wconf 88' lang='lat' dir='ltr'><strong>ah</strong></span> <span class='ocrx_word' id='word_1_584' title='bbox 2664 3421 2731 3459; x_wconf 92' lang='lat' dir='ltr'><strong>eo</strong></span> <span class='ocrx_word' id='word_1_585' title='bbox 2762 3404 3003 3475; x_wconf 89' lang='lat' dir='ltr'><strong>inspecti</strong></span> <span class='ocrx_word' id='word_1_586' title='bbox 3032 3403 3342 3475; x_wconf 85' lang='lat' dir='ltr'><strong>pertinent,</strong></span> <span class='ocrx_word' id='word_1_587' title='bbox 3379 3402 3668 3471; x_wconf 85' lang='lat' dir='ltr'><strong>sedulum,</strong></span> <span class='ocrx_word' id='word_1_588' title='bbox 3710 3406 3773 3459; x_wconf 91' lang='lat' dir='ltr'><strong>in</strong></span> <span class='ocrx_word' id='word_1_589' title='bbox 3806 3404 3894 3458; x_wconf 88' lang='lat' dir='ltr'><strong>his</strong></span> 
     </span>
    </p>
   </div>
   <div class='ocr_carea' id='block_1_83' title="bbox 2178 3491 3896 3564">
    <p class='ocr_par' dir='ltr' id='par_1_83' title="bbox 2178 3491 3896 3564">
     <span class='ocr_line' id='line_1_83' title="bbox 2178 3491 3896 3564; baseline -0.001 -17"><span class='ocrx_word' id='word_1_590' title='bbox 2178 3496 2295 3547; x_wconf 89' lang='lat' dir='ltr'><strong>tam</strong></span> <span class='ocrx_word' id='word_1_591' title='bbox 2322 3494 2601 3548; x_wconf 90' lang='lat' dir='ltr'><strong>distinctis</strong></span> <span class='ocrx_word' id='word_1_592' title='bbox 2625 3493 2811 3548; x_wconf 89' lang='lat' dir='ltr'><strong>verbis</strong></span> <span class='ocrx_word' id='word_1_593' title='bbox 2841 3493 2911 3548; x_wconf 90' lang='lat' dir='ltr'><strong>ab</strong></span> <span class='ocrx_word' id='word_1_594' title='bbox 2969 3510 3036 3548; x_wconf 93' lang='lat' dir='ltr'><strong>eo</strong></span> <span class='ocrx_word' id='word_1_595' title='bbox 3092 3491 3382 3561; x_wconf 89' lang='lat' dir='ltr'><strong>conceptis</strong></span> <span class='ocrx_word' id='word_1_596' title='bbox 3435 3507 3680 3559; x_wconf 83' lang='lat' dir='ltr'><strong>errasse,</strong></span> <span class='ocrx_word' id='word_1_597' title='bbox 3740 3506 3896 3564; x_wconf 68' lang='lat' dir='ltr'><strong>aegre</strong></span> 
     </span>
    </p>
   </div>
   <div class='ocr_carea' id='block_1_84' title="bbox 2178 3581 3900 3654">
    <p class='ocr_par' dir='ltr' id='par_1_84' title="bbox 2178 3581 3900 3654">
     <span class='ocr_line' id='line_1_84' title="bbox 2178 3581 3900 3654; baseline -0.002 -18"><span class='ocrx_word' id='word_1_598' title='bbox 2178 3582 2322 3637; x_wconf 90' lang='lat' dir='ltr'><strong>mihi</strong></span> <span class='ocrx_word' id='word_1_599' title='bbox 2352 3583 2683 3654; x_wconf 90' lang='lat' dir='ltr'><strong>persuadeo.</strong></span> <span class='ocrx_word' id='word_1_600' title='bbox 2713 3583 2837 3637; x_wconf 88' lang='lat' dir='ltr'><strong>Jam</strong></span> <span class='ocrx_word' id='word_1_601' title='bbox 2890 3582 2948 3636; x_wconf 89' lang='lat' dir='ltr'><strong>in</strong></span> <span class='ocrx_word' id='word_1_602' title='bbox 3005 3581 3185 3636; x_wconf 85' lang='lat' dir='ltr'><strong>titulis</strong></span> <span class='ocrx_word' id='word_1_603' title='bbox 3233 3584 3383 3635; x_wconf 89' lang='lat' dir='ltr'><strong>certe</strong></span> <span class='ocrx_word' id='word_1_604' title='bbox 3438 3581 3663 3635; x_wconf 90' lang='lat' dir='ltr'><strong>nullum</strong></span> <span class='ocrx_word' id='word_1_605' title='bbox 3712 3584 3900 3635; x_wconf 85' lang='lat' dir='ltr'><strong>exstat</strong></span> 
     </span>
    </p>
   </div>
   <div class='ocr_carea' id='block_1_85' title="bbox 2178 3669 3895 3743">
    <p class='ocr_par' dir='ltr' id='par_1_85' title="bbox 2178 3669 3895 3743">
     <span class='ocr_line' id='line_1_85' title="bbox 2178 3669 3895 3743; baseline 0.001 -20"><span class='ocrx_word' id='word_1_606' title='bbox 2178 3672 2521 3742; x_wconf 81' lang='lat' dir='ltr'><strong>typographi</strong></span> <span class='ocrx_word' id='word_1_607' title='bbox 2550 3671 2844 3727; x_wconf 89' lang='lat' dir='ltr'><strong>indicium.</strong></span> <span class='ocrx_word' id='word_1_608' title='bbox 2882 3670 3065 3742; x_wconf 90' lang='lat' dir='ltr'><strong>Igitur</strong></span> <span class='ocrx_word' id='word_1_609' title='bbox 3109 3669 3170 3725; x_wconf 91' lang='lat' dir='ltr'><strong>in</strong></span> <span class='ocrx_word' id='word_1_610' title='bbox 3208 3670 3357 3724; x_wconf 88' lang='lat' dir='ltr'><strong>calce</strong></span> <span class='ocrx_word' id='word_1_611' title='bbox 3408 3669 3548 3724; x_wconf 91' lang='lat' dir='ltr'><strong>tomi</strong></span> <span class='ocrx_word' id='word_1_612' title='bbox 3598 3672 3895 3743; x_wconf 85' lang='lat' dir='ltr'><strong>cujusque</strong></span> 
     </span>
    </p>
   </div>
   <div class='ocr_carea' id='block_1_86' title="bbox 2177 3758 3900 3832">
    <p class='ocr_par' dir='ltr' id='par_1_86' title="bbox 2177 3758 3900 3832">
     <span class='ocr_line' id='line_1_86' title="bbox 2177 3758 3900 3832; baseline 0.002 -20"><span class='ocrx_word' id='word_1_613' title='bbox 2177 3760 2411 3813; x_wconf 84' lang='lat' dir='ltr'><strong>nomina</strong></span> <span class='ocrx_word' id='word_1_614' title='bbox 2469 3760 2930 3832; x_wconf 89' lang='lat' dir='ltr'><strong>subscripserint,</strong></span> <span class='ocrx_word' id='word_1_615' title='bbox 2983 3775 3211 3814; x_wconf 89' lang='lat' dir='ltr'><strong>necesse</strong></span> <span class='ocrx_word' id='word_1_616' title='bbox 3259 3762 3361 3813; x_wconf 92' lang='lat' dir='ltr'><strong>est.</strong></span> <span class='ocrx_word' id='word_1_617' title='bbox 3436 3758 3611 3829; x_wconf 86' lang='lat' dir='ltr'><strong>Atqui</strong></span> <span class='ocrx_word' id='word_1_618' title='bbox 3692 3760 3900 3815; x_wconf 87' lang='lat' dir='ltr'><strong>titulos</strong></span> 
     </span>
    </p>
   </div>
   <div class='ocr_carea' id='block_1_87' title="bbox 2175 3848 3898 3919">
    <p class='ocr_par' dir='ltr' id='par_1_87' title="bbox 2175 3848 3898 3919">
     <span class='ocr_line' id='line_1_87' title="bbox 2175 3848 3898 3919; baseline 0.001 -18"><span class='ocrx_word' id='word_1_619' title='bbox 2175 3848 2402 3902; x_wconf 91' lang='lat' dir='ltr'><strong>aliunde</strong></span> <span class='ocrx_word' id='word_1_620' title='bbox 2445 3849 2563 3919; x_wconf 90' lang='lat' dir='ltr'><strong>jam</strong></span> <span class='ocrx_word' id='word_1_621' title='bbox 2608 3849 2669 3903; x_wconf 92' lang='lat' dir='ltr'><strong>in</strong></span> <span class='ocrx_word' id='word_1_622' title='bbox 2734 3865 2898 3904; x_wconf 87' lang='lat' dir='ltr'><strong>suam</strong></span> <span class='ocrx_word' id='word_1_623' title='bbox 2961 3848 3367 3903; x_wconf 89' lang='lat' dir='ltr'><strong>Bibliothecam</strong></span> <span class='ocrx_word' id='word_1_624' title='bbox 3441 3849 3898 3919; x_wconf 88' lang='lat' dir='ltr'><strong>transcripserat</strong></span> 
     </span>
    </p>
   </div>
   <div class='ocr_carea' id='block_1_88' title="bbox 2176 3934 3901 4009">
    <p class='ocr_par' dir='ltr' id='par_1_88' title="bbox 2176 3934 3901 4009">
     <span class='ocr_line' id='line_1_88' title="bbox 2176 3934 3901 4009; baseline 0.003 -21"><span class='ocrx_word' id='word_1_625' title='bbox 2176 3934 2542 4003; x_wconf 89' lang='lat' dir='ltr'><strong>Clementius,</strong></span> <span class='ocrx_word' id='word_1_626' title='bbox 2596 3954 2725 3991; x_wconf 92' lang='lat' dir='ltr'><strong>cum</strong></span> <span class='ocrx_word' id='word_1_627' title='bbox 2771 3938 2944 4009; x_wconf 89' lang='lat' dir='ltr'><strong>hujus</strong></span> <span class='ocrx_word' id='word_1_628' title='bbox 2991 3936 3259 3992; x_wconf 91' lang='lat' dir='ltr'><strong>editionis</strong></span> <span class='ocrx_word' id='word_1_629' title='bbox 3320 3937 3614 4005; x_wconf 83' lang='lat' dir='ltr'><strong>exemplar</strong></span> <span class='ocrx_word' id='word_1_630' title='bbox 3664 3938 3789 4009; x_wconf 90' lang='lat' dir='ltr'><strong>ipsi</strong></span> <span class='ocrx_word' id='word_1_631' title='bbox 3839 3941 3901 3993; x_wconf 89' lang='lat' dir='ltr'><strong>in</strong></span> 
     </span>
    </p>
   </div>
   <div class='ocr_carea' id='block_1_89' title="bbox 2173 4024 3899 4098">
    <p class='ocr_par' dir='ltr' id='par_1_89' title="bbox 2173 4024 3899 4098">
     <span class='ocr_line' id='line_1_89' title="bbox 2173 4024 3899 4098; baseline 0.002 -21"><span class='ocrx_word' id='word_1_632' title='bbox 2173 4039 2377 4078; x_wconf 90' lang='lat' dir='ltr'><strong>manus</strong></span> <span class='ocrx_word' id='word_1_633' title='bbox 2408 4024 2701 4080; x_wconf 91' lang='lat' dir='ltr'><strong>incideret.</strong></span> <span class='ocrx_word' id='word_1_634' title='bbox 2732 4027 2888 4081; x_wconf 85' lang='lat' dir='ltr'><strong>Tunc</strong></span> <span class='ocrx_word' id='word_1_635' title='bbox 2915 4043 3046 4081; x_wconf 88' lang='lat' dir='ltr'><strong>vero</strong></span> <span class='ocrx_word' id='word_1_636' title='bbox 3085 4026 3226 4097; x_wconf 92' lang='lat' dir='ltr'><strong>quid</strong></span> <span class='ocrx_word' id='word_1_637' title='bbox 3263 4025 3428 4080; x_wconf 90' lang='lat' dir='ltr'><strong>illum</strong></span> <span class='ocrx_word' id='word_1_638' title='bbox 3464 4026 3648 4096; x_wconf 89' lang='lat' dir='ltr'><strong>egisse</strong></span> <span class='ocrx_word' id='word_1_639' title='bbox 3715 4032 3899 4098; x_wconf 89' lang='lat' dir='ltr'><strong>putas</strong></span> 
     </span>
    </p>
   </div>
   <div class='ocr_carea' id='block_1_90' title="bbox 2174 4114 3906 4187">
    <p class='ocr_par' dir='ltr' id='par_1_90' title="bbox 2174 4114 3906 4187">
     <span class='ocr_line' id='line_1_90' title="bbox 2174 4114 3906 4187; baseline 0.001 -19"><span class='ocrx_word' id='word_1_640' title='bbox 2174 4115 2245 4169; x_wconf 89' lang='lat' dir='ltr'><strong>ad</strong></span> <span class='ocrx_word' id='word_1_641' title='bbox 2280 4115 2515 4169; x_wconf 87' lang='lat' dir='ltr'><strong>Fabricii</strong></span> <span class='ocrx_word' id='word_1_642' title='bbox 2539 4115 2707 4170; x_wconf 81' lang='lat' dir='ltr'><strong>ﬁdem</strong></span> <span class='ocrx_word' id='word_1_643' title='bbox 2741 4114 3187 4187; x_wconf 85' lang='lat' dir='ltr'><strong>explorandam?</strong></span> <span class='ocrx_word' id='word_1_644' title='bbox 3242 4116 3457 4172; x_wconf 85' lang='lat' dir='ltr'><strong>Evolvit</strong></span> <span class='ocrx_word' id='word_1_645' title='bbox 3506 4115 3733 4170; x_wconf 87' lang='lat' dir='ltr'><strong>scilicet</strong></span> <span class='ocrx_word' id='word_1_646' title='bbox 3775 4116 3906 4170; x_wconf 89' lang='lat' dir='ltr'><strong>sin-</strong></span> 
     </span>
    </p>
   </div>
   <div class='ocr_carea' id='block_1_91' title="bbox 2172 4204 3900 4278">
    <p class='ocr_par' dir='ltr' id='par_1_91' title="bbox 2172 4204 3900 4278">
     <span class='ocr_line' id='line_1_91' title="bbox 2172 4204 3900 4278; baseline 0 -19"><span class='ocrx_word' id='word_1_647' title='bbox 2172 4205 2304 4275; x_wconf 88' lang='lat' dir='ltr'><strong>gula</strong></span> <span class='ocrx_word' id='word_1_648' title='bbox 2335 4204 2627 4259; x_wconf 87' lang='lat' dir='ltr'><strong>volumina</strong></span> <span class='ocrx_word' id='word_1_649' title='bbox 2658 4209 2715 4259; x_wconf 91' lang='lat' dir='ltr'><strong>et</strong></span> <span class='ocrx_word' id='word_1_650' title='bbox 2743 4204 3145 4278; x_wconf 86' lang='lat' dir='ltr'><strong>circumspexit</strong></span> <span class='ocrx_word' id='word_1_651' title='bbox 3184 4208 3597 4278; x_wconf 81' lang='lat' dir='ltr'><strong>typographos.</strong></span> <span class='ocrx_word' id='word_1_652' title='bbox 3640 4206 3900 4261; x_wconf 78' lang='lat' dir='ltr'><strong>Minime</strong></span> 
     </span>
    </p>
   </div>
   <div class='ocr_carea' id='block_1_92' title="bbox 359 4278 3907 4366">
    <p class='ocr_par' dir='ltr' id='par_1_92' title="bbox 359 4278 3907 4366">
     <span class='ocr_line' id='line_1_92' title="bbox 359 4278 3907 4366; baseline 0.003 -26"><span class='ocrx_word' id='word_1_653' title='bbox 359 4288 612 4342; x_wconf 84' lang='lat' dir='ltr'><strong>lationem</strong></span> <span class='ocrx_word' id='word_1_654' title='bbox 664 4292 1016 4345; x_wconf 80' lang='lat' dir='ltr'><strong>vetustiorum</strong></span> <span class='ocrx_word' id='word_1_655' title='bbox 1062 4293 1474 4359; x_wconf 70' lang='lat' dir='ltr'><strong>exemplarium,</strong></span> <span class='ocrx_word' id='word_1_656' title='bbox 1529 4297 1838 4349; x_wconf 84' lang='lat' dir='ltr'><strong>curavimus</strong></span> <span class='ocrx_word' id='word_1_657' title='bbox 1886 4310 2058 4350; x_wconf 87' lang='lat' dir='ltr'><strong>remo-</strong></span> <span class='ocrx_word' id='word_1_658' title='bbox 2098 4278 2142 4333; x_wconf 81' lang='grc' dir='ltr'><strong>Ῑ)</strong></span> <span class='ocrx_word' id='word_1_659' title='bbox 2170 4309 2301 4347; x_wconf 89' lang='lat' dir='ltr'><strong>vero</strong></span> <span class='ocrx_word' id='word_1_660' title='bbox 2335 4294 2499 4348; x_wconf 90' lang='lat' dir='ltr'><strong>unice</strong></span> <span class='ocrx_word' id='word_1_661' title='bbox 2528 4299 2664 4349; x_wconf 89' lang='lat' dir='ltr'><strong>tunc</strong></span> <span class='ocrx_word' id='word_1_662' title='bbox 2706 4295 2959 4363; x_wconf 88' lang='lat' dir='ltr'><strong>curabat,</strong></span> <span class='ocrx_word' id='word_1_663' title='bbox 3000 4299 3062 4349; x_wconf 91' lang='lat' dir='ltr'><strong>ut</strong></span> <span class='ocrx_word' id='word_1_664' title='bbox 3101 4294 3170 4348; x_wconf 92' lang='lat' dir='ltr'><strong>de</strong></span> <span class='ocrx_word' id='word_1_665' title='bbox 3215 4294 3545 4366; x_wconf 86' lang='lat' dir='ltr'><strong>integritate</strong></span> <span class='ocrx_word' id='word_1_666' title='bbox 3577 4294 3907 4362; x_wconf 85' lang='lat' dir='ltr'><strong>editionis,</strong></span> 
     </span>
    </p>
   </div>
   <div class='ocr_carea' id='block_1_93' title="bbox 356 4378 2059 4451">
    <p class='ocr_par' dir='ltr' id='par_1_93' title="bbox 356 4378 2059 4451">
     <span class='ocr_line' id='line_1_93' title="bbox 356 4378 2059 4451; baseline 0.005 -24"><span class='ocrx_word' id='word_1_667' title='bbox 356 4378 475 4428; x_wconf 78' lang='lat' dir='ltr'><strong>veri</strong></span> <span class='ocrx_word' id='word_1_668' title='bbox 504 4391 567 4428; x_wconf 91' lang='lat' dir='ltr'><strong>ea</strong></span> <span class='ocrx_word' id='word_1_669' title='bbox 601 4378 801 4443; x_wconf 84' lang='lat' dir='ltr'><strong>omnia,</strong></span> <span class='ocrx_word' id='word_1_670' title='bbox 837 4393 956 4447; x_wconf 75' lang='lat' dir='ltr'><strong>qua:</strong></span> <span class='ocrx_word' id='word_1_671' title='bbox 980 4378 1220 4446; x_wconf 83' lang='lat' dir='ltr'><strong>ﬁdelium</strong></span> <span class='ocrx_word' id='word_1_672' title='bbox 1250 4385 1447 4433; x_wconf 78' lang='lat' dir='ltr'><strong>mentes</strong></span> <span class='ocrx_word' id='word_1_673' title='bbox 1488 4380 1740 4435; x_wconf 72' lang='lat' dir='ltr'><strong>haeretica</strong></span> <span class='ocrx_word' id='word_1_674' title='bbox 1784 4384 2059 4451; x_wconf 84' lang='lat' dir='ltr'><strong>pravitate</strong></span> 
     </span>
    </p>
   </div>
   <div class='ocr_carea' id='block_1_94' title="bbox 350 4466 2056 4532">
    <p class='ocr_par' dir='ltr' id='par_1_94' title="bbox 350 4466 2056 4532">
     <span class='ocr_line' id='line_1_94' title="bbox 350 4466 2056 4532; baseline 0.006 -17"><span class='ocrx_word' id='word_1_675' title='bbox 350 4468 572 4530; x_wconf 82' lang='lat' dir='ltr'><strong>possent</strong></span> <span class='ocrx_word' id='word_1_676' title='bbox 600 4466 831 4532; x_wconf 79' lang='lat' dir='ltr'><strong>inficere,</strong></span> <span class='ocrx_word' id='word_1_677' title='bbox 861 4470 957 4519; x_wconf 89' lang='lat' dir='ltr'><strong>aut</strong></span> <span class='ocrx_word' id='word_1_678' title='bbox 992 4482 1026 4519; x_wconf 91' lang='lat' dir='ltr'><strong>a</strong></span> <span class='ocrx_word' id='word_1_679' title='bbox 1065 4468 1329 4521; x_wconf 86' lang='lat' dir='ltr'><strong>catholica</strong></span> <span class='ocrx_word' id='word_1_680' title='bbox 1384 4473 1433 4523; x_wconf 87' lang='lat' dir='ltr'><strong>et</strong></span> <span class='ocrx_word' id='word_1_681' title='bbox 1473 4470 1775 4524; x_wconf 72' lang='lat' dir='ltr'><strong>orthodoma</strong></span> <span class='ocrx_word' id='word_1_682' title='bbox 1826 4472 1919 4525; x_wconf 81' lang='lat' dir='ltr'><strong>via</strong></span> <span class='ocrx_word' id='word_1_683' title='bbox 1957 4471 2056 4525; x_wconf 85' lang='lat' dir='ltr'><strong>de-</strong></span> 
     </span>
    </p>
   </div>
   <div class='ocr_carea' id='block_1_95' title="bbox 355 4551 2054 4630">
    <p class='ocr_par' dir='ltr' id='par_1_95' title="bbox 355 4551 2054 4630">
     <span class='ocr_line' id='line_1_95' title="bbox 355 4551 2054 4630; baseline 0.004 -25"><span class='ocrx_word' id='word_1_684' title='bbox 355 4552 527 4606; x_wconf 80' lang='lat' dir='ltr'><strong>viare.</strong></span> <span class='ocrx_word' id='word_1_685' title='bbox 560 4551 799 4606; x_wconf 89' lang='lat' dir='ltr'><strong>Additus</strong></span> <span class='ocrx_word' id='word_1_686' title='bbox 828 4557 913 4608; x_wconf 87' lang='lat' dir='ltr'><strong>est</strong></span> <span class='ocrx_word' id='word_1_687' title='bbox 951 4553 1117 4610; x_wconf 90' lang='lat' dir='ltr'><strong>index</strong></span> <span class='ocrx_word' id='word_1_688' title='bbox 1148 4555 1365 4609; x_wconf 66' lang='lat' dir='ltr'><strong>caeteris</strong></span> <span class='ocrx_word' id='word_1_689' title='bbox 1422 4556 1688 4611; x_wconf 91' lang='lat' dir='ltr'><strong>omnibus</strong></span> <span class='ocrx_word' id='word_1_690' title='bbox 1718 4562 1774 4613; x_wconf 89' lang='lat' dir='ltr'><strong>et</strong></span> <span class='ocrx_word' id='word_1_691' title='bbox 1801 4558 2054 4630; x_wconf 90' lang='lat' dir='ltr'><strong>locuple-</strong></span> 
     </span>
    </p>
   </div>
   <div class='ocr_carea' id='block_1_96' title="bbox 354 4640 2054 4718">
    <p class='ocr_par' dir='ltr' id='par_1_96' title="bbox 354 4640 2054 4718">
     <span class='ocr_line' id='line_1_96' title="bbox 354 4640 2054 4718; baseline 0.004 -25"><span class='ocrx_word' id='word_1_692' title='bbox 354 4641 468 4693; x_wconf 89' lang='lat' dir='ltr'><strong>tior</strong></span> <span class='ocrx_word' id='word_1_693' title='bbox 492 4646 547 4693; x_wconf 91' lang='lat' dir='ltr'><strong>et</strong></span> <span class='ocrx_word' id='word_1_694' title='bbox 569 4640 875 4711; x_wconf 87' lang='lat' dir='ltr'><strong>copiosior.</strong></span> <span class='ocrx_word' id='word_1_695' title='bbox 908 4642 1068 4696; x_wconf 86' lang='lat' dir='ltr'><strong>Nunc</strong></span> <span class='ocrx_word' id='word_1_696' title='bbox 1097 4659 1291 4697; x_wconf 89' lang='lat' dir='ltr'><strong>recens</strong></span> <span class='ocrx_word' id='word_1_697' title='bbox 1337 4643 1675 4715; x_wconf 90' lang='lat' dir='ltr'><strong>impressus,</strong></span> <span class='ocrx_word' id='word_1_698' title='bbox 1728 4647 2054 4718; x_wconf 90' lang='lat' dir='ltr'><strong>recognitus</strong></span> 
     </span>
    </p>
   </div>
   <div class='ocr_carea' id='block_1_97' title="bbox 355 4726 1623 4801">
    <p class='ocr_par' dir='ltr' id='par_1_97' title="bbox 355 4726 1623 4801">
     <span class='ocr_line' id='line_1_97' title="bbox 355 4726 1623 4801; baseline 0.006 -21"><span class='ocrx_word' id='word_1_699' title='bbox 355 4730 411 4780; x_wconf 86' lang='lat' dir='ltr'><strong>et</strong></span> <span class='ocrx_word' id='word_1_700' title='bbox 449 4726 802 4782; x_wconf 85' lang='lat' dir='ltr'><strong>emendatus.</strong></span> <span class='ocrx_word' id='word_1_701' title='bbox 837 4728 1082 4781; x_wconf 82' lang='lat' dir='ltr'><strong>Venetiis</strong></span> <span class='ocrx_word' id='word_1_702' title='bbox 1108 4730 1403 4785; x_wconf 78' lang='lat' dir='ltr'><strong>M.D.LXX.</strong></span> <span class='ocrx_word' id='word_1_703' title='bbox 1429 4734 1623 4801; x_wconf 82' lang='lat' dir='ltr'><strong>(l570).</strong></span> 
     </span>
    </p>
   </div>
   <div class='ocr_carea' id='block_1_98' title="bbox 430 4815 2050 4891">
    <p class='ocr_par' dir='ltr' id='par_1_98' title="bbox 430 4815 2050 4891">
     <span class='ocr_line' id='line_1_98' title="bbox 430 4815 2050 4891; baseline 0.005 -22"><span class='ocrx_word' id='word_1_704' title='bbox 430 4815 626 4870; x_wconf 88' lang='lat' dir='ltr'><strong>Tomus</strong></span> <span class='ocrx_word' id='word_1_705' title='bbox 672 4816 954 4883; x_wconf 87' lang='lat' dir='ltr'><strong>secundus,</strong></span> <span class='ocrx_word' id='word_1_706' title='bbox 1015 4819 1397 4888; x_wconf 84' lang='lat' dir='ltr'><strong>complectens</strong></span> <span class='ocrx_word' id='word_1_707' title='bbox 1460 4820 1613 4875; x_wconf 90' lang='lat' dir='ltr'><strong>illius</strong></span> <span class='ocrx_word' id='word_1_708' title='bbox 1665 4822 1931 4891; x_wconf 89' lang='lat' dir='ltr'><strong>epistolas</strong></span> <span class='ocrx_word' id='word_1_709' title='bbox 1981 4822 2050 4877; x_wconf 89' lang='lat' dir='ltr'><strong>ad</strong></span> 
     </span>
    </p>
   </div>
   <div class='ocr_carea' id='block_1_99' title="bbox 355 4904 2050 4980">
    <p class='ocr_par' dir='ltr' id='par_1_99' title="bbox 355 4904 2050 4980">
     <span class='ocr_line' id='line_1_99' title="bbox 355 4904 2050 4980; baseline 0.004 -21"><span class='ocrx_word' id='word_1_710' title='bbox 355 4904 566 4959; x_wconf 92' lang='lat' dir='ltr'><strong>amicos</strong></span> <span class='ocrx_word' id='word_1_711' title='bbox 614 4905 1007 4960; x_wconf 86' lang='lat' dir='ltr'><strong>transmissas:</strong></span> <span class='ocrx_word' id='word_1_712' title='bbox 1046 4923 1176 4961; x_wconf 90' lang='lat' dir='ltr'><strong>cum</strong></span> <span class='ocrx_word' id='word_1_713' title='bbox 1210 4909 1503 4962; x_wconf 90' lang='lat' dir='ltr'><strong>nonnullis</strong></span> <span class='ocrx_word' id='word_1_714' title='bbox 1534 4912 1820 4980; x_wconf 89' lang='lat' dir='ltr'><strong>responsis</strong></span> <span class='ocrx_word' id='word_1_715' title='bbox 1850 4928 2050 4966; x_wconf 90' lang='lat' dir='ltr'><strong>eorum</strong></span> 
     </span>
    </p>
   </div>
   <div class='ocr_carea' id='block_1_100' title="bbox 354 4994 2049 5069">
    <p class='ocr_par' dir='ltr' id='par_1_100' title="bbox 354 4994 2049 5069">
     <span class='ocr_line' id='line_1_100' title="bbox 354 4994 2049 5069; baseline 0.004 -22"><span class='ocrx_word' id='word_1_716' title='bbox 354 4994 425 5047; x_wconf 86' lang='lat' dir='ltr'><strong>ad</strong></span> <span class='ocrx_word' id='word_1_717' title='bbox 455 4995 665 5063; x_wconf 90' lang='lat' dir='ltr'><strong>ipsum.</strong></span> <span class='ocrx_word' id='word_1_718' title='bbox 698 4996 762 5049; x_wconf 86' lang='lat' dir='ltr'><strong>In</strong></span> <span class='ocrx_word' id='word_1_719' title='bbox 791 5010 913 5065; x_wconf 88' lang='lat' dir='ltr'><strong>quo,</strong></span> <span class='ocrx_word' id='word_1_720' title='bbox 969 5002 1098 5060; x_wconf 89' lang='lat' dir='ltr'><strong>etc.,</strong></span> <span class='ocrx_word' id='word_1_721' title='bbox 1143 4998 1294 5066; x_wconf 93' lang='lat' dir='ltr'><strong>quod</strong></span> <span class='ocrx_word' id='word_1_722' title='bbox 1334 5003 1534 5067; x_wconf 89' lang='lat' dir='ltr'><strong>postea</strong></span> <span class='ocrx_word' id='word_1_723' title='bbox 1586 4998 1646 5052; x_wconf 89' lang='lat' dir='ltr'><strong>in</strong></span> <span class='ocrx_word' id='word_1_724' title='bbox 1690 5000 2049 5069; x_wconf 90' lang='lat' dir='ltr'><strong>singulorum</strong></span> 
     </span>
    </p>
   </div>
   <div class='ocr_carea' id='block_1_101' title="bbox 353 5079 2049 5159">
    <p class='ocr_par' dir='ltr' id='par_1_101' title="bbox 353 5079 2049 5159">
     <span class='ocr_line' id='line_1_101' title="bbox 353 5079 2049 5159; baseline 0.005 -25"><span class='ocrx_word' id='word_1_725' title='bbox 353 5079 536 5134; x_wconf 88' lang='lat' dir='ltr'><strong>titulis</strong></span> <span class='ocrx_word' id='word_1_726' title='bbox 560 5085 864 5153; x_wconf 89' lang='lat' dir='ltr'><strong>reperitur.</strong></span> <span class='ocrx_word' id='word_1_727' title='bbox 899 5084 1394 5139; x_wconf 88' lang='lat' dir='ltr'><strong>Nomenclaturam</strong></span> <span class='ocrx_word' id='word_1_728' title='bbox 1425 5102 1647 5157; x_wconf 91' lang='lat' dir='ltr'><strong>eorum,</strong></span> <span class='ocrx_word' id='word_1_729' title='bbox 1670 5088 1739 5142; x_wconf 88' lang='lat' dir='ltr'><strong>ad</strong></span> <span class='ocrx_word' id='word_1_730' title='bbox 1769 5103 1910 5159; x_wconf 91' lang='lat' dir='ltr'><strong>quos</strong></span> <span class='ocrx_word' id='word_1_731' title='bbox 1939 5091 2049 5143; x_wconf 88' lang='lat' dir='ltr'><strong>Au-</strong></span> 
     </span>
    </p>
   </div>
   <div class='ocr_carea' id='block_1_102' title="bbox 353 5168 2046 5247">
    <p class='ocr_par' dir='ltr' id='par_1_102' title="bbox 353 5168 2046 5247">
     <span class='ocr_line' id='line_1_102' title="bbox 353 5168 2046 5247; baseline 0.008 -27"><span class='ocrx_word' id='word_1_732' title='bbox 353 5168 615 5238; x_wconf 87' lang='lat' dir='ltr'><strong>gustinus</strong></span> <span class='ocrx_word' id='word_1_733' title='bbox 667 5174 884 5228; x_wconf 90' lang='lat' dir='ltr'><strong>litteras</strong></span> <span class='ocrx_word' id='word_1_734' title='bbox 914 5173 1092 5241; x_wconf 91' lang='lat' dir='ltr'><strong>dedit,</strong></span> <span class='ocrx_word' id='word_1_735' title='bbox 1126 5173 1197 5228; x_wconf 91' lang='lat' dir='ltr'><strong>ad</strong></span> <span class='ocrx_word' id='word_1_736' title='bbox 1238 5174 1451 5229; x_wconf 89' lang='lat' dir='ltr'><strong>calcem</strong></span> <span class='ocrx_word' id='word_1_737' title='bbox 1478 5174 1651 5247; x_wconf 89' lang='lat' dir='ltr'><strong>hujus</strong></span> <span class='ocrx_word' id='word_1_738' title='bbox 1690 5176 1833 5232; x_wconf 90' lang='lat' dir='ltr'><strong>tomi</strong></span> <span class='ocrx_word' id='word_1_739' title='bbox 1882 5175 2046 5233; x_wconf 88' lang='lat' dir='ltr'><strong>facile</strong></span> 
     </span>
    </p>
   </div>
   <div class='ocr_carea' id='block_1_103' title="bbox 351 5257 975 5332">
    <p class='ocr_par' dir='ltr' id='par_1_103' title="bbox 351 5257 975 5332">
     <span class='ocr_line' id='line_1_103' title="bbox 351 5257 975 5332; baseline 0.014 -22"><span class='ocrx_word' id='word_1_740' title='bbox 351 5257 622 5328; x_wconf 88' lang='lat' dir='ltr'><strong>reperies.</strong></span> <span class='ocrx_word' id='word_1_741' title='bbox 657 5260 835 5332; x_wconf 87' lang='lat' dir='ltr'><strong>Nunc,</strong></span> <span class='ocrx_word' id='word_1_742' title='bbox 872 5268 975 5319; x_wconf 88' lang='lat' dir='ltr'><strong>etc.</strong></span> 
     </span>
    </p>
   </div>
   <div class='ocr_carea' id='block_1_104' title="bbox 349 5380 2040 5536">
    <p class='ocr_par' dir='ltr' id='par_1_104' title="bbox 349 5380 2040 5536">
     <span class='ocr_line' id='line_1_104' title="bbox 349 5380 2040 5536; baseline 0.005 -100"><span class='ocrx_word' id='word_1_743' title='bbox 349 5380 666 5536; x_wconf 44' lang='lat' dir='ltr'><strong>26g:</strong></span> <span class='ocrx_word' id='word_1_744' title='bbox 709 5386 984 5455; x_wconf 90' lang='lat' dir='ltr'><strong>curieuse,</strong></span> <span class='ocrx_word' id='word_1_745' title='bbox 1017 5386 1331 5460; x_wconf 87' lang='lat' dir='ltr'><strong>historique</strong></span> <span class='ocrx_word' id='word_1_746' title='bbox 1380 5390 1436 5443; x_wconf 92' lang='lat' dir='ltr'><strong>et</strong></span> <span class='ocrx_word' id='word_1_747' title='bbox 1472 5388 1730 5461; x_wconf 86' lang='lat' dir='ltr'><strong>critique,</strong></span> <span class='ocrx_word' id='word_1_748' title='bbox 1774 5390 1833 5447; x_wconf 88' lang='lat' dir='ltr'><strong>T.</strong></span> <span class='ocrx_word' id='word_1_749' title='bbox 1884 5390 1953 5458; x_wconf 87' lang='lat' dir='ltr'><strong>II,</strong></span> <span class='ocrx_word' id='word_1_750' title='bbox 1982 5405 2040 5461; x_wconf 86' lang='lat' dir='ltr'><strong>p.</strong></span> 
     </span>
    </p>
   </div>
   <div class='ocr_carea' id='block_1_105' title="bbox 420 5524 1498 5602">
    <p class='ocr_par' dir='ltr' id='par_1_105' title="bbox 420 5524 1498 5602">
     <span class='ocr_line' id='line_1_105' title="bbox 420 5524 1498 5602; baseline 0.006 -24"><span class='ocrx_word' id='word_1_751' title='bbox 420 5524 500 5596; x_wconf 87' lang='lat' dir='ltr'><strong>(b)</strong></span> <span class='ocrx_word' id='word_1_752' title='bbox 531 5524 689 5580; x_wconf 84' lang='lat' dir='ltr'><strong>Edito</strong></span> <span class='ocrx_word' id='word_1_753' title='bbox 718 5527 889 5583; x_wconf 80' lang='lat' dir='ltr'><strong>Berol.</strong></span> <span class='ocrx_word' id='word_1_754' title='bbox 926 5531 1081 5598; x_wconf 74' lang='lat'><strong>1715,</strong></span> <span class='ocrx_word' id='word_1_755' title='bbox 1116 5529 1263 5599; x_wconf 91' lang='lat' dir='ltr'><strong>in-8,</strong></span> <span class='ocrx_word' id='word_1_756' title='bbox 1286 5548 1342 5602; x_wconf 90' lang='lat' dir='ltr'><strong>p.</strong></span> <span class='ocrx_word' id='word_1_757' title='bbox 1373 5534 1498 5587; x_wconf 86' lang='lat'><strong>783.</strong></span> 
     </span>
    </p>
   </div>
   <div class='ocr_carea' id='block_1_106' title="bbox 2167 4391 3903 4461">
    <p class='ocr_par' dir='ltr' id='par_1_106' title="bbox 2167 4391 3903 4461">
     <span class='ocr_line' id='line_1_106' title="bbox 2167 4391 3903 4461; baseline 0.002 -17"><span class='ocrx_word' id='word_1_758' title='bbox 2167 4407 2340 4461; x_wconf 91' lang='lat' dir='ltr'><strong>quam</strong></span> <span class='ocrx_word' id='word_1_759' title='bbox 2375 4391 2437 4445; x_wconf 93' lang='lat' dir='ltr'><strong>in</strong></span> <span class='ocrx_word' id='word_1_760' title='bbox 2464 4391 2705 4446; x_wconf 92' lang='lat' dir='ltr'><strong>dubium</strong></span> <span class='ocrx_word' id='word_1_761' title='bbox 2738 4392 2836 4446; x_wconf 90' lang='lat' dir='ltr'><strong>alii</strong></span> <span class='ocrx_word' id='word_1_762' title='bbox 2862 4397 3217 4458; x_wconf 86' lang='lat' dir='ltr'><strong>vocaverant,</strong></span> <span class='ocrx_word' id='word_1_763' title='bbox 3251 4396 3308 4446; x_wconf 90' lang='lat' dir='ltr'><strong>et</strong></span> <span class='ocrx_word' id='word_1_764' title='bbox 3336 4392 3731 4447; x_wconf 87' lang='lat' dir='ltr'><strong>defenderant</strong></span> <span class='ocrx_word' id='word_1_765' title='bbox 3770 4393 3903 4461; x_wconf 86' lang='lat' dir='ltr'><strong>alii,</strong></span> 
     </span>
    </p>
   </div>
   <div class='ocr_carea' id='block_1_107' title="bbox 2163 4488 3914 4555">
    <p class='ocr_par' dir='ltr' id='par_1_107' title="bbox 2163 4488 3914 4555">
     <span class='ocr_line' id='line_1_107' title="bbox 2163 4488 3914 4555; baseline 0.002 -14"><span class='ocrx_word' id='word_1_766' title='bbox 2163 4488 2372 4542; x_wconf 87' lang='lat' dir='ltr'><strong>certior</strong></span> <span class='ocrx_word' id='word_1_767' title='bbox 2404 4489 2585 4543; x_wconf 77' lang='lat' dir='ltr'><strong>fieret.</strong></span> <span class='ocrx_word' id='word_1_768' title='bbox 2621 4489 2828 4543; x_wconf 88' lang='lat' dir='ltr'><strong>Incidit</strong></span> <span class='ocrx_word' id='word_1_769' title='bbox 2872 4494 3065 4543; x_wconf 86' lang='lat' dir='ltr'><strong>tamen</strong></span> <span class='ocrx_word' id='word_1_770' title='bbox 3114 4488 3175 4543; x_wconf 92' lang='lat' dir='ltr'><strong>in</strong></span> <span class='ocrx_word' id='word_1_771' title='bbox 3228 4489 3443 4555; x_wconf 87' lang='lat' dir='ltr'><strong>oculos,</strong></span> <span class='ocrx_word' id='word_1_772' title='bbox 3494 4489 3634 4544; x_wconf 90' lang='lat' dir='ltr'><strong>dum</strong></span> <span class='ocrx_word' id='word_1_773' title='bbox 3673 4489 3751 4543; x_wconf 87' lang='lat' dir='ltr'><strong>in</strong></span> <span class='ocrx_word' id='word_1_774' title='bbox 3788 4491 3914 4545; x_wconf 83' lang='lat' dir='ltr'><strong>hoc</strong></span> 
     </span>
    </p>
   </div>
   <div class='ocr_carea' id='block_1_108' title="bbox 2162 4585 3917 4659">
    <p class='ocr_par' dir='ltr' id='par_1_108' title="bbox 2162 4585 3917 4659">
     <span class='ocr_line' id='line_1_108' title="bbox 2162 4585 3917 4659; baseline 0.003 -20"><span class='ocrx_word' id='word_1_775' title='bbox 2162 4585 2393 4656; x_wconf 89' lang='lat' dir='ltr'><strong>negotio</strong></span> <span class='ocrx_word' id='word_1_776' title='bbox 2450 4592 2756 4657; x_wconf 88' lang='lat' dir='ltr'><strong>occupatus</strong></span> <span class='ocrx_word' id='word_1_777' title='bbox 2801 4592 2940 4655; x_wconf 90' lang='lat' dir='ltr'><strong>erat,</strong></span> <span class='ocrx_word' id='word_1_778' title='bbox 2995 4586 3279 4642; x_wconf 88' lang='lat' dir='ltr'><strong>Dominici</strong></span> <span class='ocrx_word' id='word_1_779' title='bbox 3330 4587 3575 4641; x_wconf 86' lang='lat' dir='ltr'><strong>Nicolini</strong></span> <span class='ocrx_word' id='word_1_780' title='bbox 3635 4588 3917 4659; x_wconf 82' lang='lat' dir='ltr'><strong>epistola</strong></span> 
     </span>
    </p>
   </div>
   <div class='ocr_carea' id='block_1_109' title="bbox 2162 4680 3919 4749">
    <p class='ocr_par' dir='ltr' id='par_1_109' title="bbox 2162 4680 3919 4749">
     <span class='ocr_line' id='line_1_109' title="bbox 2162 4680 3919 4749; baseline 0.004 -15"><span class='ocrx_word' id='word_1_781' title='bbox 2162 4680 2527 4749; x_wconf 86' lang='lat' dir='ltr'><strong>dedicatoria,</strong></span> <span class='ocrx_word' id='word_1_782' title='bbox 2564 4682 2799 4737; x_wconf 86' lang='lat' dir='ltr'><strong>fortasse</strong></span> <span class='ocrx_word' id='word_1_783' title='bbox 2830 4684 3003 4739; x_wconf 92' lang='lat' dir='ltr'><strong>etiam</strong></span> <span class='ocrx_word' id='word_1_784' title='bbox 3045 4685 3186 4739; x_wconf 90' lang='lat' dir='ltr'><strong>tomi</strong></span> <span class='ocrx_word' id='word_1_785' title='bbox 3218 4686 3355 4738; x_wconf 92' lang='lat' dir='ltr'><strong>noni</strong></span> <span class='ocrx_word' id='word_1_786' title='bbox 3411 4689 3465 4738; x_wconf 90' lang='lat' dir='ltr'><strong>et</strong></span> <span class='ocrx_word' id='word_1_787' title='bbox 3496 4683 3717 4738; x_wconf 88' lang='lat' dir='ltr'><strong>decimi</strong></span> <span class='ocrx_word' id='word_1_788' title='bbox 3765 4686 3919 4741; x_wconf 81' lang='lat' dir='ltr'><strong>sub-</strong></span> 
     </span>
    </p>
   </div>
   <div class='ocr_carea' id='block_1_110' title="bbox 2160 4779 3915 4850">
    <p class='ocr_par' dir='ltr' id='par_1_110' title="bbox 2160 4779 3915 4850">
     <span class='ocr_line' id='line_1_110' title="bbox 2160 4779 3915 4850; baseline 0.003 -20"><span class='ocrx_word' id='word_1_789' title='bbox 2160 4779 2412 4848; x_wconf 88' lang='lat' dir='ltr'><strong>scriptio,</strong></span> <span class='ocrx_word' id='word_1_790' title='bbox 2444 4784 2499 4833; x_wconf 91' lang='lat' dir='ltr'><strong>et</strong></span> <span class='ocrx_word' id='word_1_791' title='bbox 2530 4795 2659 4833; x_wconf 91' lang='lat' dir='ltr'><strong>cum</strong></span> <span class='ocrx_word' id='word_1_792' title='bbox 2720 4786 2966 4850; x_wconf 61' lang='lat' dir='ltr'><strong>praetera</strong></span> <span class='ocrx_word' id='word_1_793' title='bbox 3016 4782 3161 4835; x_wconf 89' lang='lat' dir='ltr'><strong>duos</strong></span> <span class='ocrx_word' id='word_1_794' title='bbox 3214 4799 3245 4835; x_wconf 93' lang='lat' dir='ltr'><strong>a</strong></span> <span class='ocrx_word' id='word_1_795' title='bbox 3298 4781 3554 4835; x_wconf 87' lang='lat' dir='ltr'><strong>Fabricio</strong></span> <span class='ocrx_word' id='word_1_796' title='bbox 3603 4780 3668 4833; x_wconf 89' lang='lat' dir='ltr'><strong>in</strong></span> <span class='ocrx_word' id='word_1_797' title='bbox 3732 4782 3915 4837; x_wconf 90' lang='lat' dir='ltr'><strong>illius</strong></span> 
     </span>
    </p>
   </div>
   <div class='ocr_carea' id='block_1_111' title="bbox 2159 4877 3919 4950">
    <p class='ocr_par' dir='ltr' id='par_1_111' title="bbox 2159 4877 3919 4950">
     <span class='ocr_line' id='line_1_111' title="bbox 2159 4877 3919 4950; baseline 0.005 -21"><span class='ocrx_word' id='word_1_798' title='bbox 2159 4877 2708 4932; x_wconf 88' lang='lat' dir='ltr'><strong>commemoratione</strong></span> <span class='ocrx_word' id='word_1_799' title='bbox 2733 4896 2956 4935; x_wconf 90' lang='lat' dir='ltr'><strong>errores</strong></span> <span class='ocrx_word' id='word_1_800' title='bbox 3008 4880 3285 4934; x_wconf 88' lang='lat' dir='ltr'><strong>admissos</strong></span> <span class='ocrx_word' id='word_1_801' title='bbox 3348 4880 3919 4950; x_wconf 81' lang='lat' dir='ltr'><strong>animadvertisset,</strong></span> 
     </span>
    </p>
   </div>
   <div class='ocr_carea' id='block_1_112' title="bbox 2158 4972 3918 5047">
    <p class='ocr_par' dir='ltr' id='par_1_112' title="bbox 2158 4972 3918 5047">
     <span class='ocr_line' id='line_1_112' title="bbox 2158 4972 3918 5047; baseline 0.005 -21"><span class='ocrx_word' id='word_1_802' title='bbox 2158 4972 2228 5028; x_wconf 92' lang='lat' dir='ltr'><strong>de</strong></span> <span class='ocrx_word' id='word_1_803' title='bbox 2267 4974 2454 5039; x_wconf 81' lang='lat' dir='ltr'><strong>tertio,</strong></span> <span class='ocrx_word' id='word_1_804' title='bbox 2484 4979 2642 5045; x_wconf 93' lang='lat' dir='ltr'><strong>puto,</strong></span> <span class='ocrx_word' id='word_1_805' title='bbox 2678 4993 2795 5030; x_wconf 93' lang='lat' dir='ltr'><strong>non</strong></span> <span class='ocrx_word' id='word_1_806' title='bbox 2826 4978 3074 5047; x_wconf 88' lang='lat' dir='ltr'><strong>amplius</strong></span> <span class='ocrx_word' id='word_1_807' title='bbox 3108 4976 3491 5031; x_wconf 84' lang='lat' dir='ltr'><strong>dubitandum</strong></span> <span class='ocrx_word' id='word_1_808' title='bbox 3533 4977 3640 5031; x_wconf 91' lang='lat' dir='ltr'><strong>sibi</strong></span> <span class='ocrx_word' id='word_1_809' title='bbox 3676 4980 3918 5035; x_wconf 79' lang='lat' dir='ltr'><strong>existi—</strong></span> 
     </span>
    </p>
   </div>
   <div class='ocr_carea' id='block_1_113' title="bbox 2155 5069 3921 5148">
    <p class='ocr_par' dir='ltr' id='par_1_113' title="bbox 2155 5069 3921 5148">
     <span class='ocr_line' id='line_1_113' title="bbox 2155 5069 3921 5148; baseline 0.006 -25"><span class='ocrx_word' id='word_1_810' title='bbox 2155 5069 2348 5125; x_wconf 87' lang='lat' dir='ltr'><strong>mavit.</strong></span> <span class='ocrx_word' id='word_1_811' title='bbox 2386 5071 2548 5125; x_wconf 89' lang='lat' dir='ltr'><strong>Forte</strong></span> <span class='ocrx_word' id='word_1_812' title='bbox 2582 5073 2691 5132; x_wconf 87' lang='lat' dir='ltr'><strong>his,</strong></span> <span class='ocrx_word' id='word_1_813' title='bbox 2726 5090 2759 5127; x_wconf 91' lang='lat' dir='ltr'><strong>a</strong></span> <span class='ocrx_word' id='word_1_814' title='bbox 2807 5089 2900 5128; x_wconf 89' lang='lat' dir='ltr'><strong>me</strong></span> <span class='ocrx_word' id='word_1_815' title='bbox 2930 5073 3253 5144; x_wconf 89' lang='lat' dir='ltr'><strong>disputatis,</strong></span> <span class='ocrx_word' id='word_1_816' title='bbox 3299 5074 3523 5128; x_wconf 87' lang='lat' dir='ltr'><strong>facilius</strong></span> <span class='ocrx_word' id='word_1_817' title='bbox 3574 5076 3921 5148; x_wconf 81' lang='lat' dir='ltr'><strong>credetur,</strong></span> 
     </span>
    </p>
   </div>
   <div class='ocr_carea' id='block_1_114' title="bbox 2156 5168 3915 5244">
    <p class='ocr_par' dir='ltr' id='par_1_114' title="bbox 2156 5168 3915 5244">
     <span class='ocr_line' id='line_1_114' title="bbox 2156 5168 3915 5244; baseline 0.006 -22"><span class='ocrx_word' id='word_1_818' title='bbox 2156 5168 2203 5222; x_wconf 89' lang='lat' dir='ltr'><strong>si</strong></span> <span class='ocrx_word' id='word_1_819' title='bbox 2232 5168 2379 5240; x_wconf 88' lang='lat' dir='ltr'><strong>ipsa,</strong></span> <span class='ocrx_word' id='word_1_820' title='bbox 2429 5168 2638 5241; x_wconf 89' lang='lat' dir='ltr'><strong>quibus</strong></span> <span class='ocrx_word' id='word_1_821' title='bbox 2714 5170 3039 5226; x_wconf 82' lang='lat' dir='ltr'><strong>Fabricium</strong></span> <span class='ocrx_word' id='word_1_822' title='bbox 3093 5176 3267 5241; x_wconf 87' lang='lat' dir='ltr'><strong>taxat,</strong></span> <span class='ocrx_word' id='word_1_823' title='bbox 3322 5174 3493 5227; x_wconf 88' lang='lat' dir='ltr'><strong>verba</strong></span> <span class='ocrx_word' id='word_1_824' title='bbox 3546 5171 3915 5244; x_wconf 81' lang='lat' dir='ltr'><strong>adduxero,</strong></span> 
     </span>
    </p>
   </div>
   <div class='ocr_carea' id='block_1_115' title="bbox 2154 5267 3567 5340">
    <p class='ocr_par' dir='ltr' id='par_1_115' title="bbox 2154 5267 3567 5340">
     <span class='ocr_line' id='line_1_115' title="bbox 2154 5267 3567 5340; baseline 0.003 -19"><span class='ocrx_word' id='word_1_825' title='bbox 2154 5281 2330 5338; x_wconf 88' lang='lat' dir='ltr'><strong>quam</strong></span> <span class='ocrx_word' id='word_1_826' title='bbox 2358 5268 2429 5322; x_wconf 93' lang='lat' dir='ltr'><strong>ob</strong></span> <span class='ocrx_word' id='word_1_827' title='bbox 2458 5283 2581 5322; x_wconf 91' lang='lat' dir='ltr'><strong>rem</strong></span> <span class='ocrx_word' id='word_1_828' title='bbox 2608 5267 2698 5322; x_wconf 88' lang='lat' dir='ltr'><strong>hic</strong></span> <span class='ocrx_word' id='word_1_829' title='bbox 2728 5267 3083 5339; x_wconf 84' lang='lat' dir='ltr'><strong>subjicienda</strong></span> <span class='ocrx_word' id='word_1_830' title='bbox 3115 5269 3438 5324; x_wconf 90' lang='lat' dir='ltr'><strong>curavimus</strong></span> <span class='ocrx_word' id='word_1_831' title='bbox 3471 5269 3567 5340; x_wconf 89' lang='lat' dir='ltr'><strong>(c).</strong></span> 
     </span>
    </p>
   </div>
   <div class='ocr_carea' id='block_1_116' title="bbox 2228 5389 3931 5518">
    <p class='ocr_par' dir='ltr' id='par_1_116' title="bbox 2228 5389 3931 5518">
     <span class='ocr_line' id='line_1_116' title="bbox 2228 5389 3931 5518; baseline 0.005 -73"><span class='ocrx_word' id='word_1_832' title='bbox 2228 5391 2390 5475; x_wconf 51' lang='lat' dir='ltr'><strong>(etM:</strong></span> <span class='ocrx_word' id='word_1_833' title='bbox 2420 5389 2705 5475; x_wconf 72' lang='lat' dir='ltr'><strong>Fabricius</strong></span> <span class='ocrx_word' id='word_1_834' title='bbox 2737 5390 2868 5446; x_wconf 87' lang='lat' dir='ltr'><strong>s’est</strong></span> <span class='ocrx_word' id='word_1_835' title='bbox 2899 5394 3146 5465; x_wconf 87' lang='lat' dir='ltr'><strong>trompé,</strong></span> <span class='ocrx_word' id='word_1_836' title='bbox 3207 5393 3401 5518; x_wconf 61' lang='lat' dir='ltr'><strong>quand</strong></span> <span class='ocrx_word' id='word_1_837' title='bbox 3440 5392 3480 5447; x_wconf 91' lang='lat' dir='ltr'><strong>il</strong></span> <span class='ocrx_word' id='word_1_838' title='bbox 3511 5409 3544 5447; x_wconf 91' lang='lat' dir='ltr'><strong>a</strong></span> <span class='ocrx_word' id='word_1_839' title='bbox 3577 5391 3708 5476; x_wconf 64' lang='lat' dir='ltr'><strong>dit</strong></span> <span class='ocrx_word' id='word_1_840' title='bbox 3747 5396 3931 5454; x_wconf 82' lang='lat' dir='ltr'><strong>dans</strong></span> 
     </span>
     <span class='ocr_line' id='line_1_117' title="bbox 2245 5464 3931 5518; baseline 0.001 -1"><span class='ocrx_word' id='word_1_841' title='bbox 2245 5464 2572 5518; x_wconf 74' lang='lat' dir='ltr'><strong>Bibliotheca</strong></span> <span class='ocrx_word' id='word_1_842' title='bbox 2601 5464 2794 5518; x_wconf 73' lang='lat' dir='ltr'><strong>latina.</strong></span> <span class='ocrx_word' id='word_1_843' title='bbox 2820 5464 2882 5518; x_wconf 91' lang='lat' dir='ltr'><strong>T.</strong></span> <span class='ocrx_word' id='word_1_844' title='bbox 2926 5464 3024 5518; x_wconf 89' lang='lat' dir='ltr'><strong>III.</strong></span> <span class='ocrx_word' id='word_1_845' title='bbox 3051 5481 3107 5518; x_wconf 88' lang='lat' dir='ltr'><strong>n.</strong></span> <span class='ocrx_word' id='word_1_846' title='bbox 3152 5467 3209 5518; x_wconf 83' lang='lat' dir='ltr'><strong>5t</strong></span> <span class='ocrx_word' id='word_1_847' title='bbox 3274 5480 3288 5518; x_wconf 92' lang='lat'><strong>:</strong></span> <span class='ocrx_word' id='word_1_848' title='bbox 3344 5465 3647 5518; x_wconf 75' lang='lat' dir='ltr'><strong>Auoustim</strong></span> <span class='ocrx_word' id='word_1_849' title='bbox 3714 5482 3931 5518; x_wconf 74' lang='lat' dir='ltr'><strong>onera</strong></span> 
     </span>
    </p>
   </div>
   <div class='ocr_carea' id='block_1_117' title="bbox 3050 5480 3288 5536">
    <p class='ocr_par' dir='ltr' id='par_1_117' title="bbox 3050 5480 3288 5536">
     <span class='ocr_line' id='line_1_118' title="bbox 3050 5480 3288 5536; baseline 0 -17"><span class='ocrx_word' id='word_1_850' title='bbox 3050 5481 3107 5536; x_wconf 88' lang='lat' dir='ltr'><strong>p.</strong></span> <span class='ocrx_word' id='word_1_851' title='bbox 3152 5480 3288 5519; x_wconf 71' lang='lat' dir='ltr'><strong>an:</strong></span> 
     </span>
    </p>
   </div>
   <div class='ocr_carea' id='block_1_118' title="bbox 2152 5464 3935 5537">
    <p class='ocr_par' dir='ltr' id='par_1_118' title="bbox 2152 5464 3935 5537">
     <span class='ocr_line' id='line_1_119' title="bbox 2152 5464 3935 5537; baseline 0.007 -22"><span class='ocrx_word' id='word_1_852' title='bbox 2152 5477 2214 5537; x_wconf 74' lang='lat' dir='ltr'><strong>sa</strong></span> <span class='ocrx_word' id='word_1_853' title='bbox 2245 5464 2572 5537; x_wconf 83' lang='lat' dir='ltr'><strong>Bibliotheca</strong></span> <span class='ocrx_word' id='word_1_854' title='bbox 2591 5464 2794 5537; x_wconf 84' lang='lat' dir='ltr'><strong>latina,</strong></span> <span class='ocrx_word' id='word_1_855' title='bbox 2820 5464 2882 5520; x_wconf 92' lang='lat' dir='ltr'><strong>T.</strong></span> <span class='ocrx_word' id='word_1_856' title='bbox 2926 5464 3024 5533; x_wconf 89' lang='lat' dir='ltr'><strong>III,</strong></span> <span class='ocrx_word' id='word_1_857' title='bbox 3050 5464 3123 5537; x_wconf 58' lang='lat' dir='ltr'><strong>p.</strong></span> <span class='ocrx_word' id='word_1_858' title='bbox 3152 5464 3288 5519; x_wconf 66' lang='lat'><strong>514:</strong></span> <span class='ocrx_word' id='word_1_859' title='bbox 3344 5465 3649 5537; x_wconf 82' lang='lat' dir='ltr'><strong>Augustini</strong></span> <span class='ocrx_word' id='word_1_860' title='bbox 3714 5482 3935 5537; x_wconf 83' lang='lat' dir='ltr'><strong>opera</strong></span> 
     </span>
    </p>
   </div>
   <div class='ocr_carea' id='block_1_119' title="bbox 2158 5531 3933 5605">
    <p class='ocr_par' dir='ltr' id='par_1_119' title="bbox 2158 5531 3933 5605">
     <span class='ocr_line' id='line_1_120' title="bbox 2158 5531 3933 5605; baseline 0.006 -20"><span class='ocrx_word' id='word_1_861' title='bbox 2158 5531 2336 5588; x_wconf 82' lang='lat' dir='ltr'><strong>decem</strong></span> <span class='ocrx_word' id='word_1_862' title='bbox 2361 5536 2537 5602; x_wconf 88' lang='lat' dir='ltr'><strong>tomis,</strong></span> <span class='ocrx_word' id='word_1_863' title='bbox 2575 5535 2864 5604; x_wconf 85' lang='lat' dir='ltr'><strong>in-quarto</strong></span> <span class='ocrx_word' id='word_1_864' title='bbox 2892 5531 3290 5605; x_wconf 55' lang='lat' dir='ltr'><strong>comprehensa,</strong></span> <span class='ocrx_word' id='word_1_865' title='bbox 3352 5536 3674 5604; x_wconf 76' lang='lat' dir='ltr'><strong>Valgrisius</strong></span> <span class='ocrx_word' id='word_1_866' title='bbox 3714 5531 3933 5595; x_wconf 58' lang='lat' dir='ltr'><strong>ciccu-</strong></span> 
     </span>
    </p>
   </div>
  </div>
