4044 6190
1242 319 1521 375 NOTITIA
1559 316 1978 374 LITTERARIA
2014 316 2081 371 IN
2121 317 2176 371 S.
2219 313 2683 371 AUGUSTINUM.
3610 323 3681 375 73

236 444 351 498 Iam
379 440 471 495 his
503 440 749 496 remotis
786 441 1190 513 progredimur
1230 442 1304 497 ad
1359 441 1440 508 id,
1479 441 1633 513 quod
1670 440 1868 496 melio-
1904 440 1949 495 Α
1981 438 2291 494 fendendas
2312 438 2544 495 allatam
2574 455 2695 494 esse
2727 438 3011 507 novimus,
3043 440 3185 511 quin
3240 442 3430 514 potius
3489 444 3683 500 omnia

183 550 281 588 rem
308 535 409 586 aut.
450 531 651 602 potius
706 531 988 586 famosam
1035 532 1183 585 hanc
1239 531 1549 586 editionem
1602 530 1867 585 reddidit.

179 622 449 677 Nimirum
489 636 692 674 curam
722 620 875 673 illius
912 619 1101 690 gessit,
1129 636 1229 673 seu
1260 620 1415 691 quod
1464 619 1695 673 credere
1752 634 1872 673 ma-

179 711 280 775 lim,
306 712 398 764 vel
433 710 566 763 aliis
588 708 928 780 bibliopolis
964 708 1025 761 in
1056 708 1380 763 societatem
1431 708 1737 780 assumptis
1765 724 1873 779 pa—

175 816 283 853 rare
316 814 452 853 eam
476 798 751 863 instituit,
784 797 872 851 vel
902 797 971 851 ab
996 797 1121 851 aliis
1143 797 1452 868 incaptam
1494 797 1736 853 redemit
1764 798 1872 851 Do-

176 887 411 942 miuicus
454 885 757 940 Nicolinus
787 885 1121 955 bibliopola,
1170 890 1226 939 et
1271 886 1663 956 typographus
1695 887 1875 939 Vene-

178 976 269 1033 tus,
324 972 505 1041 cujus
545 974 747 1040 aperta
796 968 859 1022 in
913 970 1037 1041 ipsa
1090 969 1274 1023 fronte
1333 969 1521 1040 operis
1575 968 1874 1036 confessio,

178 1060 303 1129 quod
320 1075 392 1114 ea
427 1061 617 1113 omnia
662 1061 927 1113 removeri
964 1064 1268 1125 curaverat,
1313 1074 1430 1127 quae
1465 1058 1707 1128 ﬁdelium
1735 1073 1879 1112 men-

175 1156 236 1203 tes
264 1150 533 1203 haeretica
557 1149 839 1217 pravitate
872 1152 1087 1217 possent
1114 1150 1346 1217 inﬁcere,
1393 1154 1492 1201 aut
1540 1162 1575 1200 a
1615 1147 1881 1201 catholica

171 1243 212 1291 et
238 1235 558 1292 orthodoxa
575 1236 684 1306 ﬁde
704 1235 943 1302 deviare,
974 1235 1128 1290 haud
1153 1235 1403 1306 benigna
1417 1235 1567 1289 inter
1578 1234 1881 1289 heterodo-

172 1342 258 1379 xos
292 1329 389 1379 est
450 1329 693 1396 experta
715 1324 953 1394 judicia.
1007 1325 1427 1379 Perstrixerunt
1456 1341 1582 1379 eam
1629 1324 1739 1378 hoc
1772 1340 1880 1378 no—

171 1414 306 1469 mine
345 1415 581 1468 Caveus
618 1413 680 1467 in
722 1413 1019 1479 Prolegom.
1069 1412 1139 1467 ad
1184 1414 1326 1467 Hist.
1374 1413 1480 1468 litt.
1528 1414 1728 1483 Script.
1773 1412 1883 1467 Ec-

168 1504 273 1557 cles.
298 1508 445 1559 sect.
489 1518 591 1568 vn,
624 1506 683 1556 et
721 1504 805 1557 Jo.
850 1502 1083 1559 Clericus
1123 1501 1185 1555 in
1216 1504 1540 1569 Prafatione
1587 1503 1746 1557 Artis
1775 1504 1883 1559 Cri-

172 1596 272 1646 tira
295 1596 447 1646 sect.
483 1607 572 1657 ιιι,
609 1594 701 1659 §9
743 1590 857 1661 (a);
904 1596 1073 1661 atque
1112 1595 1243 1645 ante
1295 1608 1392 1646 eos
1446 1592 1879 1647 vehementissi-

171 1696 248 1733 me
276 1680 341 1735 in
377 1681 497 1734 hoc
527 1696 737 1734 ausum
789 1680 1043 1734 invectus
1077 1685 1163 1735 est
1206 1683 1397 1735 Franc.
1461 1682 1778 1735 Turretinus
1820 1680 1881 1734 in

172 1768 678 1840 disputationibus
727 1768 792 1823 de
818 1771 1124 1823 necessaria
1148 1770 1436 1823 secessione
1477 1774 1663 1822 nostra
1693 1769 1761 1822 ab
1790 1770 1882 1823 Ec-

176 1858 317 1911 clesia
340 1858 643 1924 Romana,
677 1863 728 1912 et
761 1858 1082 1927 impossibili
1112 1873 1231 1912 cum
1276 1872 1339 1911 ea
1390 1857 1748 1926 Syncretismo
1787 1857 1879 1927 (b).

175 1948 373 2001 Neuter
397 1954 606 2000 tamen
640 1962 767 1999 eam
799 1946 957 2011 vidit,
992 1946 1087 2001 sed
1138 1962 1242 2000 sua
1295 1945 1477 2017 ipsius
1529 1945 1884 2000 confessione

174 2036 287 2090 satis
319 2035 726 2107 malignitatis
748 2036 1061 2091 convictam
1101 2051 1221 2090 esse
1251 2039 1588 2089 statuerunt.
1621 2035 1727 2090 Sed
1777 2035 1887 2089 hoc

175 2126 420 2198 iniquius
454 2130 566 2179 aut
596 2127 801 2179 saltem
834 2124 1243 2196 pracipitatius
1263 2124 1548 2194 judicasse
1580 2124 1685 2179 visi
1732 2129 1886 2195 sunt,

176 2217 379 2269 Caveas
408 2214 670 2285 quidem
701 2219 759 2268 et
789 2213 1056 2279 Clericus,
1097 2213 1251 2269 Bich.
1284 2214 1543 2279 Simonio,
1574 2212 1673 2284 qui
1702 2218 1888 2267 muta-

176 2302 342 2357 tiones
372 2303 527 2357 istas
553 2319 677 2356 non
708 2301 770 2355 in
795 2302 921 2372 ipso
954 2306 1127 2364 textu,
1155 2302 1253 2356 sed
1285 2300 1345 2355 in
1383 2301 1635 2355 censuris
1664 2306 1889 2355 tantum

177 2398 225 2446 et
248 2392 483 2447 scholiis
517 2392 704 2447 factas
743 2407 863 2444 esse
921 2389 1216 2444 contendit
1273 2390 1362 2460 (ο).
1413 2390 1667 2454 Quocum
1721 2392 1889 2459 plane

182 2481 553 2546 conveniunt,
577 2495 714 2550 qua
738 2496 803 2533 ex
827 2478 1045 2533 inedita
1057 2478 1450 2533 dissertatione
1472 2480 1531 2533 P.
1560 2479 1624 2533 de
1651 2481 1812 2550 Vitry
1830 2478 1889 2532 in

183 2573 434 2625 Herum-iis
465 2569 811 2623 Trevoltinis
834 2568 1154 2622 excitantur
1185 2568 1276 2637 (ἀ).
1301 2567 1409 2622 Sed
1439 2567 1697 2638 reposuit
1724 2566 1892 2622 Cleri-

189 2673 289 2724 cus,
315 2674 427 2713 non
466 2673 629 2725 esse,
665 2672 766 2710 cur
803 2656 890 2709 sui
921 2672 977 2709 se
993 2655 1195 2727 judicii
1223 2655 1515 2727 paniteat.
1570 2655 1892 2711 Simonium

196 2751 380 2800 textum
408 2745 677 2816 hujusce
709 2743 973 2799 editionis
990 2761 1121 2798 cum
1143 2744 1253 2799 alia
1275 2745 1365 2799 vix
1394 2744 1772 2810 contendisse,
1797 2745 1895 2798 Ita-

202 2836 357 2889 lorum
385 2840 602 2889 autem
636 2837 1046 2901 correctorum,
1073 2834 1174 2905 qui
1202 2839 1317 2889 tam
1332 2850 1475 2905 vaga
1488 2834 1744 2888 oratione
1766 2849 1895 2904 ope-

212 2937 312 2974 nm
343 2939 495 2976 suam
532 2920 947 2990 declarassent,
982 2921 1377 2993 religioninon
1400 2923 1645 2977 multum
1658 2938 1780 2979 esse
1800 2921 1897 2976 tri-

214 3009 464 3065 buendum
498 3010 602 3081 (e).
660 3012 740 3063 Ac
767 3009 849 3064 ita
878 3009 1110 3080 quidem
1151 3011 1251 3066 diu
1298 3011 1368 3066 lis
1417 3012 1523 3066 sub
1564 3011 1756 3083 judice
1784 3027 1891 3081 pe-
1929 3035 1969 3091 ο

202 3099 385 3168 pendit,
434 3100 635 3154 donec
694 3098 1041 3153 Clementius
1095 3099 1330 3154 tandem
1377 3099 1680 3154 arbitrium
1737 3099 1891 3154 illius

200 3188 512 3259 susciperet.
555 3189 707 3241 Nam
755 3203 884 3241 cum
942 3203 1070 3241 rara
1118 3187 1180 3241 in
1230 3188 1320 3242 his
1371 3188 1574 3242 litteris
1625 3188 1891 3243 felicitate

197 3276 290 3346 ipsi
334 3276 704 3348 contigisset,
747 3275 1025 3330 editiones
1054 3277 1291 3331 Venetas
1320 3276 1456 3331 anni
1494 3279 1625 3332 1552
1668 3282 1724 3331 et
1760 3280 1893 3331 1570

189 3366 325 3421 inter
347 3383 408 3421 se
438 3366 733 3431 conferre,
765 3365 906 3419 vidit
946 3364 1220 3435 primum,
1288 3367 1441 3437 quod
1506 3367 1676 3437 plane
1711 3382 1893 3437 usque

192 3455 317 3510 dum
342 3457 691 3526 ignoratum
721 3454 849 3521 fuit,
881 3455 1133 3525 priorem
1159 3455 1291 3509 huic
1330 3455 1753 3526 quodammodo
1789 3470 1893 3526 pro

188 3545 569 3600 fundamento
601 3543 795 3610 fuisse,
835 3559 939 3598 nec
986 3550 1177 3598 tamen
1218 3560 1318 3615 per
1363 3545 1559 3598 omnia
1614 3560 1734 3598 esse
1795 3544 1893 3598 de-

188 3636 480 3705 scriptam,
526 3633 626 3686 sed
673 3638 737 3686 ut
775 3633 1022 3703 quastui
1057 3633 1655 3687 convenientissimum
1711 3632 1896 3687 visum

186 3725 352 3788 esset,
418 3725 476 3773 et
533 3718 794 3787 consilio,
853 3720 1005 3790 quod
1064 3720 1346 3789 professus
1418 3726 1503 3775 est
1561 3720 1892 3791 bibliopola,

187 3816 412 3883 aptum,
460 3809 592 3863 aliis
637 3809 904 3879 demptis,
949 3814 1003 3863 et
1038 3810 1270 3863 mutatis
1306 3810 1456 3865 aliis.
1506 3810 1594 3866 Sic
1631 3810 1898 3865 accessio-

188 3916 303 3967 nes,
332 3899 569 3971 quain
631 3898 799 3951 titulo
835 3898 1142 3968 jactantur,
1187 3899 1308 3969 jam
1339 3899 1539 3954 iisdem
1590 3899 1779 3954 verbis
1834 3898 1897 3954 in

188 3989 491 4061 superiore
519 3986 802 4057 promitti,
832 3992 1002 4056 atque
1029 3987 1300 4055 indicem,
1330 3986 1496 4042 titulo
1526 3992 1751 4042 tantum
1788 3988 1895 4043 im-

187 4082 426 4133 mutate
458 4081 519 4129 et
562 4075 748 4129 deleto
786 4074 1069 4146 imprimis
1125 4075 1369 4129 auctoris
1420 4076 1672 4139 nomine,
1727 4077 1898 4148 plane

189 4168 255 4222 ab
307 4165 521 4221 eadem
568 4164 933 4235 desumptum
982 4181 1124 4231 esse,
1171 4165 1439 4220 ostendit.
1497 4166 1708 4220 Contra
1756 4182 1897 4221 vero

188 4258 249 4311 in
274 4253 487 4310 multis
511 4253 685 4306 etiam
715 4253 979 4307 recedere
1009 4253 1081 4307 ab
1109 4253 1208 4306 illa
1237 4252 1654 4320 animadvertit,
1686 4254 1898 4307 omnis-

1979 529 2088 583 sibi
2115 527 2459 600 permisisse,
2491 544 2594 583 nec
2631 529 2814 583 textui
2849 530 2965 584 ullo
3012 531 3179 585 modo
3228 533 3568 603 pepercisse,
3623 534 3683 589 in

1980 617 2219 688 epistola
2248 633 2369 675 sua,
2413 616 2574 688 cujus
2622 617 2852 672 initium
2902 634 2968 672 ex
3020 619 3332 673 Clementio
3387 620 3480 676 hic
3515 637 3684 693 appo-

1982 707 2187 769 nimus,
2223 710 2418 776 aperte
2448 706 2629 760 fassus
2660 712 2745 761 est
2773 722 2784 760 :
2808 727 2835 758 ‹‹
2868 708 3009 763 Cum
3041 707 3155 762 divi
3203 710 3506 781 Augustini
3536 710 3683 781 Ope-

1981 811 2066 861 ra,
2115 795 2326 867 inquit,
2380 811 2497 849 non
2547 795 2668 850 sine
2718 812 2925 867 magno
2973 796 3266 852 catholica
3327 798 3462 854 ﬁdei
3522 800 3687 854 detri-

1982 888 2179 937 mento
2224 882 2579 937 circumferri
2633 882 2907 951 viderem,
2972 884 3375 940 hereticorum
3436 886 3686 941 versutia

1983 972 2180 1026 multis
2216 971 2277 1025 in
2316 972 2453 1026 locis
2510 972 2836 1042 depravata,
2901 988 3090 1042 opera
3157 973 3407 1044 pretium
3461 991 3554 1029 me
3602 975 3685 1030 fa-

1986 1066 2215 1116 cturum
2261 1061 2598 1129 existimavi,
2634 1060 2681 1114 si
2727 1077 2813 1128 ea,
2860 1060 3174 1132 integritati
3227 1079 3343 1117 sua
3399 1062 3683 1128 restituta,

1985 1150 2095 1205 hoc
2126 1154 2382 1219 tempore
2412 1149 2826 1220 imprimerem.
2891 1150 2954 1205 Id
2996 1152 3171 1222 quod,
3214 1156 3279 1206 ut
3324 1152 3544 1207 facilius
3594 1169 3685 1207 as-

1988 1251 2277 1307 sequerer,
2335 1236 2527 1290 curavi
2581 1235 2888 1306 imprimis,
2948 1242 3014 1291 ut
3062 1253 3096 1290 a
3157 1253 3330 1292 sacra
3380 1238 3688 1310 theologia

1987 1324 2400 1396 professoribus
2474 1329 3038 1396 recognoscerentur,
3114 1330 3293 1397 utque
3360 1342 3489 1382 cum
3525 1332 3687 1383 vetu-

1990 1413 2256 1469 stioribus
2286 1412 2575 1469 codicibus
2615 1413 2841 1481 collata,
2889 1414 2961 1468 ad
3016 1414 3333 1485 genuinam
3388 1430 3591 1471 eorum
3616 1416 3693 1470 le-

1989 1503 2236 1557 ctionem
2302 1503 2720 1575 redigerentur.
2808 1503 3011 1559 Curavi
3082 1510 3382 1576 praterea,
3440 1509 3505 1560 ut
3542 1505 3695 1561 inter

1991 1592 2441 1663 imprimendum
2480 1593 2774 1647 accederet
2822 1608 2956 1646 cura
3008 1608 3072 1647 ac
3132 1594 3294 1649 labor
3337 1594 3693 1649 excellentis-

1993 1681 2124 1735 simi
2167 1680 2274 1735 viri
2318 1684 2637 1749 Borgarutii
2677 1698 2711 1736 a
2747 1684 3110 1750 Borgarutiis,
3142 1687 3410 1755 typorum
3465 1699 3695 1739 accura-

1992 1769 2196 1824 tissimi
2251 1785 2317 1823 ac
2364 1769 2786 1840 diligentissimi
2840 1770 3215 1841 castigatoria.
3258 1771 3366 1836 Qui
3414 1777 3697 1842 quantum

1994 1858 2055 1912 in
2109 1858 2440 1929 hujusmodi
2495 1874 2734 1929 operum
2800 1859 3175 1929 castigatione
3233 1860 3583 1929 prastiterit,
3628 1877 3697 1915 ex

1994 1947 2297 2001 collatione
2327 1963 2455 2001 cum
2496 1948 2605 2015 his,
2652 1951 2992 2003 caterorum
3033 1948 3476 2019 exemplarium,
3531 1948 3696 2005 facile

1995 2035 2228 2107 patebit.
2263 2055 2291 2085 »

2766 2108 2920 2160 1571.

2068 2211 2327 2280 Lugduni
2349 2210 2501 2279 apud
2551 2209 2885 2278 Morellium,
2936 2215 2987 2265 et
3036 2212 3269 2267 Parisiis
3325 2212 3477 2284 apud
3531 2214 3702 2269 Nivei-

1998 2301 2159 2356 lium.
2205 2299 2542 2354 Basileensis
2590 2298 2857 2353 editionis
2902 2299 3077 2355 factas
3126 2318 3246 2356 esse
3303 2302 3635 2357 iterationes
3664 2320 3698 2357 a

1999 2388 2256 2444 Fabricio
2307 2388 2611 2459 proditur;
2668 2404 2798 2459 qua
2854 2404 3005 2457 vere,
3059 2391 3324 2461 protinus
3373 2406 3492 2445 non
3544 2389 3698 2444 afﬁr-

1998 2494 2157 2533 mare
2208 2478 2412 2531 ausim.
2457 2476 2567 2532 Sed
2615 2477 2857 2531 memini
2904 2494 2996 2533 me
3058 2477 3470 2546 Lugdunensem
3529 2478 3699 2549 hujus

2001 2562 2137 2615 anni
2167 2562 2477 2616 editionem
2504 2564 2706 2616 octonis
2733 2562 2940 2616 factam
2970 2563 3120 2634 apud
3172 2564 3299 2619 Seb.
3362 2566 3699 2618 Honoratum

2002 2650 2433 2720 deprehendere
2454 2649 2516 2704 in
2544 2650 2875 2705 Hendrichii
2893 2651 3072 2706 Pand.
3091 2651 3394 2718 Brandeb.,
3418 2652 3516 2707 ubi
3538 2653 3702 2706 Euar-

2002 2739 2252 2793 rationes
2313 2739 2374 2793 in
2422 2740 2676 2793 Psalmos
2729 2738 3121 2793 voluminibus
3178 2740 3229 2794 ΙΙ
3283 2740 3434 2795 in-8°
3483 2740 3696 2804 laudat,

2005 2843 2135 2898 qua
2165 2828 2287 2883 sine
2317 2827 2492 2883 dubio
2523 2828 2596 2881 ad
2626 2828 2910 2899 integram
2940 2842 3180 2899 operum
3211 2827 3519 2882 editionem
3567 2842 3698 2898 per-

2002 2915 2206 2970 tinent.

2778 2986 2933 3039 1577.

2070 3091 2393 3159 Antuerpiae
2434 3104 2501 3144 ea:
2545 3090 2767 3158 ofﬁcina
2807 3088 3189 3159 Christophori
3212 3089 3491 3158 Plautini;
3517 3090 3699 3156 in-fol.

1999 3179 2074 3234 XI
2100 3179 2272 3232 tomis.
2304 3176 2491 3247 Opera
2518 3177 2633 3231 divi
2661 3177 2876 3233 Aurelii
2929 3177 3255 3249 Augustini,
3320 3178 3701 3249 Hipponensis

2001 3266 2251 3338 episcopi
2281 3270 2338 3319 et
2364 3266 2610 3321 doctoris
2648 3264 2942 3336 pracipui,
2996 3265 3167 3322 tomis
3211 3266 3408 3321 decem
3441 3282 3700 3337 compre-

2001 3356 2198 3423 hensa,
2248 3371 2351 3426 per
2403 3356 2702 3425 theologos
2763 3354 3143 3409 Lovanienses
3199 3372 3267 3410 ex
3297 3355 3702 3426 manuscriptis

2003 3444 2290 3499 codicibus
2316 3445 2497 3499 multo
2529 3443 2723 3499 labore
2782 3444 3107 3511 emendata,
3167 3448 3222 3497 et
3266 3444 3334 3499 ab
3383 3444 3703 3499 innumeris

2004 3532 2290 3587 erroribus
2320 3532 2602 3587 vindicata
2628 3552 2643 3599 ;
2672 3532 2954 3587 illustrata
2996 3537 3272 3604 praterea
3300 3532 3537 3588 eruditis
3564 3550 3703 3589 cen-

2005 3621 2151 3675 suris
2180 3624 2235 3674 et
2287 3621 2629 3691 locupletata
2677 3621 2871 3676 multis
2927 3621 3184 3676 homiliis
3228 3626 3286 3677 et
3337 3623 3560 3694 aliquot
3588 3622 3704 3693 epi-

2005 3710 2163 3765 stolis
2210 3709 2467 3780 ejusdem
2526 3709 2681 3763 Beati
2728 3710 3059 3782 Augustini,
3111 3714 3277 3766 antea
3340 3727 3459 3768 non
3518 3710 3701 3767 editis.

2008 3799 2147 3854 Cum
2176 3798 2359 3853 indice
2401 3798 2707 3869 tripartito.

2079 3888 2219 3942 Cum
2275 3886 2514 3959 singulis
2548 3886 2719 3941 tomis
2780 3886 3100 3957 peculiares
3181 3887 3388 3943 addita
3454 3888 3586 3955 sint,
3635 3886 3707 3942 ab

2009 3976 2352 4031 Erasmianis
2402 3976 2521 4030 fere
2558 3976 2876 4046 desumpta
2924 3974 3350 4046 inscriptiones,
3392 3975 3486 4031 hic
3514 3980 3707 4030 tamen

2007 4065 2289 4137 generalis
2319 4065 2521 4119 titulus
2541 4064 2866 4135 pratigitur
2896 4063 3209 4131 volumini,
3241 4063 3393 4133 quod
3437 4064 3707 4118 ultimum

2005 4160 2156 4208 recte
2182 4153 2419 4214 diceres,
2453 4151 2585 4218 nisi,
2614 4156 2682 4205 ut
2729 4151 2837 4204 hoc
2879 4150 3005 4220 ipso
3051 4154 3228 4221 patet,
3262 4150 3495 4222 reliquis
3522 4150 3707 4205 omni-

2006 4242 2112 4297 bus
2142 4240 2403 4312 praponi
2450 4240 2703 4308 deberet,
2762 4237 2977 4293 indices
3031 4254 3163 4294 cum
3221 4239 3463 4294 Possidii
3500 4238 3625 4294 Vita
3654 4242 3712 4294 et

190 4345 263 4399 sis
290 4349 355 4399 et
386 4342 564 4396 illatis
601 4347 716 4396 tam
770 4341 1005 4413 singulis
1052 4341 1304 4408 vocibus,
1358 4358 1530 4413 quam
1562 4342 1769 4397 libellis
1806 4342 1900 4397 in-
1939 4331 1982 4386 Ῑ)
2012 4330 2267 4385 indicum
2316 4328 2656 4400 scriptorum
2710 4327 3034 4398 Αυευειίιιὶ.
3089 4342 3194 4383 nec
3254 4343 3371 4382 non
3420 4327 3711 4399 meaﬁo‘

193 4433 405 4503 tegris,
456 4445 706 4502 quorum
741 4431 1002 4500 exempla
1038 4435 1126 4485 sat
1172 4431 1353 4485 multa
1396 4430 1466 4485 ab
1504 4447 1571 4485 eo
1612 4436 1761 4485 .sunt
1809 4447 1903 4485 co-

192 4526 318 4575 acta
368 4519 700 4589 quibusque
746 4518 1012 4573 omnibus
1050 4517 1200 4573 efﬁci
1242 4518 1473 4589 colligit,
1517 4519 1901 4575 defensionem

195 4610 375 4679 hujus
408 4605 676 4662 editionis
706 4623 737 4660 a
765 4607 1024 4662 Simonio
1055 4623 1358 4679 perperam
1388 4623 1507 4663 esse
1560 4614 1901 4679 susceptam.

200 4700 311 4753 Nec
336 4712 478 4751 sane
518 4712 621 4749 nos
675 4695 955 4766 videmus,
1012 4713 1128 4768 quo
1156 4697 1432 4751 meruerit
1477 4696 1785 4763 Nicolinus,
1843 4701 1907 4751 ut

201 4785 589 4856 patrocinium
613 4786 735 4855 ejus
771 4785 1062 4840 Simonius
1092 4785 1426 4858 susciperet,
1482 4802 1611 4841 cum
1641 4786 1908 4857 nuspiam

204 4875 271 4929 ab
298 4877 428 4946 ipso
458 4874 715 4945 aliquam
767 4875 1091 4929 cautionem
1148 4875 1219 4931 ad
1264 4875 1613 4931 mutationes
1643 4892 1772 4931 suas
1810 4875 1909 4931 de-

203 5018 308 5085 dit,
336 5020 410 5073 Α.
435 5020 498 5075 C.
536 5021 691 5072 1571.
727 5018 768 5072 ΙΙ
796 5034 834 5089 y
862 5033 897 5071 a
933 5019 989 5071 la
1014 5018 1152 5073 trois
1181 5018 1384 5074 fautes.
1420 5022 1475 5074 1ο
1503 5019 1660 5074 Cette
1691 5017 1909 5074 edition

202 5108 231 5143 ι
267 5106 413 5144 onze
441 5090 720 5155 volumes,
771 5095 831 5143 et
860 5106 974 5142 non
1008 5090 1097 5144 dix
1133 5107 1147 5157 ;
1179 5093 1240 5143 2°
1285 5091 1392 5145 elle
1428 5095 1513 5145 est
1564 5092 1634 5145 de
1689 5092 1908 5144 l’année

206 5164 366 5222 1570,
398 5167 454 5215 et
483 5176 599 5214 non
635 5164 763 5215 1571
792 5162 890 5226 ;3ο
920 5161 1026 5213 elle
1060 5177 1129 5215 ne
1165 5162 1325 5215 vicnt
1352 5178 1455 5231 pas
1493 5161 1563 5216 de
1582 5163 1908 5228 Valgrisius,

200 5233 349 5286 mai:
388 5232 457 5287 de
488 5232 807 5286 Dominicus
837 5232 1132 5303 Nicolinus,
1183 5233 1283 5303 qui
1321 5233 1394 5287 l’a
1450 5231 1699 5287 enrichie
1742 5232 1911 5285 d’une

202 5303 492 5365 dédicace,
522 5303 789 5358 adressée
816 5302 1027 5355 Joanni
1054 5302 1291 5358 Antonio
1346 5304 1631 5359 Fachineto
1682 5317 1716 5356 a
1743 5304 1907 5370 Nuce,

200 5376 488 5431 Neocastri
513 5378 783 5446 episcopo,
817 5376 869 5427 et
893 5373 1382 5446 iapudpserenissr
1432 5376 1748 5446 Venetorum
1773 5389 1912 5446 rem-

203 5447 478 5517 publicam
500 5444 713 5503 oratori
735 5445 1037 5512 Pontiﬁcio.
1071 5444 1189 5501 Elle
1231 5449 1316 5500 est
1351 5444 1514 5500 datée
1560 5444 1629 5499 de
1690 5445 1910 5513 Venise,

206 5517 251 5570 le
280 5521 348 5573 15
377 5518 659 5574 d'octobre
693 5518 856 5570 1570.

274 5590 349 5658 (a)
381 5589 525 5645 Edit.
581 5586 804 5643 noviss.
856 5584 1111 5653 Lugduni
1144 5588 1265 5643 Bat.
1322 5587 1478 5653 l'T'8,
1538 5587 1598 5641 T.
1659 5586 1701 5654 Ῑ,
1734 5602 1793 5657 p.
1827 5589 1911 5641 16.

2011 4435 2166 4486 nem,
2199 4434 2328 4490 qua
2358 4418 2428 4473 de
2467 4417 2694 4472 ratione
2722 4416 2901 4471 totius
2949 4415 3198 4473 instituti
3244 4416 3498 4488 exponit,
3553 4432 3711 4473 com-

2010 4510 2259 4580 plexum.

2082 4596 2421 4665 Susceperat
2447 4593 2725 4649 nimirum
2774 4593 2921 4648 hanc
2978 4609 3141 4649 nova
3198 4598 3256 4650 et
3310 4593 3715 4650 emendatioris

2012 4683 2317 4755 Augustini
2384 4698 2624 4753 operum
2709 4681 2976 4743 editionis
3048 4682 3398 4754 provinciam
3460 4683 3716 4754 primum

2017 4774 2247 4829 Thomas
2316 4772 2534 4828 Gozaeus
2602 4771 3067 4826 Bellemontanus
3147 4772 3367 4838 Hanno,
3415 4771 3717 4842 theologia

2013 4862 2076 4917 in
2129 4860 2469 4916 Lovaniensi
2527 4860 2718 4915 studio
2771 4859 3079 4931 professor,
3164 4860 3505 4930 apostolicus
3549 4863 3718 4914 etre-

2090 5003 2157 5069 (b)
2202 5001 2352 5073 Disp.
2392 5002 2456 5056 V.
2492 5000 2519 5072 §
2562 5005 2653 5068 26,
2687 5018 2743 5070 ρ.
2803 5004 2903 5058 130
2946 5001 3287 5057 Prodierunt
3331 4999 3582 5071 primum
3625 5001 3719 5059 Ge-

2016 5088 2161 5129 nevae
2186 5073 2353 5140 apud.
2373 5073 2519 5128 Sam.
2547 5073 2611 5126 de
2635 5074 2888 5139 Tournes,
2922 5076 3077 5128 1687.
3096 5074 3257 5127 ἱη-4ο.

2090 5142 2167 5214 (c)
2199 5145 2495 5199 Seulement
2551 5144 2688 5197 dans
2739 5145 2812 5198 les
2846 5147 3156 5200 sommaires
3197 5147 3248 5214 et
3277 5143 3348 5214 les
3378 5141 3619 5197 scholies.
3652 5144 3717 5198 V.

2020 5213 2482 5283 inBibliothéque
2509 5216 2741 5284 critique
2782 5215 2848 5269 de
2890 5217 3159 5282 Sainjore.
3203 5213 3265 5266 Τ.
3302 5213 3344 5277 l,
3376 5228 3434 5282 p.
3462 5215 3558 5267 261
3597 5215 3725 5283 (Pa-

2019 5287 2098 5341 ris
2145 5292 2202 5341 et
2255 5289 2435 5340 Amst.
2500 5284 2908 5356 l708,rin-8°),
2953 5286 3269 5356 etHLettres
3303 5284 3526 5340 choisies
3553 5284 3722 5341 deM.

2023 5359 2207 5414 Simon
2237 5357 2445 5426 (Amst.
2486 5352 2647 5417 1730.
2675 5352 2943 5424 ίη-12,’Τ.
2988 5354 3077 5420 IV,
3099 5370 3158 5426 p.
3192 5352 3299 5426 1‘2).

2097 5427 2175 5569 (et;
2204 5429 2485 5483 Memoires
2510 5428 2577 5482 de
2610 5430 2879 5482 Trevoum.
2920 5427 3075 5480 1729.
3110 5425 3266 5497 Sept.
3296 5440 3356 5497 p.
3394 5427 3547 5482 1618.

2098 5504 2141 5567 (e
2192 5499 2252 5554 V.
2273 5497 2643 5567 Bibliothéque
2670 5498 2884 5564 choisie,
2917 5497 2979 5551 Τ.
3012 5496 3198 5565 XVIII,
3230 5512 3287 5567 p.
3326 5498 3446 5551 169.

2098 5496 2170 5567 (e)
2192 5499 2252 5554 V.
2273 5497 2643 5567 Bibliothéque
2670 5498 2884 5564 choisie,
2917 5497 2979 5551 Τ.
3012 5496 3201 5565 XVIII,
3230 5496 3305 5567 p.
3326 5498 3446 5551 169.
