4044 6190
338 292 406 342 79
1338 284 1901 342 SUPPLEMENTUM
1943 285 2032 340 AD
2069 283 2308 342 OPERA
2347 287 2405 342 S.
2447 283 2838 341 AUGUSTINI.
3775 289 3844 336 δυ

340 410 467 481 gius
504 410 786 466 librorum
826 427 929 483 per
959 409 1214 483 Belgium
1268 424 1492 464 censor.
1549 409 1884 480 Susceperat
1929 423 2030 462 au-
2068 413 2112 466 A
2145 407 2387 481 singulis
2427 407 2728 480 Augustini
2783 406 2966 473 libris,
3029 410 3094 460 ut
3150 405 3211 459 in
3259 405 3662 476 manuscriptis
3710 405 3843 460 ﬁeri

341 505 453 554 tem
485 498 579 564 sic,
618 505 678 555 ut
707 517 932 556 summa
961 500 1195 572 quidem
1222 514 1286 552 ac
1345 497 1650 553 arbitrium
1702 497 1874 551 totius
1907 512 2033 568 ope-

340 607 401 643 re
439 606 616 659 penes
645 606 704 643 se
753 595 898 644 esset
957 591 1055 658 (a),
1103 587 1357 641 laborem
1414 603 1547 641 vero
1595 602 1723 641 cum
1771 585 2032 656 pluribus

339 678 474 731 viris
503 678 680 733 doctis
728 683 785 732 et
831 677 1152 731 studiorum
1210 675 1587 732 similitudine
1631 674 1947 745 conjunctis
1977 677 2035 728 et

340 766 546 821 aﬁ‘ectu
595 767 655 821 in
691 766 746 820 S.
777 764 1161 836 Augustinum
1211 764 1377 836 quasi
1427 764 1670 819 invicem
1717 761 2034 817 aemulanti-

339 856 447 910 bus
494 853 961 921 communicaret,
1004 858 1061 908 et
1115 870 1294 925 pensa
1354 853 1516 925 quasi
1561 852 1804 924 singulis
1853 851 2035 906 distri-

339 946 558 1009 bueret,
591 942 922 1013 conquisitis
970 947 1028 997 et
1068 943 1264 997 divisis
1301 943 1451 997 inter
1509 958 1642 996 suos
1689 942 1818 1011 plus
1857 955 2028 1011 quam

339 1032 596 1086 ducentis
653 1048 788 1086 mss.
852 1032 1290 1102 exemplaribus.
1337 1033 1642 1102 Postquam
1699 1046 1832 1084 vero
1875 1045 2034 1100 vapo-

335 1121 525 1192 plexia
591 1125 886 1192 correptus
954 1121 1129 1175 vitam
1200 1137 1331 1175 cum
1399 1125 1580 1174 morte
1638 1118 1949 1190 improvisa
1977 1134 2028 1172 a.

342 1214 468 1265 1571
515 1210 607 1265 die
645 1215 678 1265 8
709 1210 892 1264 Martii
920 1213 1397 1275 commutaverat,
1453 1223 1743 1263 successor
1791 1207 1916 1278 ejus
1970 1206 2032 1261 in

334 1315 574 1354 munere
603 1299 862 1353 censorio
912 1301 1159 1354 Joannes
1180 1299 1436 1354 Molanus
1497 1297 1671 1352 etiam
1724 1297 1830 1351 hoc
1885 1312 2031 1351 onus

331 1390 649 1442 aPlantino
703 1387 811 1442 sibi
855 1387 1079 1459 injungi
1123 1403 1323 1458 passus
1373 1390 1478 1452 est,
1534 1390 1590 1440 et
1643 1383 1880 1439 remotis
1933 1383 2031 1438 ali-

328 1481 469 1548 quot
498 1475 863 1548 suﬂ‘ectisque
893 1475 1019 1531 aliis
1048 1476 1109 1530 in
1135 1492 1337 1530 eorum
1367 1477 1557 1530 locum
1613 1472 1921 1529 lectoribus
1952 1472 2026 1543 (b)

327 1566 444 1618 suis
491 1564 667 1618 veluti
719 1563 988 1634 auspiciis
1047 1562 1345 1634 proﬂigari
1420 1579 1484 1616 ac
1541 1560 1741 1632 perﬁci
1793 1559 2029 1615 tandem

327 1671 469 1724 opus
503 1653 654 1708 vidit.

398 1744 666 1796 Ndi'Vero
720 1740 960 1811 singulis
1021 1739 1194 1794 modo
1226 1738 1395 1794 tomis
1431 1738 1547 1794 dati
1605 1739 1740 1791 sunt
1784 1733 2028 1790 admini-

323 1837 610 1895 stratores,
665 1831 761 1884 sed
792 1831 848 1884 in
885 1829 1128 1901 singulis
1185 1830 1379 1900 plures
1441 1843 1547 1900 pro
1597 1826 1820 1880 ratione
1869 1823 2026 1878 codi-

321 1937 451 1974 cum
537 1922 991 1974 elaboraverunt.
1065 1917 1428 1972 Praafuerunt
1483 1921 1678 1969 autem
1731 1911 2019 1983 operibus,

323 2013 462 2062 teste
509 2007 750 2075 Molano,
811 2007 871 2060 in
918 2009 1098 2076 primo
1137 2010 1294 2060 tomo
1349 2003 1693 2075 corrigendo
1749 2001 2022 2057 Martinus

319 2098 562 2160 Buccius,
597 2097 909 2161 'l‘iletanus,
945 2099 1140 2165 postea
1165 2093 1464 2149 Aloﬂensis
1511 2097 1733 2162 pastor;
1796 2089 1856 2143 in
1913 2090 2022 2158 epi-

317 2188 471 2241 stolis
503 2186 730 2240 Jaeobus
783 2186 971 2250 Baius,
1026 2182 1386 2248 Melunensis,
1443 2179 1670 2250 collegii
1725 2177 2020 2234 Sabaudiae

320 2273 555 2328 Lovanii
599 2288 828 2343 praeses.
884 2270 1130 2325 Accessit
1185 2276 1380 2324 autem
1436 2268 1888 2323 additamentum
1938 2281 2022 2319 ea-

319 2378 448 2415 rum
495 2363 566 2416 ab
621 2364 825 2416 Joanne
870 2359 1076 2414 Grauia
1117 2375 1181 2413 ex
1236 2358 1512 2413 Societate
1566 2357 1697 2410 Jesu
1745 2353 2020 2409 Bruxellis

317 2449 738 2505 transmissum.
815 2448 882 2501 In
955 2449 1112 2502 tertio
1181 2452 1320 2501 tome
1390 2443 1688 2500 desudavit
1759 2446 2017 2499 Henricus

317 2536 573 2604 Cuykius,
639 2534 1140 2606 Culenburgensis,
1219 2534 1430 2588 ethices
1501 2537 1640 2587 tunc
1705 2531 2013 2602 professor,

316 2630 446 2695 post
493 2625 796 2696 episcopus
849 2622 1375 2678 Ruraamundensis.
1438 2623 1709 2688 Quartum
1753 2620 2019 2674 emenda-

314 2713 396 2768 vit
454 2715 741 2768 Embertus
779 2712 1101 2780 Everaerds,
1165 2711 1632 2778 Arendoncanus,
1675 2715 1872 2780 pastor
1924 2725 2014 2764 ec-

314 2803 500 2859 clesia:
531 2806 595 2858 D.
626 2803 839 2859 Jacobi.
877 2802 1073 2857 Libros
1109 2802 1179 2856 de
1211 2802 1444 2858 Civitate
1489 2802 1606 2866 Dei,
1639 2799 1739 2870 qui
1789 2803 2014 2854 tomum

314 2896 565 2961 quintum
613 2892 848 2959 faciunt,
898 2893 1087 2946 Petrus
1134 2891 1370 2954 Coretus,
1423 2888 1705 2955 Athensis,
1739 2892 1931 2959 pastor
1959 2891 2015 2942 et

2141 497 2500 575 observatum
2532 501 2673 564 erat,
2705 495 3160 550 retractationem
3185 495 3384 566 ipsius,
3418 499 3519 548 aut
3565 495 3612 548 si
3643 511 3713 548 ea
3744 495 3847 549 de-

2141 592 2306 653 esset,
2374 587 2608 641 brevem
2690 600 2992 639 censuram
3069 584 3385 637 multorum
3437 583 3846 653 theologorum

2141 675 2426 746 sententia
2481 673 2876 729 conﬁrmatam
2913 673 3303 745 prmmitteret.
3361 671 3499 737 Quae
3544 672 3849 728 manifeste

2141 762 2496 834 deprehensa
2540 768 2827 818 constaret
2873 761 3176 832 Augustini
3225 777 3343 816 non
3383 777 3523 830 esse,
3567 777 3635 815 ea
3683 778 3849 832 pra:-

2139 854 2328 908 missis
2381 855 2656 924 censuris,
2699 854 2761 908 in
2807 855 3119 926 appendice
3184 854 3323 908 tomi
3381 855 3478 908 sui
3510 849 3849 926 reponenda

2139 942 2377 998 censuit.
2411 945 2476 998 In
2527 944 2612 997 his
2636 945 2876 997 censuris
2909 947 3107 1010 autem,
3150 941 3358 1012 inquit,
3399 945 3663 997 Erasmus
3728 945 3848 998 ati-

2139 1034 2367 1100 quoties,
2439 1034 2639 1101 szpius
2704 1035 2882 1085 autem
2929 1031 3202 1086 indicatus
3253 1031 3504 1098 Possidii,
3560 1033 3847 1087 citationes

2137 1120 2312 1187 Bedaz,
2367 1135 2592 1175 censura
2639 1122 3015 1189 manuscripta
3045 1119 3349 1174 doctissimi
3404 1119 3635 1188 theologi
3668 1123 3848 1175 Joan-

2137 1209 2224 1262 nis
2251 1209 2480 1262 Hessetii
2506 1211 2566 1262 in
2609 1223 2796 1263 novem
2853 1213 3019 1262 tomos
3068 1212 3119 1262 et
3147 1207 3427 1263 reverendi
3449 1211 3630 1278 patris
3691 1211 3850 1263 Maro

2139 1298 2245 1350 tini
2271 1298 2451 1366 Lipsii
2479 1298 2537 1351 in
2563 1302 2764 1352 tomum
2788 1296 3052 1352 decimum
3097 1312 3294 1365 magno
3341 1298 3495 1352 nobis
3525 1297 3848 1366 adjumento

2135 1387 2378 1451 fuerunt.
2423 1387 2579 1440 Nihil
2626 1389 2802 1440 autem
2859 1385 3107 1448 adhibui,
3170 1388 3305 1455 quin
3377 1402 3412 1438 a
3466 1385 3672 1440 duobus
3727 1387 3848 1441 cot-

2138 1473 2267 1541 legii
2293 1476 2467 1528 nostri
2488 1475 2904 1544 professoribus,
2956 1476 3183 1529 Henrico
3231 1475 3432 1549 Gravia
3486 1478 3536 1527 et
3592 1475 3845 1528 Lauren—

2137 1566 2212 1617 tio
2245 1564 2628 1630 Westerho-vio,
2681 1579 2812 1632 quos
2864 1566 2925 1618 in
2966 1565 3066 1618 hac
3117 1567 3275 1632 parte
3316 1565 3485 1617 socios
3541 1569 3592 1617 et
3621 1563 3848 1632 adjuto-

2140 1666 2226 1706 res
2265 1652 2433 1706 habui
2468 1656 2604 1706 certe
2644 1657 2908 1720 strenuos,
2956 1652 3319 1721 approbatum
3347 1655 3441 1705 sit.
3475 1653 3550 1704 Ac
3580 1651 3687 1704 hoc
3717 1651 3845 1719 qui-

2141 1740 2273 1794 dem
2312 1739 2517 1810 privati
2574 1740 2825 1794 hominis
2855 1740 3018 1811 quasi
3048 1740 3118 1795 de
3149 1757 3254 1794 sua
3305 1739 3488 1810 ipsius
3543 1755 3716 1810 opera
3757 1743 3846 1792 est

2129 1828 2412 1900 judicium
2468 1834 2637 1900 atque
2719 1829 3013 1900 professio.
3097 1828 3208 1885 Sed
3296 1829 3535 1883 fortasse
3610 1828 3841 1898 juvabit

2135 1916 2307 1970 etiam
2337 1933 2652 1977 censuram.
2699 1934 2871 1987 quam
2927 1917 3265 1971 auctoritate
3322 1916 3580 1971 muneris
3619 1916 3843 1986 publici

2133 2004 2345 2072 emisit,
2379 2021 2624 2076 quaeque
2651 2021 2812 2058 versa
2845 2004 3035 2058 statim
3084 2003 3243 2058 tituli
3288 2004 3507 2075 pagina
3550 2004 3841 2075 impressa

2132 2093 2364 2164 legitur,
2395 2109 2750 2164 cognoscere.
2799 2094 2933 2148 Ecce
2965 2109 3116 2148 vero.

2207 2203 2234 2232 (ι
2264 2183 2450 2253 Opera
2479 2183 2793 2237 beatissimi
2853 2182 3181 2252 Augustini,
3231 2198 3336 2253 per
3382 2182 3683 2252 theologos
3726 2183 3838 2236 Lo-

2128 2271 2426 2326 vanienses
2481 2271 2771 2341 castigata,
2841 2270 3023 2326 tribus
3083 2271 3448 2340 potissimum
3497 2271 3566 2325 de
3622 2270 3834 2332 causis,

2135 2358 2403 2413 omnibus
2431 2358 2722 2428 prioribus
2750 2357 3097 2412 editionibus
3126 2363 3259 2412 sunt
3299 2357 3673 2429 praeferenda.
3702 2359 3832 2412 Pri-

2127 2462 2293 2508 mum,
2325 2447 2460 2518 quia
2481 2463 2550 2501 ex
2584 2446 2978 2501 vetustissimis
3017 2447 3424 2518 manuscriptis
3481 2449 3835 2520 exemplari-

2127 2537 2233 2591 bus
2275 2535 2565 2590 innumeri
2616 2535 2866 2606 faedique
2922 2551 3143 2590 errores
3177 2551 3282 2606 per
3318 2537 3578 2608 singulos
3631 2543 3831 2593 tomos

2128 2625 2240 2680 sint
2273 2625 2584 2694 emendati,
2617 2625 2879 2696 apposita
2906 2625 3080 2680 etiam
3115 2625 3187 2680 ad
3220 2625 3522 2696 -cujusque
3551 2626 3694 2680 tomi
3722 2628 3833 2682 cal-

2125 2730 2248 2768 cem
2279 2730 2382 2768 sua
2409 2713 2802 2785 castigatione.
2833 2715 3093 2782 Secundo,
3138 2714 3276 2785 quia
3327 2731 3702 2787 quaecumque
3766 2717 3832 2772 in

2123 2801 2212 2856 his
2238 2802 2411 2856 tomis
2450 2807 2614 2857 erant
2667 2802 2927 2867 indoctae,
2972 2806 3070 2856 aut
3116 2818 3392 2870 censurae,
3443 2808 3542 2858 aut
3579 2809 3831 2876 annota-

2122 2890 2310 2946 tiones
2344 2892 2431 2961 (ut
2449 2891 2594 2946 nihil
2622 2891 2870 2962 amplius
2898 2891 3158 2962 dicatur),
3190 2907 3275 2945 eae
3305 2891 3366 2946 in
3412 2891 3518 2946 hac
3571 2891 3829 2946 editione

311 2983 602 3052 professor
633 2980 1036 3051 Crispiniensis
1067 2979 1332 3033 correxit.
1367 2979 1433 3031 In
1457 2982 1608 3032 sexto
1649 2981 1806 3030 tomo
1855 2977 2011 3033 Chri-
2049 3003 2088 3059 ο
2121 2979 2347 3035 absunt.
2385 2983 2580 3049 Tertio,
2616 2981 2752 3052 quia
2788 2980 3029 3051 singulis
3070 2979 3230 3035 libris
3280 2980 3603 3036 retractatio
3638 2980 3826 3050 ipsius

311 3072 595 3140 staphorus
661 3069 873 3132 Broide,
945 3067 1016 3122 ad
1067 3067 1319 3122 Ariensis
1363 3065 1612 3120 ecclesiae
1675 3067 2010 3120 decanatum

311 3162 595 3223 evocatus,
663 3155 992 3209 elaboravit.
1059 3155 1333 3224 Septimus
1384 3160 1578 3218 tomus,
1620 3170 1792 3224 quem
1850 3171 2010 3208 men-

308 3246 394 3300 dis
455 3244 723 3299 scatuisse
771 3244 990 3305 dicunt,
1037 3242 1106 3296 ab
1164 3244 1392 3296 Henrico
1431 3242 1650 3309 Gravia,
1712 3242 2014 3296 Lovanien-

309 3335 377 3400 si,
443 3331 748 3402 theologias
806 3331 1039 3384 doctore
1085 3334 1141 3383 et
1196 3330 1518 3399 professore
1566 3329 1747 3400 regio,
1782 3335 1840 3384 et
1869 3331 2009 3386 alias

309 3421 541 3491 celebri,
600 3419 924 3491 recognitus
963 3424 1079 3473 est.
1157 3421 1385 3473 Psalmis
1446 3418 1678 3488 praefuit
1745 3419 2010 3476 Claudius

313 3513 495 3576 Porta,
569 3508 977 3579 Bapalmensis,
1038 3507 1345 3578 theologia:
1400 3508 1820 3579 baccalaureus,
1880 3515 2011 3580 post

311 3599 547 3654 Binduas
590 3604 784 3670 pastor
831 3602 888 3652 et
941 3596 1268 3651 canonicus.
1317 3598 1381 3651 In
1417 3598 1562 3652 tomi
1645 3600 1775 3654 noni
1818 3615 2006 3655 corre-

306 3688 495 3743 ctione
549 3688 864 3744 Guitietmus
911 3689 1117 3753 Estius,
1171 3685 1504 3749 Gorconius,
1566 3703 1802 3758 operam
1843 3704 2007 3743 suam

305 3777 676 3848 studiumque
725 3775 966 3830 navavit.
1009 3778 1197 3846 Atque
1250 3774 1312 3829 hi
1343 3790 1561 3842 omnes,
1601 3779 1810 3847 praeter
1854 3779 2004 3833 Hen-

303 3865 488 3920 ricum
560 3865 829 3921 Gravium
907 3868 962 3919 et
1022 3864 1325 3919 Claudium
1398 3866 1641 3932 Portam,
1700 3866 2004 3938 theologia:

302 3954 579 4010 licentiati
629 3953 974 4026 dignitatem
1019 3952 1264 4007 assecuti
1316 3956 1499 4007 erant.
1532 3954 1781 4008 Decimus
1847 3953 2004 4009 deni-

301 4059 414 4116 que
464 4048 655 4099 tomus
680 4042 1041 4112 Regularibus
1077 4043 1428 4096 Martinianis
1458 4040 1624 4095 datus
1655 4046 1797 4107 erat,
1830 4041 2000 4114 quip-

299 4149 373 4204 pe
400 4133 464 4188 in
506 4149 679 4205 quem
705 4133 827 4203 jam
847 4130 1071 4203 pridem
1097 4130 1250 4202 apud
1295 4147 1393 4184 eos
1433 4131 1706 4185 Martinus
1755 4132 1997 4201 Lipsius,

301 4221 705 4290 Bruxellensis,
746 4221 985 4290 ejusque
1046 4218 1316 4289 discipuli
1351 4221 1582 4274 Joannes
1621 4220 1887 4276 Costerius
1943 4225 2000 4276 et

2121 3068 2302 3122 sancti
2355 3069 2656 3140 Augustini
2706 3073 2790 3122 est
2845 3068 3159 3138 prmmissa,
3217 3073 3316 3123 aut
3369 3069 3470 3123 ubi
3531 3085 3598 3122 ea
3635 3069 3822 3135 deest,

2117 3155 2306 3210 brevis
2335 3173 2595 3225 censura,
2650 3157 2967 3211 multorum
3009 3157 3413 3227 theologorum
3434 3156 3651 3227 judicio
3682 3173 3824 3213 con-

2119 3244 2367 3299 ﬁrmata.
2406 3247 2543 3310 Quae
2571 3249 2765 3300 autem
2793 3250 2948 3300 certo
2987 3245 3296 3316 Augustini
3345 3262 3464 3300 non
3517 3261 3637 3300 esse
3682 3252 3825 3302 sunt

2117 3333 2490 3402 deprehensa,
2550 3350 2616 3388 ea
2643 3333 2704 3387 in
2734 3333 2823 3388 sui
2869 3333 3013 3388 tomi
3057 3333 3433 3405 appendicem
3481 3339 3614 3388 sunt
3657 3351 3826 3406 repo-

2116 3421 2244 3488 sita,
2290 3422 2540 3492 praeﬁxis
2593 3422 2848 3477 censuris
2901 3439 3031 3493 qua:
3091 3439 3197 3494 per
3249 3423 3547 3494 theologos
3593 3424 3824 3495 aliquot

2116 3509 2495 3565 Lovanienses
2520 3516 2653 3565 sunt
2679 3511 2946 3566 discussis
2987 3515 3043 3565 et
3070 3511 3398 3583 approbata:
3429 3515 3516 3583 (c).
3547 3531 3575 3565 η

2184 3599 2269 3654 Ad
2301 3616 2429 3671 quin
2458 3615 2638 3671 pauca
2659 3600 2903 3670 jamjam
2942 3600 3106 3655 nobis
3155 3605 3290 3656 sunt
3335 3600 3703 3656 observanda.
3738 3604 3824 3657 Ac

2112 3703 2470 3758 praemonere
2500 3689 2736 3761 quidem
2766 3689 2941 3757 lubet,
2995 3690 3368 3761 partitionem
3416 3706 3522 3762 per
3555 3690 3822 3762 singulos

2111 3781 2299 3830 tomos
2361 3794 2427 3832 ex
2462 3777 2792 3833 Erasmiana
2854 3794 2976 3833 esse
3029 3783 3333 3847 servatam,
3383 3781 3482 3836 sed
3523 3784 3823 3835 mutatum

2110 3865 2325 3936 passim
2367 3865 2646 3921 librorum
2701 3866 2990 3937 ordinem,
3030 3868 3279 3923 maxime
3307 3885 3411 3940 per
3439 3885 3556 3935 eos,
3601 3868 3702 3940 qui
3752 3869 3820 3924 in

2111 3954 2457 4024 appendices
2507 3954 2706 4026 rejecti
2753 3960 2904 4010 sunt.
2952 3957 3076 4012 Non
3126 3957 3418 4014 immerito
3461 3963 3653 4013 autem
3701 3958 3821 4014 hoc

2111 4042 2218 4096 sibi
2244 4043 2592 4110 tribuerunt,
2645 4045 2800 4115 quod
2861 4050 3050 4100 textus
3101 4063 3135 4101 a
3183 4047 3382 4102 multis
3426 4046 3819 4119 gravibusque

2107 4131 2334 4187 mendis
2365 4132 2426 4186 in
2460 4149 2595 4187 mss.
2617 4135 3053 4206 exemplarium,
3085 4151 3334 4206 quorum
3366 4136 3647 4191 immensa
3666 4135 3821 4206 ipsis

2108 4221 2445 4294 suppetebat
2473 4221 2655 4293 copia,
2686 4222 2760 4278 sit
2797 4223 3155 4278 emendatus.
3183 4225 3434 4280 Probant
3477 4225 3822 4282 illud~casti~

296 4309 527 4362 Joannes
563 4309 927 4373 Vlimmerius,
976 4306 1362 4373 Lovaniensis,
1415 4307 1613 4378 magni
1651 4309 1860 4364 laboris
1883 4308 1995 4365 im-
2032 4301 2076 4355 Ι)
2105 4313 2348 4378 gationes
2375 4326 2476 4366 seu
2530 4313 2916 4378 recognitiones
2965 4313 3036 4367 ad
3094 4312 3270 4367 ﬁnem
3327 4315 3602 4386 cujusque
3639 4315 3815 4383 tomi,

294 4412 535 4467 pensam
581 4399 836 4467 egerant.
878 4397 1124 4451 Joannes
1169 4411 1301 4450 vero
1364 4397 1708 4453 Vtimmerius
1751 4399 1809 4452 in
1850 4399 1997 4454 hanc

297 4501 526 4556 quoque
553 4484 865 4539 editionem
888 4484 1128 4539 contulit
1183 4483 1369 4538 varios
1431 4485 1734 4556 Augustini
1789 4502 1996 4543 sermo-

2105 4403 2315 4471 prteter
2338 4398 2648 4469 decimum,
2684 4400 2944 4470 adjectae,
2985 4401 3045 4455 in
3075 4402 3284 4472 quibus
3339 4403 3666 4474 diligenter,
3709 4405 3817 4460 sed

2102 4487 2298 4560 paucis
2326 4487 2512 4543 verbis
2541 4489 2713 4543 lectio
2757 4489 3020 4560 superior
3059 4507 3190 4545 cum
3245 4491 3489 4546 lectione
3545 4491 3817 4550 codicum

295 4590 398 4628 nes
440 4590 475 4628 a
533 4589 592 4628 se
630 4577 905 4644 repertos,
957 4577 1014 4627 et
1052 4573 1266 4628 multos
1309 4577 1476 4628 antea
1535 4589 1655 4629 non
1702 4575 1880 4630 editos
1926 4593 1994 4632 ex
2100 4577 2438 4632 collatorum
2467 4594 2568 4631 seu
2597 4593 2792 4632 recens
2847 4584 3073 4650 recepta
3122 4585 3506 4651 comparatur,
3547 4581 3816 4638 indiculo

295 4663 628 4719 Cambronaa
682 4662 974 4716 codicibus
1041 4662 1295 4717 studiose
1359 4664 1730 4734 transcripsit.
1799 4666 1878 4720 De
1931 4682 1990 4721 se
2098 4666 2360 4721 codicum
2391 4665 2782 4721 adhibitorum
2812 4666 3028 4739 ubique
3050 4670 3370 4739 praemisso.
3419 4671 3631 4724 Harum
3665 4686 3817 4726 vero

291 4757 486 4808 autem
536 4752 789 4806 Molanus
841 4751 1105 4819 afﬁrmat,
1139 4751 1246 4806 sibi
1275 4757 1623 4807 reservatum
1677 4752 1870 4821 fuisse,
1924 4759 1990 4810 ut
2097 4755 2565 4810 emendationum
2604 4755 2692 4809 vel
2749 4756 3007 4810 locorum
3057 4758 3551 4812 emendandorum
3592 4759 3815 4830 largis-

359 4840 442 4916 (a)
499 4839 875 4916 Difﬁcultates
910 4845 1147 4916 tantum,
1205 4857 1269 4896 ac
1298 4857 1402 4916 Aea,
1445 4842 1988 4916 quaedubitationem
2092 4845 2266 4916 fuere,
2299 4859 2526 4913 quorum
2553 4847 2612 4898 in
2643 4846 2811 4900 locum
2841 4846 2985 4914 quod
3013 4848 3193 4900 minus
3236 4847 3420 4901 idonei
3463 4847 3813 4916 viderentur,

290 4912 565 4986 haberent,
599 4913 672 4966 ad
727 4926 781 4966 se
830 4914 1028 4986 referri
1056 4927 1175 4966 eum
1224 4913 1455 4986 voluisse
1483 4912 1678 4986 scribit
1707 4915 1980 4986 Molanus.
2093 4914 2226 4968 alios
2274 4912 2575 4969 eruditione
2622 4912 2940 4985 judicioéue
3000 4923 3321 4985 praestantes
3386 4922 3531 4972 viros
3583 4912 3804 4986 su/feci,

361 4985 433 5055 (b)
475 4985 563 5038 Slc
607 4984 1085 5058 vocat__Molanus
1141 4999 1260 5058 eos,
1302 4983 1402 5058 qui
1452 4983 1983 5058 conferendisﬂcum
2092 4986 2194 5052 qui
2217 5001 2284 5039 em
2308 4993 2489 5040 nostro
2525 4983 2865 5056 praescripto;
2896 4983 3018 5040 tum
3037 4991 3340 5056 superiora,
3397 4995 3510 5044 tum
3560 4983 3814 5058 ea,"quai:

286 5053 423 5128 mss.
480 5054 923 5128 exemplaribus:
955 5060 1013 5107 et
1062 5053 1416 5128 corrigendis
1469 5054 1776 5128 Augustini
1819 5055 1980 5128 libris
2088 5062 2375 5128 restarent,
2409 5053 2659 5112 accurate
2692 5053 3040 5125 corrigerent,
3073 5053 3124 5112 et
3150 5053 3506 5128 difﬁcultates
3534 5077 3596 5115 ac
3620 5053 3806 5116 dubia

286 5127 457 5192 atque
478 5124 1126 5206 repurgandis‘Erasmiﬂ
1155 5124 1403 5206 maxime
1455 5125 1711 5178 censuris
1737 5131 1794 5178 et
1830 5127 1979 5206 Yivis
2086 5126 2436 5206 loca‘tantum
2468 5129 2542 5182 ad
2565 5143 2660 5182 nos
2683 5132 2970 5194 referrent.

283 5195 710 5269 commentariis
740 5213 804 5250 ex
853 5195 1036 5269 Gozxei
1075 5195 1447 5269 dispositione
1485 5199 1974 5269 vacarentngwa-
2107 5267 2118 5269 μ
2158 5198 2230 5269 (c)
2289 5198 2521 5269 Signata
2566 5204 2650 5253 est
2690 5201 2922 5253 Lovanii
2993 5215 3134 5254 anno
3207 5202 3533 5256 M.D.LXXI
3600 5203 3806 5259 kalen-

281 5265 812 5344 minatishlectorum
854 5266 1051 5336 operis,
1118 5267 1420 5344 in___muttis
1487 5266 1726 5344 quidem,
1788 5266 1976 5338 inquit
2083 5265 2554 5344 disLjSepte'mbris.
2611 5271 2858 5344 Joannes
2896 5271 3155 5326 Molanus
3213 5273 3597 5340 Lovaniensis,
3647 5290 3803 5344 apo-

280 5351 408 5413 acre
426 5335 700 5413 judicium
729 5352 846 5392 cum
875 5353 1111 5413 summa
1132 5336 1420 5403 diligentia
1467 5338 1817 5413 coniunctum
1835 5335 1974 5413 pro—
2080 5335 2300 5395 stolicus
2335 5346 2386 5395 et
2426 5343 2607 5409 regius
2654 5341 2915 5395 librorum
2958 5345 3231 5404 uisitator.
3288 5359 3401 5397 meo
3455 5335 3702 5413 nomine;
3746 5352 3807 5402 et

281 5405 440 5483 bavi:
469 5408 530 5483 in
557 5407 684 5460 aliis
730 5413 1016 5483 autemet
1060 5409 1112 5463 si
1157 5423 1264 5483 non
1313 5413 1522 5483 tantum
1562 5405 1862 5483 diligentiae
1878 5409 1971 5464 de-
2079 5413 2351 5480 imprimis
2388 5405 2646 5466 mandato
2696 5417 2746 5467 et
2783 5416 3103 5468 auctoritate
3150 5415 3470 5470 veneranda
3496 5405 3801 5483 facultatis

271 5478 676 5554 prehenderem,
729 5482 904 5532 tamen
935 5478 996 5534 id
1046 5479 1239 5554 studii,
1291 5479 1435 5554 quod
1482 5479 1768 5554 habebant,
1804 5483 1970 5554 gmci—
2076 5478 2273 5539 nostra
2295 5485 2616 5553 theologicae,
2648 5485 2726 5538 sic
2754 5485 3074 5554 subscripsi.

275 5549 502 5606 tandum
550 5552 754 5619 potius,
811 5565 976 5619 quam
1039 5550 1457 5621 improbandum
1518 5553 1734 5620 putavi.
1795 5552 1966 5608 Pauci
