4060 6194
228 332 284 382 81
1249 321 1525 378 NOTITIA
1566 321 1984 378 LITTERARIA
2023 323 2095 378 IN
2135 322 2190 376 S.
2232 319 2700 378 AUGUSTINUM.
3661 327 3730 378 82

223 449 359 502 sima
405 446 690 501 succrevit
727 461 889 516 seges
928 445 988 498 in
1012 449 1235 500 tomum
1275 445 1604 514 septimum,
1647 445 1746 516 qui
1775 461 1916 498 con-
1955 445 1997 499 A
2027 451 2132 513 ret,
2185 448 2584 519 probationem
2629 447 2970 518 adjicerent;
3003 447 3103 518 qui
3146 463 3278 502 vero
3310 451 3462 501 certo
3500 448 3728 518 Augus-

223 537 516 591 troversias
565 552 697 590 cum
752 535 1057 590 Donatistis
1095 539 1264 605 atque
1299 533 1617 603 Pelagianis
1643 533 1913 588 continet.

222 626 379 680 Multa
413 640 649 695 quoque
682 624 821 678 adeo
854 623 1118 676 intricata
1143 627 1241 675 aut
1279 621 1338 674 in
1364 628 1665 692 utramque
1697 633 1916 692 partem

220 712 593 783 explicabilia,
655 717 720 765 ut
757 727 962 782 parum
1038 710 1144 764 sibi
1215 711 1468 765 laborem
1525 726 1916 764 successurum

219 801 476 869 sentiret,
532 801 634 871 qui
691 801 862 870 hujus
912 799 1052 852 tomi
1109 800 1315 852 vindex
1378 800 1722 852 constitutus
1776 804 1914 862 erat,

218 890 492 944 Henricus
537 889 792 953 Gravius,
844 888 954 940 nisi
989 888 1056 941 ab
1091 887 1348 941 instituta
1380 888 1438 940 in
1461 887 1696 957 reliquis
1726 888 1915 942 brevi-

217 985 327 1033 tate
397 979 714 1032 recederet.
774 977 1045 1031 Vincebat
1099 977 1253 1030 enim
1287 996 1311 1026 ‹‹
1345 993 1457 1030 non
1517 982 1633 1030 tam
1693 976 1918 1030 inﬁnita

218 1075 538 1121 erratorum
591 1068 778 1132 turba,
825 1083 954 1136 quas
1003 1066 1153 1119 hunc
1191 1070 1410 1119 tomum
1444 1064 1769 1135 turpissime
1818 1065 1914 1118 de-

217 1157 524 1219 fendebant,
581 1172 775 1227 quam,
835 1155 988 1225 quod
1066 1171 1290 1208 necesse
1365 1155 1694 1225 frequenter
1749 1159 1914 1221 esset,

216 1251 450 1299 mutatae
485 1245 740 1299 lectionis
780 1244 1060 1298 rationem
1111 1243 1365 1307 reddere,
1418 1243 1748 1297 mendosam
1781 1259 1917 1296 con-

220 1335 470 1403 vincere,
526 1334 736 1387 vitiatae
792 1349 1018 1387 causam
1067 1337 1123 1385 et
1164 1333 1484 1386 occasiones
1542 1333 1799 1401 aperire:
1829 1333 1916 1386 in-

215 1425 445 1477 terdum
495 1428 682 1476 autem
731 1421 918 1474 varios
967 1420 1307 1491 expendere,
1355 1437 1419 1474 ac
1448 1420 1916 1474 collationealio-

218 1530 348 1567 rum
405 1513 553 1565 inter
606 1527 664 1563 se
713 1511 966 1563 locorum
1023 1508 1359 1579 dijudicare,
1406 1525 1808 1579 nonnumqum
1863 1514 1918 1563 et

217 1608 418 1655 contra
448 1600 619 1653 ﬁdem
650 1615 757 1652 ms.
807 1599 1096 1667 vulgatam
1133 1612 1410 1651 asserere:
1446 1597 1753 1667 aliquando
1781 1613 1914 1652 vero

220 1687 631 1743 divinationem
689 1702 918 1758 quoque
967 1701 1326 1756 prOponere,
1384 1686 1672 1755 quomodo
1724 1686 1914 1740 hiulca

217 1777 464 1847 impleri,
507 1777 698 1829 luxata
728 1774 933 1838 curari,
964 1775 1270 1844 depravata
1295 1774 1521 1828 restitui
1549 1791 1714 1844 posse
1747 1775 1908 1829 vide-

217 1872 431 1922 rentur.
492 1888 513 1913 ι
545 1888 565 1911 ι
597 1867 908 1930 Postremo,
964 1863 1168 1934 inquit,
1218 1864 1548 1918 annotanda
1592 1863 1762 1917 etiam
1796 1865 1917 1919 loca

217 1961 496 2026 suspecta,
548 1959 606 2007 et
653 1953 860 2024 quibus
902 1953 1184 2007 medelam
1229 1953 1350 2006 sine
1378 1969 1482 2006 ms.
1534 1953 1799 2024 praasidio
1831 1954 1914 2007 af-

216 2047 364 2100 ferre
411 2061 527 2099 non
577 2059 910 2115 possemus;
957 2048 1022 2096 ut
1062 2043 1336 2097 nimirum
1383 2044 1599 2097 occasio
1647 2045 1914 2098 studiosis

216 2135 587 2206 praeberetur,
642 2137 862 2186 veteres
906 2131 1148 2185 aliarum
1209 2131 1509 2202 regionum
1540 2132 1916 2186 bibliothecas

217 2223 564 2288 excutiendi,
606 2220 856 2275 nuncubi
899 2221 1064 2286 forte,
1123 2221 1209 2274 vel
1248 2220 1596 2291 antiquiora,
1641 2221 1727 2274 vel
1774 2221 1913 2275 fide-

212 2314 356 2366 liora
385 2309 732 2380 exemplaria
758 2311 988 2375 lateant,
1021 2309 1170 2363 unde
1211 2309 1440 2379 corrigi,
1488 2310 1576 2363 vel
1625 2309 1916 2364 emendari

211 2419 273 2456 ea
303 2406 559 2472 possent.
596 2421 623 2451 »
657 2398 804 2463 Quin
837 2399 933 2452 ubi
964 2399 1137 2452 semel
1170 2398 1238 2452 ab
1270 2398 1532 2452 instituto
1571 2399 1914 2466 recessisset,

208 2507 380 2544 ausus
430 2494 516 2542 est
564 2487 855 2558 aliquanto
909 2487 1080 2542 etiam
1136 2487 1361 2558 longius
1409 2488 1737 2556 procedere.
1775 2507 1801 2538 «
1839 2491 1916 2543 Ac

207 2580 486 2650 primum,
521 2577 726 2647 inquit,
751 2575 1066 2641 historiam,
1090 2592 1217 2645 qua:
1245 2576 1490 2646 plurima
1516 2577 1602 2629 his
1632 2582 1687 2630 et
1717 2577 1916 2647 ignota

203 2671 538 2738 frequenter
571 2665 837 2730 occurrit,
874 2665 1121 2719 breviter
1151 2665 1482 2736 aperuimus
1514 2683 1526 2730 ;
1567 2666 1771 2720 dehinc
1813 2667 1912 2720 ob-

205 2773 367 2811 scura
419 2756 865 2820 illustravimus;
917 2755 986 2808 ad
1034 2755 1158 2808 haec
1205 2760 1464 2825 suspecta
1508 2761 1565 2809 et
1593 2755 1915 2826 periculosa

201 2845 654 2917 explicavimus;
699 2849 826 2898 tum
875 2843 944 2897 ab
973 2843 1100 2897 aliis
1141 2859 1335 2897 arrosa
1364 2843 1763 2910 defendimus;
1793 2860 1913 2914 prae

201 2941 354 2988 terea
394 2947 515 2986 non
563 2935 712 2984 recte
763 2947 796 2984 a
845 2931 1185 3000 quibusdam
1227 2931 1534 2996 intellecta,
1583 2948 1696 3002 quo
1744 2947 1912 2986 sensu

2027 536 2136 590 tini
2189 553 2305 590 non
2359 553 2478 590 esse
2510 535 2853 606 deprehensi
2903 541 3112 600 essent,
3143 552 3240 590 eos
3273 535 3330 590 in
3352 537 3728 606 appendicem

2028 625 2347 695 rejicerent,
2411 625 2661 694 reliquos
2709 629 2807 678 aut
2855 641 2968 677 non
3009 625 3140 677 satis
3189 624 3486 693 discussos,
3536 629 3632 679 aut
3661 641 3730 679 ex

2021 714 2242 784 judicio
2281 715 2664 786 quorumdam
2705 712 3083 778 eruditorum,
3139 712 3324 766 dubias
3381 713 3730 767 auctoritatis

2028 803 2178 856 inter
2216 803 2662 873 Augustinianos
2709 802 3116 872 relinquerent,
3170 818 3285 856 non
3322 802 3514 856 addito
3537 806 3729 856 tamen

2028 893 2150 962 ejus
2199 893 2450 946 nomine.
2493 895 2679 962 Atque
2722 891 2843 944 haec
2878 891 3152 944 hactenus
3191 891 3258 944 de
3293 892 3729 946 Lovaniensium

2028 982 2247 1036 studiis.
2307 981 2466 1046 Quod
2523 979 2871 1051 typographi
2924 985 3112 1048 partes
3171 979 3390 1046 attinet,
3455 980 3732 1049 impressa

2027 1077 2161 1126 sunt
2202 1087 2375 1141 opera
2415 1070 2648 1141 quidem
2697 1069 3019 1123 charactere
3049 1070 3316 1131 rotundo,
3353 1070 3484 1123 satis
3525 1069 3722 1134 nitido,

2028 1160 2178 1214 binis
2225 1159 2523 1226 columnis,
2579 1175 2833 1212 censurte
2883 1158 3103 1219 eodem,
3151 1159 3246 1211 sed
3295 1159 3526 1223 minori,
3557 1175 3727 1229 argu-

2028 1254 2219 1304 menta
2251 1255 2444 1303 autem
2466 1249 2611 1303 sicut
2653 1253 2709 1303 et
2758 1248 2814 1300 in
2861 1246 3216 1318 marginibus
3263 1251 3473 1313 notata,
3507 1249 3721 1302 Italico.

2028 1337 2236 1392 Omnes
2289 1341 2482 1390 autem
2524 1335 2687 1401 tomi,
2740 1341 2946 1406 praeter
2998 1349 3131 1388 eum
3162 1334 3260 1404 qui
3316 1334 3528 1387 indices
3565 1351 3727 1388 com-

2026 1424 2312 1495 plectitur,
2341 1428 2397 1479 et
2427 1423 2674 1478 universi
2706 1423 2894 1494 operis
2924 1421 3155 1475 titulum
3188 1421 3440 1490 prmfert,
3474 1420 3726 1492 itemque

2027 1513 2423 1567 annotationes
2468 1513 2528 1566 in
2560 1517 2781 1565 tomum
2827 1512 2940 1576 VII,
2989 1525 3203 1564 annum
3252 1511 3642 1564 M.D.LXXVI
3668 1510 3726 1562 in

2025 1603 2212 1657 fronte
2244 1607 2488 1674 gerunt;
2522 1610 2628 1655 nec
2657 1605 2849 1654 tamen
2880 1615 3078 1653 omnes
3109 1600 3217 1653 hoc
3248 1614 3399 1652 anno
3440 1599 3728 1652 absolutos

2026 1707 2168 1760 esse,
2219 1707 2285 1744 ex
2339 1689 2750 1760 subscriptione
2804 1692 2975 1758 patet,
3031 1704 3158 1758 qua:
3215 1687 3275 1740 in
3340 1686 3466 1740 aliis
3512 1701 3727 1740 annum

2023 1779 2508 1851 septuagesimum
2554 1781 2796 1841 sextum,
2854 1775 2913 1828 in
2961 1775 3084 1828 aliis
3124 1776 3611 1845 septuagesimum
3641 1791 3726 1830 se-

2021 1867 2267 1936 ptimum
2291 1865 2554 1920 ostendit.
2583 1864 2836 1935 Denique
2857 1863 3190 1933 adjecimus,
3210 1861 3536 1916 Plautinum
3585 1877 3727 1915 nun-

2022 1972 2258 2025 cupasse
2313 1954 2622 2019 editionem
2681 1954 3064 2022 Christophoro
3108 1956 3157 2004 et
3186 1951 3452 2005 Ludovico
3481 1949 3724 2002 Madru-

2023 2045 2126 2101 ciis
2158 2043 2566 2100 cardinalibus.

2805 2115 2960 2168 1584.

2101 2221 2356 2287 Venetiis,
2401 2235 2501 2289 per
2544 2221 2800 2272 Joannem
2855 2218 3160 2286 Baptistam
3217 2216 3447 2281 Sessam,
3496 2215 3594 2268 sub
3647 2217 3722 2268 si-

2021 2326 2124 2377 gno
2152 2310 2381 2373 Felicis;
2411 2307 2582 2363 in-4°.
2617 2310 2691 2363 XI
2717 2309 2890 2362 tomis.
2921 2307 2982 2360 Ι).
3035 2308 3168 2359 Aur.
3195 2302 3516 2374 Augustini.
3554 2301 3720 2373 Hipp.

2023 2399 2293 2470 episcopi,
2329 2413 2502 2467 opera
2533 2397 2726 2450 omnia
2768 2396 3062 2465 impressa,
3113 2392 3410 2464 recognita
3439 2395 3496 2446 et
3525 2407 3720 2446 emen-

2021 2486 2170 2540 data.
2203 2486 2319 2541 Cat.
2353 2486 2492 2541 Bibl.
2527 2488 2654 2552 Reg.
2698 2487 2871 2538 Puris.

2093 2573 2323 2628 Iteratio
2375 2578 2458 2627 est
2513 2575 2742 2627 Venetae
2809 2572 3035 2642 prioris.
3118 2571 3328 2625 Saltem
3393 2568 3723 2625 Turretinus

2020 2663 2212 2728 verba,
2265 2663 2477 2734 quibus
2533 2667 2830 2734 tantopere
2895 2661 3171 2716 oﬁ'ensuni
3250 2676 3370 2712 esse
3435 2659 3720 2726 novimus,

2021 2768 2264 2823 quaeque
2313 2769 2486 2823 supra
2534 2757 2666 2805 sunt
2713 2751 2968 2816 excitata,
3017 2767 3082 2804 ex
3126 2749 3229 2802 hac
3279 2749 3491 2811 laudat,
3547 2747 3720 2817 idque

2022 2841 2386 2896 Colonienses
2429 2841 2792 2904 conﬁrmant,
2833 2840 2932 2910 qui
2997 2839 3361 2893 Ancillonium
3404 2836 3718 2905 corrigunt,

2020 2929 2081 2982 in
2111 2931 2332 2984 Miscell.
2397 2929 2529 2985 Crit.
2564 2929 2624 2982 T.
2662 2929 2705 2993 Ι,
2741 2945 2796 2998 p.
2828 2930 2955 2989 243,
2987 2942 3288 2997 perperam
3329 2939 3634 2978 numerum
3665 2941 3716 2976 a.

199 3021 530 3092 accipienda
580 3020 785 3085 forent,
821 3019 1206 3085 ostendimus;
1237 3019 1489 3090 denique
1520 3019 1567 3072 si
1599 3020 1737 3088 quid
1775 3037 1910 3074 con-
1942 3032 1981 3088 ο
2027 3020 2160 3073 1548
2209 3019 2559 3072 efferentem.
2609 3016 2856 3074 Oudinus
2907 3020 3099 3070 tamen
3127 3016 3186 3069 T.
3226 3015 3267 3081 Ι,
3301 3030 3357 3084 p.
3393 3015 3517 3077 952,
3548 3013 3718 3066 Plan-
3771 3093 3777 3100 ‘

199 3118 286 3165 tra
339 3109 653 3164 hodiernas
699 3108 944 3162 haareses
993 3108 1222 3175 faceret,
1273 3115 1370 3161 aut
1394 3108 1609 3178 alioqui
1650 3108 1914 3163 observa-

197 3199 355 3253 tione
404 3198 650 3268 dignum
693 3201 1034 3262 occurreret,
1083 3196 1280 3266 paucis
1337 3196 1752 3252 annotavimus.
1805 3198 1913 3253 Sed

198 3305 300 3342 nec
331 3288 389 3341 id
441 3287 626 3340 visum
656 3285 764 3339 fuit
809 3285 1296 3356 praetereundum,
1345 3290 1427 3352 ut,
1459 3285 1730 3356 quoniam
1772 3287 1913 3340 Ger-

198 3377 498 3430 manicum
543 3375 836 3444 exemplar
874 3373 1275 3443 corrigendum
1325 3373 1490 3426 nobis
1528 3374 1725 3426 datum
1767 3379 1907 3442 erat,

198 3463 364 3517 multi
419 3466 612 3516 autem
661 3461 939 3528 gallicana
989 3465 1285 3514 uterentur
1323 3460 1569 3525 editione,
1621 3475 1740 3529 qua?
1774 3461 1910 3516 alios

193 3553 514 3619 frequenter
558 3566 618 3604 ac
666 3552 802 3604 alios
825 3566 858 3602 a
899 3549 1236 3604 Frobeniana
1281 3563 1484 3601 errores
1534 3547 1769 3616 haberet,
1813 3565 1910 3603 eos

195 3655 434 3709 quoque
496 3639 896 3693 iudicaremus.
951 3639 1011 3692 Id
1036 3637 1190 3707 quod
1237 3637 1295 3690 in
1345 3636 1481 3690 locis
1527 3636 1746 3706 aliquot
1791 3653 1909 3691 non

195 3729 576 3798 indiligenter
608 3727 864 3790 fecimus,
888 3727 986 3780 sed
1021 3731 1348 3794 temporum
1379 3725 1657 3795 angustiis
1699 3726 1908 3780 exclusi

193 3817 472 3888 perﬁcere
496 3831 612 3869 non
637 3815 942 3886 potuimus.
975 3837 1002 3863 ιο
1035 3814 1333 3884 Singulare
1373 3814 1564 3884 itaque
1619 3815 1902 3879 volumen,

194 3913 249 3958 et
301 3904 461 3975 quod
506 3903 785 3974 peculiari
828 3903 993 3958 titulo
1033 3903 1104 3956 ab
1146 3902 1268 3972 ipso
1317 3907 1474 3956 tomo
1505 3902 1748 3972 septimo
1792 3903 1906 3957 dis-

191 4001 416 4048 cretum
446 3998 531 4046 est
583 3994 673 4047 ha:
721 3992 906 4047 Gravii
951 3984 1332 4046 discussiones
1377 3990 1651 4060 efﬁciunt,
1706 3991 1906 4046 inscri-

189 4091 329 4154 ptae,
365 4084 758 4136 Annotationes
780 4085 837 4135 in
869 4087 1074 4136 tomum
1109 4083 1212 4136 VII
1260 4083 1319 4135 B.
1372 4082 1687 4148 Augustini,
1720 4081 1896 4151 Hipp.

189 4175 382 4240 episc.,
419 4171 617 4239 quibus
647 4173 1062 4239 castigationum
1090 4172 1234 4224 ratio
1252 4172 1594 4237 varietasque
1630 4171 1911 4224 lectionum

2021 3107 2254 3162 tinianae
2281 3106 2724 3176 descriptionem
2772 3121 2894 3160 esse
2924 3104 3120 3172 tradit,
3153 3119 3360 3174 meque
3387 3101 3576 3172 ipsum
3617 3117 3717 3155 an-

2019 3196 2252 3267 cipitem
2310 3195 2559 3250 reddidit
2605 3194 2942 3249 Turretinus
2985 3210 3074 3259 eo,
3124 3193 3274 3264 quod
3318 3191 3471 3260 apud
3525 3193 3718 3244 Juntas

2017 3301 2336 3356 expressam
2379 3286 2517 3349 vult,
2577 3283 2728 3355 quod
2769 3284 2838 3338 de
2875 3282 3056 3354 priori
3082 3297 3145 3335 ex
3177 3285 3336 3350 parte
3367 3279 3598 3350 quidem
3623 3295 3718 3332 ve-

2015 3389 2167 3438 rum,
2217 3374 2285 3427 de
2333 3374 2438 3428 hac
2477 3372 2615 3427 mihi
2646 3389 2757 3426 non
2789 3371 2988 3441 liquet.
3022 3369 3202 3425 Facile
3234 3374 3425 3422 autem
3452 3366 3575 3421 ﬁeri
3609 3383 3719 3437 po-

2015 3463 2147 3528 tuit,
2198 3466 2263 3516 ut
2307 3462 2638 3526 editionem,
2687 3475 2861 3530 quam
2904 3459 3245 3520 intenderet,
3297 3474 3329 3510 a
3362 3456 3717 3528 typographo

2015 3555 2164 3605 recte
2209 3550 2577 3621 signiﬁcaret,
2629 3549 2765 3602 anni
2819 3563 3122 3602 numerum
3172 3552 3366 3600 tamen
3411 3560 3542 3599 cum
3582 3545 3718 3598 alte-

2011 3640 2133 3693 rius
2164 3641 2392 3693 Venette
2419 3654 2567 3691 anno
2598 3637 2988 3691 confunderet.
3020 3635 3127 3689 Sed
3158 3635 3216 3688 in
3249 3633 3541 3704 superiore
3583 3649 3714 3686 sen-

2011 3729 2188 3783 tentia
2224 3729 2525 3782 conﬁrmat
2570 3743 2673 3780 nos
2711 3725 3079 3790 Clementius,
3112 3723 3210 3794 qui
3235 3723 3479 3778 laudatis
3525 3727 3717 3775 aucto-

2013 3819 2171 3872 ribus
2228 3818 2340 3872 alia
2370 3815 2698 3871 testimonia
2727 3814 2948 3870 addidit
2996 3814 3055 3868 in
3096 3814 3245 3867 Bibl.
3293 3815 3435 3867 Hist.
3474 3813 3604 3868 Crit.
3652 3812 3710 3864 T.

2014 3908 2082 3973 II,
2103 3923 2160 3978 p.
2180 3908 2303 3962 268.

2771 3976 2928 4029 1586.

2087 4085 2344 4150 Parisiis,
2393 4098 2511 4136 cum
2557 4084 2765 4150 insigni
2810 4083 3020 4147 Magna
3057 4082 3250 4144 Navis;
3294 4078 3469 4132 in-fol.
3520 4079 3592 4132 XI
3633 4083 3712 4130 to-

2015 4176 2138 4227 mis.
2189 4174 2253 4226 D.
2305 4175 2441 4225 Aur.
2495 4169 2802 4240 Augustini
2851 4185 3049 4238 opera,
3093 4173 3224 4232 etc.,
3275 4173 3334 4221 ut
3382 4169 3439 4219 in
3480 4169 3713 4220 Antuer-

190 4261 499 4325 indicatur,
532 4274 615 4313 res
643 4263 938 4313 memoratu
967 4260 1146 4326 dignae
1187 4259 1559 4324 observantur,
1604 4260 1911 4314 obscuriora
1943 4325 1974 4332 _
2011 4264 2208 4332 piensi.
2259 4260 2476 4314 Additis
2521 4257 2815 4312 nonnullis
2853 4258 2982 4311 aliis
3008 4256 3262 4311 homiliis
3296 4255 3529 4310 Lutetia:
3561 4272 3710 4309 nunc

189 4349 620 4417 difﬁcilioraque
657 4349 770 4401 loca
788 4349 1136 4416 explicantur
1177 4351 1225 4400 et
1256 4347 1621 4401 illustrantur.
1678 4349 1909 4402 Anluer-
1942 4325 1983 4378 D
2011 4325 2266 4421 primum
2298 4347 2490 4412 editis,
2521 4363 2661 4418 quas
2690 4345 2903 4417 pagina
2951 4345 3198 4401 secunda
3242 4343 3384 4398 tomi
3415 4345 3455 4398 X
3494 4343 3709 4396 indica-

185 4441 298 4506 piav
351 4439 410 4491 Μ
441 4438 770 4492 ιλιιΧΧνΠ.
826 4438 952 4491 Jam
1007 4436 1161 4507 quod
1208 4437 1436 4489 alterum
1491 4435 1707 4499 attinet,
1753 4436 1905 4506 quod

189 4525 250 4580 in
281 4524 593 4580 virtutibus
626 4525 796 4595 hujus
827 4524 1093 4579 editionis
1124 4523 1354 4594 publica
1385 4539 1623 4577 censura
1652 4523 1898 4593 reponit,

187 4615 339 4668 nihil
392 4612 603 4666 attinet
645 4613 831 4667 dicere
871 4613 1011 4682 quid
1042 4612 1101 4666 in
1125 4611 1344 4666 Erasmi
1373 4610 1626 4664 censuris
1656 4617 1711 4664 et
1733 4611 1791 4664 in
1818 4613 1906 4665 Vi-

186 4703 273 4756 vis
321 4702 764 4767 commentario,
826 4702 979 4757 hisce
1025 4700 1308 4772 theologis
1355 4699 1723 4771 displicuerit.
1773 4701 1904 4755 Plus

187 4791 344 4845 valet
395 4789 654 4854 tertium,
705 4790 900 4861 spuria
946 4805 978 4843 a
1025 4789 1293 4859 genuinis
1345 4804 1576 4860 prorsus
1607 4792 1821 4842 secreta
1850 4794 1906 4844 et

184 4879 254 4933 in
285 4878 668 4951 appendicem
699 4879 926 4949 rejecta,
957 4877 1111 4948 quod
1141 4893 1275 4930 sane
1307 4875 1516 4931 laboris
1546 4881 1906 4931 momentum

178 4970 376 5024 multo
411 4967 712 5034 eruditius,
746 4983 920 5039 quam
953 4968 1238 5031 Erasmus,
1286 4965 1568 5037 persecuti
1608 4970 1759 5033 sunt,
1804 4965 1906 5038 qui

179 5060 563 5130 plerumque,
622 5074 751 5129 qua:
798 5057 903 5112 sibi
949 5060 1211 5126 suspecta
1259 5059 1468 5124 essent,
1535 5055 1596 5109 in
1651 5054 1906 5110 censuris

176 5154 422 5202 tantum
453 5152 653 5200 notare
684 5149 984 5200 contentus
1014 5145 1142 5213 fuit,
1169 5144 1413 5215 paucula
1451 5145 1716 5214 sejunxit,
1746 5159 1904 5214 quae-

177 5237 317 5291 dam
373 5237 547 5306 plane
597 5234 780 5304 ejecit.
824 5236 887 5288 ln
917 5233 1277 5288 sermonibus
1303 5237 1516 5296 tamen,
1553 5232 1648 5286 ubi
1676 5231 1906 5286 difﬁcile

179 5326 420 5389 fuisset,
475 5323 544 5376 de
597 5322 838 5394 singulis
892 5323 954 5377 in
987 5322 1324 5394 particulari
1381 5337 1631 5390 censere,
1683 5321 1906 5376 Martini

185 5412 376 5484 Lipsii
419 5413 748 5482 exemplum
796 5428 854 5466 se
901 5416 1125 5466 secutos
1182 5428 1304 5466 esse
1353 5409 1592 5482 professi
1639 5414 1790 5479 sunt,
1843 5415 1908 5465 ut

183 5502 278 5567 iis,
307 5501 419 5572 qui
450 5505 608 5555 certo
636 5501 942 5572 Augustini
971 5517 1094 5556 esse
1123 5501 1474 5566 viderentur,
1525 5515 1737 5555 nomen
1784 5501 1907 5571 ejus

186 5592 579 5656 ascriberent,
633 5595 688 5644 et
733 5606 797 5644 ex
835 5591 1002 5658 Beda,
1036 5595 1135 5645 aut
1171 5589 1422 5657 aliunde,
1452 5593 1622 5661 prout
1652 5605 1908 5644 occurre.

2012 4437 2126 4493 bit:
2161 4453 2291 4490 cum
2321 4436 2506 4491 indice
2535 4435 2841 4507 tripartito.

2087 4525 2364 4592 Homiliaz,
2413 4541 2552 4595 quas
2604 4526 2673 4579 de
2707 4541 2853 4580 novo
2901 4524 3250 4594 adjecerunt,
3310 4525 3444 4575 sunt
3486 4521 3603 4576 XIII
3645 4535 3711 4576 ex

2013 4630 2120 4668 ms.
2171 4614 2360 4668 codice
2398 4613 2756 4667 bibliothecm
2809 4610 3446 4681 Carthusianae-Majoris
3481 4611 3710 4664 desum-

2012 4709 2145 4774 ptaa.
2212 4708 2264 4757 1ο
2314 4705 2376 4757 In
2411 4703 2590 4755 natali
2635 4703 2986 4770 Martyrum;
3031 4701 3088 4754 20
3122 4701 3204 4754 De
3251 4701 3503 4755 Susanna
3522 4703 3613 4764 ;3o
3650 4702 3713 4754 In

2012 4793 2152 4847 illud
2188 4791 2475 4858 Evangelii
2521 4792 2768 4856 Joannes,
2832 4791 3016 4859 Usque
3073 4804 3224 4842 nunc
3280 4788 3423 4841 nihil
3471 4787 3712 4857 petiistis

2012 4881 2073 4936 in
2128 4880 2358 4934 nomine
2411 4894 2579 4946 meo;
2627 4880 2687 4933 4ο
2740 4880 2800 4933 In
2854 4879 3032 4932 natali
3082 4879 3137 4932 S.
3208 4878 3358 4932 Casti
3402 4880 3452 4928 et
3504 4877 3713 4929 Emilii

2013 4971 2366 5036 Martyrum;
2417 4971 2474 5023 5ο
2537 4969 2823 5022 Tractatus
2875 4968 2934 5020 in
2986 4967 3194 5032 vigiliis
3242 4967 3602 5026 Pentecostes;
3653 4966 3709 5017 6°

2015 5060 2097 5113 De
2150 5059 2368 5112 lectione
2414 5057 2616 5123 Exodi,
2662 5057 2727 5109 de
2770 5057 2938 5122 Rubo,
2983 5057 3041 5108 in
3075 5070 3178 5123 quo
3210 5055 3428 5120 ﬂamma
3472 5056 3607 5118 erat,
3659 5058 3710 5106 et

2012 5148 2178 5202 rubus
2222 5163 2326 5201 non
2382 5145 2828 5210 comburebatur;
2884 5150 2943 5198 7o
2990 5148 3062 5199 De
3109 5143 3265 5196 verbo
3296 5146 3347 5194 et
3384 5155 3522 5207 voce,
3556 5145 3606 5194 et
3644 5141 3708 5196 de

2003 5237 2256 5307 jejunare
2304 5241 2354 5290 et
2392 5238 2632 5299 esurire;
2687 5238 2746 5290 8ο
2774 5237 2854 5290 In
2918 5233 3057 5289 illud
3107 5231 3377 5286 Joannis:
3421 5231 3555 5298 Ego,
3604 5245 3710 5284 non

2015 5324 2241 5380 ascendo
2289 5325 2362 5378 ad
2413 5324 2554 5378 diem
2607 5326 2810 5390 festum
2866 5325 3068 5387 istum;
3145 5322 3202 5374 9ο
3254 5322 3326 5373 De
3358 5320 3565 5385 arbore,
3621 5322 3710 5374 cui

2014 5413 2302 5469 maledixit
2339 5414 2626 5478 Dominus,
2671 5418 2720 5466 et
2751 5414 2921 5476 aruit,
2971 5411 3103 5478 quia
3135 5411 3377 5475 fructum
3414 5412 3472 5462 in
3517 5424 3580 5461 ea
3603 5425 3709 5462 non

2015 5504 2256 5566 invenit;
2307 5503 2395 5555 lOo
2438 5504 2510 5555 De
2562 5501 2886 5569 Apostolico,
2947 5499 3099 5554 Nihil
3142 5501 3202 5552 in
3258 5500 3396 5554 hunc
3448 5497 3708 5551 mundum

2015 5591 2320 5648 intulimus.
2363 5605 2548 5644 verum
2583 5604 2676 5642 nec
2717 5589 2934 5654 auferre
2992 5587 3204 5658 aliquid
3245 5600 3562 5657 possumus;
3622 5587 3708 5638 llo
