4044 6190
303 315 370 369 83
1311 304 1876 368 SUPPLEMENTUM
1917 303 2006 358 AD
2043 300 2278 358 OPERA
2315 299 2369 354 S.
2411 297 2796 356 AUGUSTINI.
3737 294 3806 346 84

2881 422 3037 476 1616.

2185 512 2413 569 Colonis
2465 511 2789 582 Agrippina
2867 507 3195 582 [sumptibus
3239 507 3469 562 Antonii
3525 508 3735 561 Hierat.
3763 503 3812 577 ];

2114 603 2324 670 in-fol.,
2375 603 2448 658 XI
2487 603 2662 656 tomis.
2711 601 2772 655 Ι).
2815 601 2951 654 Aur.
2985 595 3291 668 Augustini
3341 595 3528 666 Opera
3554 611 3624 649 ex
3645 595 3812 649 theo-

2115 692 2379 763 logorum
2412 689 2849 744 Lovaniensium
2873 688 3144 752 editione,
3173 687 3292 756 jam
3323 685 3492 755 longe
3531 683 3811 738 auctiora.

2135 846 2141 850 _
2185 779 2482 851 Vignerius
2528 778 2880 850 pronuntiat,
2930 777 3076 830 hanc
3130 774 3442 830 editionem
3488 772 3818 845 praeceden-

2115 869 2268 924 tibus
2328 866 2676 924 editionibus
2739 865 3050 919 auctiorem
3114 879 3256 930 esse,
3318 863 3415 917 sed
3472 862 3686 927 charta,
3742 861 3820 915 ad

2115 959 2303 1012 oleum
2347 961 2405 1011 et
2449 955 2610 1026 piper
2659 953 2983 1026 releganda,
3047 953 3404 1023 impressam.
3455 951 3822 1021 Quapropter

2115 1046 2307 1100 nullus
2332 1044 2599 1116 equidem
2631 1042 2848 1108 dubito,
2880 1042 3021 1113 quin
3048 1058 3082 1096 a
3122 1040 3454 1112 bibliopola,
3482 1039 3819 1093 dubitanter

2117 1151 2148 1189 a
2169 1134 2333 1190 nobis
2357 1132 2698 1204 signiﬁcato,
2713 1131 2964 1203 profecta
2979 1130 3070 1184 sit.

2892 1222 3046 1274 1626.

2187 1313 2437 1375 Parisiis,
2489 1310 2692 1378 in-fol.,
2733 1310 2808 1364 XI
2849 1309 3024 1363 tomis.
3062 1307 3124 1361 D.
3152 1308 3291 1361 Aur.
3323 1303 3635 1376 Augustini
3668 1304 3820 1376 Ope-

2121 1417 2182 1455 ra
2227 1401 2390 1472 juxta
2430 1399 2831 1471 theologorum
2866 1396 3302 1452 Lovaniensinm
3347 1394 3678 1451 editionem.
3726 1395 3822 1448 Vi-

301 437 365 491 In
408 433 550 490 illud
591 433 770 500 Pauli,
823 435 927 500 Qui
968 434 1256 502 gloriatur,
1301 434 1361 486 in
1420 432 1653 487 Domino
1702 429 1998 498 glorietur;
2039 427 2083 480 A

308 525 398 577 12o
424 525 489 579 In
539 523 848 591 Pervigilio,
888 524 948 577 in
994 521 1133 576 illud
1180 520 1377 585 Exodi,
1414 520 1643 587 Quando
1679 521 1738 574 in
1773 519 2005 586 Egypto

306 627 479 680 agnus
511 614 820 666 immolatus
867 615 984 676 est;
1034 612 1116 662 13s
1167 610 1229 663 In
1277 610 1551 679 psalmum
1579 607 1720 672 XLI,
1752 607 1827 661 ad
1860 608 2004 663 Neo-

300 702 519 772 phytos.
569 698 872 770 Augustini
910 712 1119 751 nomen
1162 712 1266 751 ms.
1317 696 1588 768 prteferre
1631 699 1856 760 notant,
1900 708 2005 747 nec

307 804 655 861 quemquam
701 786 842 852 fore,
902 785 1012 840 sibi
1057 785 1424 856 persuadent,
1476 785 1620 856 quin
1678 783 1832 838 illius
1883 797 2004 836 esse

305 881 598 949 agnoscat.
649 877 860 930 Prester
900 872 1165 928 homilias
1214 889 1348 927 vero
1388 873 1580 927 addita
1605 876 1738 926 sunt
1773 871 2007 940 insuper

303 966 424 1021 haec
453 967 800 1019 incertorum
832 967 1132 1016 auctorum
1154 977 1222 1016 ex
1252 963 1458 1018 eodem
1474 961 1630 1016 fonte
1651 961 1805 1015 haud
1837 957 2007 1014 dubie

301 1055 516 1126 petita:
563 1053 1044 1108 Commonitorium
1085 1051 1160 1104 ad
1205 1053 1519 1105 universam
1558 1051 1852 1105 Ecclesium
1892 1049 2003 1118 (a);

302 1145 497 1198 Forma
569 1142 806 1211 epistolae
859 1139 926 1193 de
980 1140 1215 1209 quodam
1289 1142 1534 1210 episcopo
1590 1140 2009 1194 Manichaeorum

301 1235 482 1296 sectz;
523 1230 761 1284 Collatio
809 1229 1101 1282 Trinitatis
1158 1229 1213 1282 Β.
1248 1227 1550 1296 Augustini
1597 1243 1632 1281 a
1679 1242 1734 1282 se
1779 1229 1893 1296 ipso
1934 1225 2010 1280 ad

303 1321 680 1389 semetipsum;
731 1318 1080 1372 Miscellanew
1149 1319 1427 1372 sententiae
1479 1332 1516 1370 a
1585 1318 1840 1385 quopiam
1896 1315 2009 1369 col-

305 1409 488 1476 lectas;
538 1406 826 1461 Tractatus
853 1406 918 1460 de
963 1407 1062 1461 XII
1093 1405 1393 1474 lapidibus,
1425 1405 1492 1458 de
1525 1407 1730 1476 quibus
1768 1407 1826 1459 in
1854 1404 2011 1473 Apo~

306 1498 535 1568 calypsi.
584 1497 866 1550 Caeterum
906 1494 1094 1565 quoad
1126 1500 1396 1565 typorum
1424 1497 1480 1548 et
1521 1494 1732 1549 chartae
1764 1492 2011 1548 nitorem
2119 1504 2270 1557 gner.

308 1585 434 1640 hec
457 1583 628 1640 editio
654 1581 1075 1638 Plantinianam
1097 1582 1405 1638 antecellit.
2898 1575 3052 1629 1635.

1088 1673 1242 1726 1569.
2051 1719 2091 1734 η
2191 1667 2438 1734 Parisiis,
2469 1664 2673 1732 in-fol.,
2704 1664 2780 1720 XI
2804 1665 2981 1718 tomis.
3019 1660 3247 1716 Eadem.
3288 1661 3510 1730 Vigner.

2051 1719 2093 1775 Β
2925 1760 3080 1815 1644.

2195 1853 2446 1918 Parisiis,
2476 1850 2629 1921 apud
2657 1852 2858 1907 Anton.
2899 1851 3120 1917 Vitray;
3152 1849 3326 1913 in-80,
3359 1847 3406 1901 Il
3435 1847 3563 1902 υοιι.
3605 1849 3832 1918 Augus-

2126 1940 2236 1996 tini
2272 1941 2458 2012 Opera
2498 1944 2694 1995 contra
2737 1938 3092 2011 Pelagianos.
3145 1938 3264 1994 Cat.
3295 1937 3433 1992 Bibl.
3463 1937 3600 2005 Reg.
3635 1938 3824 1992 Paris.

2127 2032 2196 2088 T.
2235 2033 2279 2100 Ι,
2309 2047 2366 2102 p.
2401 2033 2524 2097 377,
2554 2046 2610 2084 n.
2637 2033 2760 2084 679.

381 1763 600 1818 Genevz
643 1758 939 1815 emcudebat
983 1759 1211 1814 Iacobus
1256 1759 1452 1826 Stoer;
1509 1757 1668 1814 in-80
1706 1757 1783 1813 XI
1815 1757 2009 1813 Tomis.

312 1850 375 1904 Ι).
401 1851 538 1904 Aur.
589 1847 894 1918 Augustini
938 1846 1124 1918 Opera
1168 1862 1272 1918 per
1310 1847 1610 1917 theologos
1642 1845 2017 1900 Lovanienses

313 1936 635 1992 emendata.
666 1935 924 1990 Laudant
947 1936 1282 1992 Colonienses
1307 1940 1364 1990 et
1385 1937 1696 1992 Ceillerius.

385 2024 519 2080 Mihi
550 2024 782 2078 nonnisi
807 2023 1073 2095 quintum
1104 2025 1277 2095 hujus
1303 2023 1573 2078 editionis
1602 2029 1823 2078 tomum
1863 2021 2018 2078 vide-

315 2130 374 2168 re
423 2111 681 2184 contigit,
730 2112 907 2167 libros
951 2112 1021 2166 de
1079 2111 1314 2167 Civitate
1378 2112 1477 2167 Dei
1525 2113 2016 2184 complectentem,
2847 2117 3109 2172 1647-48.

314 2203 421 2256 hoc
452 2200 656 2255 titulo:
691 2203 756 2256 D.
789 2201 1007 2256 Aurelii
1026 2201 1350 2268 Augustini,
1398 2202 1563 2270 Hipp.
1592 2216 1677 2270 ep.
1719 2200 1786 2255 de
1806 2202 2020 2257 Civita-
2199 2208 2444 2275 Louanii,
2485 2206 2640 2277 apud
2677 2205 3003 2260 Bmardin,
3054 2205 3316 2270 Masium;
3366 2204 3527 2268 ἐτι-4ο,
3571 2204 3649 2258 Πι
3696 2204 3831 2258 υοιι,

316 2297 365 2346 te
417 2290 513 2345 Dei
573 2289 704 2343 libri
770 2291 931 2344 XXII.
1000 2289 1248 2344 Veterum
1305 2290 1696 2359 exemplarium
1741 2289 2022 2344 collatione
2130 2296 2190 2350 Β,
2238 2294 2586 2364 Augustini,
2635 2293 2802 2366 Hipp.
2853 2292 3126 2365 episcopi,
3177 2297 3233 2346 et
3276 2297 3532 2347 veterum
3568 2291 3836 2363 ejusdem

315 2394 456 2433 nunc
521 2377 735 2432 demum
779 2379 1195 2445 castigatissimi
1211 2379 1372 2444 facti,
1405 2378 1898 2448 eruditissimiqu
1923 2393 2022 2432 ω-
2130 2383 2544 2454 discipulorum
2593 2382 2866 2453 opuscula
2910 2381 3226 2452 insigniora
3261 2381 3532 2435 adversus
3564 2380 3834 2452 Pelagia-

318 2482 494 2521 DOVICI
562 2466 716 2519 VIVIS
789 2467 1188 2520 commentariis
1262 2467 1546 2520 illustrati.
1623 2466 1858 2533 Quorum
1923 2466 2025 2520 XII
2131 2488 2234 2526 nos
2280 2477 2337 2525 et
2381 2486 2583 2526 eorum
2632 2471 2940 2542 reliquias;
2966 2470 3131 2540 juxta
3162 2469 3475 2525 editionem
3506 2469 3834 2525 Plantim'a-

314 2556 526 2625 priores
576 2554 678 2608 hac
725 2555 966 2608 omnium
1007 2555 1159 2609 illius
1209 2554 1442 2623 Operum
1477 2571 1603 2609 rom
1637 2570 1823 2615 QUINTI
1850 2569 2020 2608 rsara
2130 2577 2284 2617 nam.
2316 2560 2434 2618 Cat.
2472 2561 2615 2616 Bibl.
2646 2563 2774 2627 Reg.
2806 2561 2988 2614 Paris.

323 2658 485 2698 ριιηιΑ
523 2645 881 2697 continentur.
928 2643 1058 2698 Cum
1104 2658 1284 2697 INDICE
1331 2643 1430 2697 hac
1475 2648 1750 2714 postrema
1790 2642 2024 2696 editione
2906 2658 3061 2710 1651,

323 2733 744 2800 castigatissimo
775 2731 1153 2802 ditissimoque
1178 2733 1346 2798 facto.
1377 2760 1446 2772 —
1473 2732 1734 2787 Alterum
1762 2746 1895 2786 vero
1925 2746 2020 2785 vo-

2201 2748 2530 2811 Parisiis...;
2581 2745 2800 2813 in-fol.,
2855 2745 2931 2800 X1
2989 2746 3165 2800 tomis.
3220 2743 3273 2800 S.
3330 2745 3469 2799 Aur.
3521 2744 3839 2816 Augustini

321 2821 518 2908 11111380
549 2819 882 2908 inscribi?”
911 2836 925 2874 ε
2135 2838 2318 2908 Opera
2363 2851 2430 2889 ex
2477 2835 2608 2890 Lov.
2655 2833 2830 2888 theol.
2865 2833 3213 2888 recensione.
3242 2833 3506 2888 Testatur
3530 2832 3612 2888 Cl.
3637 2833 3845 2889 Rosler

392 2906 470 2960 Β·
521 2906 591 2962 Αο
645 2908 716 2962 Α·
771 2907 1005 2976 operum
1046 2923 1172 2962 101"
1226 2923 1411 2969 οῠῐΝτῐ
1461 2923 1590 2963 PARS
1619 2923 1882 2974 SECUNDA:
1914 2922 2026 2976 qua
2133 2906 2280 2980 hanc
2327 2922 2771 2994 descriptionem
2813 2921 2922 2976 sibi
2967 2921 3027 2974 in
3058 2921 3426 2976 Bibliotheca!
3457 2937 3575 2976 suae
3605 2926 3760 2976 tomo
3797 2924 3846 2976 V

322 2995 525 3065 reliqui
560 2997 606 3050 X
646 2995 779 3050 libri
823 2996 879 3050 d.
927 2997 986 3052 C.
1033 2998 1096 3050 D.
1123 2999 1482 3063 continentur,
1511 3001 1618 3051 etc.
1647 3025 1708 3036 —
1740 2995 2024 3050 Nimirum

2207 3027 2304 3065 um
2351 3010 2700 3082 praestitisse.
2751 3008 2869 3063 Nisi
2912 3009 3148 3064 fortasse
3190 3026 3305 3065 una
3333 3010 3508 3066 editio
3539 3011 3612 3065 sit
3639 3011 3760 3065 haec
3784 3016 3845 3065 et

324 3097 442 3137 non
489 3097 617 3136 raro
659 3081 829 3152 hujus
871 3085 929 3136 et
978 3082 1444 3153 Lugdunensium
1484 3083 1660 3138 simili
1689 3084 1873 3138 forma
1910 3083 2028 3138 edi-

2201 3081 2489 3171 sequentis
2528 3097 2662 3152 anni
2681 3113 2811 3152 mox
2846 3097 3152 3167 laudanda,
3174 3099 3314 3154 adeo
3335 3104 3398 3153 ut
3415 3099 3636 3170 priores
3668 3100 3842 3162 tomi,

323 3169 552 3224 tionum
579 3169 725 3224 tomi
752 3169 1060 3240 separatim
1091 3171 1420 3237 obveniunt,
1451 3176 1508 3226 et
1548 3171 1850 3242 proclivius
1905 3171 2027 3242 qui-

2227 3169 2434 3260 quibus
2461 3185 2912 3242 Retractationes
2941 3190 2998 3242 et
3029 3186 3294 3259 Epistolai
3318 3203 3351 3242 a
3381 3227 3395 3242 .
3420 3169 3584 3255 71651,
3627 3188 3844 3259 reliqui

328 3258 461 3314 dem
504 3262 648 3320 erat,
701 3261 765 3313 ut
809 3257 1282 3325 distraherentur,
1331 3275 1435 3330 per
1460 3259 1742 3314 modicam
1780 3259 2027 3314 volumi-
2137 3293 2183 3332 α,
2219 3257 2354 3333 {652
2377 3275 2567 3331 excusi
2598 3275 2729 3330 sint,
3074 3257 3090 3259 “
3587 3265 3591 3272 ’

328 3361 470 3401 num
515 3345 729 3400 molem
775 3351 834 3400 et
876 3361 1043 3401 usum
1087 3347 1535 3403 commodiorem
1557 3353 1614 3403 et
1632 3348 1869 3420 proinde
1914 3363 2030 3403 cre-
2920 3366 3074 3418 1652,

328 3433 598 3490 hriorem-
2209 3456 2386 3511 Romae
2432 3467 2532 3524 per
2584 3454 2770 3523 Ignat.
2827 3451 2893 3508 de
2943 3453 3208 3523 Lazaris;
3239 3454 3375 3508 in—t.
3422 3451 3478 3508 S.
3507 3453 3842 3524 Augustini,

972 3555 1225 3595 succum
1259 3555 1388 3596 xvn.
2141 3543 2310 3615 Hipp.
2354 3542 2551 3614 episc.,
2605 3542 2798 3614 aliqua
2839 3557 3012 3614 opera
3031 3541 3347 3612 insigniora
3372 3542 3642 3597 adversus
3674 3542 3841 3598 Pela-

1115 3648 1268 3701 1603.

402 3734 655 3801 Parisiis,
704 3734 910 3801 in-fol.,
960 3735 1036 3791 XI
1062 3737 1237 3791 tomis.
1277 3735 1343 3790 D.
1377 3736 1514 3790 Aur.
1548 3735 1861 3808 Augustini
1891 3737 2033 3808 Ope-

332 3837 396 3876 ra
418 3822 673 3894 ejusdem
698 3822 1064 3879 recensionis.
1116 3823 1362 3880 Oudinus
1388 3828 1445 3880 et
1473 3839 1543 3879 ex
1571 3840 1638 3880 eo
1669 3825 2029 3880 Colonienses.

1107 3914 1269 3967 1609.

401 4000 744 4056 Parisiis....
786 4000 958 4068 infol.
989 4039 1006 4068 ,
1046 4001 1124 4056 XI
1177 4002 1353 4056 tomis.
1403 4001 1466 4056 D.
1529 4003 1669 4056 Aur.
1730 4001 2037 4073 Augustini

334 4086 520 4158 Opera
555 4087 722 4159 juxta
763 4087 1009 4160 theolog.
1055 4087 1492 4144 Lovaniensium
1521 4089 1914 4146 recensionem
1941 4107 2036 4146 ex-

331 4192 547 4247 pressa.
604 4176 752 4234 Citat
791 4193 920 4234 eam
974 4178 1262 4247 Vignerius
1306 4177 1367 4234 in
1395 4178 1559 4235 Praef.
1593 4175 1666 4235 ad
1703 4179 2035 4252 Supplem.,

334 4269 391 4320 et
405 4265 541 4320 hinc
573 4265 691 4321 alii.

1075 4357 1313 4411 1613-14

408 4442 656 4508 Parisiis,
702 4441 801 4496 sub
847 4442 1002 4508 signo
1041 4443 1252 4509 Magna
1305 4444 1517 4512 Navis;
1562 4445 1779 4511 in-fol.,
1825 4445 1872 4500 X
1918 4445 2036 4516 (XI)

336 4531 522 4586 tomis.
574 4530 640 4584 D.
671 4531 809 4583 Aur.
841 4529 1144 4600 Augustini
1183 4531 1369 4602 Opera
1398 4545 1465 4587 ex
1501 4531 1752 4587 secunda
1779 4531 2034 4589 editione

335 4618 653 4690 theologor.
721 4618 1156 4675 Lovaniensium
1202 4621 1502 4676 emendata
1552 4625 1610 4676 et
1671 4621 2032 4693 locupletata.

335 4721 453 4762 una
499 4723 630 4761 cum
663 4707 938 4763 Leonardi
973 4710 1198 4780 σοι]υεί
1223 4709 1648 4766 commentariis
1677 4710 1738 4766 in
1767 4711 1943 4766 libros
1963 4711 2034 4767 de

335 4796 573 4852 Civitate
597 4797 715 4852 Dei.
743 4798 860 4855 Cat.
882 4797 1021 4854 Bibl.
1055 4800 1190 4868 Reg.
1222 4802 1402 4857 Paris.
1422 4818 1434 4868 ;
1458 4801 1549 4856 cui
1570 4801 1714 4857 adde
1737 4801 2028 4858 Oudinum.

411 4887 723 4955 Vignerius.
772 4885 832 4942 in
881 4887 1218 4958 praefatione
1276 4889 1346 4944 ad
1406 4890 1603 4961 Suppl.
1678 4890 1826 4945 hanc
1869 4890 2035 4962 juxta

335 4990 509 5046 quam
557 4975 956 5048 praecedenten
1000 4992 1116 5032 non
1154 4977 1498 5050 poenitendis
1531 4977 2034 5035 additionibuslo—

333 5065 678 5133 cupietatam
725 5080 847 5120 esse
906 5065 1181 5132 tradidit;
1239 5067 1335 5121 sed
1389 5066 1620 5139 quibus,
1665 5067 1876 5122 nescio.
1922 5068 2034 5123 Nec

335 5151 472 5204 satis
514 5152 796 5226 intelligo,
847 5171 978 5228 qua;
1015 5154 1191 5210 fuerit
1236 5156 1472 5212 secunda
1493 5156 1897 5227 theologorum
1927 5159 2032 5213 Lo-

336 5237 694 5295 vaniensium
737 5244 936 5313 editio,
985 5259 1163 5316 quam
1208 5249 1431 5300 secutos
1475 5261 1534 5299 se
1577 5246 1635 5300 in
1667 5245 1834 5301 titulo
1861 5246 2034 5317 profi-

335 5329 531 5382 tentur
553 5333 862 5386 curatores.

2140 3632 2340 3704 gianos
2368 3637 2426 3687 et
2453 3647 2655 3688 eorum
2685 3631 2976 3703 reliquias.
3006 3632 3124 3688 Cat.
3158 3631 3300 3687 Bibl.
3335 3633 3465 3699 Reg.

2213 3809 2467 3876 Parisiis,
2531 3807 2748 3876 in-fol.,
2817 3808 2891 3864 XI
2968 3809 3142 3864 tomis.
3200 3807 3255 3864 S.
3338 3809 3475 3864 Aur.
3534 3807 3850 3878 Augustini

2145 3896 2332 3968 Opera
2360 3913 2429 3951 ex
2459 3896 2894 3952 Lovaniensium
2920 3898 3319 3969 theologorum
3353 3897 3701 3953 recensione.
3732 3899 3850 3953 Has

2144 3998 2342 4038 omnes
2398 3988 2589 4040 autem
2639 3985 2916 4041 editiones
2961 3987 3240 4041 auctiores
3283 3988 3516 4059 quidem
3554 3987 3648 4043 sed
3717 3986 3848 4041 ine-

2147 4071 2524 4128 mendatiores
2554 4089 2691 4138 esse,
2731 4074 3031 4146 Vignerius
3053 4075 3326 4146 prodidit.

2909 4173 3065 4227 1654.

2219 4257 2510 4328 Bruxellis,
2554 4262 2727 4316 in-12.
2783 4259 2837 4317 S.
2890 4260 3200 4333 Augustini
3264 4261 3538 4332 opuscula
3580 4263 3855 4335 quaedam

2145 4347 2366 4402 selecta.
2395 4349 2629 4403 Insunt:
2683 4352 2750 4404 De
2787 4352 2972 4418 gratia
3016 4355 3066 4405 et
3107 4350 3273 4405 libero
3305 4351 3558 4406 arbitrio.
3613 4353 3685 4407 De
3712 4366 3853 4406 con—

2149 4438 2386 4506 ceptione
2404 4441 2454 4491 et
2485 4440 2690 4506 gratia,
2735 4440 2808 4493 De
2830 4439 3306 4508 praedestinatione
3327 4443 3656 4506 sanctorum,
3689 4444 3740 4495 et
3772 4443 3855 4496 De

2143 4523 2281 4580 dono
2314 4529 2766 4596 perseverantia;
2811 4542 2942 4581 cum
2988 4527 3172 4582 tribus
3221 4527 3526 4600 Augustini
3555 4528 3851 4600 epistolis:

2144 4613 2186 4680 Ι,
2218 4615 2289 4670 ad
2346 4617 2654 4684 Paulinum,
2705 4615 2876 4686 episc.
2912 4616 3235 4684 Nolanum;
3269 4617 3341 4683 II,
3374 4617 3445 4673 ad
3465 4618 3707 4684 Sixtum,
3743 4617 3857 4672 Ec-

2143 4701 2330 4758 clesiaa
2379 4705 2544 4759 Rom.
2586 4705 2983 4776 presbyterum
3025 4706 3243 4777 (postea
3294 4705 3688 4777 pontiﬁcem);
3743 4706 3852 4773 ΙῐΙ,

2142 4792 2213 4847 ad
2280 4794 2512 4849 Vitalem
2575 4794 3106 4866 Carthaginiensem
3166 4795 3341 4865 (inter
3400 4795 3858 4868 Augustinianas

2142 4879 2278 4934 olim
2319 4883 2436 4948 105,
2491 4884 2604 4938 106.
2658 4885 2778 4951 107,
2828 4899 2981 4938 nunc
3023 4885 3297 4952 194,186,
3347 4886 3498 4954 217),
3540 4885 3863 4956 prmmissis

2141 4967 2363 5024 duabus
2404 4971 2615 5027 Hilarii
2667 4977 2724 5028 et
2766 4974 3020 5042 Prosperi
3045 4971 3118 5026 ad
3146 4973 3528 5044 Augustinum
3567 4973 3861 5045 epistolis.

2143 5058 2223 5115 Cf.
2255 5060 2330 5114 M.
2377 5061 2522 5116 Bibl.
2581 5061 2726 5117 Eccl.
2781 5062 2890 5119 Col.
2921 5077 2974 5132 p.
3005 5064 3110 5115 745
3161 5064 3218 5115 et
3258 5061 3386 5117 746.
3429 5063 3578 5117 Num
3614 5079 3754 5118 vero
3782 5065 3863 5119 ti-

2143 5149 2298 5204 tulus
2319 5149 2479 5220 juxta
2507 5149 2630 5222 ipsa
2648 5149 2821 5206 verba
2840 5149 2922 5206 ibi
2941 5150 3256 5205 declaratus
3276 5150 3368 5218 sit,
3401 5150 3634 5223 ignoro.

2892 5250 2990 5304 165
2999 5252 3121 5305 4-55

2211 5339 2459 5405 Parisiis,
2502 5336 2808 5407 sumptibus
2845 5338 3108 5396 Simeonis
3135 5340 3306 5410 Piget,
3347 5342 3407 5395 in
3445 5344 3542 5396 via
3576 5339 3867 5416 Jacobaa,

404 5487 478 5570 _(a)
520 5487 660 5570 liuic
699 5488 1007 5560 ascriptum
1039 5508 1053 5546 :
1101 5493 1322 5549 Videtur
1356 5493 1496 5549 mihi
1523 5495 1707 5563 potius
1747 5494 2041 5558 leestini,
2085 5500 2182 5551 aut
2223 5497 2441 5565 Leonis,
2481 5500 2578 5552 aut
2616 5497 2842 5553 alterius
2888 5514 3075 5570 papa,
3121 5503 3218 5570 qui
3257 5515 3358 5555 sua
3394 5503 3454 5556 vi
3498 5501 3624 5557 deos
3668 5507 3875 5560 exter-

335 5561 560 5617 minent.
