4060 6194
203 301 263 351 85
1244 294 1519 350 NOTITIA
1561 290 1979 348 LITTERARIA
2020 293 2087 346 IN
2127 293 2178 346 S.
2225 294 2690 352 AUGUSTINUM.
3655 302 3721 353 86

201 424 270 477 ad
307 424 530 489 insigne
568 421 908 486 Prudentia;
952 420 1169 487 in-fol.,
1204 418 1252 474 II
1281 421 1455 473 tomis.
1501 416 1691 472 Sancti
1722 417 1899 470 Aure-
1941 415 1984 468 A
2014 415 2143 468 libri
2183 416 2482 485 Augustini
2534 422 2722 473 contra
2766 419 3065 485 lulianum,
3111 437 3143 475 a
3201 422 3495 494 Fulgentio
3544 423 3716 490 Beda,

201 513 252 566 lii
281 511 623 581 Augustini,
650 509 1029 580 Hipponensis
1062 507 1332 578 episcopi,
1362 508 1611 576 Operam
1643 505 1904 558 omnium

201 606 322 655 ante
372 617 597 654 annum
640 601 709 654 M.
763 600 870 654 DC.
907 599 1038 662 XIV,
1090 604 1208 651 tam
1239 596 1494 659 Basileaa,
1528 612 1702 665 quam
1743 595 1904 648 Lute-

199 692 302 756 tiae,
327 690 691 758 Antuerpiai,
726 688 990 758 Lugduni
1011 691 1065 740 et
1085 686 1334 741 Venetiis
1357 686 1644 740 editorum
1664 684 1904 754 isupple-

195 785 497 842 mentum;
535 795 648 832 una
692 794 823 831 cum
868 793 961 830 sex
993 776 1152 829 libris
1195 775 1461 829 secundae
1514 773 1903 842 responsionis

195 868 456 937 ejusdem
520 869 579 920 Β.
630 865 936 935 Augustini
969 869 1167 918 contra
1215 863 1507 917 lulianum
1572 862 1900 915 hmreticum

193 956 596 1025 Pelagiauum,
661 953 946 1023 variisque
1015 951 1371 1005 sermonibus
1444 955 1500 1003 et
1572 949 1904 1003 tractatibus

193 1046 476 1098 hactenus
526 1042 779 1096 ineditis.
822 1044 1176 1109 Hieronymus
1221 1041 1528 1109 Vignerius,
1581 1040 1903 1108 Congrega-

192 1134 371 1186 tionis
413 1132 660 1187 Oratorii
695 1132 755 1184 D.
789 1132 921 1185 Iesu
963 1131 1275 1200 presbyter,
1310 1144 1371 1182 ex
1427 1127 1657 1198 optimm
1689 1126 1819 1180 ﬁdei
1848 1131 1904 1181 et

191 1222 361 1276 bonae
395 1220 753 1290 antiquitatis
791 1218 1078 1273 codicibus
1125 1235 1258 1272 mss.
1312 1217 1476 1270 eruit.
1517 1247 1584 1255 —
1613 1217 1672 1270 T.
1712 1218 1752 1284 I,
1787 1216 1904 1269 edi-

192 1311 275 1363 tio
328 1311 583 1363 secunda
633 1312 786 1362 1655.
843 1307 927 1378 (In
989 1307 1152 1361 fine:
1205 1307 1358 1366 1654,
1406 1322 1472 1359 σω
1536 1307 1903 1375 typographia

192 1402 487 1453 Francisei
518 1401 586 1452 Le
607 1398 814 1465 Cointe)
841 1414 854 1463 ;
882 1398 942 1450 T.
979 1398 1048 1462 II,
1083 1398 1236 1450 1655.

266 1487 769 1541 Animadverterat
823 1484 1123 1556 Vignerius
1169 1501 1285 1538 non
1333 1483 1518 1537 solum
1561 1483 1619 1536 in
1664 1483 1900 1536 novissi-

193 1576 328 1643 mis,
367 1593 495 1647 quae
533 1582 654 1629 tum
699 1579 863 1630 erant
890 1573 1196 1645 Augustini
1227 1574 1477 1643 Operum
1530 1571 1898 1638 editionibus,

2014 503 2245 559 Servato
2291 507 2444 576 Lupo
2467 506 2705 578 aliisque
2760 506 3118 577 sequioribus
3163 511 3535 580 scriptoribus
3582 529 3720 582 pas-

2013 593 2119 647 sim
2149 595 2602 658 commemorati,
2633 596 2728 649 sed
2758 595 2960 665 exigua
2986 601 3210 653 tantum
3242 604 3401 670 parte
3426 616 3528 654 sua
3552 601 3719 655 Clau-

2013 682 2093 737 dii
2125 683 2372 737 Menardi
2421 683 2698 738 beneﬁcio
2747 685 2979 756 cogniti,
3016 686 3155 740 adeo
3191 692 3253 741 ut
3297 705 3365 742 ex
3395 694 3520 743 octo
3553 689 3718 743 libris

2014 771 2258 841 amplius
2305 773 2526 826 duobus
2575 789 2867 842 superesse
2914 791 3083 828 nemo
3108 777 3230 846 jam
3280 794 3509 846 sperare
3540 779 3720 832 aude-

2012 865 2117 925 ret,
2150 877 2280 916 cum
2321 878 2444 915 ecce
2496 863 2586 915 hic
2643 862 2913 932 V'ignerio
2962 865 3189 918 fortuna
3222 866 3448 936 obtigit,
3500 872 3562 920 ut
3616 884 3712 921 sex

2011 949 2268 1019 integros
2300 949 2474 1004 libros
2506 950 2870 1004 bibliothecae
2899 952 3342 1007 Clarzevallensis
3384 957 3575 1008 codice
3609 956 3714 1010 de—

2009 1038 2410 1108 prehenderet.
2456 1039 2578 1103 Qua
2622 1040 2690 1092 de
2738 1040 3003 1093 felicitate
3036 1041 3155 1110 ipse
3205 1042 3438 1112 quidem
3492 1044 3570 1095 sic
3617 1061 3706 1098 cx-

2010 1128 2184 1180 sultat
2230 1131 2293 1180 ut
2337 1142 2452 1180 non
2502 1126 2714 1195 injuria
2760 1127 2996 1181 fortasse
3048 1129 3158 1182 dici
3198 1130 3398 1201 possit,
3449 1131 3713 1186 affectum

2010 1214 2224 1283 aliquid
2273 1215 2580 1268 detraxisse
2606 1215 2848 1284 judicio,
2901 1216 3273 1287 animumque
3323 1234 3355 1270 a
3404 1219 3714 1289 tranquilla

2009 1303 2387 1373 pensitatione
2449 1305 2854 1375 praecipitasse,
2927 1306 3066 1360 dum
3129 1323 3244 1360 non
3340 1324 3435 1361 sex
3520 1310 3711 1376 modo,

2009 1391 2104 1445 sed
2148 1391 2320 1462 ipsos,
2375 1397 2653 1463 quotquot
2695 1393 2764 1446 ab
2828 1394 3148 1464 Augustino
3202 1395 3399 1465 scripti
3452 1413 3570 1450 esse
3623 1397 3712 1450 di-

2009 1483 2235 1542 cuntur,
2281 1484 2404 1533 octo
2455 1481 2626 1534 libros
2664 1481 2941 1551 reperisse
2988 1483 3168 1536 videri
3232 1484 3426 1538 voluit.
3488 1484 3594 1539 Sed
3644 1486 3712 1539 de

2007 1568 2095 1622 his
2125 1568 2274 1623 infra
2303 1569 2364 1623 in
2411 1569 2767 1640 singulorum
2813 1572 3222 1641 opusculorum
3271 1573 3620 1627 editionibus
3651 1591 3711 1628 n.

190 1666 454 1737 plurima
491 1664 683 1718 deesse
711 1662 984 1733 opuscula
1031 1661 1307 1732 proximis
1339 1666 1468 1714 ante
1500 1660 1663 1714 annis
1704 1677 1900 1714 recens
1938 1701 1979 1756 Β
2013 1661 2099 1712 98.
2157 1659 2485 1729 Sequuntur
2543 1664 2838 1729 tamquam
2904 1663 3081 1715 altera
3137 1663 3402 1734 quaedam
3479 1664 3714 1718 secundi

195 1771 263 1808 ac
293 1753 527 1808 seorsim
579 1753 861 1822 evulgata,
893 1752 990 1805 sed
1043 1751 1192 1822 quod
1256 1751 1490 1804 moleste
1538 1749 1898 1820 potissimum

198 1844 272 1897 iis
320 1842 626 1906 accidebat,
679 1841 779 1911 qui
838 1823 1085 1912 aliquam
1142 1839 1453 1893 editionem
1516 1838 1900 1908 comparaturi

197 1937 384 1996 erant,
415 1930 752 1984 recentiores
781 1946 977 1984 omnes
1021 1933 1151 1983 utut
1181 1927 1459 1982 auctiores
1503 1928 1762 1997 singulae,
1797 1942 1900 1981 nec

191 2023 437 2090 integras
477 2026 691 2080 tamen,
743 2020 914 2090 longe
979 2017 1417 2089 antiquioribus,
1473 2017 1662 2088 quoad
1713 2022 1898 2071 textus

189 2110 505 2179 puritatem
537 2114 591 2161 et
617 2108 1098 2175 emendationem,
1140 2110 1301 2160 erant
1329 2106 1643 2160 inferiores.
1689 2107 1748 2159 In
1780 2105 1898 2158 ani-

190 2214 360 2251 mum
409 2198 584 2267 igitur
629 2196 869 2260 induxit,
923 2197 1387 2267 supplementum
1437 2211 1676 2266 operum
1719 2193 1898 2248 sancti

192 2289 369 2357 hujus
416 2287 659 2339 doctoris
698 2302 919 2356 parare,
978 2290 1244 2339 nontam
1276 2290 1336 2338 ut
1380 2285 1790 2338 recentioribus
1839 2284 1896 2338 id

192 2374 708 2429 commendationis
737 2374 982 2440 afferret,
1019 2377 1082 2427 ut
1108 2374 1211 2427 hac
1256 2389 1356 2426 sua
1404 2389 1578 2444 opera
1607 2377 1898 2442 assumpta

190 2465 433 2535 integras
466 2464 722 2532 omnino,
771 2463 880 2517 dici
923 2467 1173 2534 possent,
1205 2463 1301 2516 sed
1347 2463 1536 2532 potius
1569 2467 1630 2515 ut
1676 2462 1766 2528 iis,
1797 2462 1896 2532 qui

191 2556 460 2626 antiquas
502 2559 557 2607 et
597 2554 985 2625 castigatiores
1032 2555 1270 2608 mallent
1317 2553 1580 2621 retinere,
1620 2553 1896 2623 gratiﬁca-

191 2651 370 2698 retur.
425 2643 838 2714 Complectitur
887 2643 1080 2714 itaque
1133 2645 1151 2696 Ι
1203 2648 1392 2697 tomus
1446 2658 1459 2695 ι
1510 2646 1564 2695 1ο
1621 2644 1894 2697 Sermones

191 2747 351 2787 novos
396 2734 511 2800 XL,
553 2749 584 2784 a
631 2731 932 2786 Sirmondo
980 2749 1029 2785 a.
1072 2734 1195 2786 1631
1250 2729 1478 2784 Parisiis
1527 2729 1702 2783 editos
1751 2734 1806 2784 et
1836 2729 1895 2783 in

192 2821 485 2892 sequiores
549 2821 684 2875 inde
741 2821 1017 2875 editiones
1056 2823 1310 2891 receptos
1382 2835 1512 2872 cum
1580 2817 1894 2888 appendice

189 2911 534 2965 Sermonum
621 2911 684 2975 V,
752 2914 808 2963 et
872 2910 1020 2963 notis
1087 2909 1380 2979 ejusdem:
1476 2911 1536 2961 2°
1618 2909 1894 2963 Sermones

2010 1746 2182 1817 hujus
2211 1747 2354 1800 tomi
2384 1763 2546 1817 pars:
2588 1751 2641 1801 1°
2672 1748 2725 1801 S.
2781 1750 3086 1818 Augustini
3133 1752 3373 1820 epistola
3429 1752 3597 1806 unica
3643 1753 3710 1806 ad

2011 1835 2386 1901 Macrobium;
2427 1838 2486 1888 2°
2531 1836 2834 1890 Sermones
2886 1837 3083 1892 inediti
3125 1841 3231 1906 XL,
3283 1845 3338 1894 et
3391 1843 3446 1894 3c
3482 1842 3710 1895 Tracta-

2007 1925 2098 1975 tus
2152 1923 2286 1989 duo,
2349 1923 2494 1976 alter
2537 1924 2605 1977 de
2655 1925 2908 1979 Oratione
2971 1941 3036 1979 ex
3098 1926 3286 1981 codice
3354 1927 3706 1994 Divionensi,

2007 2011 2150 2065 alter
2186 2010 2492 2080 inscriptus
2541 2011 2608 2065 de
2639 2013 2893 2068 Oratione
2948 2019 2996 2068 et
3036 2015 3384 2082 Eleemosyna
3420 2032 3487 2070 ex
3515 2017 3710 2070 codice

2009 2098 2220 2170 Regio;
2280 2100 2526 2170 denique
2572 2103 2631 2155 4ο
2676 2103 2960 2157 Sententia
3031 2104 3288 2158 adversus
3357 2107 3710 2171 Pelagianam

2007 2189 2328 2244 hareticum.
2361 2189 2580 2259 Adjecti
2623 2196 2755 2244 sunt
2789 2191 2848 2244 in
2889 2197 3131 2263 utroque
3160 2197 3316 2246 tomo
3361 2193 3577 2248 indices
3607 2210 3709 2248 ne-

2006 2277 2251 2330 cessarii.
2301 2279 2591 2348 Inscripsit
2639 2284 2831 2333 autem
2891 2281 3191 2350 Vignerius
3233 2287 3455 2335 trimum
3507 2299 3708 2336 secun-

2006 2367 2143 2420 dum
2199 2367 2424 2421 Claudio
2469 2369 2808 2433 Largentier,
2860 2369 3061 2424 Abbati
3108 2370 3711 2441 Claraevallensi;pri-

2004 2471 2165 2509 mum
2197 2455 2380 2511 Gondo
2407 2456 2680 2510 cardinali
2707 2456 2775 2510 de
2803 2460 2949 2511 Retz.

2771 2565 2925 2617 1675.

2074 2650 2334 2716 Lugduni
2382 2651 2548 2704 ἐπι-12.
2605 2649 2660 2705 S.
2728 2651 3031 2721 Augustini
3096 2654 3367 2722 opuscula
3444 2653 3709 2723 quaedam

2004 2739 2240 2804 selecta;
2309 2737 2566 2808 ejusdem
2610 2739 2977 2808 collectionis,
3029 2756 3158 2811 quae
3186 2757 3237 2796 a.
3287 2743 3421 2796 1654
3475 2740 3704 2796 Bruxel-

2002 2826 2072 2880 lis
2101 2826 2341 2898 prodiit.

191 3000 250 3053 de
304 3000 559 3053 Diversis
615 2999 881 3064 CXXVII,
932 2998 1151 3052 duabus
1209 2997 1468 3067 partibus
1521 2995 1771 3050 distincti
1830 2995 1961 3051 acC
2071 3006 2362 3073 Bruxeuis,
2426 3007 2609 3060 ενι-12,
2662 3004 2870 3059 Eadem
2945 3022 3012 3059 ex
3075 3005 3277 3077 quinta
3341 3005 3703 3077 repetitione,

188 3089 446 3159 primum
480 3105 511 3141 a
566 3087 1010 3143 Lovaniensibus
1059 3105 1108 3140 a.
1173 3090 1306 3141 1576
1339 3086 1498 3150 editi,
1550 3088 1606 3140 3°
1651 3087 1895 3140 Homiliw

188 3179 461 3241 undecim,
519 3192 584 3230 ex
660 3176 854 3231 codice
911 3177 1298 3246 manuscripto
1347 3175 1707 3229 bibliothecae
1756 3175 1891 3230 Car-

190 3265 735 3336 thusiane-Majoris
794 3265 1128 3334 desumptae.
1222 3267 1281 3318 4ο
1337 3265 1610 3319 Sermones
1700 3265 1792 3329 VI,
1861 3279 1894 3316 a

190 3356 403 3409 Joanne
450 3353 700 3423 Baptista
738 3354 890 3407 Maro
921 3354 1120 3406 Romae
1149 3351 1313 3405 editi.
1362 3350 1469 3404 Sed
1521 3350 1731 3418 nescio,
1777 3367 1891 3420 quo

191 3460 320 3497 casu
360 3443 580 3496 factum
618 3442 706 3502 sit,
741 3446 802 3494 ut
847 3440 905 3494 hi
933 3457 1060 3495 cum
1115 3439 1566 3510 praacedentibus
1604 3438 1665 3491 in
1710 3454 1893 3492 unum

192 3533 556 3600 cogerentur,
589 3527 669 3581 ita
715 3528 969 3598 quidem,
1001 3531 1063 3580 ut
1101 3543 1215 3580 non
1246 3525 1531 3591 undecim,
1592 3529 1656 3579 ut
1692 3525 1892 3579 titulus

194 3619 514 3690 pollicetur,
566 3617 660 3671 sed
707 3618 799 3671 XII
840 3617 1142 3671 Sermones
1188 3632 1254 3669 ex
1304 3615 1496 3669 codice
1556 3615 1704 3670 Bibl.
1766 3614 1894 3667 Car-

194 3706 731 3776 thusianaa-Majoris
780 3704 1020 3759 exhibiti
1079 3705 1208 3769 sint,
1253 3703 1448 3769 iidem,
1499 3703 1600 3773 qui
1638 3702 1892 3773 primum

196 3813 239 3849 a.
274 3799 414 3850 1586
472 3812 502 3848 a
535 3794 944 3848 Parisiensibus
971 3793 1161 3846 excusi
1187 3797 1370 3860 erant,
1403 3793 1500 3847 sed
1533 3808 1647 3844 uno
1677 3790 1892 3845 auctio-

192 3901 298 3947 res,
340 3883 447 3954 qui
495 3883 588 3937 hic
633 3882 1002 3944 desideratur,
1053 3883 1326 3953 cujusque
1372 3882 1431 3936 in
1479 3882 1664 3936 locum
1723 3881 1886 3949 alius,

193 3973 398 4027 breuem
485 3972 728 4040 Symboli
806 3973 1216 4041 explicationem
1303 3971 1523 4038 sistens,
1601 3970 1887 4039 successit,

193 4078 382 4133 quem,
430 4066 494 4115 ut
539 4064 839 4132 sequentes
885 4066 996 4115 tres
1035 4063 1098 4116 In
1146 4061 1421 4114 Calendas
1463 4062 1792 4127 Januarias,
1826 4060 1891 4114 de

193 4155 442 4210 Calendis
481 4152 769 4207 Ianuariis
802 4157 851 4205 et
877 4157 1001 4206 ante
1029 4153 1202 4206 altare
1238 4153 1312 4206 ad
1340 4153 1578 4218 infantes
1619 4151 1684 4205 de
1711 4166 1891 4205 sacra-

193 4249 361 4298 mento
417 4240 590 4296 etiam
640 4240 701 4294 in
747 4239 1054 4294 novissima
1084 4246 1219 4294 tunc
1272 4240 1545 4310 temporis
1599 4239 1890 4293 Parisiaua

192 4332 447 4386 editione
495 4330 687 4384 deesse
735 4333 915 4383 notat.
949 4327 1008 4383 5°
1066 4331 1350 4383 Tractatus
1393 4329 1458 4383 de
1505 4333 1704 4399 septem
1741 4330 1888 4383 vitiis

209 4427 257 4475 et
302 4424 511 4489 septem
557 4418 712 4473 donis
743 4418 984 4487 Spiritus
1023 4419 1227 4484 Sancti,
1262 4418 1444 4472 editos
1487 4417 1623 4471 olim
1661 4433 1694 4470 a
1743 4417 1887 4474 Guil.

190 4507 527 4569 Camerario,
558 4504 844 4575 Theologo
883 4504 1064 4569 Scoto,
1096 4521 1128 4558 a
1173 4503 1480 4559 novissima
1527 4502 1777 4558 editione
1818 4507 1886 4574 (a.

195 4598 349 4664 1652)
391 4593 606 4664 pariter
655 4594 932 4647 exsulans.
969 4597 1027 4648 6°
1077 4594 1152 4648 De
1220 4593 1392 4664 gestis
1444 4592 1659 4662 Pelagii
1723 4592 1886 4646 liber.

191 4689 248 4738 7°
279 4684 563 4754 Epistolas,
610 4698 737 4753 quae
768 4682 826 4736 in
869 4681 1284 4753 antiquioribus
1334 4680 1701 4749 editionibus,
1737 4680 1892 4734 Basi-

193 4772 394 4837 leensi,
417 4771 831 4826 Parisiensibus
852 4775 907 4823 et
938 4769 1407 4841 Lugdunensibus
1451 4769 1676 4823 omissa
1706 4772 1889 4823 erant.

194 4863 250 4916 8°
309 4862 600 4931 Speculum
658 4861 718 4913 S.
786 4861 1085 4927 Augustini
1141 4861 1198 4914 in
1266 4860 1608 4929 Scripturam
1655 4873 1890 4925 sacram,

192 4951 473 5006 hactenus
499 4947 821 5015 ineditum;
855 4949 924 5003 de
969 4965 1083 5020 quo
1125 4948 1273 5003 infra
1317 4947 1482 5002 nobis
1528 4963 1716 5003 sermo
1763 4948 1890 5002 erit.

190 5039 296 5095 Sed
354 5039 526 5108 longe
570 5036 852 5109 insignior
893 5037 1435 5109 Supplementorum
1487 5037 1692 5092 horum
1739 5052 1891 5107 pars,

191 5129 324 5184 libri
353 5143 538 5199 usque
558 5126 695 5181 dum
727 5125 923 5180 inediti
945 5126 1344 5197 expanduntur
1379 5126 1440 5180 in
1470 5131 1605 5182 tomo
1643 5125 1891 5181 secundo.

191 5219 382 5282 Quare
412 5217 534 5287 ipse
564 5215 664 5283 ait,
707 5215 849 5286 quod
892 5216 1079 5272 Galliae
1111 5216 1174 5271 ob
1201 5217 1338 5271 hanc
1380 5217 1737 5285 supplementi
1774 5214 1894 5269 edi—

194 5313 392 5363 tionem
411 5305 719 5376 applaudat
748 5307 1029 5362 universus
1059 5306 1202 5361 orbis
1245 5307 1588 5364 Christianus
1632 5307 1897 5375 potiorem

193 5413 258 5451 ex
280 5397 467 5450 altera
489 5399 668 5463 parte,
692 5410 856 5464 quam
883 5410 950 5449 ea:
974 5397 1160 5466 prima
1186 5397 1338 5450 nasci
1383 5397 1664 5450 rationem.
1716 5396 1896 5450 Primo

195 5500 407 5554 nempe
442 5484 570 5537 loco
602 5483 662 5537 in
705 5485 891 5538 lucem
935 5484 1220 5554 prodeunt
1257 5500 1322 5538 ex
1359 5483 1628 5550 tenebris,
1689 5483 1896 5555 quibus

200 5574 406 5645 sepulti
459 5572 731 5627 hactenus
781 5572 1154 5644 exstinctique
1208 5588 1354 5644 pene
1405 5573 1731 5642 jacuerunt,
1791 5575 1897 5630 Sea:

2004 3095 2352 3152 Colonienses.
2385 3094 2426 3148 I.
2462 3094 2502 3148 l.

2686 3185 3015 3238 1679-1700.

2073 3272 2324 3336 Parisiis,
2392 3269 2543 3339 apud
2596 3272 2941 3324 Franciscum
3004 3273 3266 3338 Muguet;
3334 3272 3542 3339 in-fol.,
3608 3273 3704 3327 XI.

2005 3362 2198 3414 Tomis.
2225 3359 2278 3414 S.
2301 3361 2436 3412 Aur.
2463 3359 2787 3429 Augustini,
2813 3359 3159 3430 Hipponens.
3190 3361 3464 3431 Episcopi,
3493 3360 3700 3430 Opera,

2003 3453 2129 3520 post
2170 3447 2610 3502 Lovaniensium
2651 3448 3054 3518 theologorum
3093 3450 3501 3514 recensionem,
3547 3448 3708 3503 casti-

2003 3541 2134 3608 gata
2164 3537 2353 3591 denuo
2403 3536 2475 3591 ad
2514 3535 2930 3607 manuscriptos
2975 3537 3193 3591 codices
3238 3538 3573 3603 Gallicanos,
3604 3539 3704 3591 Va-

1999 3627 2240 3692 ticanos,
2270 3625 2629 3696 Anglicanos,
2660 3625 2932 3694 Belgicos,
2957 3629 3090 3690 etc.,
3123 3642 3226 3679 nec
3257 3642 3372 3679 non
3400 3626 3465 3679 ad
3499 3626 3705 3680 editio-

2000 3731 2100 3770 nes
2127 3713 2502 3784 antiquiores.
2532 3717 2588 3766 et
2615 3713 3024 3784 castigatiores.
3058 3715 3242 3785 Opera
3271 3719 3328 3768 et
3358 3715 3545 3768 studio
3581 3731 3705 3768 mo-

1999 3804 2316 3857 nachorum
2363 3801 2578 3855 ordinis
2627 3802 2815 3856 Sancti
2866 3803 3150 3857 Benedicti
3197 3821 3226 3857 e
3261 3804 3704 3873 congregatione

1998 3891 2189 3949 Sancti
2213 3889 2408 3946 Mauri.
2439 3891 2649 3944 Tomus
2676 3891 2720 3957 I,
2752 3892 2821 3955 ΙΙ,
2861 3894 3022 3957 1679,
3069 3892 3164 3954 III,
3205 3895 3366 3957 1680;
3414 3894 3501 3957 IV,
3538 3892 3702 3956 1683;

1997 3981 2060 4047 ν,
2133 3981 2297 4046 1664;
2354 3980 2420 4032 VI
2486 3982 2543 4032 et
2599 3979 2714 4048 VII,
2774 3981 2939 4045 1685;
3002 3980 3121 4033 VIII
3170 3984 3227 4033 et
3280 3981 3367 4040 Ix,
3413 3983 3585 4047 1688;
3641 3982 3702 4043 Χ,

2003 4071 2170 4134 1690;
2208 4068 2295 4134 ΧΙ,
2350 4069 2502 4122 1700.
2549 4067 2759 4120 Tomus
2810 4067 2832 4119 Ι
2876 4071 2932 4119 et
2978 4067 3027 4120 II
3075 4067 3258 4120 recusi
3297 4067 3508 4120 ibidem
3548 4069 3700 4121 1689.

2067 4155 2198 4210 Tria
2249 4154 2356 4209 sibi
2426 4154 2487 4207 in
2535 4170 2684 4207 nova
2743 4153 2848 4207 hac
2896 4154 3146 4208 editione
3212 4154 3467 4224 paranda
3549 4154 3705 4207 cordi

1999 4245 2191 4310 fuisse,
2219 4243 2468 4297 fatentur
2497 4244 2693 4296 Patres
2722 4241 2961 4297 Maurini
2988 4241 3068 4311 (in
3099 4242 3258 4312 praef.
3295 4258 3423 4313 gen.
3455 4245 3608 4296 tomo
3636 4243 3702 4297 ΧΙ

2001 4332 2314 4405 praemissa)
2348 4348 2362 4386 :
2413 4330 2678 4385 videlicet
2723 4334 2786 4385 ut
2831 4336 3088 4385 accurata
3131 4335 3296 4401 esset,
3335 4331 3610 4385 commoda
3649 4336 3706 4386 et

2000 4426 2104 4477 rite
2136 4423 2429 4476 illustrata.
2459 4419 2554 4474 His
2583 4423 2853 4491 quartum
2898 4420 3303 4490 adjunxerunt,
3337 4420 3487 4491 quod
3509 4437 3612 4490 per
3644 4437 3704 4475 se

2001 4527 2116 4567 non
2137 4514 2253 4564 tam
2289 4508 2857 4565 commendationem
2906 4514 3160 4564 meretur
3190 4508 3248 4562 in
3282 4509 3516 4576 editore,
3549 4510 3704 4581 quod

1997 4601 2218 4672 justum
2239 4602 2343 4664 est,
2394 4613 2569 4668 quam
2597 4597 3109 4668 reprehensionem
3139 4598 3262 4668 pati
3309 4598 3492 4667 debet,
3523 4599 3704 4653 sicubi

2002 4692 2209 4761 praeter
2251 4685 2728 4756 exspectationem
2778 4687 2942 4750 desit,
3010 4687 3102 4741 hic
3145 4693 3340 4742 tamen
3390 4688 3459 4742 ob
3509 4704 3704 4742 causas

2004 4775 2270 4831 omnibus
2309 4777 2470 4827 notas
2525 4778 2584 4829 et
2636 4775 2864 4844 gravius
2914 4776 3095 4830 multo
3130 4780 3187 4830 et
3221 4777 3394 4846 longe
3435 4775 3702 4830 difﬁcilli-

2003 4880 2182 4930 mum,
2234 4862 2468 4926 scilicet,
2535 4867 2600 4918 ut
2650 4863 2820 4918 nullis
2869 4867 3123 4933 partium
3169 4863 3372 4919 studiis
3421 4867 3565 4916 esset
3612 4862 3702 4915 ad'

2005 4952 2154 5007 dicta
2167 4994 2179 5007 .

2072 5045 2147 5097 Ac
2202 5039 2457 5112 primum
2525 5039 2780 5112 quidem,
2826 5044 2888 5094 ut
2935 5056 3108 5112 quam
3160 5038 3403 5094 maxime
3446 5044 3705 5094 accurata

2005 5133 2172 5196 esset,
2202 5128 2383 5183 tribus
2407 5127 2544 5199 ipsis
2593 5132 2854 5182 constare
2880 5128 3066 5182 visum
3107 5131 3192 5180 est
3229 5124 3652 5180 conditionibus
3685 5146 3700 5180 :

2006 5234 2210 5290 nempe
2257 5224 2320 5272 ut
2370 5216 2655 5271 contextui
2685 5216 2937 5288 genuina
2978 5213 3275 5284 integritas
3302 5213 3373 5267 ad
3402 5216 3617 5268 veteres
3650 5221 3706 5269 et

2005 5307 2339 5362 sinceriores
2391 5306 2613 5360 codices
2670 5306 3096 5369 restitueretur;
3149 5305 3213 5355 ut
3272 5306 3423 5357 certa
3456 5320 3518 5357 ac
3574 5321 3703 5374 ger-

2006 5413 2176 5451 mana
2202 5411 2376 5468 opera
2422 5399 2852 5449 secernerentur
2889 5410 2923 5446 a
2955 5389 3141 5445 dubiis
3172 5395 3228 5445 et
3268 5391 3514 5462 spuriis;
3554 5396 3609 5445 et
3642 5396 3705 5444 ut

2006 5485 2180 5541 editio
2203 5485 2326 5555 ipsa
2353 5501 2386 5538 a
2429 5481 2850 5556 typographicis
2899 5479 3120 5535 mendis
3167 5484 3474 5552 repurgata
3517 5479 3705 5552 prodi-

2005 5580 2111 5630 ret.
2149 5576 2217 5630 Ut
2247 5589 2379 5628 vero
2427 5588 2705 5644 perquam
2751 5570 3026 5625 commoda
3071 5571 3428 5638 redderetur,
3459 5572 3705 5641 quatuor
