4044 6190
367 281 432 334 87
1360 278 1919 339 SUPPLEMENTUM
1958 281 2049 336 AD
2087 279 2319 338 OPERA
2357 282 2412 338 S.
2453 247 2840 341 AUGUSTINI.
3799 283 3866 337 88

367 425 400 464 a
430 425 489 463 se
517 414 713 464 curata
751 425 870 464 esse
899 414 1175 477 monent;
1210 409 1484 464 nimirum
1529 423 1749 478 operum
1792 407 2054 474 ordinem,
2089 412 2130 465 A
2169 406 2426 477 plurium
2471 407 2726 463 virorum
2776 407 3078 464 doctorum
3129 407 3198 461 de
3262 405 3467 460 iisdem
3513 409 3869 460 commenta-

366 497 430 551 in
456 513 570 569 quo
613 497 968 554 instituendo
999 503 1056 553 et
1102 503 1450 568 temporum,
1501 512 1614 568 quo
1644 495 1914 565 deinceps
1942 495 2061 549 sin-

368 586 504 658 gula
532 587 823 642 elaborata
867 593 1017 651 sunt,
1053 590 1109 640 et
1149 591 1622 656 argumentorum
1673 584 1817 638 ratio
1867 583 2063 638 habita

369 679 473 744 est,
509 676 649 730 adeo
671 680 732 730 ut
762 693 889 747 quae
921 675 1090 729 unius
1129 675 1357 746 generis
1404 679 1612 739 essent,
1648 673 1824 728 veluti
1857 689 2060 743 exege-

367 764 499 829 tica,
548 765 806 830 moralia,
848 769 978 830 etc.,
1021 763 1267 834 junctim
1340 763 1575 834 quidem
1633 762 2058 829 exhiberentur,

371 853 470 907 sed
498 853 696 906 eadem
738 853 899 922 juxta
939 868 1219 906 annorum
1251 851 1457 906 seriem
1515 851 1789 922 disposita
1819 867 1834 917 ;
1865 853 2060 905 sectio-

365 956 458 995 nes
505 941 712 1011 quibus
758 939 1006 1010 capitula
1032 941 1093 994 in
1138 941 1332 1010 plures
1369 944 1424 994 et
1471 939 1720 994 minores
1757 939 2061 1010 particulas

364 1027 919 1100 magnoﬁlegentium
948 1045 1051 1082 usu
1095 1028 1275 1082 divisa
1303 1033 1460 1094 sunt;
1497 1031 1816 1094 summaria,
1870 1028 1958 1082 vel
1989 1028 2060 1081 li-

365 1117 480 1172 bris
524 1118 791 1172 omnibus
838 1122 894 1171 et
941 1117 1230 1188 plerisque
1267 1117 1531 1189 capitulis
1573 1117 1888 1189 praemissa,
1930 1133 2060 1188 quae

361 1212 766 1276 argumentum
815 1207 1290 1272 demonstrarent,
1340 1208 1428 1261 vel
1457 1206 1795 1278 marginalia
1837 1211 1894 1260 et
1921 1221 2059 1278 par-

361 1295 465 1348 tim
497 1311 565 1350 ex
595 1294 732 1365 ipsis
777 1299 1072 1350 contextus
1100 1296 1284 1350 verbis
1330 1312 1613 1367 expressa,
1644 1295 1856 1367 partim
1889 1312 1922 1348 a
1953 1296 2057 1350 Lo-

361 1382 725 1437 vaniensibus
755 1383 1090 1454 desumpta;
1133 1383 1337 1438 indices
1371 1383 1618 1456 denique
1656 1400 1772 1438 non
1794 1384 1978 1438 solum
2000 1383 2059 1438 in

363 1471 616 1542 singulos
645 1476 851 1539 tomos,
899 1472 995 1526 sed
1044 1473 1340 1543 generales
1389 1473 1563 1528 etiam
1592 1479 1650 1528 et
1689 1473 2054 1540 universales,

361 1565 636 1631 utrosque
663 1575 796 1615 vero
836 1560 1181 1617 uberrimos.
1222 1562 1307 1617 Ad
1358 1563 1776 1618 illustrationem
1805 1566 2059 1634 spectant

361 1649 573 1720 partim
588 1649 956 1720 praefationes
994 1650 1233 1720 singulis
1254 1652 1423 1706 tomis
1464 1652 1797 1722 praemissae,
1841 1651 1901 1706 in
1931 1651 2057 1722 qui-

359 1737 466 1790 bus
497 1737 687 1808 potius
717 1753 806 1792 res
838 1738 1138 1804 historicas,
1183 1755 1357 1810 quam
1404 1739 1742 1808 dogmaticae
1771 1739 2063 1810 explican-

361 1831 494 1892 tur;
522 1826 732 1896 partim
781 1826 1222 1894 admonitiones,
1272 1827 1345 1881 ad
1377 1828 1778 1898 explicandum
1806 1827 2060 1900 singulo-

361 1930 492 1968 rum
533 1915 942 1984 opusculorum
988 1921 1394 1986 argumentum
1423 1917 1666 1984 additae;
1721 1916 1970 1988 denique
2000 1916 2061 1970 in
2103 1919 2110 1926 ’

361 2003 621 2073 margine
666 2002 924 2058 inferiori
970 2005 1209 2071 notulee,
1257 2005 1464 2076 quibus
1506 2007 1594 2060 vel
1639 2005 1922 2060 variantes
1966 2004 2060 2077 lle-

363 2091 579 2145 ctiones
622 2091 966 2160 indicantur,
1018 2093 1107 2147 vel
1164 2094 1405 2148 obscura
1440 2093 1587 2162 loca,
1635 2093 1882 2148 maxime
1911 2107 2063 2148 com-

363 2179 663 2250 paratione
741 2179 988 2235 aliorum
1068 2182 1325 2236 locorum
1421 2184 1820 2254 explanantur.
1900 2183 2064 2248 Quod

365 2267 571 2322 attinet
615 2268 688 2323 ad
736 2274 1028 2340 quartum,
1059 2271 1168 2324 alte
1215 2269 1322 2326 sibi
1369 2271 1560 2326 animo
1605 2271 1847 2326 inﬁxum
1888 2271 2063 2326 fuisse

367 2355 676 2420 afﬁrmant,
722 2363 779 2412 et
824 2375 858 2412 a
903 2358 1227 2430 praepositis
1274 2359 1391 2414 suis
1434 2360 1802 2427 inculcatum,
1842 2365 1908 2415 ut
1938 2375 2065 2431 par-

366 2443 515 2498 tium
544 2443 732 2499 studia
759 2445 822 2498 in
847 2445 1184 2517 explicanda
1217 2448 1521 2519 Augustini
1567 2449 1825 2504 doctrina
1869 2450 2063 2503 sedulo

367 2538 652 2600 caverent,
711 2533 884 2604 idque
947 2550 1132 2589 causae
1193 2535 1390 2606 fuisse,
1451 2542 1513 2592 ut
1567 2553 1601 2591 a
1660 2537 2063 2608 prolixioribus

369 2621 793 2675 commentariis
849 2625 906 2677 et
951 2623 1440 2679 observationibus
1470 2625 1869 2692 abstinuerint,
1899 2631 1961 2680 ut
1992 2643 2064 2680 ne

367 2709 637 2780 cuiquam
662 2710 749 2764 vel
769 2709 1075 2765 minimum
1119 2711 1451 2768 otfendiculi
1497 2715 1840 2785 praeberent,
1894 2714 2064 2770 ullive

367 2797 771 2867 theologorum
809 2799 1108 2856 sententias
1162 2802 1621 2872 praajudicarent.
1683 2803 2065 2858 Nihilominus

369 2890 610 2952 constat,
637 2891 867 2958 quantae
900 2887 962 2942 in
999 2888 1154 2959 ipsos
1195 2895 1404 2944 coortae
1448 2891 1563 2945 sint
1607 2891 1807 2959 turbae,
1853 2897 2067 2963 quanta

2168 497 2240 551 rii
2275 496 2372 568 (a).
2419 497 2717 570 Pergimus
2760 497 2955 570 potius
3012 497 3079 552 ad
3109 497 3402 568 opuscula,
3449 512 3578 567 qua:
3622 495 3866 567 singulis

2167 586 2340 641 tomis
2369 589 2778 656 comprehensa
2807 589 2944 654 sint,
2976 592 3230 641 accurate
3261 586 3628 655 recensenda,
3661 601 3866 656 eaque,

2169 690 2298 746 quae
2347 675 2648 744 insigniter
2693 676 2783 730 hic
2841 693 2873 731 a
2939 674 3278 730 doctissimis
3317 673 3578 728 Patribus
3608 672 3871 743 priestita

2169 768 2321 831 sunt,
2356 763 2712 828 declaranda,
2758 765 2854 818 ubi
2895 765 3066 819 simul
3125 762 3562 820 Lovaniensium
3605 761 3870 816 ordinem

2169 857 2225 907 et
2263 852 2570 908 discrimen
2615 855 2957 908 notabimus.
3027 853 3172 908 Sunt
3219 857 3413 907 autem
3481 855 3750 906 contenta
3810 850 3871 905 in

2167 957 2516 1014 unoquoque
2546 942 2838 997 volumine
2868 942 2990 996 haec
3017 956 3030 998 :

2241 1031 2398 1084 Tomo
2444 1033 2667 1100 primo:
2714 1061 2784 1072 —
2841 1031 3144 1102 Opuscula,
3201 1046 3330 1101 quae
3363 1029 3550 1083 adhuc
3595 1025 3870 1081 catechu-

2166 1133 2390 1183 menus,
2423 1124 2522 1173 aut
2547 1119 2804 1174 nondum
2854 1120 3145 1190 presbyter
3192 1119 3372 1174 edidit
3407 1134 3538 1172 cum
3579 1118 3867 1171 Retracta-

2167 1207 2420 1261 tionibus
2463 1213 2519 1262 et
2571 1208 3066 1276 Confessionibus;
3109 1209 3216 1263 hoc
3271 1207 3516 1262 ordine:
3567 1207 3864 1260 Retracta-

2165 1295 2388 1351 tionum
2421 1297 2516 1352 lib.
2547 1298 2624 1364 II;
2657 1297 3092 1352 Confessionum
3124 1297 3221 1350 lib.
3272 1297 3430 1362 XIII;
3483 1295 3695 1350 Contra
3725 1297 3872 1346 Aca-

2167 1384 2419 1440 demicos
2467 1386 2566 1440 lib.
2616 1387 2737 1453 IlI;
2786 1389 2862 1441 De
2901 1385 3024 1440 Vita
3059 1387 3229 1440 Beata
3284 1385 3489 1451 lib.,I;
3541 1385 3619 1438 De
3657 1381 3874 1438 Ordine

2166 1474 2263 1528 lib.
2289 1476 2336 1528 II
2358 1491 2371 1541 ;
2393 1474 2840 1546 Soliloquiorum
2861 1475 2960 1529 lib.
2987 1475 3035 1528 II
3055 1494 3069 1540 ;
3091 1475 3170 1528 De
3203 1473 3634 1528 immortalitate
3656 1470 3870 1525 animae

2165 1563 2264 1617 lib.
2299 1563 2320 1616 I
2345 1583 2361 1629 ;
2389 1564 2467 1617 De
2484 1562 2803 1633 quantitate
2833 1562 3040 1618 anima:
3068 1562 3172 1618 lib.
3212 1564 3238 1616 Ι
3263 1579 3276 1629 ;
3302 1564 3379 1618 De
3400 1560 3617 1615 musica
3639 1559 3738 1614 lib.
3762 1559 3834 1612 VI
3858 1577 3873 1625 ;

2172 1653 2249 1707 De
2281 1651 2552 1723 magistro
2578 1651 2680 1708 lib.
2721 1654 2781 1720 I;
2819 1654 2898 1708 De
2927 1653 3108 1706 libero
3130 1652 3369 1706 arbitrio
3403 1651 3501 1706 lib.
3531 1651 3604 1705 IlI
3625 1670 3640 1715 ;
3663 1652 3739 1702 De
3771 1649 3882 1703 Ge-

2169 1740 2294 1796 nesi
2320 1745 2516 1796 contra
2558 1741 2892 1796 Manichaeos
2924 1741 3022 1796 lib.
3069 1742 3116 1795 II
3148 1758 3161 1807 ;
3197 1743 3273 1795 De
3304 1740 3560 1794 moribus
3611 1735 3880 1792 Ecclesia

2171 1829 2462 1884 catholica:
2489 1834 2546 1884 et
2572 1831 2830 1885 moribus
2861 1827 3302 1885 Manichaeorum
3334 1829 3434 1882 lib.
3485 1829 3568 1893 Il;
3616 1828 3695 1880 De
3740 1840 3878 1878 vera

2171 1917 2446 1989 religione
2484 1919 2582 1974 lib.
2611 1920 2776 1986 l;De
2805 1919 3005 1989 regula
3042 1919 3112 1972 ad
3159 1933 3349 1971 servos
3395 1916 3512 1971 Dei.
3545 1945 3612 1955 —
3657 1916 3719 1970 In
3763 1930 3877 1983 ap-

2165 2006 2391 2076 pendice
2421 2022 2435 2076 ;
2475 2009 2554 2062 De
2591 2007 2961 2077 grammatica
3000 2007 3171 2074 liber;
3206 2005 3495 2077 Principia
3531 2004 3880 2067 dialecticae;

2172 2095 2484 2166 Categoriae
2515 2095 2748 2163 decem;
2783 2095 3070 2166 Principia
3110 2094 3453 2160 rhetorices;
3498 2093 3734 2163 Regula:
3758 2091 3884 2144 cle-

2170 2183 2302 2238 ricis
2332 2184 2556 2238 tradita:
2603 2185 3020 2257 fragmentum;
3047 2185 3265 2256 Regula
3295 2183 3576 2250 secunda;
3625 2183 3702 2236 De
3759 2179 3883 2234 vita

2172 2272 2463 2327 eremitica
2493 2273 2563 2328 ad
2597 2290 2868 2329 sororem.
2910 2304 2978 2315 —
3025 2273 3434 2345 Complectitur
3461 2271 3554 2326 hic
3587 2275 3777 2325 tomus
3807 2285 3882 2322 ea

2173 2361 2386 2428 omnia,
2418 2378 2548 2432 quin
2577 2363 2648 2418 ab
2672 2363 2902 2417 Erasmo
2922 2366 2980 2417 et
3001 2362 3441 2418 Lovaniensibus
3465 2361 3525 2416 in
3542 2376 3607 2414 eo
3637 2359 3884 2414 fuerunt

2171 2451 2596 2521 comprehensa.
2631 2451 2776 2506 Illud
2799 2457 3022 2506 tantum
3047 2452 3282 2506 interest
3319 2449 3683 2516 discriminis,
3717 2447 3883 2519 quod

2174 2539 2527 2594 Benedictini
2557 2539 2617 2593 in
2647 2541 3022 2611 appendicem
3042 2541 3370 2610 rejecerunt
3416 2537 3716 2605 nonnulla,
3741 2553 3881 2608 quae

2173 2628 2242 2681 ab
2272 2627 2383 2681 illis
2412 2644 2514 2699 pro
2548 2629 2814 2698 genuinis
2859 2629 3164 2700 Augustini
3206 2628 3426 2700 scriptis
3463 2627 3658 2682 habita
3687 2630 3883 2691 erant,

2175 2715 2384 2770 scilicet
2427 2715 2652 2770 libellos
2708 2716 2778 2770 de
2826 2717 3218 2785 Grammatica,
3271 2719 3602 2786 Categorias,
3657 2717 3884 2770 Princi-

2168 2807 2269 2874 pia
2318 2805 2618 2860 Dialecticae
2665 2809 2721 2859 et
2762 2807 3047 2876 Principia
3092 2809 3407 2873 Rhetorice,
3455 2810 3512 2860 et
3566 2804 3722 2876 quod
3763 2804 3886 2857 alia

2174 2893 2436 2965 quadam
2495 2909 2625 2948 cum
2664 2894 2790 2948 aliis
2833 2896 3020 2950 locum
3062 2902 3284 2951 mutare
3327 2897 3642 2966 jusserunt,
3691 2899 3749 2948 ut
3792 2908 3884 2947 se-

367 2974 625 3029 adhibita
666 2979 1067 3046 strategemate
1109 2981 1280 3048 atque
1317 2977 1562 3041 insidiae.
1596 2984 1657 3033 ut
1704 2979 1786 3034 vel
1835 2979 2065 3035 interci-
2098 2997 2137 3054 ρ
2176 2985 2310 3036 riem
2347 2982 2693 3053 ordinemque
2737 2987 3008 3053 temporis,
3051 3000 3155 3054 quo
3191 2985 3606 3054 unumquodque
3648 2997 3782 3052 opus
3805 2982 3883 3035 ab

369 3069 604 3132 peretur
633 3079 943 3123 successus,
976 3065 1063 3118 vel
1101 3065 1418 3134 perfectum
1478 3066 1537 3120 in
1575 3067 1848 3123 invidiam
1889 3069 2066 3124 addu-

370 3155 613 3205 ceretur.
675 3151 788 3220 Ipsi
843 3152 1195 3206 Benedictini
1253 3154 1392 3208 dum
1439 3154 1498 3208 in
1573 3156 1876 3212 undecimo
1908 3163 2066 3213 tomo

370 3239 698 3309 generalem
729 3238 916 3308 operis
944 3240 1342 3310 praefationem
1391 3245 1756 3298 conscribunt
1788 3252 1843 3300 et
1872 3263 2065 3300 curam

372 3342 534 3380 suam
569 3343 634 3380 ac
660 3327 1078 3397 providentiam
1130 3331 1320 3400 palam
1376 3331 1560 3386 facere
1592 3333 1839 3399 student,
1891 3335 2068 3389 faten-

371 3419 485 3480 tur,
546 3414 776 3468 difﬁcile
814 3414 986 3470 fuisse
1044 3432 1263 3485 cavere,
1322 3435 1394 3474 ne
1446 3421 1584 3491 quid
1644 3421 1702 3475 in
1747 3428 1863 3478 tam
1907 3429 2065 3479 vasto

372 3518 544 3574 opere
593 3503 809 3557 incauti
847 3503 985 3574 ipsis
1030 3505 1383 3577 subreperet,
1429 3510 1536 3575 vel,
1585 3526 1656 3564 ne
1697 3512 1834 3582 quid
1884 3529 2064 3581 secus,

373 3607 548 3662 quam
585 3591 696 3661 ipsi
729 3591 1108 3648 intendissent
1162 3595 1221 3648 in
1281 3597 1608 3667 sequiorem
1680 3607 1902 3669 partem
1950 3617 2067 3656 non

372 3680 694 3751 acciperent
721 3681 981 3736 homines
1010 3684 1156 3736 male
1177 3699 1313 3756 erga
1336 3685 1590 3756 ipsorum
1621 3687 1806 3740 studia
1847 3687 2058 3745 affecti.

372 3768 481 3823 Sed
535 3785 655 3823 non
689 3785 821 3824 cum
867 3772 1214 3842 scrupulosis
1260 3775 1429 3840 forte,
1495 3775 1675 3846 aequis
1723 3777 2068 3848 caeteroquin

374 3856 711 3912 adversariis
766 3857 874 3914 sibi
902 3876 1026 3915 rem
1073 3876 1215 3926 esse,
1257 3863 1352 3916 sed
1381 3880 1413 3916 a
1461 3863 1967 3920 calumniatoribus
2013 3871 2070 3921 et

374 3947 634 4002 hostibus
670 3947 894 4004 nullum
946 3948 1284 4005 insidiarum
1327 3966 1529 4023 genus,
1578 3955 1836 4024 quamvis
1879 3960 2066 4026 turpe,

372 4037 777 4107 spernentibus
798 4038 895 4110 jus
932 4040 1141 4110 petitos
1169 4057 1288 4094 sese
1316 4050 1769 4113 conqueruntur.
1819 4045 1885 4099 Et
1929 4061 2068 4117 quo-

371 4127 530 4181 niam
559 4127 710 4198 regis
733 4127 897 4199 jussu
926 4129 1152 4201 utrique
1183 4131 1332 4200 parti
1379 4133 1669 4186 silentium
1703 4139 1851 4187 esset
1883 4133 2069 4204 impo-

372 4215 566 4282 situm,
605 4217 753 4272 haud
804 4217 1120 4290 quidquam
1150 4219 1300 4274 aliud
1345 4221 1616 4291 praedicto
1671 4222 1794 4276 loco
1823 4222 1884 4276 in
1923 4227 2070 4276 tuta-

372 4319 505 4358 men
537 4322 706 4359 suum
751 4307 1090 4372 attulerunt;
1126 4324 1300 4378 quam
1356 4315 1477 4364 uta
1523 4310 1895 4381 gravissimis,
1939 4329 2068 4383 quae

369 4392 512 4462 ipsis
556 4393 820 4462 impacta:
868 4394 1112 4459 fuerant,
1160 4395 1656 4451 criminationibus
1698 4399 1759 4452 in
1815 4399 2069 4456 virorum

371 4478 602 4549 piorum
635 4497 698 4534 ac
726 4481 1150 4544 benevolorum.
1205 4500 1449 4556 quorum
1498 4486 1643 4540 forte
1675 4487 1880 4541 animis
1915 4504 2069 4543 scru-

372 4568 497 4637 puli
526 4567 758 4639 quidam
803 4570 1005 4625 exinde
1051 4571 1411 4641 insedissent,
1465 4576 1706 4647 gratiam
1762 4592 1882 4631 sese
1926 4593 2066 4649 pur-

373 4661 595 4728 garent.
627 4657 736 4712 Sed
766 4658 972 4714 harum
1015 4659 1206 4715 litium
1246 4662 1573 4736 artiumque
1617 4665 1952 4722 frivolarum
1976 4666 2065 4721 hi-

371 4745 606 4801 storiam
638 4762 753 4801 non
807 4748 1163 4820 attingimus.
1217 4752 1330 4807 Nec
1377 4753 1534 4808 enim
1575 4755 1645 4810 ad
1693 4759 1950 4811 nostrum
1978 4757 2066 4812 vel

372 4834 676 4890 minimum
707 4836 858 4902 facit,
887 4841 945 4892 et
962 4845 1297 4910 suppetunt,
1339 4842 1548 4913 quibus
1593 4845 1682 4898 vel
1713 4845 1947 4916 negotii,
1978 4846 2065 4900 vel

373 4923 552 4980 animi
576 4940 746 4980 causa
774 4941 973 4980 curare
1003 4927 1102 4982 illa
1137 4929 1461 5000 contigerit,
1513 4932 1691 5003 ampli
1728 4932 1864 4987 satis
1909 4949 2064 4989 com-

440 5032 520 5154 (ρ
561 5034 772 5089 Praeter
802 5033 1116 5115 Dupinium
1137 5036 1277 5091 Bibl.
1344 5052 1505 5092 noue.
1540 5038 1645 5121 des
1688 5042 1826 5096 Aut.
1881 5043 2062 5110 Eccl.,

513 5103 651 5154 VIII.
691 5105 796 5154 sub
844 5106 1083 5154 articulo
1112 5123 1130 5154 :
1162 5108 1412 5154 Nouuelle
1459 5108 1661 5154 édztmn
1717 5110 1808 5154 dm.-
1861 5127 2062 5154 mmwpg

372 5101 435 5169 Τ.
465 5101 652 5169 XVIII,
691 5105 796 5160 sub
844 5101 1083 5160 articulo
1112 5123 1130 5160 :
1161 5108 1412 5162 Nouvelte
1459 5108 1661 5164 edition
1717 5110 1808 5166 des
1861 5101 2064 5168 (euvres

371 5168 438 5249 de
567 5168 866 5243 August-in,
906 5181 964 5230 et
1002 5176 1239 5249 Baalium
1264 5178 1325 5231 in
1360 5179 1508 5233 Dict.
1547 5181 1691 5236 Crit.
1735 5197 1748 5234 :
1791 5197 1821 5234 e
1864 5197 2060 5236 recen-

371 5240 633 5326 tioribus,
668 5240 683 5243 ⁷
707 5240 1008 5326 augeret
1285 5250 1610 5326 Coloniensis
1674 5253 2064 5309 Ecclesiasticae

369 5326 506 5435 Sag;
533 5314 638 5396 4β4
669 5331 686 5396 ξ
715 5316 938 5397 Ceillier
1073 5319 1188 5382 XII,
1222 5335 1353 5390 pag.
1386 5323 1489 5375 680
1520 5338 1660 5393 seq.,
1711 5327 1767 5376 et
1794 5327 2062 5378 Auctores

378 5397 438 5465 ne
469 5383 1061 5465 lHistozre_litteraire
1219 5391 1286 5465 ιέιΔ
1327 5391 1584 5465 Congrég.
1617 5393 1682 5446 de
1736 5394 1792 5448 S.
1819 5395 1980 5448 Maur
2011 5397 2065 5465 (ὰ

369 5454 647 5537 ρνᾳῳςιιθε
699 5457 856 5537 1:170,
888 5457 1085 5537 in_-_40)_.
1118 5463 1181 5537 V_.
1227 5454 1509 5537 Blampin,
1532 5454 1841 5537 'pag._287
1885 5454 2050 5537 seqq.

367 5523 560 5588 Quid?
595 5526 750 5598 quod
797 5523 1068 5598 peculiari
1102 5533 1245 5588 adeo
1294 5523 1585 5589 volumine
1618 5523 1826 5606 scripta
1878 5523 2060 5592 exs‘tat

2177 3074 2415 3127 Auctore
2429 3073 2642 3142 prodiit
2669 3073 2851 3142 quoad
2884 3074 3002 3143 ejus
3038 3076 3160 3143 ﬁeri
3192 3080 3389 3144 posset,
3431 3078 3728 3128 servarent.

2252 3164 2412 3215 Tomo
2453 3161 2683 3216 secundo
2720 3177 2734 3215 :
2785 3191 2853 3202 —
2911 3162 3176 3233 Epistolas
3224 3163 3477 3233 ducenta
3502 3164 3880 3232 septuaginta.

2177 3249 2491 3303 secundum
2521 3253 2849 3318 temporum
2879 3250 3144 3306 ordinem
3177 3251 3486 3322 dispositae,
3538 3257 3596 3306 et
3623 3255 3884 3322 quatuor

2175 3337 2236 3392 in
2273 3339 2478 3392 classes
2528 3339 2782 3408 digestae.
2817 3370 2886 3379 ——
2921 3342 2987 3395 In
3019 3341 3314 3410 appendice
3344 3360 3360 3394 :
3410 3339 3715 3410 Augustini
3771 3355 3883 3394 no-

2175 3427 2330 3482 mine
2384 3427 2458 3481 ad
2500 3427 2856 3482 Bonifacium
2902 3434 2959 3484 et
3015 3435 3213 3484 contra
3272 3429 3529 3500 epistolae
3583 3426 3884 3482 breviores

2176 3515 2490 3581 sexdecim;
2538 3517 2622 3570 Ad
2684 3517 3104 3573 Demetriadem
3157 3517 3374 3589 Pelagii
3445 3516 3716 3588 epistola;
3767 3519 3884 3570 Au-

2177 3604 2391 3676 gustini
2436 3603 2670 3660 nomine
2708 3606 2780 3660 ad
2809 3607 3084 3678 Cyrillum
3122 3613 3180 3662 et
3212 3613 3428 3672 contra,
3483 3607 3552 3660 de
3585 3604 3885 3660 Laudibus

2177 3693 2543 3764 Hieronymi;
2572 3694 2875 3749 Altercatio
2905 3695 3210 3767 Augustini
3239 3712 3370 3750 cum
3414 3695 3728 3750 Pascentio.

2248 3783 2438 3854 Longe
2467 3783 2823 3839 nobilissima
2838 3801 2971 3856 pars
2997 3801 3188 3857 operas
3209 3785 3737 3842 eruditissimorum
3759 3801 3888 3840 mo-

2176 3872 2494 3927 nachorum
2518 3872 2579 3927 in
2608 3873 2717 3928 hoc
2745 3878 2900 3930 tomo
2927 3875 3308 3943 concluditur,
3330 3891 3461 3930 Vere
3492 3876 3638 3941 talis,
3672 3874 3734 3928 in
3762 3890 3889 3947 qua

2177 3960 2493 4016 Constantii
2541 3963 2908 4034 sagacitatem
2956 3969 3014 4019 et
3055 3965 3294 4020 solidam
3349 3965 3666 4020 doctrinam
3696 3980 3887 4035 agno-

2178 4065 2315 4104 scas.
2377 4050 2528 4104 Licet
2556 4051 2711 4106 enim
2777 4052 3016 4107 totidem
3061 4054 3230 4125 plane
3283 4054 3561 4124 genuinas
3606 4053 3888 4123 epistolas

2179 4139 2554 4195 Lovanienses
2586 4147 2936 4208 recenseant;
2969 4157 3072 4196 nec
3118 4143 3304 4214 plura,
3360 4159 3466 4198 nec
3506 4143 3778 4213 pauciora
3807 4142 3889 4196 ab

2178 4226 2248 4282 iis
2276 4227 2336 4282 in
2365 4229 2738 4301 appendicem
2763 4231 2936 4302 hujus
2979 4231 3121 4286 tomi
3170 4233 3379 4303 rejecta
3410 4233 3544 4297 sint,
3586 4247 3700 4286 non
3751 4232 3888 4285 ausi

2177 4321 2372 4372 tamen
2403 4324 2535 4374 sunt
2564 4320 2790 4390 longius
2820 4321 3089 4392 progredi
3119 4326 3173 4376 et
3208 4338 3381 4393 quam
3429 4337 3628 4375 omnes
3657 4323 3889 4390 Augus-

2180 4405 2285 4460 tini
2332 4407 2568 4462 lectores
2610 4409 3021 4465 ardentissimis
3087 4411 3229 4464 votis
3270 4410 3633 4482 exoptabant,
3673 4409 3890 4464 moles-

2176 4498 2296 4548 tam
2325 4495 2538 4551 scilicet
2569 4502 2627 4551 et
2648 4497 2961 4552 multarum
2987 4497 3198 4554 virium
3237 4514 3433 4554 curam
3476 4498 3592 4554 suis
3627 4497 3737 4553 sibi
3769 4499 3888 4555 hu-

2175 4583 2349 4637 meris
2370 4583 2688 4655 imponere,
2712 4602 2825 4657 qua
2845 4586 3116 4642 intactam
3137 4588 3321 4643 adhuc
3339 4588 3542 4642 seriem
3575 4592 3632 4642 et
3661 4602 3891 4642 nexum

2174 4674 2261 4726 tot
2288 4671 2493 4726 diversi
2531 4672 2756 4743 generis
2786 4678 2842 4728 et
2871 4673 3052 4729 aetatis
3081 4675 3452 4746 epistolarum
3495 4675 3893 4731 discriminas-

2173 4764 2316 4827 sent,
2347 4776 2412 4815 ac
2452 4776 2684 4832 prorsus
2725 4763 2958 4818 tandem
2997 4766 3393 4836 expediissent.
3441 4765 3717 4821 Ferebant
3763 4781 3895 4821 om-

2173 4863 2276 4903 nes
2326 4849 2434 4904 hoc
2488 4849 2838 4906 desiderium
2896 4869 2963 4908 eo
3013 4852 3426 4925 impatientius,
3492 4855 3669 4926 quod,
3743 4871 3890 4911 cum

2172 4935 2397 5008 reliqua
2425 4940 2699 5009 opuscula
2722 4956 2868 5012 pene
2900 4940 3095 4996 omnia
3121 4957 3226 5012 per
3271 4942 3450 5014 ipsius
3479 4942 3789 5013 Augustini
3816 4943 3890 4999 in

2173 5043 2346 5115 hujus
2372 5044 2660 5115 editionis
2706 5047 2944 5102 historia
2991 5053 3220 5102 auctore
3282 5049 3532 5104 Antonio
3577 5049 3888 5107 Vincentio

2171 5113 2467 5192 :I'huillier,
2517 5119 2792 5192 ejusdem,
2829 5119 3288 5192 congregationis
3326 5121 3620 5191 quondam
3670 5122 3888 5192 sodali,

2172 5185 2231 5263 li.
2274 5191 2344 5263 t.,_
2389 5185 2627 5263 Histoire
2656 5190 2737 5263 de
2776 5191 2832 5263 lg
2860 5185 3098 5263 nauseae
3143 5185 3442 5263 edition-de
3486 5193 3542 5248 S.
3566 5185 3885 5263 Augustin;

2174 5257 2374 5331 donne'e
2396 5274 2505 5327 par
2533 5261 2605 5313 les
2650 5261 2750 5314 PP.
2787 5260 3133 5316 Bénédictins
3181 5262 3246 5317 de
3273 5265 3328 5317 la
3377 5257 3761 5331 congrégation
3808 5257 3887 5320 de

2173 5328 2229 5403 S_.
2299 5330 2478 5403 Maur.
2528 5333 2612 5403 En
2659 5333 2861 5403 France
2915 5332 3131 5402 (Paris),
3182 5335 3335 5403 I736,
3384 5328 3529 5388 in-to
3558 5328 3704 5389 mihi
3751 5351 3888 5391 non

2170 5397 2311 5466 visa,
2363 5400 2660 5472 sedcujus
2697 5401 2876 5472 ipsius
2920 5397 3235 5459 varia't‘ata
3274 5397 3331 5458 in
3384 5406 3585 5462 eadem
3625 5407 3890 5462 Historia

2167 5470 2626 5544 congregationis
2647 5470 2775 5545 pag.
2811 5476 2912 5530 528
2952 5491 3076 5548 seq.
3119 5479 3476 5531 enarrantur.
