4060 6194
204 292 267 344 89
1237 287 1510 344 NOTITIA
1552 287 1972 346 LITTEBARIA
2012 288 2079 342 IN
2121 290 2177 343 S.
2220 289 2688 347 AUGUSTINUM.
3649 294 3716 345 90

204 412 725 467 Retractationibus
758 411 1082 466 institutum
1112 412 1279 482 juxta
1305 416 1632 484 temporum
1661 417 1718 466 et
1746 427 1907 467 occa-
1948 418 1993 472 A
2023 430 2096 469 ne
2117 414 2227 468 levi
2249 413 2619 469 fundamento
2650 413 2797 469 hanc
2824 412 3029 468 seriem
3051 412 3380 485 designasse
3397 412 3711 482 videamur,

206 501 454 567 sionum,
495 502 705 573 quibus
754 504 921 554 enata
977 506 1185 566 essent,
1238 501 1521 565 ordinem,
1569 517 1907 572 cognoscere

203 591 513 663 ipsumque
547 592 605 645 in
634 591 808 645 sacris
837 590 1036 645 studiis
1068 595 1125 645 et
1153 591 1326 662 gestis
1368 591 1483 645 sui:
1532 592 1724 645 animo
1754 592 1911 645 velut

204 681 465 735 comitari
497 681 714 748 liceret,
738 680 875 733 solae
910 680 1185 749 epistolae,
1227 697 1294 733 ex
1340 680 1547 750 quibus
1576 681 1909 752 plenissima

202 769 319 823 fere
349 786 592 823 casuum
625 773 683 823 et
733 772 1023 839 gestorum
1084 769 1359 839 temporis
1414 769 1578 825 istius
1633 768 1909 824 memoria

199 858 603 928 depromenda
629 862 771 923 erat,
806 857 913 909 hoc
940 857 1218 911 beneﬁcio
1250 864 1528 912 carerent.

267 947 380 1001 Sed
415 946 767 1002 Benedictini
797 962 1025 1017 quoque
1052 948 1203 1001 hunc
1237 948 1489 1001 laborem
1534 947 1911 1002 declinassent

198 1051 316 1089 non
350 1036 537 1107 magis
569 1036 972 1092 difficultatum
1006 1041 1181 1103 metu,
1226 1054 1366 1107 quas
1414 1037 1541 1091 licet
1576 1037 1909 1090 innumeras

195 1124 286 1177 vel
324 1125 410 1178 eis
440 1125 577 1179 solis
608 1142 877 1195 spernere
906 1126 1130 1190 licebat,
1157 1142 1330 1196 quam
1370 1127 1523 1197 quod
1555 1131 1905 1192 vererentur,

195 1230 268 1267 ne
303 1231 457 1268 novo
489 1214 719 1268 inducto
745 1215 942 1269 ordine
964 1215 1265 1268 lectionem
1286 1215 1587 1285 Augustini
1608 1215 1759 1285 apud
1790 1231 1905 1280 eos,

194 1303 304 1373 qui
337 1304 522 1357 veteri
566 1304 742 1357 semel
774 1303 1170 1363 assuevissent,
1211 1304 1580 1357 reterdarent.
1631 1304 1738 1359 Sed
1779 1304 1911 1358 vicit

192 1392 439 1445 tandem
469 1392 773 1461 Augustini
803 1408 966 1446 amor
992 1396 1046 1445 et
1074 1392 1317 1446 aliorum
1349 1392 1712 1464 maximeque
1742 1394 1906 1447 soda-

190 1478 349 1533 lium
372 1495 607 1533 suorum
640 1479 700 1533 in
731 1480 856 1534 aliis
886 1480 1263 1551 scriptoribus
1296 1480 1685 1535 ecclesiasticis
1718 1497 1906 1535 exem-

189 1570 391 1638 plum,
412 1569 651 1639 jamque
683 1585 751 1623 ex
781 1568 937 1639 ipsis,
1002 1585 1115 1640 quo
1154 1570 1458 1641 negotium
1514 1571 1623 1625 hoc
1653 1570 1907 1641 aggressi

192 1663 335 1711 sunt
369 1657 585 1713 animo.
610 1658 929 1710 audiamus.
1884 1658 1887 1663 ”

268 1764 297 1796 ι
325 1746 394 1799 In
444 1746 835 1816 superioribus
866 1745 1235 1812 editionibus,
1270 1746 1559 1818 inquiunt,
1607 1747 1746 1802 adeo
1777 1763 1906 1818 per-

190 1836 471 1890 turbatus
505 1841 627 1889 erat
653 1835 1203 1905 Augustinianarum
1232 1837 1599 1907 epistularum
1625 1837 1784 1898 ordo.
1819 1841 1903 1903 ut,

192 1923 352 1993 quod
398 1925 651 1993 tempoiis
678 1924 963 1977 historiam
989 1928 1215 1992 spectat,
1251 1940 1370 1978 non
1398 1924 1561 1979 facile
1602 1926 1907 1996 quisquam

191 2013 412 2066 seriem
436 2028 625 2066 rerum
656 2012 915 2066 omnium
944 2013 1169 2083 assequi
1197 2013 1477 2083 potuisset
1501 2014 1714 2085 absque
1736 2014 1908 2086 longa

192 2106 248 2154 et
283 2116 444 2171 saepe
477 2101 717 2171 repetita
746 2100 985 2155 lectione
1012 2118 1075 2155 ac
1123 2101 1517 2157 meditatione.
1560 2104 1702 2158 Nam
1759 2105 1906 2175 ejus-

196 2190 335 2244 dem
368 2190 644 2261 temporis
676 2195 731 2244 et
756 2190 1083 2261 argumenti
1111 2190 1369 2261 epistulas
1416 2208 1517 2262 per
1561 2196 1747 2247 totum
1788 2193 1910 2248 Col-

198 2279 469 2333 lectionis
487 2295 693 2350 corpus
730 2279 866 2333 hinc
890 2279 1023 2333 inde
1051 2278 1322 2350 dispersas
1352 2284 1534 2347 erant,
1584 2285 1709 2335 tum
1752 2282 1906 2353 prio-

204 2385 294 2422 res
322 2368 738 2439 posterioribus
789 2368 1118 2439 postpositm
1169 2372 1227 2423 et
1268 2369 1328 2423 in
1357 2369 1530 2424 ﬁdem
1578 2371 1803 2441 rejects:
1845 2388 1909 2425 ac

203 2458 441 2512 demum
500 2460 654 2528 (qua:
706 2456 1069 2512 intoleranda
1114 2456 1371 2513 confusio
1420 2459 1559 2530 erat)
1605 2460 1909 2530 Augustini

203 2547 485 2617 rescripta
510 2562 682 2617 quam
713 2545 1044 2616 longissime
1068 2547 1139 2601 ab
1160 2548 1529 2620 interrogatis
1559 2553 1614 2603 et
1639 2550 1909 2604 consultis

204 2651 645 2706 nonnumquam
674 2635 948 2702 aberant;
981 2635 1161 2690 immo
1190 2637 1465 2707 rescripta
1477 2638 1751 2693 consultis
1779 2639 1906 2693 lon-

205 2740 268 2795 ge
298 2723 793 2795 praeferebantur:
845 2724 985 2778 adeo
1023 2729 1089 2779 ut
1118 2725 1336 2793 Evodii,
1370 2742 1418 2780 v.
1450 2742 1529 2796 g.,
1560 2728 1909 2782 consulentis

205 2813 459 2885 epistolae
488 2816 615 2883 post
666 2812 876 2866 multas
919 2812 1321 2884 interjacentes
1367 2815 1634 2885 epistolas
1686 2820 1908 2888 Augus-

206 2904 302 2956 tini
349 2917 693 2972 responsum
742 2907 1249 2973 consequerentur.
1295 2903 1622 2976 QuaprOpte
1704 2912 1908 2977 optan-

2017 520 2137 558 non
2166 504 2335 558 modo
2375 504 2605 572 nostris,
2646 504 2741 557 sed
2771 503 2945 557 etiam
3000 502 3202 557 alienis
3256 520 3383 557 eam
3428 503 3629 557 studiis
3661 507 3716 558 et

2018 594 2268 647 consiliis
2319 593 2659 662 investigare
2720 594 3031 662 sategimus
3077 592 3288 647 Ordine
3345 592 3714 662 epistularum

2018 682 2426 753 clnronologico
2472 682 2801 745 constituto,
2836 699 2927 735 eas
2958 682 3015 735 in
3065 687 3314 752 quatuor
3346 682 3550 735 classes
3602 681 3712 735 dis-

2017 773 2309 834 tinximus,
2357 788 2597 843 quarum
2627 770 2964 841 primaillas
2995 770 3240 837 exhibet,
3301 787 3443 842 quas
3493 774 3713 841 Augus-

2018 862 2172 915 tinus
2202 862 2454 915 nondum
2484 860 2783 931 episcopus
2812 860 3051 930 scripsit.
3112 860 3235 924 Qua
3264 860 3325 913 in
3353 875 3413 913 re
3438 859 3714 930 Augusti-

2018 967 2156 1005 num
2194 953 2381 1021 ipsum
2405 950 2583 1004 secuti
2613 956 2904 1003 auctorem
2961 965 3178 1018 sumus,
3207 949 3306 1019 qui
3340 949 3398 1002 in
3430 948 3714 1002 Retracta-

2018 1040 2241 1093 tionum
2273 1040 2459 1110 priore
2490 1040 2635 1092 libro
2684 1055 2751 1092 ea
2790 1039 3086 1092 dumtaxat
3116 1038 3395 1091 recensuit
3419 1036 3711 1107 opuscula,

2018 1146 2143 1201 qua:
2178 1136 2485 1199 antequam
2514 1130 2675 1182 ﬁeret
2705 1127 3005 1198 episcopus
3038 1127 3096 1180 in
3138 1128 3322 1181 lucem
3369 1126 3707 1197 protulerat.

2019 1219 2081 1271 In
2108 1218 2351 1271 secunda
2385 1218 2559 1270 classe
2615 1221 3099 1287 repraesentantur
3137 1215 3414 1285 epistolas,
3472 1230 3613 1285 quas
3643 1214 3712 1268 ab

2016 1307 2157 1360 inito
2206 1306 2533 1377 episcopatu
2558 1306 2636 1377 ad
2666 1305 3030 1359 collationem
3087 1321 3217 1358 cum
3250 1302 3555 1358 Donatistis
3585 1303 3713 1357 Car-

2017 1376 2257 1467 thagine
2307 1376 2569 1449 habitam
2610 1398 2666 1449 et
2704 1394 3023 1463 Pelagiana:
3066 1394 3347 1448 haereseos
3377 1392 3440 1445 in
3465 1391 3709 1447 Africam

2016 1484 2399 1538 invectionem
2429 1483 2626 1538 edidit.
2671 1484 2736 1537 In
2764 1482 2851 1536 his
2877 1482 3029 1536 enim
3061 1482 3281 1537 duobus
3312 1481 3427 1536 sive
3457 1485 3714 1551 retegen-

2017 1573 2122 1642 dis,
2153 1589 2249 1627 seu
2282 1573 2686 1644 expurgandis.
2746 1572 3034 1627 erroribus
3064 1576 3363 1626 versantur
3415 1575 3481 1625 ut
3529 1569 3712 1641 pluri-

2017 1677 2178 1716 mum
2208 1661 2297 1714 hac
2351 1660 2575 1725 litteras,
2618 1677 2747 1732 quas
2788 1676 2987 1715 eorum
3037 1659 3222 1724 initia,
3257 1674 3590 1731 progressus
3621 1661 3714 1711 at-

2018 1767 2128 1821 que
2158 1750 2584 1805 damnationem
2615 1755 2872 1804 accurate
2902 1750 3245 1804 describunt.
3277 1748 3469 1803 Tertia
3498 1746 3712 1817 episto-

2014 1840 2195 1894 larum
2228 1840 2420 1893 classis
2441 1855 2536 1893 eas
2574 1839 2991 1909 complectitur,
3025 1856 3165 1909 quas
3196 1839 3265 1891 ab
3331 1853 3397 1891 eo
3452 1842 3713 1905 tempore

2013 1930 2067 1984 S.
2124 1931 2327 1984 Doctor
2371 1930 2440 1984 ad
2497 1928 2628 1983 vitae
2691 1929 2867 1983 tinem
2901 1927 3187 1994 exaravit;
3236 1925 3444 1998 quibus
3502 1925 3715 1979 scilicet

2013 2023 2167 2073 certa
2195 2019 2411 2089 epocha
2452 2022 2638 2089 potest
2692 2016 2991 2087 assignari.
3048 2018 3108 2070 ln
3166 2020 3430 2087 quartam
3479 2013 3713 2067 demum

2014 2106 2251 2161 classem
2281 2105 2532 2178 reliquas
2566 2104 2871 2177 Augustini
2920 2105 3139 2159 litteras
3191 2102 3537 2174 redegimus,
3574 2117 3716 2172 quas

2013 2193 2248 2262 quidem
2282 2193 2506 2265 scripsit
2532 2192 2854 2263 episcopus,
2886 2191 3045 2245 nulla
3072 2197 3266 2245 tamen
3323 2190 3436 2243 alia
3482 2187 3716 2259 praefixa

2014 2289 2341 2354 temporum
2371 2286 2471 2336 aut
2499 2281 3059 2336 circumstantiarum
3105 2284 3262 2347 nota,
3319 2294 3449 2350 quae
3496 2281 3716 2331 certum

2014 2379 2240 2443 tempus
2268 2388 2388 2442 pra:
2418 2387 2476 2425 se
2502 2371 2663 2425 ferat.
2716 2372 2790 2424 Ex
2823 2370 2927 2424 hac
2966 2367 3329 2441 quadruplici
3382 2366 3574 2421 classis
3599 2365 3719 2419 dis-

2012 2461 2284 2515 tinctione
2330 2461 2391 2515 id
2438 2459 2729 2515 commodi
2782 2458 3022 2527 eveniet,
3078 2458 3233 2531 quod
3291 2461 3461 2512 antea
3518 2456 3711 2509 obser—

2014 2551 2308 2617 vabamus,
2343 2553 2405 2603 ut
2460 2549 2748 2603 studiosus
2804 2549 2979 2603 lector
3022 2563 3105 2610 ea,
3168 2563 3297 2617 qua:
3345 2545 3415 2599 ad
3470 2545 3715 2599 haereses

2018 2638 2441 2692 Donatistarum
2488 2641 2545 2691 et
2570 2636 3008 2705 Pelagianorum
3063 2635 3374 2706 pertinent,
3428 2649 3541 2687 uno
3598 2632 3714 2687 fere

2016 2731 2324 2795 conspectu
2358 2739 2421 2777 ac
2450 2728 2648 2777 tenore
2678 2723 2975 2794 percipiat.
3010 2744 3037 2771 ››

2089 2813 2321 2866 Monent
2347 2816 2642 2882 praeterea,
2679 2812 2989 2865 nonnullos
3044 2813 3334 2875 tractatus,
3389 2807 3489 2878 qui
3550 2808 3714 2859 antea

2018 2902 2077 2955 in
2108 2901 2479 2972 epistularum
2530 2900 2792 2954 ordinem
2829 2899 2994 2953 relati
3023 2904 3232 2964 essent,
3291 2898 3415 2951 loco
3467 2898 3651 2949 motos
3683 2910 3715 2947 a

206 2992 337 3045 dum
366 2994 513 3055 erat,
544 2996 609 3044 ut
643 2990 951 3061 Augustini
983 2991 1240 3061 epistulae
1292 2991 1353 3046 in
1385 2998 1603 3047 rectum
1644 2994 1908 3049 ordinem
1938 3010 1976 3065 ρ
2018 3007 2075 3044 se
2110 3006 2225 3044 non
2269 3006 2411 3056 esse,
2446 2989 2670 3044 tametsi
2694 2988 2749 3043 id
2782 3005 2897 3043 non
2951 2988 3091 3043 levis
3132 2984 3408 3042 momenti
3466 2984 3713 3038 rationes

202 3096 300 3150 pro
341 3086 677 3150 temporum
739 3079 959 3133 ratione
1008 3079 1425 3153 digererentur.
1486 3081 1651 3146 Quod
1707 3085 1905 3154 procul

203 3168 371 3223 dubio
402 3174 706 3222 curaturus
760 3167 960 3222 fuisset
1020 3168 1375 3239 Augustinus
1407 3168 1550 3240 ipse,
1610 3170 1657 3224 si
1704 3187 1906 3226 eorum

206 3255 614 3321 recensionem,
650 3271 823 3325 quam
852 3262 1200 3327 susceperat,
1230 3257 1282 3311 ei
1315 3258 1603 3314 absolvere
1632 3259 1900 3316 licuisset.

205 3342 419 3413 Quippe
452 3344 512 3397 in
534 3344 1049 3399 Retractatiomum
1079 3360 1313 3399 suarum
1326 3345 1608 3416 prooemio
1630 3351 1826 3418 optare
1846 3364 1904 3403 se

204 3436 464 3500 testatur,
486 3436 552 3486 ut
578 3448 752 3503 opera
803 3448 906 3486 sua
958 3449 1044 3499 eo,
1087 3449 1201 3505 quo
1250 3434 1461 3505 scripta
1515 3440 1649 3490 sunt
1677 3436 1902 3506 ordine,

204 3521 594 3592 perlegantur,
622 3520 788 3591 eique
831 3520 916 3575 rei
971 3521 1243 3576 daturum
1281 3538 1340 3576 se
1370 3538 1626 3594 operam,
1659 3541 1772 3596 quo
1806 3526 1903 3581 de-

207 3625 358 3664 mum
407 3609 735 3680 intelligant
779 3610 1038 3678 lectores,
1090 3613 1350 3680 quomodo
1397 3613 1680 3669 scribendo
1717 3615 1905 3686 profe-

208 3698 355 3751 cerit.
407 3701 485 3751 At
526 3712 640 3768 quo
697 3697 890 3751 minus
946 3698 1004 3753 id
1053 3703 1424 3767 tentaremus,
1481 3701 1908 3757 intercedebant

210 3785 438 3841 diversae
470 3801 581 3852 res,
614 3802 823 3857 nempe
851 3803 985 3840 usus
1015 3787 1378 3859 superiorum
1418 3792 1767 3861 temporum,
1814 3806 1906 3845 re-

211 3880 392 3945 ceptus
424 3873 568 3929 ordo
614 3874 685 3930 ab
744 3875 908 3929 annis
955 3875 1180 3931 circiter
1233 3881 1465 3932 centum
1522 3878 1900 3949 septuaginta,

212 3963 499 4018 citationes
530 3964 768 4033 usitatae,
796 3981 938 4036 quas
966 3964 1199 4032 violare,
1240 3972 1340 4020 aut
1390 3967 1623 4021 demum
1672 3982 1903 4037 perver-

214 4060 341 4123 tere,
369 4056 533 4111 nefas
564 4071 682 4110 esse
712 4054 1031 4122 videbatur,
1064 4072 1135 4110 ne
1164 4056 1407 4111 mutatio
1438 4057 1560 4111 hac
1590 4056 1904 4128 plurimum

215 4145 423 4217 negotii
456 4144 723 4199 studiosis
773 4144 1073 4200 facesseret
1118 4144 1205 4199 Ad
1258 4146 1381 4200 haec
1408 4162 1525 4201 non
1577 4146 1726 4201 leves
1752 4145 1901 4201 difﬁ-

208 4235 443 4289 cultates
470 4234 536 4287 in
574 4233 969 4288 constituendo
1003 4234 1376 4300 epistularum
1405 4235 1625 4301 ordine,
1658 4234 1759 4307 qui
1779 4251 1902 4289 om-

2015 3078 2341 3133 suasissent.
2414 3078 2525 3133 Sed
2610 3080 3029 3135 Altercationem
3057 3093 3177 3133 cum
3231 3077 3511 3132 Pascentio
3584 3090 3714 3145 qua:

2016 3168 2309 3223 CLXXVIII
2343 3168 2750 3224 numerabatur
2778 3168 2927 3223 inter
2968 3166 3274 3239 Augustini
3330 3165 3615 3236 epistolas,
3649 3168 3715 3218 ut

2007 3257 2129 3328 jam
2178 3257 2403 3329 pridem
2458 3258 2838 3314 Lovanienses
2890 3258 3159 3325 fecerant,
3218 3254 3281 3310 in
3337 3251 3712 3324 appendicem

2014 3348 2364 3417 relegarunt.

2086 3439 2396 3493 Revocasse
2426 3453 2485 3492 se
2515 3436 2719 3493 deinde
2748 3440 3028 3492 testantur
3083 3435 3352 3508 epistolas
3409 3431 3707 3505 quasdam.

2014 3542 2131 3582 non
2159 3527 2344 3581 solum
2389 3542 2531 3598 quas
2576 3526 2933 3597 Augustinus
2982 3525 3217 3580 nomine
3273 3539 3376 3577 suo
3434 3520 3590 3576 misit
3638 3519 3709 3573 ad

2014 3614 2177 3683 alios,
2211 3617 2306 3670 sed
2339 3632 2404 3669 ex
2433 3616 2546 3670 illis
2576 3615 2771 3680 etiam,
2801 3632 2932 3687 quae
2962 3614 3033 3669 ad
3060 3614 3251 3683 ipsum
3281 3630 3314 3667 a
3357 3611 3555 3665 multis
3587 3609 3709 3663 fue-

2014 3708 2147 3757 runt
2179 3703 2434 3759 directas.
2480 3704 2666 3759 Veluti
2698 3704 2932 3760 Timasii
2970 3709 3027 3758 et
3074 3703 3262 3759 Jacobi
3304 3701 3441 3756 item
3487 3699 3714 3755 Honorii

2014 3797 2070 3847 et
2102 3793 2403 3863 Theodosii,
2440 3796 2849 3864 imperatorum,
2883 3792 3262 3864 Quodvultdei,
3322 3790 3589 3859 Prosperi,
3642 3786 3711 3840 ad

2008 3880 2307 3948 Pelagium,
2332 3881 2400 3935 ad
2449 3881 2866 3951 Simplicianum
2909 3880 2980 3935 de
3034 3894 3206 3949 opere
3239 3878 3349 3950 ipsi
3395 3877 3606 3940 dicato,
3640 3874 3712 3928 ad

2011 3970 2320 4037 Aurelium,
2371 3970 2442 4025 ad
2496 3971 2790 4036 Valerium,
2819 3970 2890 4024 ad
2938 3968 3243 4033 Claudium,
3299 3966 3366 4021 ad
3424 3964 3713 4031 Quodvult-

2012 4056 2171 4111 deum
2227 4073 2399 4130 super
2452 4057 2611 4111 libris
2642 4074 2841 4112 eorum
2872 4057 3105 4112 nomine
3164 4054 3528 4125 nuncupatis,
3585 4066 3714 4123 qum

2014 4149 2178 4198 antea
2234 4145 2295 4199 in
2352 4145 2723 4217 epistularum
2764 4161 3029 4221 recensu!
3058 4144 3549 4199 desiderabantur.
3608 4141 3712 4207 Eas

2012 4250 2209 4289 omnes
2256 4250 2392 4305 ergo
2443 4250 2546 4289 suo
2606 4234 2730 4289 loco
2777 4233 3111 4288 inserendas
3165 4236 3484 4287 curarunt:
3528 4228 3610 4283 uti
3655 4232 3714 4283 et

204 4324 362 4378 nibus
395 4323 694 4394 probetur,
724 4338 856 4378 cum
884 4323 952 4378 de
983 4324 1391 4379 nonnullarum
1416 4328 1582 4379 aetate
1611 4324 1901 4395 disputent
1941 4310 1983 4364 Ι)
2013 4322 2424 4377 catholicorum
2456 4322 2855 4394 episcOporum
2892 4321 3168 4393 rescripta
3212 4321 3287 4376 ad
3337 4321 3713 4376 Marcellinum

204 4412 441 4467 eruditi.
480 4415 666 4482 Atque
695 4411 817 4466 haec
841 4411 1205 4482 potissimum
1232 4429 1346 4468 non
1372 4413 1519 4468 ratio
1551 4414 1900 4481 morabatur,

203 4503 416 4574 quippe
446 4501 547 4572 qui
573 4500 859 4572 praecipue
897 4500 959 4555 in
988 4501 1249 4556 animum
1293 4501 1649 4571 induximus,
1688 4503 1797 4558 huc
1842 4503 1904 4557 in

200 4589 392 4645 labore
423 4593 619 4643 nostro
651 4594 989 4643 neutrorum
1018 4590 1315 4654 sententia:
1346 4594 1560 4644 temere
1618 4590 1904 4646 adversari

200 4685 295 4732 aut
350 4679 569 4734 favere.
632 4677 760 4731 Haec
789 4692 925 4747 ergo
958 4682 1250 4733 momenta
1280 4696 1312 4733 a
1368 4679 1645 4733 mutando
1700 4678 1905 4749 epistu-

200 4768 381 4821 larum
412 4766 619 4819 ordine
649 4782 752 4821 nos
783 4766 1173 4835 deterrebant,
1236 4784 1340 4822 nec
1386 4768 1551 4822 facile
1592 4767 1650 4822 id
1682 4785 1714 4822 a
1739 4768 1904 4824 nobis

198 4862 391 4910 contra
444 4853 771 4925 superiores
824 4854 1107 4910 editiones
1131 4856 1555 4928 suscipiendum
1584 4856 1899 4913 videbatur.

195 4945 269 4999 Ex
299 4946 545 4999 adverso
575 4948 768 4997 tamen
800 4943 955 4999 aliud
1003 4945 1339 5014 suadebant,
1389 4962 1507 5000 non
1558 4950 1781 5001 tantum
1807 4963 1904 5001 va-

195 5034 274 5089 ria
319 5034 687 5089 eruditorum
745 5034 1006 5105 exempla
1056 5034 1118 5089 in
1175 5034 1430 5106 epistolis
1498 5036 1549 5090 S.
1612 5035 1901 5108 Cypriani,

193 5122 245 5177 S.
280 5123 510 5191 Leonis,
551 5127 681 5189 etc.,
716 5123 814 5176 sed
845 5122 1022 5178 etiam
1051 5122 1307 5178 virorum
1363 5140 1481 5179 non
1536 5123 1725 5179 minus
1772 5139 1901 5179 sen-

194 5212 394 5277 tentia,
421 5226 598 5282 quam
631 5210 931 5281 dignitate,
980 5212 1381 5282 praestantium
1428 5212 1761 5280 auctoritas,
1803 5212 1905 5285 qui

195 5300 514 5371 posteritati
542 5300 651 5354 hac
680 5316 831 5354 nova
861 5298 1115 5355 editione
1146 5302 1469 5357 consultum
1490 5301 1775 5356 volebant.
1807 5302 1904 5357 His

197 5388 434 5443 omnino
466 5388 746 5459 exemplis
775 5391 830 5442 et
881 5389 1315 5446 auctoritatibus
1369 5390 1618 5454 adducti,
1668 5390 1904 5446 tandem

198 5476 618 5545 consensimus,
647 5480 713 5532 ut
738 5478 1044 5549 Augustini
1067 5478 1338 5550 epistolas
1367 5480 1437 5535 ad
1467 5494 1753 5535 annorum
1808 5496 1901 5535 se-

197 5563 338 5621 riem
370 5565 594 5639 (quoad
622 5564 750 5621 fieri
769 5565 982 5639 posset)
1015 5571 1338 5624 accuratam
1384 5583 1801 5627 revocaremus.
1838 5568 1905 5626 Et

2016 4411 2312 4467 tribunum
2366 4411 2657 4467 occasione
2699 4411 3017 4466 collationis
3066 4408 3549 4481 Carthaginensis,
3608 4424 3713 4463 nec

2012 4516 2131 4555 non
2160 4500 2461 4571 epistolam
2498 4500 2571 4555 ad
2596 4502 2878 4557 Proculum
2915 4505 2973 4554 et
3019 4501 3349 4569 Cylinnium,
3394 4498 3712 4555 Gallicanos

2013 4590 2314 4659 antistites,
2352 4590 2578 4661 Leporii
2606 4605 2777 4645 causa
2822 4589 3245 4645 transmissam:
3288 4605 3417 4660 qua:
3475 4590 3708 4658 scripta,

2013 4678 2302 4750 inquiunt,
2332 4694 2449 4733 non
2478 4678 2666 4733 minus
2687 4695 2793 4750 pro
2821 4678 2969 4733 veris
2998 4695 3062 4733 ac
3090 4678 3356 4750 genuinis
3407 4676 3713 4749 Augustini

2014 4767 2221 4823 fetibus
2248 4767 2512 4823 habenda
2555 4773 2709 4835 sunt,
2737 4784 2912 4839 quam
2965 4767 3221 4838 epistolae
3264 4768 3379 4822 illa:
3423 4764 3713 4835 Carthagi-

2013 4857 2206 4911 nensis
2235 4872 2299 4911 ac
2329 4856 2672 4913 Milevitana:
2713 4856 2917 4928 synodi
2952 4856 3187 4911 nomine
3236 4857 3311 4910 ad
3337 4856 3701 4911 Innocentium

2014 4946 2265 5013 directas,
2291 4962 2434 5017 quas
2464 4946 2550 5001 uti
2576 4962 2610 5001 a
2637 4946 2690 5001 S.
2725 4948 2968 5001 Doctore
2993 4946 3227 5001 dictatas
3255 4960 3386 4999 cum
3433 4940 3557 4995 aliis
3586 4940 3710 5011 ejus

2013 5034 2268 5106 epistolis
2316 5051 2515 5091 omnes
2569 5034 2877 5105 recipiunt.
2936 5036 3000 5089 In
3044 5033 3333 5104 aliquibus
3382 5035 3577 5084 tamen
3604 5045 3710 5084 usu

2006 5125 2127 5196 jam
2167 5125 2390 5196 pridem
2411 5135 2639 5197 recepto
2666 5125 2961 5179 obsecutus
2992 5140 3050 5177 se
3096 5137 3217 5177 esse
3267 5120 3539 5174 fatentur.
3596 5120 3710 5175 Be-

2012 5214 2331 5269 vocandum
2361 5214 2516 5269 enim
2565 5214 2738 5269 fuisse
2761 5214 2924 5285 juxta
2954 5212 3280 5267 institutum
3332 5225 3499 5263 suum
3537 5210 3710 5264 etiam

2011 5307 2316 5359 tractatum
2374 5305 2439 5359 de
2484 5306 2627 5360 Bono
2676 5302 2981 5361 Viduitatis
3048 5299 3263 5371 quippe
3306 5298 3406 5371 qui
3464 5315 3595 5355 vera
3637 5299 3710 5353 sit

2011 5393 2317 5465 Augustini
2337 5392 2599 5465 epistola,
2630 5408 2815 5464 eoque
2845 5390 3078 5444 nomine
3111 5386 3268 5443 nulla
3314 5388 3438 5460 ejus
3481 5388 3543 5443 in
3596 5390 3706 5444 Re-

2010 5482 2415 5538 tractationum
2443 5482 2590 5537 libro
2612 5480 2825 5536 mentio
2846 5478 3141 5533 habeatur.
3171 5478 3281 5534 Sed
3301 5477 3430 5534 libri
3452 5476 3705 5542 titulum,

2012 5586 2081 5627 ex
2107 5570 2423 5644 longinquo
2452 5571 2562 5643 ipsi
2609 5571 3007 5636 inhaerentem,
3061 5568 3358 5625 detrahere
3414 5566 3703 5623 nolebant.
