4060 6194
329 316 388 370 91
1331 303 1889 364 SUPPLEMENTUM
1930 304 2020 359 AD
2059 303 2293 360 OPERA
2331 303 2387 358 S.
2429 300 2821 358 AUGUSTINI.
3759 303 3821 354 92

331 434 601 506 Ejusdem
627 429 970 487 conditionis
1009 430 1120 486 fuit
1139 429 1396 501 epistola,
1450 443 1625 499 quam
1680 427 2033 498 Augustinus
2068 428 2113 484 A
2142 429 2278 482 dum
2311 425 2639 482 Matthaaum
2681 426 2780 483 lib.
2825 429 2870 483 Ι.
2923 428 3140 498 (Lovan.
3193 429 3254 483 Τ.
3316 429 3430 499 ιν.)
3484 430 3549 483 In
3599 427 3824 484 Joannis

329 525 580 596 ﬁdelibus
608 523 683 578 ad
719 537 830 577 sua
851 523 1079 576 sationis
1136 534 1321 574 curam
1352 519 1746 588 pertinentibus
1804 517 2028 589 scripsit

330 617 531 667 contra
561 611 925 674 Petilianum,
979 623 1222 679 quaeque
1266 607 1384 677 jam
1416 607 1546 660 inde
1606 605 1675 660 ab
1722 605 2027 677 Augustini

329 706 610 772 tempore,
653 699 818 754 sicuti
856 699 915 751 in
960 697 1104 751 libro
1157 713 1197 751 ιι
1240 695 1727 750 Retractationum
1782 711 1905 765 cap.
1957 697 2024 749 25

332 792 592 849 testatur,
642 785 850 857 prioris
881 784 1150 838 adversus
1206 783 1461 854 ejusdem
1519 781 1774 837 haeretici
1814 781 2028 836 litteras

328 877 462 932 libri
511 877 698 930 locum
754 872 1021 927 obtinuit.
1083 872 1195 927 Nec
1263 870 1562 927 Secundini
1624 869 1915 925 Manichzei
1959 869 2029 923 ad

330 966 697 1034 Augustinum
726 963 1007 1032 epistolam
1037 961 1148 1016 huc
1168 960 1455 1014 retrahere
1485 959 1897 1024 sustinuerunt,
1932 958 2027 1014 sed

331 1047 391 1100 in
422 1048 578 1099 sexto
610 1057 851 1114 operum
905 1045 1061 1094 tomo
1099 1040 1473 1111 reliquerunt,
1507 1039 1720 1093 scilicet
1748 1039 1821 1092 ob
1849 1038 1906 1092 id
1933 1054 2029 1092 so-

332 1135 452 1188 lum
479 1131 806 1203 legendum.
838 1132 903 1183 ut
929 1144 994 1182 ea
1023 1127 1252 1199 plenius
1285 1127 1696 1198 intelligantur,
1746 1142 1875 1198 quae
1914 1125 2031 1180 illic

350 1223 620 1278 adversus
651 1218 963 1276 Secundini
994 1233 1211 1271 errores
1240 1217 1489 1288 disputat
1517 1216 1889 1288 Augustinus.

404 1310 664 1383 Denique
712 1325 817 1364 nec
873 1309 1058 1362 solum
1090 1307 1268 1361 editas
1299 1307 1570 1377 epistolas
1599 1305 1913 1360 reddidisse
1939 1304 2028 1359 vi-

334 1400 459 1456 deri
487 1401 705 1466 volunt,
734 1403 831 1453 sed
862 1412 1036 1451 novas
1068 1395 1287 1466 aliquot
1336 1394 1509 1465 primi
1554 1393 1613 1448 in
1668 1393 1852 1448 lucem
1900 1409 2030 1464 pro-

301 1516 304 1517 ν
336 1491 596 1545 tulerunt
623 1505 638 1556 ;
669 1485 994 1559 cujusmodi
1023 1490 1155 1540 sunt
1183 1485 1481 1552 Augustini
1509 1483 1691 1539 adhuc
1720 1483 2032 1555 presbyteri

339 1579 406 1634 ad
435 1580 721 1648 Alypium,
745 1579 1051 1647 episcopum
1101 1577 1496 1641 Tagastensem,
1546 1574 1772 1643 epistola
1817 1588 1877 1627 ιι.
1936 1575 2027 1639 29,

338 1669 468 1724 dua:
499 1668 825 1734 Augustini,
851 1665 988 1719 item
1019 1665 1323 1732 Augustini
1345 1667 1402 1717 et
1428 1664 1627 1733 Alypii
1641 1662 1711 1717 ad
1740 1663 2030 1717 Paulinum

340 1758 617 1812 Nolensem
645 1755 901 1825 epistolae,
960 1753 1167 1823 quibus
1211 1767 1486 1806 numerus
1515 1767 1712 1805 earum
1761 1750 2029 1822 epistola-

340 1861 470 1900 rum
501 1845 558 1898 in
615 1842 856 1898 Possidii
901 1841 1087 1896 indice
1138 1845 1445 1894 annotatus
1475 1840 1816 1910 completur,
1865 1855 2029 1897 num.

338 1936 408 1990 42
437 1938 493 1988 et
518 1935 606 1989 45.
633 1934 938 2001 Augustini
985 1931 1214 2001 epistola
1243 1929 1314 1984 ad
1346 1931 1713 1997 Mercatorem,
1747 1945 1811 1983 ex
1865 1928 2034 1984 tertia

221 2060 224 2062 η
337 2027 500 2095 parte
531 2020 667 2077 olim
689 2020 937 2075 exhibita
965 2020 1022 2074 in
1054 2019 1202 2074 ltbro
1254 2018 1319 2072 ad
1370 2018 1698 2084 Dulcitium,
1757 2033 1910 2072 nunc
1939 2034 2035 2072 au-

337 2116 454 2166 tem
495 2111 750 2181 primum
797 2125 864 2163 ex
921 2107 1145 2178 integro
1176 2107 1326 2173 data,
1395 2122 1558 2161 num.
1616 2108 1735 2161 193.
1769 2108 2034 2161 Attamen

342 2199 568 2256 miratio
619 2198 789 2266 subit,
826 2197 926 2269 qui
973 2196 1184 2250 factum
1232 2197 1326 2265 sit,
1359 2199 1422 2250 ut
1476 2194 1605 2250 licet
1656 2200 1892 2266 quatuor
1920 2194 2036 2266 epi-

344 2289 505 2345 stola
532 2287 602 2343 de
633 2303 802 2355 novo,
835 2286 1206 2357 septemdecim
1237 2284 1313 2356 (a)
1370 2290 1562 2338 autem
1591 2300 1658 2339 ex
1698 2285 1825 2339 aliis
1873 2301 2038 2356 supe-

337 2378 556 2433 riorum
586 2375 904 2432 editionum
935 2375 1107 2429 tomis
1135 2375 1246 2428 huc
1294 2374 1486 2428 relata:
1524 2373 1757 2439 fuerint,
1817 2390 1922 2445 par
1949 2378 2035 2428 ta-

343 2483 476 2523 men
506 2481 782 2521 numerus
811 2464 873 2519 in
933 2463 1265 2520 Lovaniensi
1298 2467 1355 2518 et
1397 2462 1758 2517 benedictina
1811 2479 2038 2534 compa-

343 2561 496 2623 reat;
530 2571 635 2609 nec
655 2555 862 2625 ejectas
901 2569 1022 2608 esse
1052 2553 1273 2625 aliquot
1299 2553 1370 2607 ab
1399 2552 1531 2619 illis,
1587 2558 1796 2624 praeter
1843 2554 2038 2608 Alter-

339 2647 601 2700 cationem
647 2659 765 2700 cum
822 2644 1120 2709 Pascentio,
1163 2641 1282 2696 ullo
1337 2641 1548 2696 indicio
1601 2641 1894 2713 proditum
1941 2641 2034 2697 sit.

341 2737 465 2792 lam
519 2734 677 2806 quod
723 2733 978 2788 rationes
1015 2733 1234 2800 attinet,
1283 2732 1492 2804 quibus
1534 2733 1594 2788 in
1645 2733 2040 2788 constituenda

340 2824 710 2896 epistolarum
751 2827 915 2877 etate
963 2826 1136 2893 atque
1175 2823 1295 2876 loco
1336 2821 1492 2876 ducti
1531 2821 1762 2888 fuerint,
1819 2821 1888 2876 de
1935 2820 2041 2874 sin-

339 2912 488 2985 gulis
546 2911 838 2984 sigillatim
890 2916 1302 2981 exposuerunt,
1357 2915 1416 2965 et
1451 2909 1512 2965 in
1559 2910 2036 2966 commentarium

2139 517 2504 587 Evangelium
2556 522 2828 571 tractatus
2882 518 3116 584 CXXIV;
3176 518 3240 571 In
3271 517 3438 588 epist.
3487 518 3720 572 Joannis
3755 517 3824 572 ad

2133 607 2370 661 Parthos
2399 607 2688 660 Tractatus
2725 607 2784 661 Χ.
2833 605 3054 675 (Lovan.
3105 606 3163 660 T.
3201 606 3314 675 IX.)
3348 606 3635 677 Expositio
3683 623 3823 677 qua-

2135 695 2400 750 rumdam
2435 694 2895 765 propositionum
2935 710 3003 748 ex
3041 692 3291 763 Epistola
3345 693 3413 747 ad
3449 695 3614 748 Rom.
3648 693 3723 747 lib
3765 694 3824 757 I;

2139 784 2402 856 Epistolas
2424 784 2492 838 ad
2529 785 2818 839 Romanos
2855 783 3120 837 inchoata
3149 781 3425 852 expositio
3481 782 3556 836 lib
3615 783 3672 848 l;
3737 783 3830 836 Ex-

2135 873 2344 944 positio
2401 872 2668 942 Epistolas
2723 871 2795 926 ad
2866 872 3107 926 Galatas.
3158 872 3360 941 (Lovan
3406 871 3468 924 T.
3508 871 3622 940 IV.)
3666 899 3732 911 -
3764 872 3826 926 In

2135 961 2486 1031 Appendice:
2517 963 2586 1014 De
2615 960 2957 1015 Mirabilibus
3002 974 3170 1014 sacrae
3219 958 3514 1028 Scriptum
3559 959 3661 1013 lib.
3714 959 3790 1013 III
3813 974 3828 1024 ;

2136 1053 2210 1105 De
2237 1049 2704 1104 Benedictionibus
2755 1049 2918 1103 Iacob
2955 1048 3320 1118 patriarcha;
3379 1047 3705 1112 Quaestiones
3756 1061 3835 1100 ve-

2140 1141 2268 1194 teris
2291 1143 2342 1192 et
2387 1140 2514 1192 novi
2565 1140 2925 1203 Testamenti;
2984 1138 3314 1204 Quaestiones
3364 1137 3556 1190 veteris
3609 1139 3660 1189 et
3707 1135 3834 1189 novi

2143 1229 2468 1295 Testamenti
2529 1232 2654 1297 post
2711 1228 2985 1296 (vulgate.
3042 1228 3246 1280 Lovan.
3305 1241 3434 1295 app.
3484 1226 3545 1278 T.
3598 1225 3716 1291 ΙΙΙ.)
3768 1225 3830 1280 In

2138 1319 2199 1372 B.
2231 1318 2457 1371 Joannis
2535 1316 2910 1386 Apocalypsin
2989 1313 3294 1384 Expositio.
3376 1314 3593 1384 (Lovan.
3682 1313 3827 1382 App.

2137 1407 2198 1461 Τ.
2229 1403 2334 1474 1x.)

2211 1490 2558 1562 Principium
2596 1491 2658 1545 in
2712 1490 3045 1562 praefatione
3107 1490 3176 1545 de
3248 1490 3473 1545 eximiis
3537 1488 3835 1561 Augustini

2140 1579 2370 1635 dotibus
2397 1579 2459 1634 in
2489 1579 2836 1650 exponendis
2865 1578 3194 1651 Scripturis,
3222 1580 3403 1634 multa
3447 1578 3702 1650 quidem,
3735 1593 3836 1633 nec

2139 1669 2334 1741 inepta
2364 1673 2556 1723 tamen
2585 1667 2765 1738 ipsius
2794 1668 2984 1723 laude.
3031 1667 3180 1722 Vitia
3225 1669 3349 1739 ejus
3405 1683 3521 1722 non
3569 1666 3836 1722 defende-

2140 1774 2223 1825 re,
2255 1757 2355 1812 sed
2377 1772 2646 1811 excusare
2669 1755 2918 1810 student.
2962 1757 3040 1810 De
3068 1756 3350 1823 versione,
3382 1772 3497 1828 qua
3541 1755 3602 1809 in
3663 1770 3836 1826 expo-

2139 1847 2330 1902 nendo
2354 1845 2530 1899 veteri
2584 1845 2945 1899 Testamento
2975 1860 3111 1898 usus
3154 1844 3346 1911 fuerit,
3403 1849 3658 1904 monent,
3708 1858 3839 1896 eum

2139 1933 2332 2004 ipsum
2365 1932 2621 1986 Graecum
2673 1935 3006 1985 contextum
3031 1931 3127 1977 τῶν
3159 1931 3284 1985 LXX
3325 1930 3397 1984 ab
3425 1945 3491 1984 eo
3546 1934 3839 2000 receptum

2143 2036 2285 2086 esse,
2317 2035 2488 2090 quem
2521 2018 2806 2073 recensuit
2853 2018 3150 2085 Nobilius;
3198 2019 3484 2090 hujusque
3537 2017 3840 2088 plerasque

2141 2109 2426 2163 variantes
2455 2125 2522 2162 ex
2561 2107 2887 2178 Augustino
2945 2108 3218 2162 lectiones
3265 2123 3333 2162 ex
3381 2107 3703 2162 editionum
3758 2106 3838 2160 vi-

2140 2195 2234 2251 tiis
2263 2200 2416 2251 ortas
2471 2212 2611 2263 esse,
2667 2211 2797 2266 quae
2855 2200 3110 2250 veterum
3169 2195 3429 2251 codicum
3483 2195 3734 2250 subsidio
3779 2195 3842 2248 in

2143 2303 2244 2340 sua
2275 2285 2524 2340 editione
2550 2284 2920 2340 sustulerunt.
2956 2286 3022 2339 In
3052 2284 3214 2340 libris
3244 2289 3437 2339 autem
3471 2285 3839 2339 Locutionum

2144 2381 2201 2432 et
2247 2374 2640 2440 Quaestionum
2679 2373 2738 2427 in
2770 2374 3246 2444 Heptateuchum,
3309 2390 3454 2446 quos
3499 2374 3622 2443 jam
3671 2389 3840 2427 senex

2143 2462 2487 2534 composuit,
2521 2462 2776 2533 itemque
2806 2461 2865 2515 in
2895 2462 3153 2532 Speculo,
3183 2462 3333 2533 quod
3357 2461 3460 2516 sub
3508 2461 3684 2515 ﬁnem
3711 2459 3842 2514 vitae

2145 2569 2262 2606 suae
2295 2550 2563 2618 exaravit,
2592 2549 2909 2604 versionem
2939 2565 3073 2604 eum
3119 2549 3470 2604 consuluisse
3520 2549 3744 2613 docent,
3775 2563 3840 2602 ex

2147 2639 2398 2696 Hebraeis
2429 2639 2685 2694 fontibus
2705 2638 2964 2709 proxime
2995 2637 3330 2706 derivatam,
3372 2636 3595 2709 vulgari
3636 2640 3845 2691 nostra“:

2146 2729 2602 2795 convenientem,
2654 2732 2710 2782 et
2755 2727 2946 2782 forsan
3001 2727 3544 2799 Hieronymianam;
3597 2726 3846 2796 indeque

2146 2819 2359 2874 factum
2388 2833 2508 2872 esse
2528 2816 2825 2887 colligunt,
2857 2819 2922 2871 ut
2949 2815 3146 2872 eadem
3179 2817 3240 2870 in
3289 2833 3492 2871 manus
3547 2815 3746 2886 populi
3774 2813 3846 2870 ab

2148 2907 2468 2978 Augustino
2495 2922 2600 2977 per
2653 2905 2864 2960 librum
2907 2905 3148 2974 huncce,
3204 2923 3272 2961 ex
3324 2905 3496 2960 variis
3542 2905 3851 2975 Scriptura:

333 3002 498 3072 juxta
543 3003 748 3056 classes
779 3001 1022 3056 divisum
1053 3001 1376 3055 retulerunt
1402 2999 1776 3071 inscriptum:
1805 3002 2041 3070 Episto-
2077 3019 2116 3075 ρ
2149 2994 2485 3050 centonibus
2533 2994 2855 3056 COIIectum,
2905 2993 3137 3063 tradita,
3191 2993 3439 3065 vulgaris
3499 2993 3741 3047 evaserit
3786 3008 3852 3046 ac

341 3094 521 3146 larum
562 3090 704 3146 Ordo
781 3091 1193 3156 Chronologicus
1241 3087 1574 3157 argumentis
1621 3089 2035 3144 demonstratus.

343 3182 457 3236 Nec
488 3178 724 3246 indices,
756 3193 1150 3248 quoscumque
1187 3193 1322 3230 usus
1372 3175 1668 3247 requirere
1723 3177 2040 3244 videbatur,

340 3267 654 3323 desiderari
701 3265 854 3336 passi
901 3271 1054 3332 sunt,
1113 3264 1172 3319 in
1209 3264 1418 3336 quibus
1447 3264 1695 3320 maxime
1724 3264 1968 3336 insignis
1997 3264 2044 3318 is

347 3360 450 3422 est,
489 3355 549 3408 in
580 3371 692 3426 quo
723 3354 977 3425 epistolae
1005 3353 1318 3408 secundum
1369 3353 1658 3425 praecipua
1697 3369 1894 3407 eorum
1950 3368 2045 3406 ar-

347 3429 882 3516 gumenta'digestat
935 3447 1086 3508 sunt,
1136 3445 1192 3496 et
1239 3440 1492 3513 epistolas
1519 3443 1841 3512 theologicae,
1897 3443 2044 3514 pole-

343 3535 514 3601 πιέσω,
555 3535 854 3601 exegeticz,
899 3533 1286 3599 ecclesiastica,
1344 3532 1593 3598 morales,
1636 3532 2042 3602 philosophicas,

350 3624 620 3678 historicas
637 3627 695 3675 et
722 3623 890 3676 variae
920 3621 1168 3692 denique
1201 3620 1531 3676 recitantur.

421 3715 582 3767 Tomo
640 3713 833 3766 tertio:
872 3740 944 3749 —
993 3709 1280 3780 Opuscula
1317 3708 1624 3780 exegetica,
1667 3724 1772 3780 per
1824 3712 2048 3763 tomum

344 3800 436 3862 III,
487 3799 555 3854 IV
610 3803 665 3853 et
722 3799 810 3868 IX,
871 3798 930 3852 in
988 3797 1322 3854 Lovaniensi
1383 3798 1671 3865 distracta,
1731 3797 2048 3852 secundum

343 3887 768 3958 Scripturarum
821 3886 1084 3941 ordinem
1139 3885 1412 3958 disposita
1459 3889 1516 3942 et
1572 3886 1634 3940 in
1664 3885 1805 3940 duas
1833 3891 2046 3956 partes,

343 3976 551 4031 veteris
579 3980 636 4030 et
676 3975 808 4029 novi
837 3974 1201 4042 Tcstamenti,
1234 3979 1367 4030 sunt
1395 3974 1592 4042 divisa,
1626 3973 1935 4046 prmmissis
1988 3972 2050 4028 in

345 4065 532 4121 fronte
591 4063 752 4119 libris
799 4064 868 4120 de
919 4063 1188 4119 Doctrina
1248 4062 1589 4132 Christiana,
1636 4064 1804 4118 veluti
1849 4064 2051 4118 clavem

346 4159 510 4224 atque
560 4159 732 4208 artem
788 4153 1084 4224 quamdam
1137 4158 1293 4208 recte
1347 4153 1749 4224 interpretandi
1792 4154 2047 4219 rationis,

2149 3082 2555 3155 receptissima.
2605 3081 2764 3146 Quod
2795 3081 2868 3137 ad
2922 3097 3085 3136 suam
3131 3098 3384 3153 operam,
3418 3086 3621 3137 cavent
3649 3080 3851 3152 impri-

2150 3172 2279 3240 mis,
2311 3187 2383 3226 ne
2415 3170 2543 3242 quis
2572 3169 2940 3242 negligentiae
2965 3175 3064 3224 aut
3097 3170 3405 3225 temeritati
3453 3186 3572 3225 suae
3613 3169 3854 3239 tribuat,

2150 3263 2197 3317 si
2223 3261 2284 3316 in
2315 3259 2604 3315 nonnullis
2632 3259 2940 3329 Scripturae
2971 3259 3322 3314 testimoniis
3338 3258 3664 3312 varietatem
3698 3257 3854 3328 apud

2149 3349 2535 3422 Augustinum
2567 3347 3030 3419 deprehenderit,
3066 3351 3237 3419 atque
3263 3363 3439 3402 unam
3476 3346 3855 3418 eamdemque

2151 3437 2495 3494 sententiam
2521 3453 2638 3492 non
2683 3440 3015 3492 constanter
3042 3436 3102 3490 in
3131 3436 3424 3506 integrum
3478 3436 3713 3508 ubique,
3753 3435 3858 3490 sed

2151 3527 2319 3583 certis
2349 3525 2692 3599 quibusdam
2721 3525 2781 3580 in
2810 3524 2948 3579 locis
2979 3525 3322 3591 restitutam,
3369 3525 3468 3580 sed
3519 3524 3713 3595 potius
3756 3539 3859 3578 re-

2150 3615 2352 3688 ligioni
2399 3619 2456 3669 et
2499 3613 2734 3668 sincerae
2781 3613 2936 3679 ﬁdei,
2971 3629 3086 3685 qua
3117 3613 3376 3668 codicum
3421 3629 3648 3684 semper
3701 3612 3854 3684 opti-

2152 3718 2379 3758 morum
2400 3701 2638 3773 vestigia
2665 3701 2844 3757 secuti
2873 3702 3106 3756 fuerint.

2228 3795 2388 3847 Tomo
2445 3795 2671 3861 quarto:
2711 3821 2780 3831 —
2815 3791 3212 3846 Enarrationes
3264 3793 3324 3845 in
3379 3792 3620 3847 Psalmos
3667 3789 3861 3846 conti-

2155 3885 2385 3948 nentur,
2412 3896 2554 3953 quas
2583 3885 2815 3934 octavus
2873 3880 3314 3935 Lovaniensium
3366 3885 3556 3934 tomus
3605 3879 3865 3952 comple-

2154 3970 2345 4026 ctitur.

2226 4060 2291 4114 In
2321 4056 2660 4129 praefatione
2710 4059 3004 4128 exponunt
3046 4056 3116 4112 de
3155 4055 3378 4111 diversa
3429 4055 3868 4111 enarrationnm

2157 4148 2362 4204 harum
2393 4145 2662 4202 methodo
2691 4163 2754 4201 ac
2783 4145 2996 4212 indole,
3028 4162 3131 4218 pro
3187 4145 3373 4211 variis,
3415 4162 3450 4200 a
3478 4146 3686 4218 quibus
3723 4161 3868 4217 pro-

348 4258 513 4313 quam
535 4242 847 4296 adhibuerit
868 4243 1211 4308 Augustinus
1239 4246 1290 4296 et
1316 4247 1438 4312 post
1475 4257 1595 4298 eum
1623 4239 1876 4297 catholici
1902 4256 2048 4296 com-
2080 4308 2112 4313 Δ
2156 4235 2565 4308 gignebantur,
2595 4233 3023 4301 occasionibus;
3055 4233 3195 4288 item
3247 4233 3316 4288 de
3364 4234 3599 4305 regulis,
3630 4249 3776 4305 quas
3803 4233 3872 4288 in

347 4308 690 4385 mentatores.
721 4359 790 4368 —
815 4331 879 4384 In
894 4332 1080 4398 prima
1107 4334 1266 4400 parte
1287 4308 1334 4384 ς-
2078 4308 2128 4366 Ῐ)
2161 4323 2590 4394 interpretando
2633 4322 2941 4378 servaverit
2988 4322 3360 4393 Augustinus,
3416 4339 3546 4393 quae
3604 4322 3873 4394 quidem,

421 4418 501 4472 De
533 4416 798 4472 Doctrina
831 4416 1152 4472 Christiana
1188 4417 1289 4471 lib.
1319 4419 1424 4484 IV;
1457 4418 1537 4472 De
1582 4417 1785 4472 Genesi
1828 4417 1899 4472 ad
1954 4417 2053 4471 lit—
2163 4419 2226 4469 ut
2253 4429 2320 4468 ex
2352 4412 2497 4467 libro
2543 4412 2613 4467 de
2657 4411 2928 4466 Doctrina
2963 4409 3280 4466 Christiana
3323 4409 3614 4475 discimus,
3654 4409 3727 4464 ad
3755 4409 3874 4464 du-

351 4509 538 4560 teram
598 4503 964 4576 imperfectus
1010 4504 1192 4572 liber;
1227 4505 1306 4558 De
1337 4503 1540 4559 Genesi
1570 4503 1641 4559 ad
1671 4505 1916 4559 litteram
1947 4504 2049 4560 lib.
2159 4501 2367 4573 plicem
2398 4501 2468 4556 de
2515 4500 2728 4568 littera,
2785 4504 2840 4555 et
2896 4499 2965 4554 de
3021 4515 3190 4553 sensu
3240 4498 3482 4570 spiritali
3527 4513 3724 4553 curam
3772 4513 3875 4552 re-

351 4593 466 4649 XII.
504 4591 879 4647 Locutionum
910 4592 1008 4647 lib.
1055 4593 1171 4647 VII.
1214 4592 1437 4660 (Lovan.
1478 4593 1541 4648 T.
1598 4593 1723 4660 III.)
1778 4590 2053 4655 Quaestio-
2163 4591 2360 4646 deunt.
2416 4590 2500 4645 Ad
2563 4592 2876 4660 utrumque
2919 4587 3098 4658 igitur
3150 4592 3554 4658 argumentum
3609 4586 3880 4658 plurima

355 4697 495 4736 num
542 4680 604 4735 in
660 4681 1114 4752 Heptateuchum
1152 4681 1251 4738 lib.
1303 4683 1396 4737 VII
1421 4699 1434 4749 ;
1484 4679 1939 4736 Annotationum
1994 4680 2056 4736 in
2165 4679 2326 4737 utilia
2354 4679 2680 4748 observant,
2711 4678 2772 4732 in
2797 4677 3026 4749 quibus,
3079 4680 3140 4731 ut
3169 4675 3333 4732 facile
3384 4676 3746 4748 intelligitur,
3803 4691 3880 4731 ea

354 4771 479 4826 Job.
514 4769 613 4826 lib.
648 4770 691 4824 Ι.
729 4771 954 4838 (Lovan.
987 4771 1048 4825 Τ.
1082 4770 1196 4842 IV.)
1225 4771 1547 4842 Speculum.
1589 4770 1816 4840 (Lovan.
1843 4768 1904 4826 Τ.
1931 4768 2055 4842 ΙΙΙ.)
2161 4771 2294 4823 sunt
2319 4767 2566 4839 potiora,
2617 4782 2748 4838 quas
2799 4766 2868 4822 de
2918 4764 3106 4821 studio
3161 4765 3486 4836 Augustini,
3547 4771 3607 4820 ut
3643 4769 3880 4820 textum

356 4890 423 4902 —
453 4861 518 4916 In
570 4858 807 4914 secunda
856 4864 1040 4929 parte:
1101 4860 1178 4914 De
1235 4874 1512 4915 consensu
1567 4859 2057 4931 Evangelistarum
2165 4871 2377 4930 purum
2435 4859 2492 4910 et
2545 4854 2838 4926 integrum
2920 4859 3389 4927 consequeretur,
3462 4853 3880 4925 componendo

354 4949 450 5004 lib.
478 4949 585 5004 IV:
620 4949 699 5004 De
729 4947 1004 5004 Sermone
1035 4947 1265 5003 Domini
1293 4947 1355 5002 in
1385 4952 1583 5003 monte
1635 4947 1736 5005 lib.
1772 4948 1855 5016 II;
1891 4949 2058 5014 Quaa-
2164 4944 2375 5019 partim
2405 4943 2630 5012 Latina,
2661 4943 2873 5015 partim
2903 4943 3093 4999 Graeca
3133 4942 3503 5014 exemplaria,
3550 4947 3720 5014 atque
3761 4942 3889 4998 col-

356 5038 610 5094 stionum
658 5037 1127 5109 Evangelicarum
1166 5037 1248 5092 lib
1276 5037 1360 5103 II;
1414 5037 1810 5103 Quaestionum
1853 5053 2060 5093 secun-
2164 5033 2414 5107 ligendis
2491 5032 3004 5104 examinandisque
3086 5031 3444 5088 variantibus
3507 5030 3887 5100 lectionibus,

431 5213 507 5283 (a)
565 5212 710 5269 Sunt
753 5213 869 5270 illa:
903 5217 963 5270 1°
1008 5213 1084 5269 ad
1121 5215 1556 5283 Simplicianum,
1599 5230 1656 5268 ιι.
1708 5217 1812 5282 37;
1858 5216 1919 5269 2°
1947 5213 2062 5270 Sil-

359 5285 497 5338 vani
544 5287 652 5338 etc.
713 5287 1098 5342 catholicorum
1133 5287 1500 5355 episcoporum
1532 5286 1747 5341 collatio
1799 5284 1873 5340 ad
1917 5286 2061 5340 Mar.

363 5355 635 5419 collinum,
697 5369 734 5408 ιι
791 5359 932 5421 128;
980 5359 1040 5412 3ο
1063 5356 1386 5414 Eorumdem
1422 5357 1497 5411 ad
1562 5357 1955 5422 Marcellinum,
2005 5371 2062 5410 ιι.

369 5428 503 5488 129;
536 5426 595 5479 4ο
623 5425 698 5480 ad
725 5427 1026 5494 Pelagium,
1075 5443 1132 5482 ιι.
1190 5427 1330 5491 146ς
1381 5431 1443 5483 5°
1481 5427 1712 5483 Timasii
1755 5432 1806 5480 et
1858 5425 2064 5493 Jacobi,

363 5513 425 5552 ιι.
462 5497 562 5551 168
589 5512 602 5562 ;
631 5498 690 5552 6°
720 5496 795 5550 ad
821 5498 1127 5565 Aurelium,
1157 5514 1216 5553 ιι.
1253 5500 1388 5554 174ε
1419 5503 1486 5554 7°
1547 5498 1622 5554 ad
1661 5498 1931 5554 Valerium
1964 5497 2068 5554 Co-

368 5569 571 5634 mitem,
627 5583 686 5622 ιι.
713 5569 855 5637 20οο;
909 5570 968 5622 8ο
1013 5569 1239 5623 Honorii
1295 5575 1345 5624 et
1399 5570 1700 5635 Theodosii,
1733 5585 1790 5623 n.
1844 5571 1942 5623 201
1973 5570 2070 5635 ;9°

2171 5211 2246 5267 ad
2274 5209 2594 5272 Claudium,
2617 5224 2676 5265 ιι.
2708 5211 2953 5280 207,1οο
2982 5209 3124 5264 Aur.
3164 5210 3338 5279 Aug,
3379 5213 3510 5280 etc.,
3551 5207 3630 5264 ad
3667 5209 3896 5264 Procu—

2171 5287 2283 5340 lum
2330 5287 2381 5336 et
2411 5283 2741 5350 Cylinnium,
2790 5279 2847 5335 ιι.
2878 5283 3013 5350 219;
3075 5284 3165 5335 11ο
3195 5279 3574 5349 Quodvultdei,
3615 5295 3673 5334 ιι.
3730 5281 3839 5334 221
3879 5295 3897 5346 ;

2177 5357 2268 5410 12ο
2296 5353 2372 5408 ad
2400 5353 2854 5420 Quodvultdeum,
2915 5368 2973 5407 ιι.
3029 5354 3172 5419 222;
3239 5354 3328 5407 13ο
3381 5350 3768 5419 Quodvultdei,
3824 5365 3897 5405 ιι.

2173 5428 2321 5491 223;
2369 5425 2461 5479 14ο
2499 5424 2575 5480 ad
2639 5423 3091 5491 Quodvultdeum,
3146 5439 3204 5478 ιι.
3260 5423 3404 5490 224ς
3464 5425 3555 5477 15o
3603 5421 3904 5491 Prosperi,

2175 5499 2400 5621 (225;
2438 5497 2528 5552 16°
2573 5496 2778 5551 Hilarii
2826 5495 2992 5564 Galli,
3030 5509 3088 5550 ιι.
3118 5497 3258 5561 226;
3321 5497 3411 5550 17o
3464 5493 3766 5563 Anonymi,
3814 5508 3894 5547 ιι.
