4044 6190
158 319 230 370 93
1194 313 1469 373 ΝΟΤΙΤΙΑ
1514 314 1882 370 LITTERAM

2080 313 2133 368 S.
2176 314 2641 372 AUGUSTINUM.
3608 329 3676 381 94
3774 370 3785 374 ς

160 436 471 493 disserunt.
516 438 764 495 Omnino
803 442 1017 509 autem,
1049 454 1177 511 quae
1206 438 1269 493 in
1310 438 1860 493 commendationem
1900 442 1945 497 A
1973 437 2098 521 ipso
2156 438 2494 510 Augustino,
2542 457 2730 513 neque
2760 442 2821 499 in
2877 444 3115 501 Possidii
3147 448 3406 521 catalogo
3435 451 3521 506 vel
3562 452 3673 507 mi-

159 526 336 597 hujus
366 528 556 597 operis
602 529 673 583 ab
720 528 789 582 iis
826 528 1157 595 atteruntur,
1205 527 1356 582 dicta
1383 543 1503 581 esse
1551 527 1772 593 volunt,
1808 530 1873 581 ut

161 617 486 687 generatim
517 618 823 689 Augustini
853 618 1186 673 methodum
1217 615 1559 683 defendant;
1587 632 1699 670 non
1716 631 1865 684 vero,

162 710 221 759 ut
250 710 613 776 extorqueant
659 707 728 761 ab
774 706 1040 774 omnibus,
1078 710 1137 761 ut
1168 706 1251 761 vel
1284 706 1583 761 levissimas
1630 704 1872 775 ejusdem

162 794 457 851 allusiones
512 794 715 855 eadem,
750 811 859 865 qua
897 798 1023 866 ipsi,
1073 797 1414 850 veneratione
1446 799 1869 865 prosequantur.

160 883 309 938 Satis
343 899 492 950 esse,
542 885 819 952 scribunt,
860 885 905 938 si
948 900 1068 939 non
1098 883 1365 955 indignas
1426 882 1688 951 materia,
1741 898 1871 954 qua:

162 976 464 1041 tractatur,
500 974 651 1045 aequi
696 990 891 1028 rerum
928 974 1303 1028 aestimatores
1343 973 1693 1043 judicarent.
1748 972 1871 1036 Quo

160 1063 486 1135 plurimum
532 1064 847 1120 conducere
896 1063 1239 1129 existimant,
1274 1063 1333 1132 si
1361 1065 1715 1134 reputarent,
1756 1064 1869 1114 Au-

163 1151 466 1221 gustinum
504 1151 781 1222 temporis
831 1151 1063 1223 ingenio
1109 1150 1319 1205 servire
1352 1166 1414 1205 ac
1458 1149 1639 1221 plebis
1679 1147 1871 1219 captui

164 1256 287 1295 sese
320 1242 781 1308 accommodare,
813 1242 887 1296 ad
913 1241 1241 1313 exemplum
1287 1239 1356 1294 ab
1386 1239 1511 1309 ipso
1540 1237 1778 1292 numine
1810 1237 1871 1291 in

164 1330 338 1384 sacris
372 1330 575 1385 Litteris
601 1329 979 1402 propositum,
1022 1330 1311 1385 debuisse.
1346 1330 1586 1399 Insuper
1615 1327 1683 1382 de
1715 1342 1869 1383 com-

159 1418 587 1474 mentariorum
616 1420 893 1474 horumce
941 1419 1144 1473 merito
1172 1434 1290 1473 non
1332 1434 1454 1473 esse
1482 1416 1868 1488 pronuntian-

157 1507 305 1562 dum
362 1512 692 1579 comparate
748 1507 820 1562 ad
878 1508 1180 1563 Hebraeum
1232 1512 1455 1563 textum
1500 1507 1868 1575 hodiernum,

158 1612 353 1668 neque
401 1596 579 1651 etiam
624 1597 697 1651 ad
727 1596 1271 1668 Hieronymianum;
1306 1596 1590 1669 siquidem
1637 1599 1869 1668 Augus-

153 1684 315 1739 tinus
367 1685 497 1741 LXX
548 1685 909 1755 interpretes,
960 1686 1061 1757 qui
1122 1686 1266 1740 forte
1326 1686 1631 1741 Hebreum
1675 1702 1868 1741 exem-

152 1775 287 1846 plar
317 1790 489 1847 asque
535 1776 623 1830 vel
653 1776 829 1830 etiam
876 1776 1061 1847 magis
1092 1776 1459 1830 emendatum
1515 1774 1867 1841 habuissent,

155 1866 489 1935 sequendos
550 1864 660 1919 sibi
710 1864 1097 1936 proposuerit.
1158 1868 1237 1918 Ac
1290 1866 1398 1919 hoc
1444 1865 1569 1918 loco
1614 1864 1872 1936 sequitur

151 1954 276 2022 jam
313 1952 385 2006 ad
418 1952 597 2007 ﬁnem
631 1969 811 2024 usque
840 1952 1194 2025 praefationis
1219 1953 1551 2025 pertingens
1595 1952 1870 2023 digressio

154 2042 222 2096 de
261 2044 443 2096 variis
484 2044 741 2098 Psalterii
772 2043 1107 2097 versionibus
1139 2059 1206 2096 ex
1238 2042 1365 2097 LXX
1393 2041 1871 2112 Interpretatione

156 2130 447 2197 deductis,
500 2148 631 2203 quae
663 2131 967 2203 Augustini
1009 2148 1074 2185 ac
1129 2132 1457 2203 Hieronymi
1507 2135 1672 2186 aetate
1705 2147 1871 2185 usur-

152 2223 304 2291 patae
355 2218 599 2273 fuerint.
632 2220 788 2273 Inter
832 2220 978 2274 hanc
1030 2222 1221 2273 autem
1252 2218 1699 2289 disputationem
1748 2219 1875 2273 sub—

154 2312 291 2362 nata
346 2312 437 2361 est
493 2306 606 2361 illis
674 2307 963 2377 cogitatio,
1033 2307 1334 2378 permultis
1379 2323 1513 2361 sane
1573 2312 1631 2362 et
1676 2322 1875 2361 eorum

155 2395 361 2463 etiam,
395 2394 498 2466 qui
535 2394 726 2449 minus
764 2394 1155 2467 Augustinum
1185 2400 1407 2465 curant,
1457 2400 1619 2466 grata
1659 2396 1871 2461 futura,

156 2490 218 2538 ut
260 2484 640 2554 dispicerent,
688 2500 844 2555 quem
896 2486 1067 2540 locum
1114 2488 1256 2541 inter
1293 2486 1407 2539 alia
1458 2486 1725 2540 Psalteria
1765 2486 1878 2539 Au-

155 2575 547 2641 gustinianum
589 2573 697 2627 sibi
751 2573 1083 2641 vindicaret;
1127 2590 1199 2628 an
1249 2576 1423 2630 variae
1451 2575 1559 2629 illa:
1609 2575 1871 2641 lectiones,

157 2665 212 2716 in
246 2662 460 2731 quibus
495 2678 530 2715 a
576 2663 811 2729 Vulgata
848 2668 1037 2717 nostra
1070 2662 1318 2731 dissidet,
1352 2663 1584 2718 aliorum
1611 2662 1876 2731 suffragio

158 2752 521 2816 innituntur;
551 2754 603 2805 et
639 2755 823 2805 utrum
874 2750 1090 2806 tandem
1131 2766 1249 2805 cum
1294 2751 1473 2807 Graeco
1517 2752 1658 2806 LXX
1708 2752 1879 2805 Inter-

156 2846 403 2911 pretum,
440 2840 590 2909 quod
623 2845 814 2895 nostra
845 2842 944 2895 hac
973 2841 1232 2895 memoria
1259 2845 1459 2907 exstat,
1501 2841 1629 2910 plus
1662 2842 1877 2894 minus-

162 2944 219 2983 ve
250 2932 580 2983 consentiat.
629 2928 790 2993 Quod
835 2933 897 2983 ut
938 2930 1083 2984 bene
1114 2929 1253 3000 ipsis
1281 2930 1527 2996 cederet,
1586 2930 1876 2999 exempla-

163 3018 244 3071 ria
284 3017 540 3083 diversa,
596 3021 719 3071 tum
768 3018 952 3089 prelo,
1000 3022 1125 3073 tum
1156 3018 1373 3071 calamo
1421 3015 1574 3071 edita
1620 3016 1874 3070 contule—
1906 3037 1944 3093 ο

165 3112 319 3171 runt,
380 3105 823 3178 varietatesque,
889 3122 1029 3177 quas
1087 3104 1582 3178 deprehenderent
1630 3105 1875 3159 maxime

164 3193 448 3266 insignes,
474 3196 640 3265 juxta
685 3212 817 3250 cum
860 3195 1295 3267 Augustinianis
1327 3195 1389 3249 in
1427 3195 1675 3267 quadam
1703 3194 1878 3248 veluti

164 3283 365 3338 tabula
424 3283 687 3353 proxime
738 3288 867 3355 post
920 3284 1317 3355 praefationem
1369 3285 1872 3355 repraesentarunt.

166 3371 368 3426 addito
403 3387 543 3425 m-s.
567 3375 623 3426 et
653 3372 939 3427 editorum
960 3373 1377 3443 exemplarium
1406 3372 1677 3427 indiculo.

238 3461 410 3516 Temo
440 3461 677 3527 Quinto:
711 3491 780 3501 —
808 3462 1039 3516 Duabus
1069 3462 1165 3517 ille
1197 3462 1454 3534 partibus
1483 3458 1878 3532 complectitur

166 3549 479 3605 Sermones
532 3550 599 3604 ad
656 3551 936 3621 populum
988 3550 1051 3605 in
1104 3556 1349 3622 quatuor
1395 3550 1599 3605 classes
1646 3548 1877 3617 divisos,

167 3654 381 3710 nempe
410 3640 594 3708 (parte
615 3638 822 3710 prima)
858 3656 870 3692 :
912 3643 965 3694 to
997 3639 1298 3694 Sermones
1337 3638 1407 3692 de
1449 3637 1744 3709 scripturis
1782 3652 1877 3689 ve-

167 3729 304 3783 teris
370 3734 435 3783 et
485 3728 615 3782 novi
669 3728 1049 3796 Testamenti;
1096 3732 1155 3783 2o
1212 3728 1517 3783 Sermones
1586 3732 1876 3797 tempore;

171 3814 354 3887 (parte
406 3815 706 3885 secunda):
767 3819 824 3871 3ο
881 3818 1183 3871 Sermones
1241 3816 1310 3870 de
1356 3814 1603 3881 Sanctis;
1651 3816 1709 3869 4ο
1760 3814 1882 3869 Ser-

172 3922 374 3961 mones
428 3905 501 3959 de
524 3904 789 3971 diversis;
849 3905 1059 3976 quibus
1116 3909 1175 3960 5o
1222 3904 1531 3959 succedunt
1578 3903 1881 3958 Sermones

171 3994 369 4061 dubii;
438 3993 501 4048 in
575 3992 891 4063 appendice
952 4009 1086 4048 vero
1144 3994 1447 4049 Sermones
1504 3991 1879 4064 supposititii,

172 4080 474 4153 quaternis
498 4080 763 4135 similiter
792 4081 1062 4137 classibus
1091 4081 1509 4153 comprehensi.

238 4169 473 4225 Scilicet
501 4185 567 4223 ex
597 4169 799 4224 decimo
837 4174 1017 4236 tomo,
1050 4169 1149 4224 ubi
1179 4170 1334 4241 apud
1374 4170 1750 4225 Lovanienses
1798 4169 1882 4224 le-

174 4258 464 4330 gebantur
490 4257 892 4329 Augustiniani
920 4274 1233 4324 sermones,
1265 4257 1326 4311 in
1358 4260 1608 4327 quintum
1637 4261 1884 4312 transtu-

175 4348 383 4408 lerunt,
417 4350 504 4414 ut,
555 4362 684 4401 cum
717 4346 978 4419 plerique
1017 4347 1080 4401 in
1131 4346 1484 4417 Scripturam
1524 4362 1742 4401 sacram
1788 4346 1884 4400 ha-
1910 4331 1954 4386 D

175 4435 275 4491 biti
300 4439 517 4501 essent,
548 4434 784 4507 propius
815 4452 846 4489 a
880 4435 1213 4491 tractatibus
1240 4434 1393 4490 tertii
1422 4440 1477 4491 et
1503 4434 1692 4507 quarti
1719 4434 1880 4503 tomi,

176 4524 386 4595 quibus
447 4523 650 4579 eadem
716 4524 812 4578 illa
868 4523 1192 4595 exponitur,
1248 4539 1506 4596 quosque
1574 4523 1884 4579 maximam

180 4618 403 4683 partem
462 4612 807 4666 concionum
870 4611 1117 4667 formam
1162 4627 1284 4683 prae
1340 4628 1398 4666 se
1461 4611 1608 4666 ferre
1665 4611 1881 4678 dicunt,

181 4694 464 4755 abessent.
530 4701 684 4754 Novo
743 4703 1025 4770 praeterea
1081 4716 1146 4754 ac
1198 4700 1422 4754 diverso
1480 4716 1513 4754 a
1565 4699 1880 4770 superiore,

184 4804 349 4860 quem
392 4789 457 4843 in
511 4789 768 4861 generali
823 4804 1055 4844 recensu
1088 4788 1433 4860 scriptorum
1477 4787 1784 4859 Augustini
1823 4804 1881 4844 n.

190 4880 282 4933 ll6
311 4878 597 4942 dedimus,
633 4876 832 4933 ordine
866 4893 961 4932 eos
1000 4876 1409 4946 astrinxerunt,
1439 4893 1554 4949 quo
1580 4882 1637 4931 et
1684 4892 1883 4932 secun-

184 4966 315 5022 dum
345 4966 667 5038 genuinam
721 4982 883 5021 suam
942 4965 1150 5021 seriem
1197 4966 1659 5038 disponerentur,
1713 4970 1770 5022 et
1815 4966 1886 5022 ab

184 5055 522 5111 adulterinis
570 5059 629 5109 et
680 5053 1061 5126 supposititiis
1108 5054 1376 5109 omnibus
1424 5054 1882 5126 sejungereutur.

186 5143 308 5200 Erat
353 5161 494 5200 sane
531 5143 594 5198 in
637 5143 726 5199 his
753 5147 913 5199 tanto
940 5143 1072 5215 plus
1120 5142 1361 5211 arbitrii,
1393 5143 1545 5215 quod
1580 5159 1768 5216 neque
1816 5142 1885 5198 ab

251 5304 319 5375 (a)
365 5306 445 5360 Ex
511 5301 860 5358 lectionariis
915 5303 1239 5376 eas_g_fuisse
1274 5302 1576 5376 digestas,
1630 5302 1886 5376 aliosque

194 5373 803 5447 deincepsisermones
857 5390 923 5429 ex
975 5373 1503 5447 aliisulectionariis
1546 5373 1882 5447 descriptos,

191 5444 619 5517 Augustinianis
652 5444 918 5518 iadjectos
960 5445 1035 5518 in
1065 5445 1433 5518 editionibus,
1485 5445 1887 5518 quaisubinde

194 5516 596 5589 apparuerunt,
632 5517 836 5572 docent
870 5517 1158 5573 Ballerinii
1184 5516 1244 5571 in
1273 5519 1439 5584 Praef.
1494 5516 1586 5598 ad.
1611 5517 1886 5573 Sermones

196 5587 245 5643 S.
272 5591 479 5647 Leonis.
508 5590 569 5645 Τ.
598 5588 644 5655 l,
676 5588 801 5659 Opp
826 5603 839 5641 :
860 5592 1008 5660 part.
1037 5606 1076 5657 ι,
1109 5589 1496 5657 §64.Addunt
1512 5587 1747 5657 ibidem,-
1769 5605 1885 5645 non

1977 518 2136 580 nime
2173 526 2240 581 de
2289 526 2357 579 iis
2412 528 2741 584 ordinandis
2771 535 3015 588 exstaret
3056 518 3390 606 prmceptio,
3432 553 3534 592 nec
3571 538 3665 593 de-

1979 615 2172 687 nique,
2228 616 2400 670 ullius
2440 616 2724 673 distincta;
2753 622 3101 677 collectionis
3155 629 3502 682 tractatuum
3560 629 3667 681 Au-

1978 703 2191 775 gustini
2249 704 2469 759 vivente
2527 722 2615 775 eo,
2671 714 2770 762 aut
2832 716 2965 779 post
3017 728 3082 766 ex
3139 713 3306 768 certis
3355 716 3666 783 codicibus,

1977 794 2138 848 facta:
2168 794 2445 848 memoria
2490 795 2562 850 ad
2610 811 2715 850 nos
2759 800 2977 867 perlata
3014 800 3105 855 sit.
3158 803 3292 857 Tres
3325 804 3481 859 enim
3518 806 3666 861 anti-

1979 881 2227 952 quiores,
2281 898 2411 953 quae
2452 888 2758 955 supersunt
2798 887 3179 955 collectiones,
3227 891 3292 945 de
3343 893 3522 948 verbis
3568 896 3668 949 Do-

1977 972 2132 1038 mini,
2166 970 2231 1024 de
2253 971 2430 1025 verbis
2455 973 2726 1042 Apostoli,
2762 978 2814 1027 et
2854 972 3216 1032 Homiliarum
3246 982 3665 1049 quinquaginta,

1978 1058 2107 1113 licet
2152 1059 2212 1113 in
2262 1060 2545 1114 codicibus
2594 1061 3054 1133 octingentorum
3110 1083 3393 1124 annorum
3445 1075 3502 1124 et
3549 1086 3670 1125 am-

1976 1147 2126 1219 plius
2180 1149 2556 1218 reperiantur,
2613 1166 3042 1223 nequamquam
3094 1158 3304 1224 tamen,
3363 1162 3426 1213 ut
3492 1159 3677 1230 aliqui

1977 1235 2318 1307 persuadere
2374 1241 2507 1291 sunt
2560 1238 2765 1306 conati,
2834 1239 3015 1309 ipsius
3073 1242 3377 1314 Augustini
3447 1249 3672 1299 aetatem

1979 1324 2284 1396 attingunt,
2314 1329 2378 1380 ut
2405 1326 2753 1382 Benedictini
2776 1329 2970 1383 Patres
2999 1335 3124 1385 tum
3156 1347 3222 1386 ex
3252 1332 3473 1387 silentio
3494 1334 3677 1387 Possi-

1978 1413 2077 1481 dii,
2118 1419 2241 1468 tum
2268 1431 2398 1470 vero
2445 1415 2640 1483 etiam,
2691 1417 2847 1487 quod
2896 1420 3270 1489 supposititiis
3299 1436 3417 1475 non
3458 1426 3672 1485 carent,

1981 1506 2447 1561 demonstrarunt
2488 1508 2594 1579 (a).
2649 1510 2724 1563 Ac
2769 1509 3019 1578 primam
3073 1511 3306 1582 quidem
3347 1512 3583 1565 classem
3612 1512 3676 1566 de

1978 1596 2153 1650 verbis
2203 1598 2439 1662 Domini,
2494 1596 2797 1652 observant
2862 1598 3231 1667 Benedictini,
3293 1615 3410 1654 non
3474 1601 3675 1656 eodem

1980 1685 2176 1739 ordine
2233 1700 2526 1739 sermones
2589 1685 2803 1757 ubique
2850 1686 2912 1741 in
2970 1688 3200 1742 vetustis
3257 1690 3677 1761 exemplaribus

1982 1774 2300 1829 ostendere.
2328 1774 2581 1828 Plurima
2617 1776 2845 1845 quidem
2877 1793 3007 1830 cum
3046 1778 3393 1834 editionibus
3431 1796 3675 1835 consen-

1979 1863 2107 1929 tire,
2137 1863 2236 1918 sed
2266 1879 2382 1917 non
2408 1865 2626 1919 omnia.
2669 1865 3023 1936 Coujectasse
3071 1869 3176 1923 hoc
3216 1868 3405 1939 ipsum
3442 1885 3510 1923 ex
3538 1868 3677 1923 locis

1981 1968 2014 2006 a
2055 1952 2203 2007 Beda
2240 1968 2341 2006 seu
2393 1954 2557 2008 Floro
2601 1954 2876 2025 excerptis
2925 1955 3218 2024 theologos
3277 1957 3674 2023 Lovanienses,

1981 2058 2038 2095 se
2060 2058 2192 2096 vero
2219 2046 2439 2096 certum
2482 2042 2653 2111 plane
2696 2044 3138 2114 deprehendisse
3166 2045 3227 2101 in
3256 2046 3447 2101 codice
3478 2046 3679 2101 biblio-

1980 2130 2159 2185 theca:
2216 2130 2558 2186 Colbertinaa
2606 2148 2887 2187 annorum
2935 2134 3052 2190 fere
3107 2136 3569 2207 octingentorum
3603 2135 3673 2191 ~n.

1982 2221 2159 2275 2821:
2192 2220 2345 2274 unde
2398 2236 2517 2275 non
2562 2237 2776 2292 paucos
2832 2222 3252 2294 deprompsisse
3309 2241 3367 2279 se
3426 2224 3678 2279 fatentur

1983 2324 2275 2363 sermones
2303 2312 2470 2363 antea
2491 2325 2607 2364 non
2631 2311 2831 2365 editos.
2853 2312 3215 2379 Germanam,
3248 2330 3477 2385 quoque
3506 2313 3677 2384 hujus

1983 2397 2177 2450 classis
2230 2397 2683 2469 inscriptionem,
2744 2416 2875 2454 cum
2928 2401 3098 2470 Flori,
3158 2405 3282 2456 tum
3337 2417 3471 2456 mss.
3532 2402 3679 2456 bene

1983 2484 2295 2539 multorum
2353 2486 2678 2540 testimonio
2744 2488 3184 2558 comprobatam,
3250 2494 3510 2557 monent,
3569 2506 3681 2544 non

1985 2572 2049 2626 de
2087 2573 2263 2628 verbis
2306 2576 2535 2641 Domini,
2575 2576 2673 2630 sed
2725 2576 2790 2630 de
2834 2577 3012 2632 verbis
3060 2580 3349 2648 Evangelii
3400 2596 3629 2634 sonasse
3665 2596 3675 2633 :

1986 2662 2138 2732 quod
2180 2661 2485 2733 Augustini
2514 2664 3023 2720 commentationes
3063 2666 3123 2721 in
3172 2683 3343 2721 omne
3374 2684 3553 2739 genus
3597 2668 3683 2722 lo-

1985 2765 2180 2804 corum
2244 2766 2274 2804 e
2339 2755 2589 2823 quatuor
2660 2754 2979 2824 Evangeliis
3049 2755 3365 2825 petitorum
3434 2757 3680 2827 comple-

1986 2843 2251 2893 cteretur.

2056 2928 2371 2983 Secundam
2397 2928 2633 2983 classem
2682 2930 2748 2985 de
2796 2932 2972 2987 verbis
3028 2934 3297 3002 Apostoli,
3347 2934 3682 2989 eorumdem

1987 3020 2069 3070 est
2111 3016 2452 3081 observatio,
2504 3033 2789 3090 nusquam
2833 3019 2944 3074 nisi
2990 3037 3118 3075 cum
3163 3021 3274 3076 illis
3322 3025 3682 3093 conjunctam

1986 3105 2243 3177 reperiri,
2315 3105 2575 3177 quamvis
2648 3107 2855 3162 dentur
2922 3110 3287 3180 exemplaria,
3349 3111 3409 3164 in
3475 3112 3684 3183 quibus

1988 3194 2291 3250 Sermones
2322 3194 2387 3249 de
2425 3195 2600 3250 verbis
2629 3198 2862 3266 Domini,
2892 3197 3014 3253 sine
3053 3199 3167 3253 illis
3195 3200 3260 3255 de
3306 3201 3481 3255 verbis
3527 3202 3683 3270 Apo-

1986 3286 2113 3339 stoli
2154 3290 2471 3341 occurrant.
2526 3286 2681 3341 Unde
2728 3287 3025 3359 colligunt,
3076 3290 3216 3344 duas
3263 3292 3430 3345 hasce
3482 3292 3685 3344 classes

1988 3373 2133 3428 nihil
2165 3374 2320 3429 aliud
2350 3390 2494 3441 esse,
2536 3391 2710 3446 quam
2739 3392 2915 3432 unam
2964 3394 3296 3434 sermonum
3324 3379 3385 3434 in
3437 3379 3684 3451 Scriptu-

1985 3478 2109 3517 ram
2139 3462 2275 3517 novi
2312 3465 2659 3519 Testamenti
2684 3466 3107 3522 collectionem.

2056 3552 2306 3607 Tertiam
2334 3568 2507 3623 porro
2542 3554 2800 3623 classem,
2855 3556 3037 3624 aiunt,
3068 3573 3297 3627 semper
3337 3557 3568 3629 quidem
3616 3557 3686 3611 ab

1989 3640 2114 3695 aliis
2146 3648 2465 3713 separatam
2510 3643 2773 3711 inveniri,
2807 3649 2864 3699 at
2893 3662 3012 3700 non
3039 3662 3168 3701 raro
3208 3647 3683 3712 numerosiorem,

1988 3746 2161 3801 quam
2208 3731 2269 3785 in
2301 3732 2534 3786 excusis.
2587 3734 2748 3789 Modo
2797 3734 2953 3790 enim
3007 3736 3168 3803 duos,
3221 3736 3389 3791 modo
3422 3740 3685 3807 quatuor,

1989 3824 2088 3873 aut
2129 3819 2300 3874 etiam
2345 3822 2539 3891 plures
2585 3838 2759 3893 supra
2797 3824 3218 3896 quinquaginta
3267 3825 3569 3881 Sermones
3627 3826 3687 3879 in

1990 3924 2125 3962 mss.
2159 3909 2452 3963 nonnullis
2499 3910 2792 3967 exhiberi:
2851 3913 3080 3967 tametsi
3134 3913 3563 3984 propemodum
3628 3913 3690 3967 in

1991 3996 2260 4072 omnibus
2327 4013 2617 4052 sermones
2662 3998 2877 4070 integri
2955 4016 3023 4055 ex
3076 4001 3167 4067 iis,
3228 4001 3329 4073 qui
3380 4017 3687 4056 numerum

1991 4084 2556 4155 quinquagenarium
2606 4086 2668 4140 in
2715 4087 2959 4156 vulgatis
3023 4087 3183 4143 libris
3233 4088 3562 4153 coniiciunt,
3597 4089 3690 4143 de-

1992 4172 2328 4227 siderentur.
2393 4173 2640 4229 Omnino
2688 4179 2879 4230 autem
2935 4176 3004 4230 de
3051 4175 3142 4229 his
3182 4176 3457 4245 judicent,
3517 4177 3685 4231 colle-

1993 4261 2242 4316 ctionem
2289 4261 2517 4316 Cassarii
2571 4262 2927 4334 temporibus
2984 4280 3099 4319 non
3154 4280 3323 4335 posse
3377 4264 3488 4319 dici
3541 4264 3686 4320 anti-

1992 4350 2256 4421 quiorem
2284 4356 2610 4422 propterea,
2642 4351 2797 4423 quod
2823 4351 3011 4407 eidem
3056 4356 3139 4407 tot
3184 4352 3439 4408 homilise
3468 4352 3538 4407 ab
3566 4352 3689 4424 ipso

1993 4440 2218 4511 scripta:
2266 4439 2595 4496 inserantur
2640 4445 2697 4495 et
2744 4441 3029 4513 plerisque
3060 4442 3308 4496 aliorum
3346 4441 3687 4513 recapitula-

1992 4527 2177 4582 tiones
2234 4528 2302 4582 ab
2359 4529 2615 4600 ejusdem
2678 4531 2823 4601 stylo
2878 4546 2994 4584 non
3059 4530 3429 4586 abhorrentes
3482 4534 3689 4586 assutae

1991 4614 2228 4669 fuerint.
2267 4616 2579 4670 Truncatos
2599 4632 2769 4687 porro
2800 4633 2921 4672 esse
2954 4621 3014 4672 ut
3040 4618 3357 4688 plurimum
3386 4617 3447 4673 in
3486 4634 3553 4672 ea
3579 4620 3691 4673 Au-

1993 4702 2206 4773 gustini
2252 4718 2561 4769 sermones,
2617 4721 2680 4758 ac
2734 4706 3001 4760 brevibus
3045 4706 3390 4777 quibusdam
3445 4706 3690 4761 exordiis

1992 4798 2164 4863 atque
2194 4792 2434 4864 epilogis
2469 4794 2625 4847 omni
2668 4792 2993 4847 auditorum
3024 4794 3223 4864 generi
3245 4794 3689 4848 accommodatis

1991 4880 2381 4951 interpolatos.
2441 4881 2569 4936 Haec
2621 4880 2738 4935 fere
2796 4880 2865 4935 de
2898 4880 3079 4935 tribus
3111 4880 3534 4953 antiquioribus
3564 4897 3687 4935 ser-

1992 4983 2230 5023 monum
2258 4968 2566 5040 Augustini
2592 4966 3023 5023 collectionibus
3056 4966 3404 5022 Benedictini
3432 4971 3685 5021 censent.

1991 5057 2115 5111 iam
2169 5055 2553 5129 insequentes,
2630 5055 2881 5127 exceptis
2936 5053 3298 5110 sermonibus
3362 5052 3437 5108 ad
3481 5056 3689 5122 fratres

1991 5146 2050 5200 in
2094 5159 2283 5213 eremo,
2342 5161 2487 5218 quos
2515 5159 2760 5217 sequens
2788 5149 2981 5200 tomus
3035 5144 3229 5211 habet,
3286 5146 3544 5215 tempore
3596 5141 3686 5197 in-

1994 5304 2154 5359 desse
2205 5303 2388 5376 alios,
2414 5302 2739 5376 qui_adhuc
2783 5318 2849 5376 ex
2896 5302 3096 5356 iisdem
3133 5300 3387 5356 fontibus
3445 5300 3691 5376 derivari

1994 5380 2209 5447 queant
2235 5372 2495 5447 ejusdem
2521 5374 2574 5431 S.
2616 5375 2877 5447 Doctoris
2906 5387 3221 5439 sermones,
3253 5376 3310 5447 et
3353 5387 3473 5447 sese
3502 5372 3687 5447 ipsius

1991 5442 2195 5518 viginti
2228 5442 2474 5518 amplius
2517 5446 2798 5518 genuinos
2823 5446 2944 5513 ejus
2973 5458 3265 5498 sermones
3294 5442 3357 5498 in
3384 5442 3689 5498 Aneedotis

1991 5516 2348 5575 Miscellaneis
2372 5516 2683 5590 aliquando
2712 5516 2965 5571 edituros
2995 5530 3139 5571 esse.
