4044 6190
360 316 425 367 95
1350 308 1907 367 SUPPLEMENTUM
1947 310 2037 364 AD
2074 308 2308 366 OPERA
2346 310 2401 364 S.
2442 308 2829 386 AUGUSTIlﬂl.
3792 318 3859 371 96

356 439 539 491 venta
578 436 701 509 jam
744 435 1141 509 typographia
1184 438 1397 489 exorta
1427 434 1609 488 multo
1660 434 1850 488 minus
1901 448 2057 487 accu-
2094 437 2139 491 A
2163 431 2502 503 prafatione
2528 430 2673 485 tomi
2698 429 2887 502 quarti
2908 429 2977 484 de
3020 428 3413 485 Translatione
3437 430 3677 502 Vulgata
3704 435 3858 490 Psal-

355 526 593 581 ratiores
643 533 797 594 sunt,
829 527 1041 597 quippe
1073 541 1102 578 e
1132 523 1421 577 codicibus
1478 522 1645 592 longe
1701 522 1962 592 pluribus
1998 526 2055 577 et

360 617 546 687 magis
586 617 830 671 invicem
857 616 1089 671 diversis
1120 620 1327 681 emta;
1363 614 1576 685 quique
1608 614 1812 668 dehinc
1841 612 2052 684 passim

361 705 419 758 in
456 705 803 759 editionibus
855 703 1025 757 variis
1078 703 1254 757 additi
1310 703 1542 756 fuerunt
1584 718 1899 771 sermones,
1956 718 2051 756 eos

359 795 501 848 nulli
541 800 693 848 certo
720 792 916 863 generi
946 792 1218 862 ascriptos
1249 808 1371 845 esse
1400 796 1638 845 constat.
1674 793 1886 846 Harum
1915 807 2050 861 ergo

358 883 620 936 classium
666 898 795 935 cum
826 881 1072 934 maxime
1123 881 1420 934 arbitraria
1472 880 1672 934 fuisset
1721 879 2048 950 descriptio,

358 972 669 1041 eademque
726 974 951 1024 tantum
988 970 1339 1024 confusionis
1385 986 1448 1023 ac
1504 970 1800 1023 turbarum
1858 984 2050 1023 secum

354 1060 525 1113 ferret
555 1059 649 1131 (a),
696 1059 923 1130 penitus
972 1076 1097 1114 eam
1130 1058 1397 1112 abolitam
1442 1062 1497 1111 et
1530 1074 1658 1111 cum
1702 1057 2051 1111 accuratiore

357 1152 411 1201 et
439 1148 806 1202 concinniore
849 1152 1234 1217 permutatum
1282 1162 1402 1200 esse
1434 1162 1603 1199 nemo
1657 1162 1790 1204 non,
1825 1143 1923 1215 qui
1972 1144 2052 1197 lu-

354 1234 557 1289 benter
580 1235 754 1289 hocce
806 1235 860 1291 S.
896 1235 1151 1289 Doctoris
1196 1234 1406 1305 pabulo
1440 1234 1669 1302 fruitur,
1699 1234 1890 1288 debita
1920 1247 2050 1287 cum

355 1324 525 1377 laude
559 1323 843 1378 editorum
874 1327 1158 1394 agnoscet.
1578 1378 1604 1397 ,

425 1412 705 1478 Alterum,
753 1412 909 1484 quod
958 1412 1017 1466 in
1078 1412 1423 1467 Sermonum
1475 1408 1723 1465 editione
1779 1413 2049 1480 prastare

357 1507 489 1557 sunt
514 1502 751 1568 connisi,
786 1506 869 1556 est
903 1501 1233 1572 spuriorum
1271 1518 1304 1554 a
1333 1499 1595 1570 genuinis
1639 1499 1946 1570 separatio.
1985 1500 2050 1553 In

356 1607 471 1662 quo
503 1591 736 1662 negotio
768 1592 891 1646 bac
932 1591 1293 1662 potissimum
1327 1589 1397 1644 ad
1421 1587 1701 1660 judicium
1734 1588 2049 1659 regendum

353 1680 593 1734 valuisse
623 1680 729 1735 sibi
761 1685 1049 1735 momenta
1107 1680 1358 1734 fatentur
1388 1695 1402 1733 :
1465 1682 1519 1732 1ο
1548 1678 1755 1749 Stylus,
1799 1694 1894 1731 seu
1953 1694 2047 1731 co-

354 1769 460 1831 lor,
511 1774 610 1822 aut
660 1770 895 1840 propria
959 1768 1383 1839 quodammado
1439 1766 1711 1821 orationis
1763 1766 1932 1821 facies
1987 1765 2049 1820 in

352 1856 657 1927 Augustini
697 1874 859 1927 aque
892 1874 955 1910 ac
985 1857 1045 1910 in
1074 1857 1319 1910 aliorum
1350 1855 1663 1925 insignium
1706 1854 2047 1924 scriptorum

356 1945 823 1999 meditationibus
848 1944 1012 1999 facile
1043 1944 1368 2015 conspicua,
1396 1960 1461 1998 ea
1482 1944 1761 2009 cautione,
1788 1948 1853 1997 ut
1880 1959 2047 1997 eum-

355 2034 484 2088 dem
535 2049 639 2104 pro
696 2033 878 2088 atatis
926 2034 1169 2099 ratione,
1202 2038 1258 2087 et
1304 2048 1517 2098 rerum,
1551 2049 1692 2103 quas
1711 2031 1940 2101 juvenis
1993 2036 2051 2086 et

356 2124 669 2177 maturiore
701 2122 906 2177 deinde
936 2126 1099 2177 atate
1151 2121 1430 2189 tractavit,
1483 2121 1827 2187 diversitate,
1885 2121 2049 2176 item-

354 2226 465 2281 que
520 2210 947 2265 commentandi
1000 2210 1290 2273 methodo,
1322 2210 1459 2264 dum
1512 2210 1651 2264 alios
1682 2215 1941 2264 accurate
1996 2214 2051 2264 et

355 2312 483 2351 cum
518 2298 889 2352 meditatione
917 2299 1296 2365 elucubratas,
1329 2299 1468 2353 alios
1496 2315 1561 2353 ex
1590 2304 1849 2367 tempore
1895 2298 2049 2352 fusos

356 2401 477 2439 esse
500 2391 740 2453 constet,
775 2387 992 2441 variare
1019 2386 1377 2457 aliquantum
1405 2386 1667 2441 debuisse
1697 2386 2038 2456 cogitarent.

360 2495 381 2521 «
442 2474 528 2528 Ad
591 2474 924 2544 hujusmodi
977 2490 1137 2544 ergo,
1195 2473 1484 2544 inquiunt,
1541 2489 1841 2528 censuram
1898 2479 2048 2528 recte

358 2561 704 2617 obeundam.
738 2568 1123 2634 praterquam
1155 2563 1304 2633 quod
1334 2563 1511 2634 stylus
1541 2562 1730 2632 operis
1772 2561 1931 2617 dubii
1979 2562 2049 2617 ad

354 2650 582 2721 singula
609 2650 933 2705 indubitata
968 2666 1143 2720 opera
1190 2650 1503 2721 exigendus
1531 2655 1635 2716 est,
1684 2666 2048 2721 nequaquam

352 2738 437 2793 vis
488 2740 605 2805 illa,
664 2739 780 2793 sive
835 2738 1091 2809 spiritus,
1139 2755 1255 2809 quo
1306 2739 1482 2809 stylus
1527 2738 1689 2809 quasi
1737 2738 2045 2805 animatur,

350 2828 677 2899 posthabcri
722 2829 907 2883 debet.
971 2827 1191 2899 Ubique
1246 2828 1402 2882 enim
1472 2828 1797 2899 agnoscitur
1853 2831 2047 2897 Augu-

350 2915 530 2970 stinus
582 2917 816 2988 proprio
873 2917 1117 2987 quodam
1176 2916 1518 2988 eloquentia
1558 2915 1745 2988 gravis
1782 2933 1847 2970 ac
1883 2917 2046 2971 seria

2158 520 2290 576 terii
2332 520 2737 581 disseruerunt.
2795 522 2851 574 3ο
2896 519 3186 585 Doctrina,
3243 523 3309 573 ut
3358 519 3570 575 scilicet
3603 521 3662 576 in
3718 539 3857 577 una-

2160 625 2386 681 quaque
2422 610 2836 676 examinarent,
2886 611 3081 661 utrum
3124 623 3254 661 cum
3306 609 3717 678 Augustiniana
3744 612 3858 668 sive

2158 698 2219 753 in
2246 698 2381 753 ﬁdei
2401 714 2465 752 ac
2490 713 2716 751 morum
2754 696 3060 766 dogmatis,
3095 696 3213 750 sive
3261 696 3319 750 in
3353 697 3661 767 Scriptura
3690 717 3856 771 expo-

2158 787 2361 842 sitione
2410 804 2475 842 ac
2520 803 2628 841 usu
2660 790 3024 856 congrueret,
3079 801 3195 839 non
3225 787 3625 855 pratermissis
3652 788 3740 856 iis,
3799 790 3857 844 in

2159 877 2364 948 quibus
2403 883 2501 930 aut
2531 876 2890 941 sententiam,
2946 878 3045 928 aut
3092 875 3383 945 loquendi
3412 876 3692 930 rationem
3724 894 3854 933 eum

2157 971 2407 1020 mutasse
2454 972 2811 1035 compertum
2869 969 3009 1017 erat.
3053 966 3112 1018 4ο
3143 963 3478 1018 Observatio
3508 969 3853 1034 temporum,

2157 1055 2433 1121 locorum,
2483 1069 2880 1124 personarum,
2935 1052 3316 1123 negotiorum,
3350 1052 3647 1114 factorum,
3695 1070 3850 1107 erro-

2156 1159 2305 1210 rum,
2336 1143 2696 1213 aliorumque
2728 1141 3023 1207 similium,
3057 1140 3125 1194 de
3159 1140 3365 1211 quibus
3405 1140 3464 1193 in
3494 1142 3851 1195 sermonibus

2158 1232 2500 1303 disputatur,
2564 1232 2714 1286 unde
2768 1230 3020 1301 plurima
3074 1230 3143 1283 ad
3199 1229 3559 1283 statuendam
3621 1230 3851 1284 criticen

2157 1326 2496 1393 argumenta
2525 1319 2634 1375 sibi
2665 1321 3002 1391 deprompta
3033 1334 3155 1372 esse
3188 1318 3499 1372 affirmant.
3539 1322 3598 1369 5ο
3627 1317 3850 1372 Indicu-

2156 1410 2245 1463 lus
2274 1408 2536 1475 Possidii,
2589 1424 2707 1461 non
2737 1407 2889 1477 quod
2920 1421 3208 1460 sermones
3236 1421 3454 1472 omnes,
3490 1421 3735 1476 quorum
3767 1405 3853 1459 in-

2157 1497 2495 1567 scriptiones
2535 1495 2614 1549 ibi
2646 1496 2935 1565 leguntur,
2982 1494 3298 1565 Augustino
3325 1493 3653 1563 putaverint
3681 1493 3850 1547 ascri-

2154 1586 2393 1652 bendos,
2435 1585 2601 1656 quasi
2644 1600 2760 1638 non
2789 1584 3074 1655 potuisset
3114 1600 3148 1637 a
3192 1583 3392 1636 multis
3435 1582 3850 1636 concionatori-

2155 1675 2261 1730 bus
2300 1675 2497 1729 eadem
2539 1673 2777 1728 materia
2823 1672 3082 1738 tractari;
3124 1672 3223 1725 sed
3254 1675 3319 1725 ut
3347 1670 3400 1724 ei
3431 1688 3545 1725 non
3576 1672 3654 1724 ita
3692 1671 3854 1725 facile

2157 1779 2451 1817 sermones
2492 1762 2609 1816 illic
2652 1761 2892 1815 minime
2940 1759 3268 1829 designatos
3309 1758 3678 1812 ascriberent.
3718 1758 3856 1813 Huic

2156 1853 2407 1907 indiculo
2440 1851 2690 1922 priscum
2741 1847 3224 1919 Carthaginiensis
3272 1847 3533 1901 Ecclesia
3582 1847 3857 1901 Kalenda-

2156 1941 2330 2006 rium,
2364 1940 2423 1993 in
2445 1940 2523 1994 IlI
2545 1944 2701 1992 tomo
2733 1937 3134 1991 Analectorum
3160 1935 3467 1991 Mabillonii
3496 1952 3695 1989 recens
3721 1940 3856 1990 tunc

2156 2030 2470 2100 vulgatum,
2527 2029 2923 2098 adjungentes,
2989 2024 3248 2079 censoria
3297 2030 3437 2079 nota
3492 2024 3857 2079 conﬁxerunt

2156 2118 2456 2175 conciones
2481 2118 2758 2189 quasdam
2784 2117 2856 2171 ad
2878 2115 3289 2181 solemnitates,
3313 2115 3492 2169 veluti
3509 2117 3856 2171 Litam‘arum

2156 2223 2258 2261 seu
2302 2210 2681 2276 Rogationum,
2738 2207 3109 2263 Conversionis
3161 2205 3217 2261 S.
3250 2206 3427 2271 Pauli,
3480 2206 3765 2262 Cathedra
3799 2206 3852 2262 S.

2152 2298 2319 2363 Petri,
2394 2297 2846 2351 Annuntiationis
2931 2296 3239 2359 ﬂaminica,
3306 2294 3709 2362 Assumptionis
3794 2296 3852 2349 B.

2153 2388 2363 2453 Maria,
2413 2389 2540 2448 etc.,
2576 2398 2821 2453 quarum
2855 2381 2917 2436 in
2954 2386 3162 2435 neutro
3192 2381 3407 2435 mentio
3438 2381 3852 2453 reperiebatur.

2155 2477 2212 2528 6ο
2243 2474 2405 2528 Beda
2449 2488 2515 2527 ac
2560 2471 2711 2526 Flori
2741 2469 3105 2526 collectiones
3155 2469 3215 2524 in
3271 2470 3531 2525 Paulum.
3582 2470 3684 2524 Hic
3729 2471 3855 2543 qui-

2154 2562 2285 2616 dem
2342 2561 2652 2615 tenendum
2708 2565 2808 2624 est,
2867 2559 3033 2614 Beda
3082 2559 3478 2614 collectionem
3518 2576 3614 2613 eos
3650 2561 3857 2630 appel-

2155 2652 2271 2705 lare
2307 2651 2581 2705 ineditam
2628 2649 2903 2719 aliquam,
2953 2665 3081 2719 qua
3113 2649 3233 2702 sine
3287 2648 3673 2703 controversia
3700 2650 3857 2703 illius

2156 2740 2226 2795 sit
2258 2744 2315 2794 et
2344 2740 2574 2794 nomine
2607 2741 2729 2810 ejus
2775 2738 2835 2792 in
2872 2754 3008 2792 mss.
3035 2738 3458 2808 exemplaribus
3482 2738 3854 2804 inscribatur;

2157 2846 2283 2884 eam
2312 2845 2467 2895 vero,
2502 2844 2631 2899 qua
2677 2827 2829 2881 inter
2856 2827 3088 2898 vulgata
3115 2827 3238 2897 ejus
3287 2842 3461 2897 opera
3490 2827 3600 2896 ipsi
3629 2826 3855 2897 adjudi-

2155 2919 2271 2973 cari
2305 2918 2466 2984 solet,
2500 2918 2686 2979 Floro,
2711 2916 2950 2970 diacono
2988 2915 3373 2987 Lugdunensi,
3402 2915 3665 2970 tribuunt
3704 2931 3857 2970 eam-

348 3020 581 3074 genere,
640 3006 793 3076 quod
851 3006 959 3060 sibi
1018 3007 1293 3060 lectorum
1348 3005 1572 3059 animos
1620 3005 1865 3076 subjicit.
1928 3022 2045 3059 non
2084 3027 2123 3081 ο
2156 3008 2401 3078 demque
2457 3005 2798 3061 sententiam
2856 3021 3018 3060 suam
3077 3005 3340 3075 pluribus
3384 3009 3758 3058 astruxerunt
3797 3003 3855 3058 in

348 3094 544 3165 lepore
592 3100 837 3164 compta
869 3099 1038 3164 atque
1069 3094 1343 3149 affectata
1374 3093 1728 3159 elocutionis,
1788 3094 1885 3148 sed
1932 3093 2051 3149 efﬁ-

354 3182 508 3237 cacia
558 3183 806 3253 quadam
864 3183 1089 3252 judicii,
1159 3182 1500 3253 prudentia,
1558 3181 1807 3251 pietatis,
1875 3183 2049 3237 bone-

353 3270 530 3337 statis,
596 3271 910 3340 modestia,
979 3270 1285 3334 comitatis,
1338 3270 1695 3341 aliarumque
1747 3269 2045 3338 virtutum,

356 3374 484 3430 qua
534 3358 745 3429 passim
807 3359 867 3413 in
919 3360 1042 3430 ejus
1098 3358 1357 3412 oratione
1403 3359 1544 3413 adeo
1596 3359 1821 3429 fulgent
1876 3363 2047 3429 atque

348 3448 617 3516 emicant,
647 3452 713 3503 ut
763 3448 943 3519 ipsius
973 3448 1182 3519 stylum
1214 3463 1383 3502 nemo
1416 3447 1739 3503 imitatione
1782 3464 2048 3518 assequa-

347 3540 461 3591 tur.
498 3536 597 3591 Hic
634 3541 718 3591 est
773 3537 1061 3608 pracipue
1115 3536 1321 3608 Lydius
1364 3537 1530 3608 lapis,
1585 3553 1699 3609 qua
1755 3554 2047 3592 sermones

347 3641 477 3679 vere
506 3625 902 3696 Augustiniani
922 3626 1264 3696 probantur;
1289 3629 1347 3681 et
1375 3626 1447 3681 ad
1477 3641 1648 3697 quem
1674 3626 2047 3699 appendicem

353 3713 401 3767 si
430 3713 561 3784 quis
618 3714 906 3779 adhibeat,
939 3715 999 3770 in
1030 3732 1155 3770 eam
1185 3731 1365 3787 prope
1393 3714 1719 3770 universam
1745 3723 2050 3787 cognoscet

352 3803 555 3857 cadere
602 3803 742 3858 illud
778 3820 961 3875 posse,
993 3805 1147 3875 quod
1195 3805 1263 3859 de
1315 3804 1736 3876 Hypognostico
1793 3822 2048 3875 pronun-

350 3891 557 3946 tiatum
588 3897 675 3947 est
705 3909 717 3947 :
751 3896 821 3949 Et
844 3908 1030 3947 sensus
1060 3894 1128 3947 ab
1170 3894 1320 3947 illius
1347 3909 1506 3948 sensu
1534 3895 1764 3961 inferior
1799 3894 2041 3961 habetur,

351 3986 402 4035 et
445 3981 711 4036 modestia
748 3986 911 4051 atque
940 3983 1219 4037 humilitas
1248 3998 1457 4037 morum
1506 3986 1557 4037 et
1584 3998 1885 4037 sermonum
1930 3984 2047 4053 ejus

354 4085 459 4125 non
501 4071 582 4124 ibi
609 4076 879 4124 servatur.
911 4092 932 4119 ι
955 4074 1015 4124 2o
1045 4070 1254 4132 Versio,
1292 4087 1406 4143 qua
1446 4071 1656 4144 singuli
1690 4071 1749 4126 in
1784 4058 2045 4127 testimo-

348 4157 460 4212 niis
491 4158 784 4229 scriptura
815 4159 1019 4213 veteris
1060 4159 1407 4215 Testamenti
1427 4164 1682 4215 utantur.
1713 4161 1855 4216 Cum
1892 4162 2045 4217 enim

351 4246 705 4317 Augustinus
736 4247 897 4319 sequi
925 4248 1069 4302 solet
1113 4248 1544 4303 translationem
1590 4249 1909 4320 antiquam,
1940 4267 2044 4305 no-

2155 3096 2229 3150 llI
2259 3096 2578 3149 Analector.
2612 3092 3061 3149 Mabillonianor.
3120 3098 3296 3147 tomo.
3328 3097 3388 3147 7o
3436 3094 3561 3148 Mss.
3604 3092 3851 3159 codices,

2158 3200 2403 3255 quorum
2434 3184 2773 3237 immensam
2819 3181 3041 3252 copiam
3072 3198 3364 3236 recensere
3409 3198 3523 3235 non
3572 3182 3855 3236 sustinue~

2155 3278 2308 3328 runt.
2359 3274 2571 3327 Horum
2601 3276 2790 3325 autem
2823 3270 3075 3325 subsidio
3109 3270 3317 3341 partim
3348 3271 3501 3325 locos
3546 3271 3852 3341 quosdam,

2157 3362 2362 3434 quibus
2390 3359 2638 3431 permoti
2681 3359 2945 3414 nonnulli
2977 3358 3301 3413 criticorum
3359 3359 3746 3429 Augustinum
3787 3360 3855 3415 de

2156 3449 2514 3523 possessione
2566 3464 2898 3503 sermonum
2951 3447 3171 3519 aliquot
3225 3464 3355 3502 vere
3410 3448 3854 3518 Augustiniano-

2155 3558 2284 3596 rum
2342 3544 2666 3611 exegerant,
2722 3539 2784 3593 in
2836 3538 3054 3593 excusis
3098 3545 3322 3609 compte
3378 3539 3489 3609 legi
3531 3539 3853 3611 deprehen-

2154 3631 2301 3685 disse
2339 3646 2398 3684 se
2430 3632 2766 3689 asseverant.
2791 3628 3006 3698 partim
3028 3628 3272 3683 aliorum
3304 3628 3714 3699 quorumdam,
3753 3628 3854 3699 qui

2155 3718 2332 3789 ipsius
2361 3733 2481 3772 esse
2528 3716 2878 3782 ferebantur,
2924 3720 3185 3771 auctores
3241 3716 3539 3770 detexisse.
3597 3715 3683 3770 Ad
3730 3716 3856 3770 hac

2155 3808 2398 3862 aliorum
2428 3809 2661 3862 Patrum
2691 3820 2865 3875 opera
2902 3804 3209 3875 diligenter
3256 3804 3363 3858 sibi
3392 3805 3537 3858 lecta
3587 3808 3643 3858 et
3691 3819 3855 3859 com-

2151 3902 2350 3967 parata
2388 3895 2559 3950 fuisse
2587 3894 2953 3966 proﬁtentur,
2982 3898 3044 3947 ut
3072 3893 3284 3947 scilicet
3313 3909 3377 3947 ex
3410 3894 3553 3964 stylo
3583 3897 3640 3948 et
3673 3908 3856 3964 argu—

2154 3985 2381 4049 mentis,
2411 4000 2543 4056 qua
2573 3987 2838 4049 tractant,
2891 3982 3312 4054 dignoscereut,
3347 3983 3583 4053 quinam
3628 3998 3855 4037 sermo-

2152 4090 2252 4130 nes
2280 4073 2417 4146 ipsis
2460 4071 2749 4127 tribuendi
2779 4074 2985 4139 essent,
3042 4074 3098 4124 et
3130 4070 3363 4125 lacinias
3422 4070 3855 4141 investigarent,

2152 4180 2217 4219 ex
2269 4163 2478 4238 quibus
2542 4159 2849 4215 adulterini
2901 4162 3173 4214 tractatus
3228 4160 3602 4214 consarcinati
3639 4165 3852 4214 essent.

2156 4255 2287 4309 Esse
2318 4256 2505 4307 autem
2536 4250 2685 4305 inter
2716 4265 2833 4317 eos,
2866 4248 2966 4320 qui
2988 4265 3054 4303 ex
3083 4249 3348 4319 Origene,
3381 4249 3682 4320 Cypriano,
3710 4250 3856 4303 Am-

350 4351 479 4390 vam
517 4340 730 4402 autem,
785 4336 839 4391 id
873 4341 956 4391 est
1000 4336 1504 4407 Hieronymianam
1534 4354 1599 4392 ex
1643 4337 1878 4393 Hebrao
1915 4355 2048 4394 con-
2086 4315 2129 4370 D
2157 4336 2365 4403 brosio,
2400 4337 2663 4399 Maximo,
2724 4338 2948 4403 Fausto,
2992 4338 3265 4409 Gregorio
3317 4339 3537 4409 Magno,
3583 4336 3855 4407 Alcuino,

354 4423 668 4491 cinnatam,
697 4424 818 4495 jam
847 4424 981 4477 inde
1012 4440 1041 4477 a
1070 4425 1277 4478 saculo
1308 4424 1509 4495 quinto
1552 4423 1880 4480 Salvianum
1912 4428 2048 4483 Mas-

352 4513 666 4579 siliensem,
700 4513 1039 4568 Eucherium
1071 4512 1534 4583 Lugdunensem,
1566 4497 1812 4569 Leonem
1836 4516 2045 4571 Roma-

352 4618 495 4659 num
529 4602 785 4674 aliosque
834 4602 1125 4671 amplexos
1153 4618 1272 4658 esse
1302 4607 1543 4671 constet,
1574 4602 1737 4658 facile
1771 4603 2044 4677 intelligi-

350 4695 465 4757 tur,
495 4706 670 4761 quam
722 4690 832 4743 late
888 4690 1061 4762 hujus
1100 4690 1301 4761 judicii
1342 4707 1477 4746 usus
1525 4696 1695 4764 atque
1737 4691 2045 4763 applicatio

352 4782 564 4849 pateat.
620 4779 735 4833 Hoc
782 4778 907 4833 loco
973 4785 1255 4846 notamus,
1314 4782 1710 4837 Benedictinos
1762 4782 2046 4839 addidisse

347 4882 494 4921 nova
515 4866 777 4937 quadam
808 4868 1017 4939 partim
1039 4869 1107 4924 ad
1139 4870 1478 4941 supplenda,
1506 4870 1715 4942 partim
1744 4870 1916 4927 etiam
1948 4872 2047 4927 de-

353 4953 642 5008 fendenda
680 4970 713 5009 a
757 4956 1139 5027 quorumdam
1194 4957 1605 5029 objectionibus
1651 4975 1737 5027 ea,
1797 4976 1927 5032 qua
1984 4960 2047 5015 in

424 5076 495 5147 (a)
533 5097 561 5130 α
596 5079 1025 5153 Animadvertet
1071 5080 1301 5153 aliquis,
1327 5081 1601 5153 inquiunt
1646 5084 1887 5138 Maurini
1939 5084 2045 5138 Pa-

349 5152 485 5215 tres,
545 5166 860 5235 sermones,
881 5151 1012 5235 ‘qui‘
1050 5151 1507 5233 commodius—in
1546 5158 1803 5235 quatuor
1845 5156 2047 5235 classes

352 5226 711 5288 revocantur,
771 5222 831 5277 in
864 5221 1187 5288 duodecim,
1238 5239 1482 5292 quarum
1512 5221 1638 5278 alia
1677 5224 1869 5279 debita
1922 5226 2048 5279 aliis

351 5297 691 5365 argumenta
735 5293 1121 5360 continebant,
1172 5294 1343 5347 fuisse
1394 5295 1706 5349 distractos.
1766 5298 2051 5365 Agnoscet

352 5362 547 5436 libros,
580 5378 722 5433 quos
750 5370 953 5420 vocant
977 5366 1043 5419 de
1064 5365 1242 5420 verbis
1280 5367 1493 5419 Domini
1517 5370 1574 5419 et
1600 5366 1665 5420 de
1686 5362 1861 5420 verbis
1900 5368 2047 5436 Apo-

350 5434 496 5500 stoli,
541 5436 941 5508 tantummodo
977 5440 1197 5508 partem
1244 5436 1556 5508 complecti
1576 5434 2051 5508 sermonumfeo-

354 5519 505 5566 rum,
556 5504 656 5576 qui
711 5506 787 5580 ad
814 5504 1013 5580 _hos_ce
1059 5507 1251 5562 titulos
1319 5504 1733 5580 pertinebant;_
1771 5507 2051 5578 intelliget

355 5590 646 5632 sermones
692 5576 763 5631 de
814 5577 1007 5642 Pestis,
1041 5595 1171 5634 cum
1204 5595 1298 5635 eos
1320 5576 1395 5633 Vin
1440 5578 1644 5634 classes
1695 5578 1762 5633 de
1801 5576 2050 5650 Tempbre

2153 4425 2323 4479 Ivone
2355 4423 2693 4479 Carnutensi
2722 4428 2895 4496 atque
2942 4424 3068 4479 aliis
3120 4425 3408 4496 desumpti
3453 4425 3687 4493 fuerint,
3745 4428 3858 4482 hac

2154 4528 2329 4584 opera
2374 4513 2593 4586 experti
2621 4518 2774 4569 sunt.
2820 4514 3081 4585 Magnam
3111 4519 3303 4569 autem
3349 4520 3572 4586 partem
3623 4530 3855 4582 eorum,

2153 4603 2253 4675 qui
2290 4604 2675 4674 Augustinum
2723 4606 3016 4659 auctorem
3048 4603 3281 4659 mentiri
3325 4604 3857 4675 deprehenderunt,

2154 4691 2462 4747 Casarium
2514 4692 2905 4747 Arelatensem
2958 4708 3267 4764 agnoscere
3321 4693 3732 4757 demonstrant,
3787 4694 3861 4750 de

2152 4781 2361 4853 quibus
2418 4780 2556 4836 adeo
2610 4780 2875 4851 pluribus
2921 4782 3089 4838 nobis
3140 4782 3202 4838 in
3230 4786 3386 4838 tomo
3433 4782 3601 4838 tertio
3640 4787 3862 4839 nostra

2151 4868 2513 4926 Bibliotheca
2542 4868 2781 4924 dicetur.

2224 4960 2523 5014 Postremo
2551 4963 2793 5014 monent
2820 4974 3043 5026 eorum,
3085 4958 3187 5030 qui
3238 4976 3271 5013 a
3298 4975 3357 5014 se
3386 4959 3583 5031 rejecti
3611 4959 3859 5029 fuerint,

2155 5086 2211 5137 et
2239 5083 2303 5138 de
2342 5082 2557 5156 Sanctis
2586 5087 2809 5138 coactos
2838 5082 3205 5156 oportuisset,
3237 5083 3297 5138 in
3336 5084 3486 5156 alias
3505 5088 3721 5156 septem
3758 5089 3864 5141 aut

2154 5154 2652 5226 octodissipatos,
2707 5160 2764 5209 et
2790 5171 2878 5226 exi,
2910 5155 3270 5209 sermonibus
3316 5154 3856 5226 amplius'triginta,

2154 5226 2254 5296 qui
2285 5225 2353 5297 de
2402 5224 2556 5280 festis
2608 5224 2995 5297 Paschalibus,
3025 5230 3089 5280 ut
3140 5226 3248 5280 hoc
3294 5224 3554 5297 exemplo
3606 5231 3855 5293 utamur,

2155 5296 2567 5357 inscribuntur,
2617 5296 2848 5351 nonnisi
2876 5296 3071 5351 decem
3110 5297 3171 5352 in
3207 5297 3354 5353 serie
3384 5296 3740 5367 de’Tempore
3771 5299 3861 5352 in-

2154 5367 2357 5432 veniri,
2390 5368 2529 5421 alios
2557 5383 2716 5433 vero,
2767 5367 2813 5421 si
2838 5368 2967 5433 quis
3016 5384 3213 5423 omnes
3265 5369 3523 5423 evolvere
3553 5369 3613 5422 in
3656 5369 3859 5424 animo

2153 5438 2411 5505 haberet,
2440 5438 2588 5492 inter
2609 5437 2649 5492 L
2688 5437 2974 5508 bomilias,
2998 5456 3029 5495 a
3058 5438 3473 5495 Parisiensibus
3502 5440 3740 5505 additas,
3794 5441 3861 5495 in

2154 5514 2399 5582 utraque
2427 5509 2591 5582 classi
2628 5509 2693 5563 de
2715 5510 3003 5582 Diversis,
3048 5527 3113 5566 ac
3140 5512 3203 5567 in
3249 5510 3663 5582 posterioribus
3702 5511 3857 5566 clas-

2156 5580 2323 5637 sibus
2339 5580 2825 5652 pervestigandos.
2861 5603 2885 5631 ι
