4060 6194
195 320 239 366 97
1140 307 1411 364 NOTITIA
1449 306 1867 362 LITTERARIA
1908 305 1973 358 IN
2014 304 2067 357 S.
2110 304 2583 361 AUGUSTINUM.

196 442 320 505 longe
344 430 601 502 plurimos
646 445 708 483 ex
734 428 847 482 illis
873 444 1017 499 esse,
1056 445 1189 500 quos
1220 446 1324 485 non
1352 432 1487 485 satis
1517 430 1804 496 discussos,
1846 433 1890 487 A

196 530 263 581 aut
300 521 455 576 dubie
498 520 831 573 auctoritatis
873 522 1183 575 vocaverint
1232 520 1610 574 Lovanienses
1656 520 1817 573 theo-

194 613 291 684 logi.
333 608 612 665 Consultas
653 606 762 661 sibi
792 607 967 661 etiam
999 624 1120 662 esse
1160 608 1409 663 aliorum
1454 609 1513 662 in
1546 608 1820 678 Augusti-

196 703 343 756 nianos
378 712 653 750 sermones
702 711 993 763 censuras,
1042 697 1191 752 inter
1238 714 1381 769 quas
1431 698 1571 752 duas
1616 697 1819 768 praeci-

193 805 309 860 puas,
339 801 499 841 unam
536 786 765 839 Simonis
802 787 1030 852 Verlinz',
1063 786 1275 840 editam
1306 803 1360 840 a.
1393 788 1547 852 1618,
1581 787 1819 839 alteram

192 875 406 933 Bernardi
456 874 757 940 Vindingii,
789 891 839 927 a.
880 876 1044 939 l622;
1080 880 1137 928 et
1181 891 1311 929 cum
1344 874 1434 928 his
1474 890 1701 945 quoque
1736 873 1821 927 vi-

193 968 261 1032 ris,
301 968 413 1018 utut
439 962 810 1033 sagacissimis
859 963 1154 1017 interdum
1186 962 1527 1018 hallucinari
1575 962 1816 1028 licuerit,

191 1054 307 1106 idem
328 1050 441 1115 sibi,
473 1050 518 1103 si
561 1066 994 1120 nonnumquam
1018 1050 1237 1121 judicio
1282 1052 1633 1116 fallerentur,
1681 1066 1821 1104 con-

190 1156 363 1195 cessum
392 1139 457 1192 iri
506 1144 754 1209 sperant.
796 1137 1192 1192 Severissimos
1241 1138 1489 1209 denique
1532 1154 1589 1191 se
1619 1138 1678 1192 in
1710 1155 1819 1192 ser-

188 1230 403 1285 monibus
445 1226 702 1281 nondum
746 1226 934 1292 editis,
995 1225 1095 1297 qui
1139 1226 1459 1297 Augustino
1509 1227 1571 1281 in
1607 1243 1821 1281 manu-

187 1317 363 1389 scriptis
408 1316 687 1370 codicibus
719 1316 1157 1382 ascriberentur,
1205 1316 1517 1387 praebuisse
1565 1333 1624 1370 se
1665 1316 1819 1370 afﬁr-

185 1412 318 1470 mant,
351 1423 410 1460 ex
452 1422 696 1476 quorum
739 1421 981 1459 numero
1012 1405 1182 1476 longe
1214 1405 1461 1460 maximo
1506 1406 1819 1460 octodecim

182 1501 355 1550 tantum
381 1511 502 1548 cum
532 1495 868 1564 fragmentis
898 1494 1116 1565 aliquot
1142 1494 1493 1565 adjiciendos
1525 1499 1816 1561 curarunt,

182 1588 332 1653 utpote
367 1583 421 1636 in
449 1582 658 1653 quibus
708 1582 861 1636 illius
899 1583 1209 1649 character,
1242 1582 1543 1653 ingenium
1573 1600 1637 1637 ac
1680 1584 1819 1638 doc—

181 1673 293 1725 trina
318 1672 655 1725 lucidissime
686 1670 979 1725 emicaret.

231 1763 358 1815 Tomo
380 1766 521 1814 sexto
552 1776 728 1829 opera
755 1757 997 1812 moralia
1025 1773 1155 1811 cum
1181 1757 1403 1829 aliquot
1433 1757 1817 1829 quaestionum

178 1849 297 1902 libris
335 1848 917 1917 comprehenduntur,
966 1845 1074 1900 hoc
1126 1847 1326 1900 ordine
1376 1862 1389 1900 :
1448 1848 1524 1901 De
1582 1847 1817 1901 diversis

179 1937 530 2008 questionibus
573 1937 824 1991 LXXXIII
860 1936 955 1989 lib.
992 1936 1047 2001 I;
1085 1936 1162 1990 De
1194 1935 1429 1989 diversis
1476 1937 1814 2006 quaestioni-

176 2026 252 2079 bus
274 2028 331 2080 ad
351 2026 781 2097 Simplicianum
811 2026 907 2077 lib.
941 2026 1005 2090 I;
1033 2024 1109 2097 De
1131 2028 1257 2077 octo
1291 2022 1518 2077 Dulcitii
1550 2024 1817 2094 quaestio-

177 2114 316 2181 nibus,
345 2115 433 2168 lib.
466 2095 506 2168 I.
544 2114 773 2178 (Lovan.
802 2114 860 2166 T.
891 2113 999 2180 IV.)
1034 2095 1111 2165 De
1146 2112 1256 2165 ﬁde
1287 2128 1503 2179 rerum,
1544 2128 1673 2183 qua:
1702 2128 1817 2165 non

176 2204 398 2266 videntur,
430 2204 526 2258 lib.
566 2206 613 2257 I.
649 2202 876 2267 (Lovan.
919 2202 979 2255 T.
1014 2201 1109 2254 III.
1143 2201 1310 2271 App.)
1340 2202 1418 2255 De
1440 2200 1551 2254 ﬁde
1583 2209 1639 2254 et
1662 2201 1818 2271 Sym-

175 2291 268 2345 bolo
292 2293 375 2346 lib.
408 2293 446 2345 I.
482 2294 711 2360 (Lovan.
766 2292 826 2344 Τ.
872 2291 980 2358 IV.)
1031 2291 1113 2343 De
1154 2289 1265 2343 ﬁde
1314 2293 1370 2343 et
1417 2290 1687 2360 operibus
1715 2291 1812 2345 lib.

176 2381 201 2432 ῐ.
228 2383 410 2449 (Lovan.
454 2383 512 2436 T.
567 2381 689 2450 IV.)
726 2378 1089 2433 Enchiridion
1120 2378 1190 2432 de
1224 2378 1359 2444 ﬁde,
1410 2395 1508 2448 spe
1537 2394 1600 2432 ac
1628 2380 1815 2433 chari-

174 2467 253 2515 tate
307 2464 393 2517 lib.
460 2464 526 2529 I;
604 2464 683 2516 De
756 2478 942 2533 agone
1009 2460 1334 2515 Christiano
1401 2461 1501 2515 lib.
1572 2462 1615 2515 Ι.
1695 2463 1815 2532 (Lo-

172 2565 263 2603 van.
315 2550 370 2604 T.
411 2550 563 2619 III.)
642 2550 721 2603 De
787 2546 1205 2603 catechizandis
1273 2547 1514 2602 rudibus
1568 2548 1675 2605 lib.
1750 2550 1813 2614 I;

176 2638 227 2690 De
248 2639 568 2693 continentia
622 2638 721 2691 lib.
750 2638 791 2691 Ι.
845 2639 1064 2706 (Lovan.
1112 2638 1172 2691 T.
1210 2637 1325 2706 IV.)
1372 2638 1450 2690 De
1496 2637 1650 2691 bono
1681 2654 1814 2691 con-

170 2727 300 2795 jugali
322 2728 409 2781 lib.
443 2728 495 2795 I;
526 2729 614 2781 De
646 2732 839 2779 sancta
883 2725 1211 2796 virginitate
1243 2725 1341 2779 lib.
1377 2726 1419 2779 Ι.
1447 2726 1665 2795 (Lovan.
1699 2728 1813 2797 VI.)

177 2815 228 2867 De
259 2816 385 2869 bono
428 2816 733 2871 viduitatis
764 2815 863 2868 lib.
898 2815 939 2868 Ι.
978 2816 1200 2883 (Lovan.
1252 2813 1368 2884 IV.)
1418 2816 1492 2868 De
1534 2815 1815 2885 conjugiis

177 2902 445 2959 adulterinis
488 2905 598 2959 lib-
647 2905 718 2957 II.
752 2905 973 2971 (Loean.
1027 2903 1138 2972 VI.)
1171 2903 1249 2956 De
1282 2903 1583 2957 mendacio
1613 2904 1711 2957 lib.
1747 2906 1767 2958 Ι
1796 2927 1812 2972 ;

178 2991 330 3045 Contra
354 2992 718 3048 mendacium
749 2993 849 3046 lib.
885 2993 927 3046 Ι.
962 2992 1184 3062 (Lovan.
1224 2992 1349 3061 IV.)
1383 2994 1459 3045 De
1490 3008 1662 3062 opere
1693 3009 1813 3047 mo-
1845 3023 1883 3079 Ο

176 3082 424 3137 nachornm
462 3083 561 3137 lib.
611 3083 663 3149 l;
708 3083 784 3136 De
838 3081 1189 3135 divinatione
1243 3081 1573 3135 daemonum
1623 3082 1728 3137 lib.
1767 3085 1813 3138 Ι.

177 3170 340 3233 (Lucan.
381 3173 493 3242 III.)
533 3173 622 3225 De
651 3186 787 3224 cura
817 3186 919 3240 pro
952 3170 1189 3223 mortuis
1233 3170 1483 3241 gerenda
1511 3170 1609 3224 lib.
1636 3172 1689 3239 I;
1739 3172 1816 3225 De

176 3260 389 3326 patientia
427 3262 525 3315 lib.
564 3262 619 3314 Ι.
666 3262 819 3330 (Lov.
868 3260 982 3327 1V.)
1028 3260 1106 3312 De
1138 3259 1397 3329 symbolo
1444 3260 1514 3313 ad
1552 3262 1816 3314 catechu-

176 3361 318 3401 menos
358 3355 635 3404 tractatus
664 3349 762 3415 IV;
812 3350 891 3402 De
940 3348 1244 3419 disciplina
1284 3347 1603 3402 Christiana
1643 3354 1715 3404 tr.
1754 3350 1815 3416 I;

179 3434 227 3487 De
261 3439 452 3492 cantico
484 3454 644 3493 novo
676 3443 747 3491 tr.
797 3438 850 3503 I;
883 3437 959 3491 De
1004 3442 1205 3507 quarta
1244 3436 1386 3490 feria
1414 3441 1483 3490 tr.
1529 3438 1579 3503 I;
1613 3438 1691 3491 De
1724 3452 1815 3491 ca-

174 3528 382 3595 taclysmo
413 3535 481 3582 tr.
515 3530 565 3595 I;
626 3528 704 3581 De
734 3532 994 3596 tempore
1040 3525 1336 3578 barbarico
1366 3530 1435 3578 tr.
1485 3526 1536 3590 I;
1588 3526 1667 3579 De
1700 3526 1817 3580 uti-

174 3610 285 3667 litate
302 3617 491 3687 jejunii
520 3623 604 3672 tr-
634 3618 687 3683 I;
715 3615 982 3669 De‘urbis
1005 3613 1225 3668 excidio
1271 3618 1342 3667 tr.
1377 3615 1419 3668 l.
1454 3617 1677 3679 (Lovan.
1708 3616 1813 3685 IX.)

173 3728 217 3740 -
249 3705 296 3758 In
322 3707 674 3776 Appendice:
710 3704 875 3759 Liber
915 3705 1027 3758 XXI
1058 3703 1501 3769 sententiarum;
1545 3704 1817 3773 Dialogus

173 3788 263 3843 LIV
284 3796 677 3864 quaestionum.
713 3795 934 3860 (Lovan.
981 3793 1042 3846 T.
1085 3793 1156 3845 IV
1196 3792 1367 3862 App.)
1405 3792 1571 3846 Liber
1600 3792 1669 3846 de
1704 3793 1815 3849 ﬁde

173 3878 456 3953 adPetrum;
489 3885 569 3938 De
605 3881 809 3953 spiritu
840 3885 897 3935 et
928 3880 1137 3935 anima.
1175 3880 1402 3949 (Lovan.
1438 3881 1499 3935 T.
1530 3881 1606 3935 III
1638 3883 1816 3951 App.)

174 3966 228 4020 De
248 3972 465 4027 amicitia
490 3990 504 4027 :
534 3974 619 4028 De
650 3970 967 4025 substantia
997 3968 1336 4024 dilectionis.
1381 3970 1615 4039 (Lovan.
1654 3972 1716 4025 T.
1749 3973 1818 4026 IV

173 4058 302 4129 App.)
328 4062 396 4116 De
416 4062 711 4134 diligendo
744 4062 895 4126 Deo;
918 4058 1263 4130 Soliloqu'ia;
1287 4058 1708 4129 Meditationes;
1736 4061 1815 4114 De

174 4152 449 4207 contritione
490 4152 712 4218 cordis;
770 4140 1028 4206 Manuale
1066 4166 1079 4204 :
1130 4150 1465 4221 Speculum;
1508 4150 1813 4221 Speculum

174 4234 285 4292 aliud
310 4242 452 4312 quod
480 4242 695 4296 dicitur
721 4239 1063 4310 peccatoris;
1096 4240 1173 4293 De
1208 4238 1419 4308 triplici
1451 4239 1773 4295 habitacqu
1798 4259 1811 4307 ;

3555 308 3620 359 98

1926 430 2004 482 De
2033 428 2282 483 vanitate
2330 429 2555 496 saeculi;
2591 429 2667 483 De
2710 432 3039 499 contemptu
3087 428 3317 495 mundi;
3353 429 3430 483 De
3468 429 3620 483 bono

1927 515 2273 586 disciplinae;
2332 518 2411 571 De
2470 516 2793 571 obedientia
2866 521 2921 571 et
2976 516 3321 571 humilitate.
3385 518 3616 585 (Lovan.

1927 607 1989 659 T.
2048 606 2114 659 IX
2162 608 2310 676 App.
2361 605 2664 661 Sermones
2708 606 2805 659 alii
2836 606 2905 659 ad
2950 608 3244 677 populum.
3306 606 3420 676 (Ea-
3478 608 3619 678 App.

1926 694 1983 747 T.
2012 695 2053 748 Χ
2080 694 2231 749 Edit.
2276 697 2404 748 Par.
2452 701 2548 749 aut
2574 711 2641 749 ea:
2694 698 2947 762 Vignerio
2978 700 3074 749 aut
3120 694 3452 763 Sirmondo.)
3493 695 3623 749 Ser-

1928 797 2125 835 mones
2184 781 2253 835 ad
2299 782 2502 836 fratres
2532 782 2593 835 in
2625 784 2843 837 Eremo.
2897 782 3119 852 (Lovan.
3169 784 3229 837 T.
3278 784 3319 837 X
3352 784 3524 853 App.)
3555 811 3626 824 —

1928 872 2059 924 Hmc
2097 886 2326 941 quoque
2375 872 2670 941 opuscula,
2705 876 2771 925 ut
2817 888 2884 924 ex
2931 872 3205 942 appositis
3244 888 3623 925 numerorum

1926 960 2077 1013 notis
2127 964 2301 1029 patet,
2354 960 2416 1013 in
2446 960 2698 1014 diversos
2740 977 2771 1013 a
2822 961 3260 1015 Lovaniensibus
3310 966 3498 1014 tomos
3538 960 3626 1014 di-

1926 1052 2133 1100 stracta
2175 1052 2357 1117 erant,
2391 1052 2447 1102 et
2490 1048 2701 1118 partim
2733 1048 2881 1101 inter
2928 1049 3262 1119 exegeticos,
3297 1049 3507 1118 partim
3536 1048 3623 1102 in-

1926 1140 2016 1189 ter
2047 1136 2357 1205 polemicos
2383 1137 2577 1203 libros,
2609 1138 2888 1191 nonnulla
2925 1153 3058 1191 vero
3090 1142 3217 1207 post
3243 1142 3514 1190 tractatus
3562 1137 3623 1190 in

1926 1222 2202 1277 Joannem
2246 1224 2602 1291 legebantur.
2638 1224 3095 1278 Fundamentum
3128 1224 3341 1278 ordinis
3366 1225 3496 1277 novi
3539 1229 3624 1279 est

1928 1311 2153 1381 generis
2182 1316 2353 1379 atque
2385 1312 2711 1383 argumenti
2740 1312 3076 1373 similitudo,
3107 1328 3220 1383 qua
3259 1313 3523 1366 effectum
3549 1312 3622 1366 iri

1927 1398 2251 1468 sperabant,
2310 1404 2377 1454 ut
2426 1399 2789 1453 continenter
2839 1416 2903 1453 ac
2952 1400 3211 1454 ordinate
3263 1402 3510 1469 perlecta
3566 1405 3623 1454 et

1926 1487 2131 1541 melius
2156 1488 2637 1559 intelligerentur,
2668 1492 2725 1542 et
2752 1488 2923 1542 altius
2971 1488 3354 1558 intigerentur
3402 1488 3617 1543 studio-

1928 1564 2124 1629 sorum
2164 1575 2387 1631 animis.
2427 1577 2588 1641 Quod
2616 1577 2828 1631 critica:
2872 1581 3064 1647 partes
3109 1576 3329 1643 attinet,
3384 1592 3622 1632 recesse-

1928 1670 2062 1719 runt
2088 1665 2332 1720 subinde
2358 1666 2428 1719 ab
2452 1666 2693 1719 aliorum
2708 1665 2943 1735 judiciis
2972 1672 3030 1719 et
3058 1668 3335 1719 nonnulla
3353 1666 3621 1735 genuinis

1858 1729 1899 1782 Β
1928 1757 2350 1807 asseruerunta
2397 1752 2839 1806 Lovaniensibus
2886 1753 3111 1822 rejecta,
3160 1762 3216 1806 et
3246 1754 3621 1808 eliminarunt

1924 1848 2139 1906 contra,
2191 1856 2319 1910 quae
2372 1856 2475 1910 pro
2522 1839 2757 1893 sinceris
2802 1839 3082 1893 venditari
3130 1846 3297 1893 antea
3338 1842 3616 1896 solebant.

1924 1929 2268 2000 Appendicis
2321 1929 2669 2000 praecipuam
2713 1943 2907 1981 curam
2942 1930 3288 1995 habuerunt,
3333 1930 3619 2000 imprimis

1926 2019 2191 2072 eruendis
2249 2023 2305 2072 et
2350 2016 2702 2071 declarandis
2759 2017 2904 2069 veris
2962 2016 3241 2070 librorum
3298 2018 3618 2089 Augustino

1926 2106 2289 2161 subditorum
2321 2105 2672 2159 auctoribus.

1999 2199 2156 2250 Tomo
2179 2197 2444 2265 septimo:
2474 2224 2546 2235 —
2592 2195 2668 2247 De
2698 2192 2933 2248 Civitate
2969 2195 3066 2248 Dei
3115 2200 3314 2249 contra
3361 2198 3621 2267 Paganos

1924 2283 2023 2337 lib.
2068 2283 2245 2349 XXII;
2304 2313 2371 2322 —
2419 2284 2486 2337 In
2515 2280 2829 2351 Appendice
2884 2282 3226 2336 exhibentur
3281 2284 3622 2354 scriptiones

1924 2372 2142 2443 aliquot
2169 2372 2237 2425 de
2263 2369 2538 2441 Stephani
2588 2369 2849 2439 martyris
2874 2371 3214 2437 detectiune,
3247 2372 3621 2427 translatione

1925 2464 1981 2513 et
2010 2459 2319 2526 miraculis,
2346 2458 2560 2512 scilicet
2601 2457 2750 2511 Aviti
2779 2457 2850 2511 ad
2880 2458 3253 2511 Palchonium
3284 2459 3525 2528 epistola
3552 2461 3621 2514 de

1924 2548 2184 2619 reliquiis
2213 2548 2272 2603 S.
2323 2546 2618 2618 Stephani,
2670 2549 2726 2600 et
2754 2546 2824 2600 de
2876 2547 3107 2601 Luciani
3153 2548 3395 2616 epistula
3439 2565 3472 2602 a
3500 2565 3559 2603 se
3589 2565 3620 2603 e

1924 2636 2117 2690 Graeco
2166 2636 2227 2689 in
2266 2636 2529 2690 Latinum
2578 2650 2766 2698 versa;
2815 2634 3047 2687 Luciani
3088 2635 3326 2703 epistola
3373 2636 3441 2688 ad
3493 2635 3619 2689 uni-

1922 2739 2143 2778 versam
2184 2723 2489 2777 Ecclesiam
2542 2720 2611 2775 de
2658 2720 3007 2775 revelatione
3046 2720 3304 2789 corporis
3348 2723 3621 2791 Stephani

1923 2812 2219 2882 martyris;
2249 2810 2529 2867 Anastasii
2567 2810 2638 2863 ad
2680 2808 3035 2863 Landuleum
3075 2809 3319 2877 epistola
3364 2810 3433 2863 de
3478 2811 3619 2865 sub-

1923 2908 2197 2971 sequente
2241 2900 2551 2970 scriptura;
2601 2898 2893 2967 Scriptura
2936 2897 3005 2950 de
3055 2897 3167 2949 alia
3208 2897 3526 2952 detectione
3557 2915 3621 2953 ac

1923 2990 2293 3045 translatione
2338 2989 2393 3043 S.
2427 2987 2700 3058 Stephani
2730 2988 2788 3039 in
2824 2986 3026 3040 urbem
3058 2986 3413 3055 Byzantium,
3445 3002 3618 3055 quam

1924 3077 2253 3132 Anastasius
2312 3076 2614 3131 Latinitate
2671 3073 2938 3139 donavit;
2993 3074 3186 3127 Severi
3245 3075 3496 3143 Epistula
3548 3074 3619 3129 ad

1926 3184 2154 3221 omnem
2190 3166 2489 3220 Ecclesiam
2523 3165 2592 3219 de
2622 3163 2925 3217 virtutibus
2954 3163 3013 3216 in
3044 3164 3088 3217 Μ
3100 3163 3405 3216 inoricensi
3435 3165 3622 3218 insula

1926 3257 2085 3311 factis
2132 3272 2235 3326 per
2284 3254 2581 3324 reliquias.
2610 3251 2787 3306 sancti
2840 3251 3151 3321 Stephani;
3202 3253 3279 3306 De
3331 3251 3619 3305 miraculis

1926 3344 2107 3399 sancti
2145 3343 2417 3415 Stephani
2461 3342 2560 3396 lib.
2609 3342 2677 3408 II,
2717 3341 2789 3395 ad
2840 3341 3134 3395 Evodium.
3186 3341 3420 3411 (Lovan.
3468 3342 3528 3395 Τ.
3576 3342 3615 3395 Χ

1925 3439 2088 3504 App.)
2136 3463 2191 3475 ρ-
2220 3432 2507 3502 Insignem
2548 3430 2719 3500 plane
2756 3428 3277 3499 manuscriptorum
3323 3430 3618 3500 exempla-

1924 3522 2074 3576 rium
2109 3521 2353 3591 copiam,
2387 3535 2563 3591 quam
2616 3520 2725 3573 hoc
2773 3535 2915 3589 opus
2962 3523 3197 3588 propter
3246 3518 3617 3573 multifariam

1924 3612 2222 3665 historiam
2261 3615 2319 3664 et
2356 3608 2797 3663 reconditiorem
2842 3608 3163 3663 doctrinam
3213 3610 3548 3679 postularet,
3585 3626 3619 3663 a

1926 3716 1983 3754 se
2012 3701 2275 3754 collatam
2304 3698 2478 3752 fuisse
2524 3702 2805 3752 testantur
2836 3697 3207 3753 Benedictini.
3244 3698 3621 3767 Repetierunt

1925 3806 2155 3860 quoque
2192 3789 2567 3858 Capitulorum
2609 3802 2728 3840 cum
2770 3786 3106 3855 argumentis
3150 3788 3262 3840 suis
3310 3786 3616 3843 distinctio-

1922 3893 2062 3946 nem,
2090 3882 2387 3948 tamquam
2420 3875 2600 3947 ipsius
2629 3875 2937 3946 Augustini
2965 3890 3143 3945 opera
3165 3879 3265 3930 aut
3286 3876 3452 3946 jussu
3482 3893 3619 3931 con-

1924 3967 2214 4035 cinnatam
2248 3966 2524 4036 operique
2554 3965 2811 4019 absoluto
2841 3965 3143 4034 adjectam,
3174 3964 3329 4034 quod
3357 3966 3617 4020 codicum

1925 4060 2055 4109 ante
2097 4072 2277 4109 annos
2322 4059 2649 4124 nongentos
2695 4058 3055 4106 exaratorum
3083 4051 3413 4106 testimonio
3462 4069 3616 4108 com-

1922 4142 2155 4214 probari
2184 4142 2397 4196 dicunt.
2446 4143 2522 4195 Ex
2555 4141 2810 4195 virorum
2851 4140 3134 4193 dictorum
3164 4141 3613 4210 commentariis,

1924 4249 2053 4303 qua:
2080 4234 2143 4287 in
2186 4233 2292 4286 hos
2319 4232 2495 4285 libros
2543 4235 2767 4285 exstant
2803 4230 3190 4298 uberioribus,
3234 4246 3353 4283 non
3402 4230 3617 4301 impro-

174 4323 226 4377 De
248 4332 371 4383 scala
409 4330 691 4401 paradisi;
743 4330 820 4383 De
849 4327 1173 4396 cognitione
1202 4344 1351 4381 verae
1387 4328 1545 4387 vita);
1592 4330 1668 4383 De
1697 4330 1812 4385 vita
1851 4317 1895 4373 D
1922 4321 2135 4388 bando,
2169 4326 2232 4375 ut
2270 4319 2433 4375 nobis
2486 4320 2721 4390 quidem
2752 4319 2992 4385 videtur,
3043 4318 3283 4373 consilio
3332 4335 3618 4392 perpauca

173 4410 448 4472 Christiana.
501 4421 729 4484 (Lucan.
773 4418 832 4471 T.
884 4418 951 4471 IX
979 4419 1146 4487 App.)
1201 4417 1277 4470 De
1317 4416 1661 4471 salutaribus
1710 4419 1807 4474 do-

169 4508 412 4560 cumentis.
446 4509 678 4572 (Lovan.
706 4506 779 4560 IV
818 4506 981 4576 App.)
1016 4506 1092 4559 De
1123 4504 1425 4559 duodecim
1464 4506 1811 4561 abusionum

170 4593 400 4658 gradibus.
445 4599 670 4664 (Louan.
718 4595 779 4649 T.
831 4596 895 4650 IX
939 4593 1110 4664 App.)
1166 4596 1242 4648 De
1285 4600 1504 4665 septem
1556 4594 1708 4649 vitiis
1755 4600 1812 4650 et

169 4688 334 4748 septem
382 4686 543 4740 donis
591 4684 833 4755 Spiritus
880 4684 1079 4737 sancti.
1124 4684 1239 4753 (Ea:
1304 4685 1669 4752 supplemento
1703 4688 1810 4739 Vi-

170 4775 340 4841 gnerii.)
370 4776 443 4828 De
473 4775 745 4829 conﬂictu
775 4772 1040 4827 vitiorum
1068 4776 1124 4825 et
1151 4772 1455 4841 virtutum;
1495 4773 1571 4825 De
1591 4772 1813 4827 Sobrie-

168 4857 252 4909 tate
272 4872 317 4914 et
341 4864 615 4917 castitate.
650 4862 873 4929 (Lovan.
918 4862 978 4914 T.
1014 4861 1080 4914 IX
1115 4863 1237 4929 App
1270 4866 1285 4921 )
1314 4861 1387 4912 De
1421 4875 1553 4912 vera
1589 4864 1644 4912 et
1670 4859 1811 4914 falsa

166 4951 463 5010 paenitentia.
537 4954 764 5020 (Lovan.
818 4952 879 5004 T.
935 4950 1005 5003 IV
1059 4950 1231 5019 App)
1287 4950 1361 5002 De
1418 4947 1805 5016 Antichristo;

164 5031 472 5103 Psalterium,
509 5040 663 5111 quod
694 5038 1045 5109 Augustinus
1080 5036 1250 5091 matri
1280 5053 1396 5090 suae
1429 5038 1809 5108 composuisse

163 5119 328 5192 fertur;
382 5129 667 5200 Expositio
724 5127 928 5182 cantici
980 5126 1339 5197 Magniﬁcat;
1393 5126 1686 5179 Tractatus
1739 5124 1807 5179 de

162 5209 511 5284 Assumptione
560 5218 624 5271 Β.
674 5216 891 5284 Mariae;
946 5217 1022 5270 De
1068 5214 1394 5268 visitatione
1442 5214 1808 5268 inﬁrmorum

163 5295 233 5352 lib.
267 5302 336 5368 II;
373 5306 444 5359 De
475 5306 817 5360 rectitudine
847 5305 1139 5359 catholicae
1180 5302 1640 5359 conversationis.
1674 5301 1807 5373 (Lo-

164 5400 251 5443 tan.
289 5392 342 5446 T.
376 5395 437 5448 IX
466 5396 632 5466 App.)
667 5397 743 5450 De
773 5395 1059 5466 Symbolo.
1092 5395 1314 5466 (Lovan.
1368 5394 1429 5447 T.
1463 5394 1505 5447 X
1534 5392 1699 5463 App.)
1731 5392 1806 5447 De

164 5489 229 5528 esu
252 5483 414 5552 Agni;
443 5485 743 5539 Sermones
772 5484 843 5538 ad
881 5483 1223 5554 Neophytos.
1261 5482 1386 5553 (Ed.
1418 5483 1546 5537 Par.
1582 5481 1624 5535 X
1652 5483 1801 5552 App.

165 5563 198 5615 Α
216 5568 309 5623 Jac.
336 5572 622 5629 Sirmondo
663 5574 840 5645 editi.)
869 5575 949 5629 De
977 5572 1264 5628 creatione
1294 5570 1470 5645 primi
1513 5570 1765 5627 hominis
1789 5591 1806 5639 ;

1922 4411 2234 4466 admodum
2282 4415 2547 4479 excerpta
2599 4414 2751 4480 sunt,
2803 4414 2860 4464 et
2907 4409 3119 4464 criticis
3174 4410 3387 4464 notulis
3438 4410 3616 4465 inter-

1921 4517 2139 4572 spersa.

1996 4595 2156 4646 Tomo
2211 4594 2395 4644 octavo
2450 4603 2624 4658 opera
2691 4588 2975 4658 polemica
3039 4588 3309 4643 adversus
3371 4590 3614 4658 Iudaeos,

1920 4680 2279 4740 Manichaeos,
2314 4675 2772 4731 Priscillianistas
2803 4682 2858 4729 et
2900 4676 3165 4744 Arianos,
3215 4694 3346 4732 cum
3376 4679 3616 4749 praeﬁxo

1919 4770 1982 4824 in
2009 4769 2189 4839 capite
2236 4766 2383 4819 libro
2422 4764 2492 4818 de
2522 4764 2833 4817 hmresibus
2878 4770 2935 4818 et
2963 4764 3244 4835 adjunctis
3282 4766 3344 4819 in
3374 4768 3523 4820 calce
3552 4766 3617 4820 Ii-

1918 4858 2038 4912 bris
2066 4857 2137 4911 de
2162 4854 2459 4920 Trinitate,
2508 4854 2853 4907 exhibentur
2884 4870 2897 4906 :
2929 4881 2999 4893 —
3029 4854 3105 4907 De
3155 4854 3493 4919 hmresibus,
3544 4855 3614 4909 ad

1919 4944 2393 5010 Quoldvultdeum
2447 4942 2542 4996 lib.
2592 4944 2645 5007 I;
2694 4943 2990 4996 Tractatus
3046 4943 3313 4997 adversus
3350 4943 3612 5009 Iudaeos;

1920 5035 1997 5087 De
2029 5033 2272 5087 utilitate
2303 5030 2602 5097 credendi;
2636 5032 2704 5085 ad
2739 5032 3089 5085 Honoratum
3128 5030 3221 5086 lib.
3258 5032 3311 5099 I;
3345 5033 3423 5085 De
3472 5032 3614 5086 dua-

1916 5121 2025 5176 bus
2078 5122 2380 5176 animabus
2432 5127 2633 5175 contra
2681 5120 3015 5176 Manichaaos
3069 5122 3167 5174 lib.
3216 5122 3275 5187 I;
3331 5125 3466 5176 Acta
3513 5138 3612 5176 seu

1920 5211 2239 5282 Disputatio
2290 5216 2489 5265 contra
2544 5212 2917 5266 Fortunatam
2978 5210 3350 5266 Manicheum
3394 5211 3496 5265 lib.
3548 5213 3611 5281 I;

1919 5302 2125 5357 Contra
2154 5300 2524 5356 Adimantum
2556 5300 3223 5370 Manichaai’discipulum
3254 5300 3353 5355 lib.
3388 5302 3442 5367 I;
3475 5301 3616 5355 Con-

1916 5396 2006 5445 tra
2044 5390 2345 5461 epistolam
2403 5390 2713 5456 Manichaei,
2769 5405 2941 5461 quam
2992 5395 3196 5444 vocant
3237 5389 3613 5445 Fundamenti

1917 5479 2015 5536 lib.
2049 5481 2109 5547 I;
2136 5481 2340 5534 Contra
2374 5480 2643 5533 Faustum
2676 5479 3051 5534 Manicheum
3097 5478 3205 5535 lib.
3257 5481 3504 5544 XXXIII;
3537 5480 3613 5532 De

1914 5568 2069 5625 Actis
2096 5585 2227 5624 cum
2271 5569 2453 5625 Felice
2502 5569 2809 5625 Manichaee
2839 5569 2941 5626 lib.
3064 5589 3081 5639 ;
3114 5569 3191 5624 De
3244 5574 3449 5623 natura
3475 5566 3613 5621 boni
