4060 6194
347 246 413 297 99
1357 234 1910 291 SUPPLEMENTUM
1952 234 2041 288 AD
2077 231 2307 291 OPERA
2346 233 2402 287 S.
2443 230 2833 287 AUGUSTINI.

3747 233 3849 284 100

346 368 543 421 contra
589 361 926 419 Manichaos
972 360 1068 415 lib.
1103 359 1166 425 I;
1199 358 1406 413 Contra
1449 354 1835 413 Secundinum
1870 355 2041 411 Mani-
2077 356 2120 410 A
2158 370 2285 408 rum
2317 354 2387 409 ad
2426 356 2769 425 Prospernm
2796 357 2853 408 et
2882 352 3161 409 Hilarium
3188 354 3225 407 l.
3262 354 3312 420 I;
3353 354 3433 407 De
3460 352 3612 407 dono
3645 367 3851 423 perse-

344 454 569 511 chaum
600 451 702 506 lib.
735 451 788 517 I;
837 450 1045 504 Contra
1074 446 1459 501 adversarium
1492 445 1653 516 Legis
1685 449 1742 499 et
1787 444 2040 515 Prophe-

346 547 538 598 tarum
572 540 670 596 lib.
699 541 785 607 II;
840 539 922 593 Ad
973 537 1238 593 Orosium
1279 540 1475 589 contra
1504 534 1959 589 Priscillianistas
1989 536 2045 587 et

349 630 701 702 Origenistas
749 628 848 682 lib.
906 627 957 689 I;
992 625 1189 680 Sermo
1243 623 1616 688 Arianorum;
1666 621 1876 675 Contra
1920 619 2042 674 Ser-

349 735 581 773 monem
629 716 973 772 Arianorum
1020 713 1116 767 lib.
1152 713 1212 779 I;
1256 711 1492 767 Collatio
1530 727 1660 765 cum
1718 708 2039 766 Maximino.

349 807 691 863 Arianorum
743 802 1049 873 episcopo;
1100 801 1309 855 Contra
1366 799 1631 853 eumdem
1671 796 2043 852 Maximinum

351 894 625 951 Arianum
659 890 756 945 lib.
791 891 864 945 II.
899 890 1124 959 (Lovan.
1172 890 1232 942 T.
1266 888 1377 958 VI.)
1403 889 1479 942 De
1509 886 1783 942 Trinitate
1810 884 1910 940 lib.
1934 885 2042 939 XV.

350 985 572 1051 (Lovan.
620 981 682 1034 T.
733 978 854 1049 III.)
900 1008 967 1017 —
998 979 1071 1032 In
1112 977 1468 1047 Appendice:
1503 977 1794 1031 Tractatus
1850 978 2048 1028 contra

353 1071 606 1142 quinque
644 1070 891 1123 hareses
917 1087 933 1134 ;
959 1067 1158 1122 Sermo
1188 1072 1387 1120 contra
1430 1065 1676 1133 Judaos,
1706 1065 1962 1134 Paganos
1991 1066 2048 1116 et

352 1160 611 1216 Arianos.
662 1158 888 1227 (Lovan.
958 1157 1019 1209 T.
1067 1156 1185 1225 VI.)
1238 1154 1504 1225 Dialogus
1559 1154 1628 1207 de
1677 1151 2047 1206 altercatione

354 1247 614 1303 Ecclesia
645 1250 703 1300 et
732 1245 1069 1316 Synagoga.
1112 1243 1331 1313 (Lovan.
1400 1243 1461 1297 Τ.
1496 1242 1563 1295 VI
1606 1241 1779 1312 App.)
1832 1241 1907 1295 De
1938 1240 2048 1294 ﬁde

353 1342 552 1391 contra
624 1333 961 1389 Manichaos
1011 1332 1154 1386 liber
1208 1330 1414 1386 Evodio
1473 1330 1740 1384 tributus.
1807 1329 2046 1400 (Lovam.

354 1426 413 1480 T.
471 1424 585 1495 VI.)
631 1421 1151 1478 Commonitorium
1199 1420 1394 1491 (vulgo
1442 1417 1763 1490 Augustini)
1805 1418 1874 1472 de
1914 1417 2051 1472 reci-

357 1513 585 1584 piendis
640 1511 985 1579 Manichais,
1044 1510 1144 1580 qui
1181 1513 1607 1563 convertuntur.
1660 1508 1780 1575 (Ειι.
1829 1508 1951 1562 Par.
1986 1508 2048 1561 T.

359 1603 399 1657 X
430 1600 598 1672 App.)
647 1601 855 1655 Contra
886 1599 1233 1653 Felicianum
1265 1598 1536 1652 Arianum
1569 1598 1638 1651 de
1677 1597 1787 1650 tide
1814 1595 2054 1650 Trinita-

358 1690 430 1744 tis
462 1688 605 1742 liber
656 1687 861 1757 Vigilio
912 1685 1218 1756 Tapsitano
1268 1685 1537 1757 episcopo
1585 1685 1895 1739 restitutus.
1947 1685 2051 1739 Lo-

355 1794 481 1833 van.
528 1778 590 1830 'I‘.
625 1776 690 1829 VI
728 1774 896 1844 App.)
930 1773 1286 1838 Quastiones
1317 1774 1385 1828 de
1433 1773 1707 1828 Trinitate
1739 1778 1793 1827 et
1844 1773 1913 1827 de
1943 1774 2051 1828 Geo

360 1866 504 1934 ncsi,
538 1880 600 1919 ex
646 1864 885 1918 Alcuino
923 1862 1235 1933 descripta.
1281 1864 1497 1933 (Lovan.
1553 1864 1614 1916 T.
1650 1862 1723 1916 Ill
1771 1864 1943 1931 App.)
1977 1863 2054 1915 De

360 1954 765 2009 Incarnatione
813 1952 984 2006 Verbi
1032 1951 1103 2005 ad
1129 1952 1471 2005 Januarium
1497 1951 1628 2004 libri
1674 1950 1786 2004 duo
1834 1967 1899 2004 ex
1932 1950 2051 2005 Ori-

360 2044 493 2116 gine
524 2042 765 2097 collecti.
823 2040 1053 2109 (Lovan.
1102 2040 1165 2094 'I‘.
1216 2040 1283 2093 IV
1314 2041 1487 2111 App.)
1524 2040 1621 2093 Lib
1666 2039 1733 2092 de
1782 2037 2055 2092 Trinitate

361 2139 419 2188 et
443 2132 659 2187 unitate
708 2129 829 2185 Dei.
866 2129 1092 2197 (Lovan.
1162 2128 1223 2183 T.
1276 2129 1345 2182 IV
1375 2128 1544 2198 App.)
1578 2129 1655 2182 De
1686 2127 1927 2180 essentia
1969 2126 2055 2181 di-

360 2221 631 2276 vinitatis.
677 2221 904 2288 (Lovan.
946 2219 1006 2271 T.
1042 2217 1154 2287 IV.)
1195 2217 1466 2287 Dialogus
1501 2217 1569 2271 de
1600 2216 1817 2270 unitate
1849 2220 2057 2269 sancta

363 2309 655 2367 Trinitatis
711 2307 829 2375 (Ed.
890 2308 1018 2360 Par.
1050 2307 1112 2361 T.
1164 2306 1203 2360 Χ
1233 2308 1412 2377 App.)
1468 2306 1633 2360 Liber
1670 2305 1739 2359 de
1771 2304 2059 2359 ecclesias-

365 2398 490 2454 ticis
516 2396 897 2467 dogmatibus.
945 2396 1166 2465 (Lovan.
1194 2396 1255 2449 T.
1289 2396 1366 2449 III
1396 2397 1564 2466 App.)

440 2490 597 2543 Tomo
652 2501 807 2549 nono.
871 2500 1047 2555 opera
1097 2484 1380 2554 polemica
1428 2490 1627 2538 contra
1680 2481 2001 2537 Donatistas
2044 2498 2057 2536 :

363 2603 431 2615 —
488 2574 746 2627 Psalmus
774 2577 967 2625 contra
1000 2572 1225 2625 Partem
1279 2570 1525 2637 Donati;
1577 2570 1788 2624 Contra
1836 2570 2060 2623 Parme-

366 2663 601 2718 nianum
636 2661 730 2716 lib.
762 2661 838 2714 IIl
866 2680 881 2726 ;
912 2661 989 2714 De
1028 2659 1312 2731 baptismo
1344 2664 1541 2713 contra
1590 2657 1907 2712 Donatistas
1958 2657 2054 2710 lib.

367 2752 492 2818 VII;
544 2752 750 2806 Contra
790 2751 1006 2804 litteras
1062 2749 1325 2804 Petiliani
1375 2748 1474 2805 lib.
1528 2749 1637 2815 III;
1689 2749 1939 2818 Epistola
1989 2746 2060 2801 ad

368 2841 683 2895 Catholicos
728 2845 927 2894 contra
979 2839 1321 2905 Donatistas,
1356 2839 1527 2909 vulgo
1583 2838 1652 2892 de
1712 2837 1928 2890 unitate
1962 2837 2059 2890 Ec-

371 2930 554 2984 clesia
622 2930 719 2984 lib.
780 2929 802 2982 I
824 2944 838 2994 ;

368 3018 719 3073 Donatistam
779 3017 910 3071 libri
964 3018 1065 3082 IV;
1134 3017 1210 3071 De
1278 3018 1446 3070 unico
1514 3016 1797 3086 baptismo
1864 3018 2062 3069 contra

370 3106 748 3171 Petilianum;
799 3106 1120 3160 Breviculus
1168 3105 1500 3159 Collationis
1540 3121 1669 3159 cum
1714 3104 2055 3171 Donatistis,

371 3196 499 3249 Post
558 3193 919 3247 collationem
967 3193 1034 3246 ad
1100 3192 1420 3246 Donatistas
1471 3191 1571 3246 lib.
1621 3192 1693 3257 I;
1744 3192 1941 3246 Sermo
1988 3193 2061 3247 ad

369 3280 740 3340 Casareensis
792 3280 1050 3335 Ecclesia
1080 3279 1305 3351 plebem
1352 3280 1601 3335 Emerito
1652 3286 1932 3351 prasente
1972 3282 2063 3336 di-

368 3377 491 3428 ctus
524 3388 538 3438 ;
570 3372 647 3425 De
696 3369 871 3443 gestis
921 3385 1050 3424 cum
1105 3370 1351 3424 Emerito
1380 3387 1394 3437 ;
1425 3369 1634 3427 Contra
1682 3370 2062 3425 Gaudentium

373 3461 727 3517 Donatistam
782 3458 1134 3531 episcopum.
1206 3459 1306 3515 lib.
1369 3459 1437 3513 II.
1514 3458 1739 3531 (Lovan.
1794 3461 1854 3534 '_I‘.
1919 3458 2063 3529 VII.)

372 3550 570 3605 Sermo
618 3549 687 3603 de
727 3548 1057 3603 Rusticiano
1120 3548 1492 3615 subdiacono,
1540 3566 1571 3602 a
1622 3548 1929 3603 Donatistis
1982 3565 2067 3603 re-

369 3638 653 3710 baptizato
702 3643 759 3691 et
788 3636 848 3691 in
894 3638 1197 3692 diaconum
1228 3637 1515 3693 ordinato.
1556 3636 1663 3708 (Ea
1694 3639 2064 3709 supplemmto

377 3726 667 3797 Vignerii.)
716 3756 787 3767 —
828 3728 895 3782 In
926 3726 1284 3796 Appendice:
1316 3728 1524 3781 Contra
1567 3725 1932 3796 Fulgentium
1966 3728 2066 3781 Do-

374 3816 664 3884 natistam,
706 3815 907 3869 incerti
940 3815 1185 3869 auctoris
1215 3815 1396 3880 liber;
1451 3816 1722 3885 Excerpta
1751 3820 1808 3869 et
1856 3815 2067 3885 scripta

371 3908 567 3958 vetera
597 3901 669 3957 ad
718 3901 1145 3957 Donatistarum
1192 3900 1491 3957 historiam
1527 3900 1892 3972 pertinentia.
1941 3903 2086 3982 (Ι.οο⁸

371 4008 499 4049 υαη.
526 3992 585 4047 Τ.
618 3991 710 4047 VII
742 3991 907 4062 App.)

447 4083 605 4136 Tomo
644 4080 867 4146 decimo,
917 4096 1094 4151 opera
1123 4078 1405 4151 polemica
1445 4084 1642 4135 contra
1682 4078 2017 4151 Pelagianos
2051 4097 2064 4135 :

373 4201 439 4212 -—
472 4171 550 4226 De
598 4172 959 4242 peccatorum
1010 4169 1227 4224 meritis
1275 4174 1330 4224 et
1382 4169 1719 4225 remissione
1763 4174 1819 4225 et
1868 4170 1938 4224 de
1974 4169 2069 4225 ba-

374 4259 584 4331 ptismo
633 4258 1027 4329 parvulorum,
1077 4258 1147 4313 ad
1210 4258 1620 4329 Marcellinum,
1672 4258 1769 4313 lib.
1820 4260 1931 4327 III;
1986 4260 2064 4314 De
2103 4245 2145 4302 D

380 4346 582 4418 spiritu
639 4350 695 4400 et
723 4346 913 4400 littera
958 4346 1030 4401 ad
1076 4346 1347 4401 eumdem
1401 4346 1500 4401 lib.
1535 4347 1597 4413 I;
1642 4347 1721 4401 De
1774 4350 1978 4402 natura
2013 4351 2070 4402 et

376 4435 565 4507 gratia
609 4439 807 4489 contra
858 4432 1174 4505 Pelagium,
1225 4434 1294 4489 ad
1337 4434 1651 4488 Timasium
1694 4439 1751 4489 et
1795 4435 2068 4492 Iacobum

377 4524 477 4579 lib.
510 4525 564 4591 I;
596 4524 674 4578 De
718 4522 1069 4594 perfectione
1094 4522 1335 4593 justitia
1366 4522 1619 4577 hominis
1642 4522 1922 4595 epistola,
1970 4540 2067 4578 seu

377 4613 522 4668 liber
558 4612 629 4667 ad
659 4610 1000 4682 Eutropium
1031 4616 1086 4666 et
1118 4610 1393 4680 Paulum;
1428 4613 1505 4667 De
1536 4612 1709 4684 gestis
1755 4613 1971 4684 Pelagii
2001 4614 2070 4669 ad

376 4702 671 4760 Aurelium
722 4700 819 4757 lib.
866 4701 930 4767 I;
984 4701 1064 4755 De
1119 4700 1305 4771 gratia
1359 4700 1568 4757 Christi
1615 4706 1674 4757 et
1718 4702 1788 4757 de
1841 4706 2071 4773 peccato

376 4790 647 4863 originali
676 4794 877 4845 contra
917 4790 1234 4862 Pelagium,
1267 4790 1337 4845 ad
1366 4790 1653 4857 Albinam,
1685 4790 1989 4846 Pinianum
2016 4795 2074 4847 et

378 4880 682 4938 Melaniam
734 4878 835 4934 lib.
881 4879 967 4946 II;
1027 4880 1105 4933 De
1148 4879 1367 4951 nuptiis
1412 4884 1470 4936 et
1516 4880 1969 4952 concupiscentia
2001 4881 2072 4936 ad

378 4969 667 5025 Valerium
698 4968 797 5023 lib.
858 4968 906 5022 II
943 4985 957 5034 ;
992 4969 1069 5022 De
1110 4968 1303 5023 anima
1353 4974 1409 5023 et
1436 4969 1560 5039 ejus
1609 4970 1829 5041 origine
1876 4975 2074 5025 contra

379 5058 662 5112 Vincentii
699 5057 985 5112 Victorem
1038 5057 1139 5111 lib.
1200 5058 1305 5126 IV;
1352 5059 1564 5114 Contra
1620 5058 1762 5113 duas
1810 5059 2075 5130 epistolas

382 5146 845 5215 Pelagianorum,
882 5145 981 5201 lib.
1026 5146 1095 5200 ad
1128 5145 1501 5201 Bonifacium.
1534 5147 1573 5201 Ι.
1602 5147 1671 5201 VI
1699 5166 1714 5214 ;
1746 5148 1953 5201 Contra
1980 5149 2075 5203 Ju-

378 5234 597 5289 lianum
642 5236 876 5290 haresis
925 5235 1245 5307 Pelagiana
1302 5235 1662 5290 defensorem
1700 5235 1799 5291 lib.
1858 5236 1963 5302 IV;
1997 5236 2075 5291 De

378 5323 563 5395 gratia
590 5327 646 5378 et
687 5322 868 5379 libero
912 5324 1147 5380 arbitrio
1179 5323 1252 5379 ad
1307 5324 1675 5380 Valentinum
1703 5328 1760 5379 et
1806 5339 1937 5379 cum
1974 5323 2074 5379 illo

378 5410 691 5467 monachos
742 5412 1142 5469 Adrumetinos
1195 5414 1295 5470 lib.
1357 5413 1413 5481 I;
1470 5414 1550 5469 De
1607 5412 1965 5485 correptione
2018 5418 2077 5469 et

383 5500 569 5571 gratia
622 5500 691 5554 ad
738 5500 967 5556 eosdem
995 5501 1097 5560 lib.
1126 5503 1178 5569 I;
1212 5502 1291 5557 De
1319 5499 1822 5574 pradestinatione
1853 5505 2074 5559 sancto-

2149 443 2420 497 verantia
2467 443 2535 497 ad
2584 444 2816 497 eosdem
2864 442 2967 499 lib.
3008 443 3048 497 Ι.
3086 443 3306 512 (Lovan.
3339 441 3403 495 Τ.
3449 441 3591 507 VII.)
3641 440 3855 496 Contra

2151 532 2458 586 secundam
2504 531 2717 586 Iuliani
2769 531 3203 602 responsionem
3243 529 3639 601 imperfectum
3681 546 3851 600 opus,

2152 636 2249 674 sex
2298 621 2475 675 libros
2530 621 2932 691 complectens.
2979 622 3089 689 (Ea:
3141 621 3389 689 Vignerii
3429 620 3727 689 Supplem.)
3782 648 3855 659 —

2154 710 2217 763 In
2262 708 2596 779 Appendice,
2650 710 2837 763 Prima
2873 714 3031 779 parte
3061 724 3080 763 :
3114 708 3593 780 Hypomnesticon
3651 712 3857 763 contra

2154 798 2486 868 Pelagianos
2541 801 2597 851 et
2644 797 3000 863 Calestinos,
3047 798 3217 869 vulgo
3276 797 3412 852 libri
3464 796 3853 868 Hypognosti-

2155 902 2298 953 con;
2352 886 2515 942 Liber
2567 886 2813 957 suspecti
2841 886 3087 941 auctoris
3141 887 3212 941 de
3251 885 3761 957 pradestinatione
3802 890 3860 940 et

2156 974 2373 1045 gratia;
2408 974 2656 1029 Libellus
2702 974 2905 1029 incerti
2951 974 3200 1029 auctoris
3236 974 3305 1029 de
3348 974 3859 1044 pradestinatione

2156 1061 2274 1115 Dei.
2347 1061 2572 1130 (Lovan.
2626 1062 2687 1116 T.
2738 1062 2835 1115 VII
2901 1064 3076 1132 App.)
3137 1061 3386 1117 Secunda
3444 1066 3647 1130 parte:
3688 1060 3859 1115 Varia

2157 1150 2363 1221 scripta
2393 1155 2452 1205 et
2477 1156 2858 1205 monumenta
2888 1151 2957 1205 ad
2988 1150 3349 1221 Pelagianam
3395 1149 3693 1203 historiam
3721 1165 3857 1220 per-

2157 1238 2417 1293 tinentia.
2481 1241 2665 1295 Tertia
2718 1243 2876 1308 parte
2909 1256 2927 1293 :
2971 1238 3239 1309 Prosperi
3283 1238 3555 1309 Aquitani
3610 1254 3713 1309 pro
3750 1239 3862 1293 Au-

2159 1327 2388 1397 gustino
2434 1331 2633 1381 contra
2663 1326 2892 1398 iniquos
2941 1326 3217 1382 doctrina
3257 1326 3436 1397 ipsius
3473 1327 3541 1381 de
3589 1327 3775 1397 gratia
3805 1330 3864 1381 et

2160 1413 2662 1486 pradestinatione
2712 1415 3149 1487 reprehensores
3188 1415 3547 1487 apologetica
3586 1416 3863 1487 opuscula

2162 1504 2403 1571 scilicet;
2446 1505 2695 1574 Epistola
2741 1505 2806 1559 ad
2840 1504 3113 1560 Ruﬁnum
3151 1505 3219 1559 de
3258 1505 3443 1575 gratia
3471 1509 3527 1558 et
3552 1504 3737 1559 libero
3761 1520 3862 1559 ar-

2165 1594 2368 1659 bitrio;
2421 1593 2586 1649 Liber
2628 1600 2825 1648 contra
2886 1595 3262 1662 Collatorem;
3325 1594 3743 1665 Responsiones
3791 1593 3864 1648 ad

2164 1682 2414 1754 capitula
2491 1682 2971 1737 calumniantium
3044 1683 3370 1749 Gallorum;
3443 1682 3863 1753 Responsiones

2163 1771 2235 1825 ad
2284 1770 2537 1841 capitula
2593 1772 2978 1841 objectionnm
3048 1771 3573 1826 Vincentianarum.
3634 1772 3860 1841 (Lovan.

2162 1861 2222 1915 Τ.
2256 1861 2347 1914 VII
2397 1860 2562 1931 App.)
2611 1860 3028 1931 Responsiones
3069 1860 3136 1915 ad
3169 1865 3456 1931 excerpta,
3502 1876 3631 1932 qua
3661 1861 3731 1915 de
3763 1861 3864 1915 Ge-

2163 1950 2366 2003 nuensi
2421 1949 2647 2003 civitate
2709 1954 2844 2003 sunt
2904 1949 3095 2004 missa.
3160 1951 3379 2018 (Lovan.
3443 1951 3505 2003 T.
3562 1950 3625 2003 V.
3686 1951 3861 2020 App.)

2165 2037 2431 2107 Ejusdem
2480 2037 2629 2091 liber
2676 2030 3089 2092 sententiarum
3136 2054 3201 2092 ex
3232 2037 3551 2109 Augustino
3587 2054 3600 2092 :
3634 2037 3861 2107 (Lovan.

2164 2126 2221 2179 T.
2260 2126 2322 2179 V.
2372 2126 2541 2196 App.)
2588 2125 2893 2196 Augustini
2929 2126 3056 2180 Vita
3100 2131 3329 2181 auctore
3382 2126 3671 2193 Possidio;
3713 2126 3869 2180 Indi-

2165 2214 2326 2268 culus
2370 2214 2669 2282 librorum,
2726 2219 3073 2269 tractatuum
3130 2219 3185 2269 et
3238 2215 3613 2286 epistolarum
3664 2217 3863 2286 Augu-

2164 2302 2322 2368 stini,
2356 2320 2492 2357 cura
2513 2303 2747 2359 Possidii
2776 2304 2982 2358 editus.
3018 2305 3237 2374 (Lovan.
3270 2305 3329 2358 T.
3365 2305 3431 2375 Ι.)

2238 2392 2378 2447 Cum
2430 2392 2607 2447 trium
2663 2393 3045 2463 posteriorum
3100 2392 3459 2447 voluminum
3517 2392 3691 2447 series
3746 2391 3867 2446 fere

2164 2483 2284 2535 tota
2315 2497 2445 2535 cum
2480 2481 2918 2536 Lovaniensium
2958 2481 3157 2536 ordine
3207 2481 3543 2548 consentiat,
3586 2481 3777 2535 minor
3806 2481 3868 2535 in

2167 2569 2257 2623 his
2295 2569 2459 2624 labor
2506 2570 2876 2625 exantlandus
2919 2569 3043 2626 fuit.
3082 2571 3442 2641 Quapropter
3490 2570 3549 2624 in
3606 2570 3758 2641 ipsas
3783 2585 3873 2624 re-

2168 2674 2298 2712 rum
2350 2662 2720 2714 tractatarum
2753 2659 3003 2731 origines
3032 2663 3089 2714 et
3126 2676 3324 2713 causas
3353 2659 3538 2713 acrius
3588 2658 3869 2713 incubue-

2168 2750 2323 2814 runt,
2359 2764 2421 2815 ac
2459 2747 2939 2802 Donatisticarum
2971 2752 3029 2803 et
3077 2747 3511 2819 Pelagianarum
3556 2748 3745 2802 litium
3784 2748 3871 2803 hi-

2170 2835 2403 2890 storiam
2442 2836 2503 2889 in
2528 2836 2769 2891 introitu
2810 2836 3058 2908 cujusvis
3086 2836 3230 2891 tomi
3273 2842 3532 2891 accurate
3576 2837 3869 2892 enucleari

917 2929 1123 2984 Contra
1189 2927 1555 2983 Cresconium
1620 2927 2059 2997 grammaticum
2098 2947 2137 3002 ο
2173 2924 2537 2980 studuerunt.
2588 2927 2690 2981 Cui
2745 2925 3045 2980 industria
3084 2925 3323 2980 debetur
3362 2926 3558 2993 etiam,
3604 2926 3756 2997 quod
3806 2926 3869 2981 in

2169 3014 2495 3084 Appendice
2526 3013 2715 3068 ultimi
2762 3014 2905 3069 tomi
2934 3014 3198 3086 quadam
3244 3014 3431 3068 aliena
3475 3014 3692 3069 incerta
3731 3014 3864 3078 sint,

2171 3119 2284 3173 quo
2315 3100 2540 3172 plenior
2570 3102 2782 3157 scilicet
2827 3118 3019 3157 rerum
3050 3102 3293 3158 istarum
3329 3103 3609 3159 memoria
3639 3120 3706 3159 ex
3729 3104 3867 3176 jun-

2170 3190 2273 3246 ctis
2304 3190 2693 3245 monumentis
2722 3190 2942 3247 hauriri
2968 3195 3172 3263 posset.

2246 3282 2402 3335 Tomo
2454 3280 2734 3335 undecimo
2784 3280 3003 3347 insunt,
3056 3280 3246 3351 primo
3293 3280 3438 3348 loco,
3496 3280 3870 3352 prafationes

2170 3368 2467 3441 generales
2494 3369 2643 3435 dua,
2675 3386 2788 3424 una
2826 3370 2886 3423 in
2918 3386 3062 3440 opus
3086 3369 3438 3435 universum,
3474 3386 3601 3441 qua
3633 3371 3703 3425 de
3733 3387 3869 3425 con-

2173 3459 2321 3525 silio,
2400 3457 2716 3527 occasione,
2796 3458 3043 3527 auxiliis,
3115 3459 3380 3514 laborum
3448 3458 3867 3527 distributione,

2174 3563 2457 3612 successu,
2507 3546 2889 3617 oﬂ‘endiculis,
2940 3548 3198 3618 patronis
3228 3548 3352 3618 ejus
3386 3549 3642 3619 exponit,
3693 3549 3875 3603 altera

2172 3635 2400 3690 brevior
2450 3635 2510 3689 in
2551 3635 2909 3706 Appendices
2956 3636 3197 3708 singulis
3245 3636 3419 3690 tomis
3466 3638 3783 3708 adjunctas,
3818 3642 3877 3693 et

2175 3725 2298 3796 ipsa
2328 3724 2572 3795 denique
2602 3725 2777 3795 hujus
2805 3725 3099 3780 undecimi
3129 3726 3439 3781 voluminis
3467 3732 3749 3781 contenta.
3792 3727 3874 3783 Ad

2175 3812 2322 3867 hanc
2370 3812 2753 3883 posteriorem
2817 3814 3074 3885 proxime
3128 3820 3348 3887 spectat
3400 3816 3686 3871 indiculus
3736 3817 3875 3870 scri-

2175 3906 2428 3973 ptorum,
2497 3901 2706 3972 quibus
2766 3907 3064 3974 tamquam
3118 3904 3267 3959 veris
3325 3905 3654 3959 auctoribus
3720 3906 3878 3960 varia

2176 3991 2451 4062 opuscula
2501 3991 2819 4061 Augustino
2874 4008 3178 4063 perperam
3234 3994 3447 4047 tributa
3476 3994 3663 4048 denuo
3721 4009 3876 4049 asse-

2176 4084 2436 4134 ruerunt.
2475 4079 2605 4133 Hac
2644 4079 2851 4151 excipit
2885 4082 3015 4136 Vita
3046 4082 3103 4137 S.
3136 4084 3439 4150 Augustini
3479 4098 3547 4137 ex
3577 4083 3881 4137 Tillemon-

2176 4168 2245 4223 tii
2292 4167 2534 4235 schedis,
2595 4185 2737 4240 quas
2800 4169 2987 4224 adhuc
3034 4175 3157 4225 tum
3224 4170 3468 4225 ineditas
3500 4176 3696 4226 auctor
3738 4171 3881 4243 ipsis

2177 4258 2718 4325 communicaverat,
2771 4258 2889 4315 fere
2928 4260 3208 4318 traducta.
3263 4261 3415 4315 Hanc
3444 4277 3593 4332 pone
3624 4277 3878 4332 sequun-

2178 4351 2274 4402 tur
2296 4346 2511 4402 indices
2540 4346 2842 4414 librorum,
2882 4364 3088 4420 nempe
3116 4365 3287 4410 unus,
3321 4349 3418 4420 qui
3470 4350 3677 4404 seriem
3706 4350 3881 4405 libro.

2177 4452 2309 4492 rum
2355 4436 2501 4491 tomi
2543 4438 2818 4508 cujusque
2858 4453 3019 4492 nova
3068 4437 3369 4506 editionis;
3427 4438 3731 4503 secundus,
3776 4438 3881 4509 qui

2181 4525 2547 4580 Lovaniensis
2592 4525 2856 4581 ordinem
2903 4527 3191 4595 ostendit;
3239 4527 3442 4583 tertius
3484 4526 3883 4599 alphabeticns

2179 4613 2541 4684 singulorum
2585 4613 3010 4683 opusculorum.
3048 4614 3301 4669 Proximi
3360 4618 3493 4669 sunt
3538 4614 3754 4669 indices
3797 4630 3885 4669 re-

2179 4717 2309 4757 rum
2344 4702 2606 4773 :primus
2644 4701 2983 4757 universalis
3013 4702 3072 4758 in
3106 4703 3301 4758 omnia
3345 4703 3540 4758 decem
3586 4709 3883 4758 tomorum

2180 4795 2449 4845 contenta
2514 4790 2942 4860 copiosissimus
2992 4795 3048 4845 et
3096 4792 3247 4847 mole
3287 4807 3391 4846 sua
3455 4791 3880 4865 amplissimus;

2182 4880 2326 4934 alter
2374 4880 2655 4951 generalis
2701 4879 3125 4951 Scripturarum
3174 4896 3503 4949 sacrarum;
3556 4881 3761 4936 tertius
3791 4880 3889 4935 de-

2182 4968 2358 5039 nique
2417 4968 2679 5024 omnium
2736 4968 3063 5040 spuriorum
3119 4971 3546 5041 opusculorum,
3598 4986 3729 5043 qua
3781 4985 3890 5042 per

2184 5058 2381 5114 decem
2405 5057 2766 5113 voluminum
2796 5058 3139 5130 appendices
3160 5060 3415 5132 dispersa
3442 5064 3591 5115 sunt.

2254 5147 2543 5219 Superest,
2581 5152 2642 5201 ut
2668 5147 2737 5201 de
2784 5146 2854 5201 iis
2900 5147 3088 5202 adhuc
3116 5148 3288 5203 verba
3327 5148 3621 5211 faciamus,
3653 5162 3787 5219 qua
3816 5162 3889 5202 ex

2184 5252 2321 5292 mss.
2353 5236 2773 5307 exemplaribus
2813 5236 2937 5308 jam
2978 5236 3234 5307 primum
3283 5237 3499 5292 excusis
3528 5237 3893 5291 incrementa

2185 5330 2356 5399 atque
2387 5330 2725 5381 ornamenta
2753 5325 2981 5381 duxerit
3025 5327 3280 5383 Maurina
3313 5326 3511 5381 editio.
3543 5326 3669 5381 Non
3696 5326 3891 5381 levem

2188 5430 2321 5471 sane
2352 5415 2723 5471 Lovanienses
2752 5415 3005 5488 theologi
3034 5420 3437 5488 congesserant
3465 5415 3687 5487 copiam
3718 5414 3890 5470 codi-

2188 5519 2319 5560 cum
2349 5519 2552 5561 manu.
2576 5509 2943 5562 exaratorum
2989 5509 3047 5561 et
3073 5517 3267 5561 tamen
3313 5520 3513 5560 omnes
3549 5503 3667 5559 fere
3698 5519 3891 5559 unum
