4044 6190
215 262 304 313 101
1229 262 1506 320 ΝΟΤΙΤΙΑ
1562 264 1978 322 LITTERARIA
2037 267 2104 322 IN
2144 267 2201 322 S.
2242 266 2711 324 AUGUSTINUM.

3620 279 3720 331 102

209 384 673 457 suppeditaverat
723 387 1004 458 Belgium,
1060 387 1108 441 si
1168 388 1510 459 Anglicanas
1574 390 1902 459 nonnullos,
1942 393 1985 447 Α
2096 390 2353 463 Denique
2384 392 2539 447 nefas
2570 392 2875 461 videbitur,
2919 394 2965 449 si
2994 409 3215 462 eorum,
3248 396 3349 466 qui
3399 398 3716 470 praecipuas

209 476 304 530 sed
366 476 465 546 qui
523 476 708 531 serius
755 476 827 531 ad
884 493 1117 531 manum
1173 483 1571 548 pervenerant,
1646 478 1908 550 excipias.

212 564 401 635 Longe
433 564 611 635 igitur
639 564 871 619 uberior
899 565 1243 621 variantium
1274 567 1585 621 lectionum
1616 569 1814 622 messis
1845 584 1912 623 ex

206 653 534 719 Gallicanis,
610 655 1093 709 monasteriorum
1187 654 1494 726 imprimis,
1552 656 1912 711 Bibliothecis

206 742 524 812 exspectari
572 748 818 813 poterat,
870 759 1114 814 quarum
1154 743 1604 815 colligendarum
1634 746 1914 800 industria

204 830 394 900 magis
415 833 590 884 etiam
610 831 1023 885 accendebatur
1041 831 1318 886 beneﬁcio
1344 837 1460 886 tam
1480 832 1716 901 insigni,
1739 850 1912 904 quam

202 920 525 989 insperato.
569 920 852 975 Nimirum
902 927 1134 975 centum
1182 920 1293 991 ipsi
1337 922 1455 992 jam
1505 922 1713 992 expleti
1752 928 1916 978 erant

200 1006 365 1075 anni,
425 1024 557 1062 cum
605 1008 708 1062 sub
755 1008 1023 1079 auspiciis
1069 1010 1239 1076 Stati,
1267 1009 1401 1064 dein
1440 1011 1718 1066 Clementis
1754 1012 1908 1078 VIII,

198 1113 416 1151 novam
449 1097 753 1168 Augustini
785 1114 1027 1168 operum
1054 1098 1367 1153 editionem
1398 1099 1680 1153 Vaticanis
1709 1099 1914 1154 codici-

194 1184 311 1238 bus
356 1188 859 1256 superstruendam
908 1187 1164 1258 aggressi
1223 1192 1387 1242 erant
1426 1190 1615 1243 Petrus
1646 1191 1909 1258 Marinus,

196 1274 495 1329 Vaticana
541 1275 936 1346 typograpbize
988 1276 1309 1347 praefectus,
1385 1277 1669 1332 Adrianus
1714 1277 1909 1345 abbas,

196 1363 429 1431 Obrius,
472 1363 669 1417 doctor
710 1364 1064 1432 Parisiensis,
1118 1365 1331 1437 aliique
1386 1366 1535 1420 docti
1586 1366 1714 1432 viri,
1772 1383 1913 1420 con-

193 1454 292 1507 ﬁsi
326 1460 389 1508 et
436 1470 679 1508 numero
731 1456 1141 1526 exemplarium
1178 1456 1699 1527 manuscriptorum
1728 1462 1785 1511 et
1811 1456 1913 1511 bo-

193 1542 397 1609 nitati,
445 1542 660 1613 quippe
716 1559 846 1613 quas
892 1543 1141 1612 plurima
1169 1545 1310 1598 adeo
1338 1543 1630 1598 continere
1661 1544 1913 1598 afﬁrma-

192 1637 354 1699 rent,
409 1648 537 1702 quze
584 1633 644 1685 in
700 1633 1031 1686 Lovaniensi
1071 1633 1321 1688 editione
1352 1635 1717 1705 quantumvis
1745 1650 1910 1689 accu-

190 1726 328 1775 rata
362 1721 847 1776 desiderarentur.
895 1724 1095 1777 Collati
1147 1724 1341 1795 itaque
1372 1729 1506 1779 sunt
1536 1725 1912 1780 Lovanienses

191 1809 338 1865 libri
372 1826 501 1864 cum
535 1810 816 1865 Vaticanis
844 1811 1132 1866 codicibus
1158 1828 1437 1884 perquam
1490 1814 1911 1868 accuratissime

191 1904 257 1952 et
316 1899 391 1953 ad
446 1898 770 1968 marginem
823 1899 1095 1969 apposita-3
1160 1900 1441 1954 variantes
1517 1900 1785 1954 lectiones
1842 1901 1912 1955 ad

192 1986 605 2041 adornandam
655 1986 991 2053 editionem,
1041 1987 1131 2041 cui
1172 1987 1474 2042 cardinalis
1504 1989 1737 2043 Verona:
1769 1989 1913 2043 sacri

191 2073 438 2144 collegii
489 2074 753 2146 princeps
797 2074 1091 2145 praefectus
1136 2074 1264 2129 fuit.
1315 2076 1525 2129 Verum
1554 2092 1684 2130 cum
1716 2092 1801 2130 res
1832 2077 1915 2131 ef-

188 2164 358 2219 fectu
403 2164 696 2230 caruisset,
756 2180 954 2218 omnes
1010 2163 1123 2218 illa:
1191 2164 1529 2218 variationes
1576 2166 1741 2236 jussu
1794 2167 1911 2223 Cle-

188 2254 401 2307 mentis
458 2253 499 2307 X
553 2268 657 2322 per
712 2253 1059 2307 cardinalem
1118 2254 1333 2307 Bonam
1389 2269 1521 2308 cum
1593 2254 1912 2309 Benedicti-

188 2340 290 2395 nis
347 2346 488 2395 sunt
533 2341 990 2410 Communicataa,
1044 2347 1106 2395 ut
1152 2341 1220 2396 iis
1248 2341 1308 2396 in
1359 2359 1507 2397 nova
1536 2343 1784 2397 editione
1811 2359 1913 2398 sua

188 2434 528 2484 uterentur.
580 2431 725 2483 Tum
770 2446 902 2484 vero
936 2429 1318 2502 undequaque
1361 2436 1486 2484 tum
1516 2447 1580 2485 ex
1611 2431 1745 2500 suis,
1787 2436 1911 2486 tum

189 2518 409 2573 alienis
468 2535 573 2589 per
624 2519 862 2574 Galliam
909 2519 1272 2573 bibliothecis
1335 2520 1673 2591 conquirere
1726 2537 1914 2593 caspe-

190 2611 336 2661 runt
387 2606 665 2673 subsidia,
722 2612 779 2662 et
824 2624 937 2662 non
989 2609 1171 2662 solum
1203 2608 1264 2662 in
1294 2610 1475 2663 sancti
1503 2610 1769 2664 Germani
1806 2612 1911 2665 Pa-

190 2695 456 2762 risiensi,
521 2695 619 2750 sed
668 2700 725 2751 et
767 2696 827 2749 in
865 2697 990 2751 aliis
1030 2697 1272 2751 aliarum
1314 2698 1741 2768 provinciarum
1771 2715 1912 2753 con-

191 2783 564 2853 gregationis
609 2800 727 2838 sua:
780 2785 1139 2840 monasteriis
1188 2786 1406 2840 sodales
1434 2787 1505 2841 ad
1534 2787 1911 2842 conferendos

191 2873 426 2926 codices
456 2872 858 2929 astrinxerent.
890 2876 968 2928 Ac
998 2874 1205 2929 borum
1246 2874 1481 2945 quidem
1513 2875 1773 2929 omnium
1802 2876 1910 2930 im-

191 2976 400 3014 mensa
431 2960 602 3031 plane
630 2960 739 3014 fuit
777 2960 957 3032 copia,
1005 2977 1073 3015 ex
1101 2961 1312 3032 quibus
1340 2962 1524 3016 textus
1555 2978 1729 3033 quam
1780 2964 1910 3034 plu-
1940 2986 1977 3041 ρ

192 3049 361 3103 rimis
414 3048 478 3102 in
534 3048 673 3102 locis
728 3066 860 3103 vere
912 3049 1247 3104 emendatus
1297 3055 1399 3117 est,
1460 3050 1519 3104 in
1565 3050 1690 3104 aliis
1719 3056 1912 3106 tamen

189 3137 337 3191 locis
386 3135 644 3208 potiores
684 3140 908 3191 tantum
956 3138 1233 3192 lectiones
1275 3138 1559 3193 variantes
1589 3140 1911 3195 subnotataa

189 3229 351 3279 sunt.
389 3225 872 3280 Emendationum
898 3231 1113 3295 autem,
1158 3228 1323 3298 juxta
1372 3243 1547 3298 quam
1568 3226 1910 3283 varietatum

188 3314 679 3368 commemoratio
723 3316 959 3385 partim,
991 3321 1055 3370 ut
1081 3316 1140 3370 in
1172 3316 1530 3391 Lovaniensi,
1563 3316 1629 3371 ﬁt
1658 3316 1909 3372 indiculo

189 3405 323 3471 post
384 3401 543 3472 ipsos
600 3401 884 3472 genuinos
940 3402 1117 3456 libros
1168 3403 1439 3470 exhibito,
1494 3404 1553 3457 in
1582 3420 1697 3475 quo
1739 3405 1909 3460 etiam

190 3490 575 3561 exemplaria,
625 3506 755 3562 quae
803 3490 862 3545 in
903 3491 1143 3563 singulis
1182 3498 1510 3563 comparata
1541 3497 1694 3560 sunt,
1727 3494 1911 3546 nomi-

188 3579 381 3633 natim
433 3579 938 3647 demonstrantur;
980 3581 1191 3651 partim
1237 3598 1369 3636 vero
1422 3583 1526 3637 sub
1565 3582 1689 3653 ipso
1720 3582 1910 3637 statim

188 3672 377 3725 textu.
425 3668 590 3737 cujus
647 3667 1026 3722 distractionis
1080 3686 1277 3724 causas
1333 3687 1437 3724 nec
1484 3671 1554 3725 ab
1598 3671 1910 3726 editoribus

187 3756 460 3827 proditas
506 3756 849 3823 invenimus,
902 3774 1005 3812 nec
1051 3758 1162 3829 ipsi
1209 3759 1433 3831 assequi
1459 3759 1775 3830 potuimus.
1804 3760 1911 3824 Qui

189 3861 326 3899 vero
356 3846 415 3898 in
449 3845 791 3915 appendices
820 3845 1015 3917 rejecti
1046 3851 1177 3901 sunt
1204 3847 1357 3912 libri,
1403 3848 1508 3901 etsi
1540 3864 1654 3903 non
1674 3849 1909 3903 omnino

189 3939 462 4004 expertes
511 3934 749 3988 fuerunt
789 3934 961 4006 hujus
998 3951 1172 4007 curae,
1225 3935 1399 3991 simili
1430 3940 1623 3992 tamen
1662 3942 1908 3992 annota-

188 4021 353 4077 tione
384 4038 507 4077 non
539 4023 813 4093 gaudent.

261 4130 341 4199 (a)
395 4130 599 4185 Oudin.
647 4130 965 4185 Comment.
1010 4133 1077 4186 T.
1126 4133 1164 4197 ῐ,

190 4203 340 4254 Eccl.
376 4203 559 4256 Colon.

186 4273 476 4326 S.-Maur.

261 4344 343 4415 (b)
400 4344 637 4396 Exstant
689 4342 759 4396 de
810 4343 916 4398 hac
954 4344 1202 4399 editione
1228 4345 1427 4399 multm
1456 4350 1572 4399 tam
1600 4346 1768 4415 justas
1806 4345 1904 4400 de-

187 4414 566 4483 scriptiones,
596 4430 769 4484 quam
800 4416 1109 4469 relationes
1141 4416 1451 4480 breviores,
1484 4414 1729 4487 quarum
1759 4433 1905 4470 non-

186 4486 387 4558 nullas
450 4484 598 4558 haud
660 4490 886 4555 gravate
940 4488 1540 4558 commemorabimus.
1598 4492 1675 4541 Ac
1724 4489 1905 4558 primo

186 4556 322 4628 loco
372 4556 728 4628 nominanda
772 4562 903 4628 sunt
953 4557 1135 4611 diaria
1164 4558 1406 4623 erudita,
1443 4574 1593 4628 quae,
1627 4556 1797 4612 simul
1842 4575 1905 4612 ac

187 4625 417 4701 singuli
442 4625 607 4701 Ato‘mi
658 4627 1156 4701 ppodierantteos
1201 4625 1543 4682 indicarunt.
1577 4629 1699 4693 Quo
1731 4630 1906 4701 perti-

188 4704 337 4749 nent
387 4696 648 4750 Diarium
698 4698 866 4751 Erud.
925 4699 1064 4753 Gali.
1121 4700 1380 4766 (Journal
1427 4701 1519 4754 des
1571 4696 1906 4768 SaM—Pari-

188 4769 385 4820 siense
438 4768 703 4840 140),ᾳά
749 4773 945 4823 tomum
984 4772 1030 4838 Ι,
1076 4772 1257 4840 April.
1292 4774 1447 4831 1679,
1491 4787 1552 4839 p.
1594 4773 1696 4836 96;
1731 4771 1802 4825 ad
1831 4776 1909 4825 to-

188 4854 344 4891 mum
396 4839 472 4903 Il,
536 4837 677 4903 ibid,
733 4855 788 4909 p.
860 4837 1023 4908 114;
1056 4837 1141 4894 ad'
1180 4847 1377 4895 tomum
1423 4837 1519 4905 III,
1554 4841 1726 4907 ibid.,
1758 4847 1902 4909 Aug.

192 4911 359 4966 1680.
410 4925 467 4977 p.
523 4911 667 4975 272;
720 4912 787 4963 ad
840 4916 1037 4964 tomum
1084 4913 1186 4974 IV,
1220 4912 1332 4965 ibid
1367 4955 1381 4978 ,
1419 4913 1695 4966 Novemb.
1750 4915 1905 4979 1683,

182 4996 246 5049 p.
306 4982 410 5033 325
464 4995 475 5032 :
530 4981 848 5052 addlromum
902 4984 966 5041 V,
1000 4981 1166 5043 ibid.,
1213 4984 1369 5035 Febr.
1411 4985 1564 5042 1684,
1598 5001 1650 5052 p.
1685 4985 1790 5048 46;
1838 4984 1907 5035 ad

184 5058 398 5104 tomum
437 5053 548 5123 γι,
599 5050 762 5118 ibid,
818 5052 945 5106 Dec.
1000 5055 1156 5121 1685,
1205 5070 1261 5123 p.
1297 5055 1397 5107 515
1424 5071 1436 5115 ;
1468 5055 1537 5107 ad
1568 5050 1766 5107 tomum
1802 5055 1915 5109 VII

183 5122 363 5187 ibid,
420 5122 547 5174 Jan.
619 5125 775 5188 1686,
832 5139 888 5193 p.
952 5126 1054 5189 l8;
1134 5122 1221 5177 ad,
1275 5130 1471 5177 tomum
1535 5126 1683 5191 VIII,
1744 5125 1905 5191 ibid.,

182 5192 491 5263 Septemb.
552 5195 709 5254 1688,
750 5210 805 5263 p.
842 5192 1006 5261 '4l5;
1052 5194 1121 5248 ad
1151 5200 1349 5248 tomum
1388 5197 1475 5262 ιχ,
1510 5195 1672 5260 ibid.,
1706 5197 1908 5248 eodem

182 5279 395 5317 mense
426 5272 485 5317 et
518 5280 692 5331 anno,
726 5279 784 5335 p.
819 5267 959 5332 422;
993 5295 1063 5304 --
1099 5270 1234 5319 Acta
1268 5266 1435 5319 Eiud.
1488 5266 1633 5334 Lips.
1684 5272 1824 5319 tom.
1861 5267 1909 5320 ΙΙ

185 5335 469 5407 1683,γὶ(1
514 5334 669 5407 .jan.,
716 5351 771 5405 p.
803 5339 961 5407 1-5;
1013 5341 1150 5390 tom.
1204 5338 1315 5398 νη,
1352 5338 1506 5402 1688,
1535 5338 1802 5390 Novemb.
1848 5352 1904 5407 p.

186 5406 460 5461 1618οὲ3.
504 5405 885 5477 Frequentior
909 5407 1083 5461 etiam
1110 5407 1171 5462 in
1227 5407 1653 5463 commentariis
1688 5405 1909 5462 littera-

182 5478 295 5550 riis
342 5477 595 5550 occurrit
648 5478 774 5548 ejus
810 5479 1111 5550 memoria,
1160 5480 1337 5535 veluti
1383 5480 1535 5550 apud
1590 5480 1820 5536 Caveum
1848 5478 1911 5534 in

188 5548 336 5605 Hist.
371 5549 455 5603 lit.
491 5553 615 5603 tom
648 5550 669 5603 Ι
702 5550 792 5604 ed.
838 5549 1012 5621 prior.
1070 5550 1246 5605 Lond.
1288 5566 1346 5621 p.
1395 5548 1519 5618 242,
1553 5550 1643 5606 ed.
1671 5550 1848 5606 Oxon.
1880 5566 1912 5605 a

1212 4148 1271 4204 p.
1306 4133 1409 4187 954
1452 4148 1608 4204 sqq.;
1648 4135 1720 4187 M.
1764 4133 1903 4188 Bibl.

511 4288 569 4341 p.
600 4274 727 4325 292.

2020 479 2165 534 tanti
2212 480 2422 535 laboris
2468 486 2657 552 partes
2709 483 3123 554 sustinuerunt,
3163 485 3397 539 nomina
3426 487 3713 544 sileamus.

2020 569 2190 624 Initio
2247 569 2424 640 igitur
2480 587 2615 624 cura
2668 572 2838 643 hujus
2890 572 3152 626 editionis
3207 576 3507 629 commissa
3548 577 3655 630 fuit
3687 594 3720 631 a

2021 658 2347 729 praepositis
2384 659 2841 730 congregationis
2882 660 3046 714 istius
3074 664 3135 715 P.
3170 664 3452 717 Francisco
3485 665 3715 733 Del/au,

2023 745 2121 817 qui
2146 752 2488 816 prospectum
2517 748 2639 818 ejus
2665 749 2978 817 publicasse
3004 749 3249 804 traditur
3276 767 3329 805 a.
3386 755 3539 807 1671.
3576 757 3716 808 Cum

2023 840 2214 888 autem
2260 834 2410 889 edito
2455 852 2505 889 a.
2560 839 2693 890 l673
2741 826 2909 902 libro,
2958 838 3120 907 cujus
3165 837 3277 905 tit.,
3320 840 3513 895 l’Abbé
3568 842 3717 897 Com-

2021 923 2378 991 mendalaire,
2412 923 2593 978 exsilii
2620 940 2850 994 poenam
2893 925 2999 979 iste
3039 926 3357 995 meruisset,
3390 930 3717 985 concredita

2024 1016 2108 1065 est
2162 1013 2355 1068 relicta
2411 1014 2481 1068 ab
2556 1030 2623 1069 eo
2678 1014 2970 1085 provincia
3019 1016 3080 1069 P.
3135 1016 3343 1070 Thomas
3404 1018 3713 1087 Blampino,

2023 1116 2195 1172 quem
2225 1101 2285 1154 in
2329 1101 2563 1156 diversis
2613 1103 2875 1173 partibus
2925 1102 3131 1156 diversi
3174 1103 3394 1158 sodales
3418 1107 3715 1173 juverunt.

2022 1192 2099 1243 Ac
2126 1192 2281 1243 Petro
2336 1190 2567 1260 quidem
2607 1192 2926 1246 Constantio
2958 1192 3239 1246 debentur
3272 1208 3508 1248 censura
3538 1202 3594 1249 et
3623 1195 3716 1250 in-

2024 1278 2177 1332 dices
2224 1279 2485 1333 omnium
2524 1286 2868 1335 tractatuum
2911 1281 3411 1350 supposititiorum
3465 1300 3527 1337 ac
3564 1300 3719 1353 pras-

2021 1370 2179 1421 terea
2222 1383 2557 1423 sermonum
2600 1369 2870 1422 recensio.
2918 1369 3101 1422 Vitam
3140 1371 3447 1439 Augustini
3484 1387 3717 1443 compo-

2022 1459 2279 1521 suerunt,
2338 1472 2438 1510 seu
2491 1473 2557 1511 ex
2618 1457 2965 1511 Tillemontii
3026 1460 3471 1527 commentariis,
3525 1460 3721 1531 paucis

2022 1545 2279 1609 mutatis,
2327 1545 2698 1600 traduxerant
2744 1548 2897 1614 Hugo
2938 1549 3268 1602 Vaillantius
3296 1553 3350 1601 et
3378 1549 3605 1603 Iacobus
3643 1549 3719 1603 du

2021 1635 2235 1688 Frische
2262 1634 2569 1701 (Ambrosii
2599 1636 2824 1704 editor).
2877 1636 3148 1689 Tabulam
3195 1640 3521 1707 generalem
3548 1644 3719 1709 atque

2020 1724 2230 1776 indices
2280 1724 2523 1778 confecit
2563 1724 2822 1780 Claudius
2866 1727 3107 1779 Guesnie.
3160 1726 3416 1779 Nicotaus
3471 1725 3720 1796 denique

2020 1808 2217 1877 Goysot
2295 1806 2657 1877 impressioni
2710 1807 2942 1877 praefuit
3004 1823 3067 1860 ac
3132 1808 3599 1877 rorrigendarum
3651 1810 3720 1863 de

2019 1896 2178 1965 prelo
2225 1896 2589 1965 plagularum
2638 1911 2834 1949 curam
2877 1895 3338 1949 molestissimam
3384 1897 3443 1950 in
3475 1914 3532 1951 se
3566 1914 3717 1952 rece-

2019 1984 2107 2054 pit
2154 1989 2211 2037 et
2260 1987 2531 2054 praeclare
2579 1983 3015 2038 administravit.
3064 1984 3214 2037 Nihil
3264 1990 3453 2038 autem
3505 2000 3537 2037 a
3568 1985 3715 2039 cele-

2022 2072 2271 2127 berrimo
2321 2076 2527 2129 Joanne
2602 2074 2916 2127 Mabillonio
2963 2072 3094 2125 huic
3152 2072 3384 2126 editioni
3439 2073 3717 2142 accessit,

2023 2177 2194 2232 quam
2244 2162 2484 2231 epistola
2527 2161 2875 2216 dedicatoria
2922 2162 2989 2215 ad
3025 2162 3367 2216 Ludovicum
3396 2163 3529 2230 XIV,
3565 2162 3715 2217 unde

2020 2255 2171 2305 recte
2215 2251 2470 2321 quidem,
2522 2251 2618 2305 sed
2671 2251 2852 2305 nimia
2897 2250 3015 2305 fere
3050 2251 3434 2320 contentione,
3464 2252 3721 2306 Oudinus

2020 2339 2391 2409 reprehendit
2439 2340 2704 2407 Caveum,
2753 2340 2851 2410 qui
2894 2338 2953 2392 in
3014 2338 3257 2393 Historia
3299 2356 3403 2393 sua
3448 2340 3724 2393 litteraria

2020 2427 2165 2481 hanc
2215 2427 2526 2482 editionem
2573 2427 2714 2482 duce
2764 2434 2821 2482 et
2872 2434 3165 2499 ἐργοδιώκτῃ
3216 2427 3537 2482 Mabillonio
3594 2444 3715 2483 esse

2019 2516 2327 2587 perfectam
2379 2516 2678 2588 scripserat
2731 2515 2826 2587 (a).
2890 2518 2969 2571 De
3024 2524 3234 2571 ornatu
3291 2534 3355 2570 ac
3417 2518 3720 2588 splendore
3806 2554 3807 2557 η

2022 2606 2232 2675 operis,
2281 2605 2454 2676 digno
2502 2610 2560 2660 et
2604 2605 2711 2660 hoc
2763 2606 2994 2659 nomine
3042 2607 3196 2677 quod
3226 2605 3349 2677 regi
3390 2607 3716 2675 offerretur,

2021 2694 2206 2749 dicere
2238 2694 2698 2765 supersedemus,
2751 2695 2857 2749 hoc
2904 2710 3083 2749 unum
3138 2695 3488 2765 adjicientes,
3521 2699 3719 2765 Augu-

2022 2784 2154 2837 stini
2206 2784 2455 2855 efﬁgiem
2505 2784 2606 2838 aeri
2652 2783 2988 2854 impressam
3033 2784 3203 2838 simul
3256 2800 3385 2838 cum
3436 2789 3593 2837 tomo
3652 2784 3720 2837 XI

2020 2873 2278 2926 exhiberi
2327 2872 2418 2943 (b).
2480 2873 2717 2927 Gravem
2774 2878 2967 2926 autem
3037 2873 3157 2926 haec
3222 2872 3719 2927 Benedictinorum

2021 2962 2252 3015 Patrum
2282 2977 2453 3031 opera
2480 2961 2985 3031 reprehensionem
3028 2977 3193 3032 passa
3223 2966 3308 3015 est
3336 2964 3407 3015 ab
3446 2960 3717 3016 Richardo

2021 3050 2256 3105 Simonio
2285 3048 2346 3102 in
2371 3049 2511 3103 Bibl.
2541 3049 2675 3105 Crit.
2722 3049 2785 3103 T.
2836 3049 2930 3114 lll,
2972 3065 3028 3119 p.
3096 3050 3345 3116 101-116,
3389 3048 3716 3120 iterumque
3812 3108 3813 3111 η

2018 3138 2079 3192 in
2126 3138 2362 3194 Censura
2403 3138 2545 3192 Bibl.
2596 3138 2739 3192 Eccl.
2784 3138 3017 3206 Dupinii
3054 3138 3113 3193 T.
3163 3138 3269 3208 Ip.
3326 3140 3444 3192 147.
3495 3138 3559 3192 Et
3586 3137 3714 3208 pri-

2019 3243 2179 3282 mum
2212 3227 2445 3299 quidem
2474 3226 2723 3281 utiverse
2750 3230 3041 3280 succenset
3067 3225 3156 3293 iis,
3182 3226 3282 3298 qui
3312 3226 3473 3281 novis
3490 3230 3718 3297 semper

2018 3316 2277 3371 omnium
2325 3332 2566 3388 operum
2607 3315 2949 3387 scriptorum
2987 3314 3497 3370 ecclesiasticarum
3546 3316 3718 3370 itera-

2017 3405 2275 3459 tionibus
2295 3405 2642 3459 medendum
2669 3421 2789 3459 esse
2822 3404 3123 3459 exstiment
3159 3404 3522 3475 superiorum
3562 3404 3717 3458 vitiis

2018 3498 2118 3548 aut
2177 3494 2513 3563 defectibus,
2571 3493 2728 3564 quod
2784 3494 2966 3547 multo
3023 3492 3213 3563 aptius
3254 3499 3311 3548 et
3340 3493 3718 3563 commodius,

2015 3582 2227 3636 minori
2258 3582 2396 3636 item
2426 3588 2659 3653 sumptu
2704 3582 2831 3637 ﬁeri
2865 3586 3075 3653 posset,
3127 3581 3173 3636 si
3222 3581 3353 3636 libri
3399 3581 3719 3653 singulares

2015 3671 2274 3725 minimas
2328 3671 2517 3739 molis,
2565 3671 2665 3725 sed
2732 3687 2764 3724 a
2824 3669 3043 3741 judicio
3118 3674 3417 3726 auctorum
3481 3686 3717 3725 suorum

2015 3763 2177 3814 tanto
2223 3759 2458 3815 ditiores
2507 3760 2832 3827 ederentur,
2874 3760 2933 3813 in
2978 3759 3185 3831 quibus
3233 3761 3317 3814 vel
3374 3759 3600 3831 integra
3628 3777 3719 3814 re-

2016 3849 2205 3903 censio
2250 3849 2335 3903 vel
2386 3850 2787 3920 supplementa
2833 3853 2890 3902 et
2934 3847 3221 3901 variarum
3269 3848 3580 3903 lectionum
3620 3848 3719 3903 de-

2014 3938 2197 3992 lectus
2238 3941 2579 4008 prostarent,
2622 3936 2942 4007 cujusmodi
2985 3938 3244 4007 exempla
3272 3938 3556 4005 producit,
3598 3941 3719 3992 Ar-

2017 4026 2166 4080 cudii
2219 4028 2537 4082 Collationes
2583 4026 2919 4079 Isidorianas
2972 4031 3022 4079 et
3081 4026 3381 4093 Combeﬁsii
3453 4027 3719 4081 Basiliam

2020 4133 2156 4187 1740
2182 4148 2239 4201 p.
2290 4133 2565 4197 292-298;
2622 4135 2707 4186 Jo.
2750 4131 3058 4185 Fabricium
3100 4131 3161 4201 in
3197 4133 3339 4185 Hist.
3388 4131 3716 4187 bibliothecae

607 4217 664 4271 p.
696 4204 831 4270 761,
872 4205 1013 4257 Hist.
1062 4204 1169 4258 litt.
1212 4200 1280 4257 de
1326 4206 1381 4258 la
1411 4200 1800 4273 Condrégation
1844 4204 1909 4257 de
2012 4200 2204 4272 propri

2117 4200 2253 4272 priae
2297 4203 2403 4257 T.l
2453 4204 2652 4269 (1717),
2708 4218 2766 4270 p.
2805 4204 3050 4267 203-29;
3094 4200 3138 4272 -ί-
3194 4201 3509 4273 0adin._in
3556 4202 3712 4257 Com-

1936 4279 1980 4334 D
2016 4279 2178 4328 ment.
2228 4274 2293 4328 de
2338 4274 2435 4329 SS.
2484 4274 2635 4327 Eccl.
2686 4273 2747 4328 T.
2799 4273 2865 4335 1.,
2915 4288 3045 4343 pag.

3097 4270 3344 4337 954.85;
3395 4270 3439 4344 -ί-
3468 4272 3527 4325 in
3566 4273 3715 4329 Bibl.

2017 4347 2222 4413 Magna
2276 4346 2475 4399 Eccles.
2542 4345 2721 4401 Colon.
2763 4344 2826 4398 T.
2865 4345 2886 4398 Ι
2951 4350 3018 4409 (a.
3056 4345 3235 4412 1754),
3298 4360 3352 4413 p.
3394 4346 3624 4408 761.65;
3654 4344 3715 4398 in

2017 4360 2222 4429 magna
2276 4360 2475 4426 Bootes.
2542 4360 2721 4401 υοιοη.
2764 4360 2826 4398 ‘1'.
2865 4360 2886 4398 1
2951 4360 3018 4427 la.
3056 4360 3235 4412 nos),
3394 4360 3624 4408 tbi-oo;
3654 4361 3713 4398 in

2016 4417 2157 4470 Bibl.
2213 4417 2346 4471 Crit.
2397 4416 2567 4471 Sacra
2618 4420 2667 4469 et
2710 4416 2860 4481 Pref.
2910 4416 3142 4469 Michael
3192 4431 3228 4468 a
3368 4416 3614 4485 Josepho,
3652 4417 3713 4471 T.

2016 4488 2038 4541 Ι
2081 4490 2374 4558 (811741),
2421 4504 2550 4558 pag.
2589 4488 2837 4554 “9-23;
2881 4484 2940 4539 in
2984 4487 3104 4540 Bibl
3159 4487 3353 4542 Casan.
3409 4484 3528 4543 Cat.
3578 4488 3641 4541 T.
3694 4488 3716 4542 Ι

2018 4557 2217 4629 (1761),
2269 4557 2684 4628 ρδςᾞ338-4ος
2738 4558 2798 4610 in
2837 4558 2976 4611 Bibl.
3018 4560 3431 4628 Augustiniana
3475 4560 3558 4613 Jo.
3605 4559 3713 4613 Fel.

2017 4628 2294 4695 Ossingeri
2331 4630 2406 4696 (a.
2462 4631 2615 4690 l768;
2649 4644 2708 4697 p.
2746 4632 2883 4682 .l-8.
2931 4628 3187 4691 Quorum
3225 4629 3479 4698 potiores
3520 4633 3577 4683 et
3624 4645 3714 4683 ac-

2016 4700 2324 4753 curatiores
2382 4699 2640 4768 apposito
2693 4698 2860 4767 signo
2911 4700 3091 4751 crucis
3140 4699 3523 4753 distinximus.
3574 4701 3715 4753 Pos-

2017 4785 2136 4824 sem
2167 4769 2337 4823 etiam
2366 4769 2456 4821 hic
2482 4784 2930 4821 commemorare
2961 4769 3271 4837 Dupinium
3313 4772 3374 4824 T.
3413 4772 3485 4823 ΙΙΙ
3518 4785 3575 4838 p.
3613 4773 3713 4823 160

2016 4856 2176 4910 seqq.
2233 4844 2291 4893 et
2334 4840 2646 4893 Ceillertum
2698 4840 2756 4891 in
2807 4840 2950 4892 Hist.
3007 4845 3109 4905 gen
3141 4841 3232 4893 des
3257 4845 3373 4895 aut.
3405 4841 3528 4894 eccl.
3557 4840 3615 4893 Τ.
3647 4840 3713 4893 XI

2016 4927 2077 4981 p.
2135 4913 2225 4977 41,
2276 4911 2339 4964 Τ.
2370 4910 2462 4963 Xll
2516 4926 2570 4979 p.
2622 4913 2724 4963 255
2759 4912 2834 4975 (a.
2872 4910 3049 4979 1744).
3080 4911 3188 4965 Sed
3212 4910 3271 4963 hi
3302 4927 3418 4964 non
3448 4915 3565 4963 tam
3598 4910 3715 4964 edi-

2016 4982 2190 5035 tionis
2238 4981 2433 5035 curam
2481 4981 2828 5043 habuerunt,
2887 4996 3057 5050 quam
3104 4981 3353 5034 indicem
3410 4981 3715 5050 Augustini

2018 5052 2359 5121 scriptorum
2387 5060 2550 5123 juxta
2594 5052 2855 5105 eamdem
2909 5058 3342 5117 contexuerunt,
3375 5058 3714 5121 argumento

2018 5124 2468 5195 uniuscujusque
2517 5129 2575 5177 et
2624 5123 2920 5177 occasione
2959 5125 3172 5194 ubique
3199 5124 3379 5176 fusius
3408 5124 3709 5179 declarato.

2016 5195 2139 5248 Jam
2169 5196 2267 5266 qui
2306 5211 2485 5249 unum
2530 5197 2671 5248 forte
2719 5200 2818 5247 aut
2856 5196 3096 5248 alterum
3137 5210 3200 5247 ex
3232 5195 3386 5248 hisce
3413 5195 3589 5263 libris,
3620 5202 3718 5251 aut

2020 5282 2220 5319 omnes
2243 5266 2403 5335 juxta
2434 5271 2503 5320 ad
2529 5282 2759 5320 manum
2793 5268 3026 5330 habent,
3075 5270 3427 5337 comparent,
3459 5267 3505 5320 si
3534 5267 3712 5333 lubet,

2018 5342 2220 5419 nostra.
2249 5354 2381 5419 cum
2434 5338 2747 5419 iisdem‘et
2799 5344 3176 5419 cognoscent,
3225 5354 3414 5419 spero,
3476 5338 3713 5419 nobisne

2017 5407 2251 5481 libuerit
2287 5410 2531 5466 aliorum
2578 5408 2858 5466 industria
2881 5407 3028 5473 frui,
3056 5424 3131 5464 an
3160 5407 3273 5481 ipsi
3306 5411 3715 5466 excusserimus

2020 5479 2265 5550 singula.
