4044 6190
367 309 457 360 103

1367 295 1919 356 SUPPLEMENTUM
1959 294 2048 350 AD
2086 293 2315 350 OPERA
2356 294 2411 349 S.
2453 293 2842 349 AUGUSTINI.

3763 293 3868 344 lO-i

356 433 563 498 integro
609 429 947 496 recensitum,
994 425 1134 481 etin
1182 424 1306 494 ipso
1354 420 1674 493 Augustino
1712 417 1899 473 simile
1933 417 2054 472 lau-
2090 431 2131 485 Α
2163 415 2376 471 stimati
2407 421 2554 479 sunt,
2577 433 2821 488 quaeque
2845 415 2904 470 in
2934 415 3255 487 Augustino
3277 430 3412 470 sane
3438 430 3556 470 non
3588 415 3871 487 postremi

357 517 619 573 davimus
681 531 856 587 supra
912 514 1338 583 supplementum
1402 508 1668 574 Vignerii.
1717 506 1900 570 Quam
1947 503 2054 558 viri

355 606 506 662 docti
583 622 746 677 aeque
820 620 882 657 ac
955 601 1171 671 sagacis
1242 595 1584 651 sententiam
1659 593 1826 648 nobis
1880 593 2053 647 etiam

355 695 507 750 haud
551 694 846 764 displicere
892 691 1157 754 fatemur,
1205 685 1433 740 tametsi
1483 699 1674 738 veram
1722 682 1959 736 omnino
1999 686 2056 735 et

349 783 563 853 justam
618 795 736 834 non
791 792 1140 832 censeamus.
1211 772 1432 828 Etenim
1499 771 1557 823 in
1627 784 1689 823 re
1756 767 2052 824 litteraria.

357 868 843 943 quemadmodum
887 865 949 920 in
977 865 1091 918 vita
1121 860 1416 917 communi
1444 859 1696 914 dandum
1726 863 1813 913 est
1838 857 2055 928 aliquid

357 959 604 1030 tempori
655 962 711 1010 et
769 954 1163 1010 delicatiorum
1217 956 1317 1005 aut
1383 952 1812 1022 nqmmatorum
1868 945 2055 1000 homi-

358 1065 496 1104 num
546 1043 993 1102 oblectamentis.
1059 1043 1371 1096 Rarescunt
1410 1054 1581 1109 porro
1626 1037 1750 1107 ipso
1779 1033 2056 1105 temporis

361 1140 517 1210 lapsu
579 1140 634 1190 et
682 1151 786 1189 usu
830 1131 1220 1204 antiquiorum
1263 1128 1580 1183 editionum
1602 1125 1967 1196 exemplaria,
2002 1127 2058 1176 et

357 1229 402 1280 si
436 1227 494 1280 in
525 1225 720 1297 plures
753 1222 1016 1293 regiones
1058 1218 1396 1291 perferenda
1437 1221 1589 1282 sunt,
1623 1214 1880 1286 quamvis
1906 1229 2070 1282 saepe

355 1314 599 1386 repetita
627 1354 642 1383 ,
710 1310 862 1365 haud
935 1307 1099 1363 facile
1159 1305 1490 1361 obveniunt.
1548 1302 1705 1367 Quod
1760 1301 1821 1356 in
1881 1302 2064 1356 Lova-

358 1403 541 1458 niensi
569 1401 816 1456 editione
865 1396 1248 1461 manifestum,
1297 1395 1458 1464 cujus
1504 1390 1936 1463 Antuerpiensis
1964 1390 2059 1444 de-

359 1490 682 1562 scriptionis
711 1487 972 1558 exempla
1008 1501 1112 1557 per
1148 1482 1510 1540 Germaniam
1557 1485 1690 1536 sunt
1746 1479 2054 1543 rarissima,

359 1598 427 1634 ex
457 1578 760 1635 Gallicanis
789 1575 1021 1631 nonnisi
1065 1589 1248 1645 pauca
1295 1578 1353 1627 et
1380 1571 1552 1626 unius
1580 1571 1696 1626 fere
1726 1568 2055 1640 impressio-

355 1669 466 1736 nis,
499 1667 701 1739 primae
746 1664 960 1719 scilicet
1005 1680 1058 1717 a.
1112 1664 1245 1716 l586
1293 1659 1515 1714 ostendi
1545 1659 1755 1713 solent.
1797 1659 1867 1712 Ut
1911 1655 2055 1711 nihil

360 1724 545 1808 dicam
585 1754 654 1807 de
717 1752 965 1820 Vignerii
1017 1749 1414 1819 Supplementa,
1471 1745 1622 1817 quod
1686 1759 1789 1816 per
1845 1743 2055 1797 multas
2088 1724 2128 1779 Β

359 1847 499 1912 puto
558 1840 933 1896 bibliothecas
978 1837 1185 1892 frustra
1243 1833 1588 1908 quaesiveris,
1639 1834 1761 1886 sine
1817 1847 1929 1903 quo
1973 1835 2058 1885 ta-

357 1948 490 1985 men
521 1928 716 1984 omnia
746 1925 1110 1982 Lovaniensis
1138 1925 1312 1996 hujus
1339 1921 1683 1978 recensionis
1729 1921 2060 1992 apograplia

357 2035 560 2074 manca
597 2033 718 2071 esse
767 2020 1008 2071 constat.
1038 2013 1187 2069 Illud
1236 2018 1427 2067 autem
1460 2011 1697 2066 omnino
1727 2013 1937 2081 praeter
1962 2024 2057 2062 ve-

356 2109 586 2162 ritatem
630 2104 920 2160 contendit
979 2101 1286 2169 Simonius,
1339 2115 1545 2154 novam
1588 2097 1895 2168 Augustini
1932 2095 2056 2150 edi-

356 2197 575 2250 tionem
620 2198 750 2264 post
796 2191 1205 2246 Lovaniensem
1254 2191 1442 2244 locum
1508 2205 1626 2242 non
1693 2186 1958 2241 habuisse
2003 2190 2061 2239 et

357 2284 614 2356 iniquius
645 2282 858 2350 statuit,
893 2280 1302 2336 Lovaniensem
1344 2277 1727 2332 Benedictinaa
1769 2275 1962 2330 multis
1991 2291 2060 2330 ex

357 2373 540 2428 causis
584 2387 706 2426 esse
756 2369 1197 2441 praeferendam,
1250 2367 1517 2438 idemque
1562 2365 1836 2431 dicemus,
1881 2364 1926 2418 si
1956 2365 2058 2434 ju-

356 2461 569 2517 dicium
633 2461 804 2514 hocce
876 2474 1045 2513 suum
1119 2457 1189 2511 ad
1245 2456 1497 2526 reliquas
1555 2453 2057 2508 Benedictinorum

356 2553 590 2605 Patrum
640 2549 973 2603 Latinorum
1020 2547 1106 2601 vel
1150 2548 1477 2601 Grmcorum
1528 2543 1809 2598 editiones
1860 2548 2056 2596 exten-

357 2641 492 2694 dere
548 2639 702 2704 velit,
761 2654 790 2690 e
851 2636 1060 2708 quibus
1113 2635 1205 2689 vix
1259 2634 1414 2688 ullus
1470 2637 1576 2701 est,
1629 2631 1904 2686 Hilarium
1936 2631 2056 2700 ipse

357 2728 584 2798 excipit.
621 2726 761 2797 quin
792 2729 1077 2779 recentem
1107 2728 1243 2778 tunc
1273 2723 1343 2777 ab
1397 2721 1644 2793 ingeniis
1699 2721 2057 2774 eruditorum

356 2821 412 2871 et
436 2816 580 2887 preli
614 2814 895 2869 munditie
921 2814 1138 2867 cultum
1175 2811 1567 2866 desiderasset.
1623 2811 1693 2864 Ut
1728 2825 1860 2862 vero
1889 2809 1959 2862 ad
1991 2824 2058 2862 ea

355 2906 587 2962 tandem
621 2905 972 2969 accedamus,
1003 2918 1133 2974 quae
1162 2901 1221 2955 in
1269 2900 1392 2972 ipsa
1437 2899 1542 2954 hac
1581 2901 1812 2954 Patrum
1855 2897 2054 2952 Mauri-

2163 505 2375 560 laboris
2405 506 2532 572 fuit,
2567 523 2738 576 quam
2771 511 2965 561 tamen
2993 505 3283 561 Simonius
3317 521 3388 558 ne
3416 503 3588 558 verbo
3630 505 3872 576 quidem

2163 594 2376 665 attigit,
2419 594 2517 665 qui
2571 612 2768 665 equus
2813 594 3009 666 judex,
3041 593 3140 649 ubi
3176 593 3247 648 ad
3277 594 3618 647 sententiam
3647 594 3717 648 de
3747 598 3872 648 toto

2163 700 2333 755 opere
2359 683 2655 739 ferendam
2686 684 3024 751 consederit,
3049 683 3485 754 praetermittere
3531 682 3729 737 ausit?

2851 775 3175 828 17004703.

2234 862 2550 932 Antuerpiz
2590 861 2902 931 sumptibus
2929 863 3241 927 Societatis;
3273 861 3486 928 in-fol.,
3527 861 3644 914 XII
3690 862 3873 930 tomis,

2163 949 2351 1006 Sancti
2406 950 2767 1020 Augustini,
2838 950 3090 1022 episcopi
3161 949 3541 1021 Hipponensis
3611 949 3867 1020 Operum

2163 1040 2225 1093 T.
2253 1040 2393 1094 Ι-ΧΙ.
2428 1040 2561 1094 Post
2589 1038 3026 1094 Lovauiensium
3047 1038 3447 1109 theologorum
3467 1037 3868 1091 recensionem

2163 1129 2466 1199 castigatus
2496 1129 2707 1194 denuo,
2738 1133 2866 1196 etc.,
2900 1134 2959 1184 ut
3004 1131 3063 1182 in
3111 1127 3454 1198 praecedenti.
3504 1126 3688 1181 Editio
3721 1143 3869 1181 nova

2164 1234 2197 1272 a
2225 1218 2420 1272 multis
2449 1218 2672 1273 mendis
2698 1223 2962 1288 purgata.
2995 1217 3321 1273 Prodierunt
3362 1219 3422 1271 T.
3453 1219 3581 1272 I-V
3615 1233 3669 1270 a.
3706 1219 3868 1286 1700,

2167 1309 2226 1362 Τ.
2267 1308 2348 1361 VI
2385 1309 2538 1376 l70t,
2562 1309 2620 1361 T.
2648 1309 2850 1362 VII-X
2879 1310 3036 1374 4707,
3071 1308 3130 1361 T.
3155 1308 3242 1361 XI
3261 1307 3395 1360 r100
3419 1322 3434 1373 ;
3458 1305 3672 1359 tandem
3705 1306 3866 1370 nos,

2163 1396 2480 1466 Antuerpiav
2509 1396 2658 1465 apud
2702 1397 2918 1450 Petrum
2954 1397 3216 1451 Mortier:
3257 1393 3557 1466 Appendix
3594 1394 3866 1464 Augusti-

2164 1484 2356 1551 niana,
2402 1484 2461 1540 in
2510 1501 2622 1556 qua
2666 1490 2800 1540 sunt
2835 1486 2892 1541 S.
2945 1487 3197 1555 Prosperi
3241 1501 3468 1538 carmen
3499 1483 3568 1538 de
3598 1483 3866 1554 Ingratis,

2165 1589 2293 1627 cum
2342 1573 2492 1627 notis
2546 1573 2910 1628 Lovaniensis
2965 1572 3256 1644 theologi;
3303 1573 3541 1626 Joannis
3589 1572 3865 1631 Garnerii.

2165 1661 2459 1717 Societatis
2512 1663 2640 1716 Jesu
2699 1661 3036 1734 presbyteri,
3093 1661 3525 1716 Dissertationes
3571 1660 3866 1730 pertinen-

2166 1755 2250 1805 tes
2271 1751 2341 1806 ad
2387 1751 2689 1805 Historiam
2727 1750 3130 1820 Pelagianam;
3182 1751 3388 1818 Pelagii
3421 1751 3676 1804 Britanni
3701 1749 3868 1804 Com-

2167 1840 2434 1895 mentarii
2464 1840 2523 1894 in
2553 1840 2830 1912 Epistolas
2855 1840 2908 1896 S.
2948 1839 3144 1906 Pauli;
3193 1856 3256 1894 ac
3300 1839 3548 1910 denique
3578 1842 3698 1892 Des.
3733 1841 3870 1892 Era-

2165 1931 2290 1995 smi,
2320 1931 2415 1983 Jo.
2456 1929 2597 1983 Lud.
2648 1931 2824 1996 Vivis,
2872 1928 3073 1983 Jacobi
3119 1927 3415 1993 Sirmondi,
3462 1915 3870 1982 Hem'iciNori-

2165 2019 2250 2078 sii,
2291 2015 2520 2071 Joannis
2563 2017 2861 2084 Phereponi
2901 2019 2956 2070 et
3001 2015 3245 2069 aliorum
3292 2013 3674 2086 prafationes,
3735 2030 3867 2068 cen-

2163 2118 2332 2168 surae,
2393 2107 2543 2157 notae
2602 2109 2659 2158 et
2716 2103 3240 2159 animadversiones
3281 2104 3343 2157 in
3367 2102 3564 2158 omnia
3592 2103 3649 2158 S.
3676 2105 3870 2174 Augu-

2167 2192 2301 2247 stini
2333 2209 2530 2263 opera,
2588 2195 2648 2248 T.
2679 2195 2818 2261 XII,
2851 2193 2953 2265 qui
2978 2193 3112 2248 huic
3137 2193 3380 2250 editioni
3407 2192 3731 2265 peculiaris,
3758 2208 3870 2246 un-

2165 2280 2347 2336 decim
2379 2281 2668 2353 prioribus
2699 2299 2770 2336 ex
2791 2282 2910 2336 sola
2947 2282 3194 2337 editione
3235 2281 3541 2336 Parisiensi
3589 2281 3710 2336 sine
3739 2297 3870 2335 mu-

2165 2371 2378 2424 tatione
2409 2370 2708 2442 expressis.

2237 2459 2468 2514 Constat
2514 2461 2660 2514 hanc
2705 2459 3012 2515 editionem
3063 2475 3176 2514 non
3229 2459 3555 2531 Antuerpize
3609 2445 3709 2514 sed
3736 2461 3874 2514 Am-

2165 2547 2463 2602 stelodami
2504 2565 2609 2619 per
2659 2549 2893 2603 Petrum
2943 2548 3194 2616 Mortier,
3235 2549 3606 2619 bibliopolam
3650 2551 3875 2602 Amste-

2163 2637 2574 2704 lodamensem,
2608 2637 2708 2708 qui
2738 2653 2852 2691 non
2883 2638 3068 2691 solum
3099 2652 3310 2690 nomen
3341 2652 3508 2690 suum
3545 2635 3604 2688 in
3642 2636 3877 2705 Appen-

2165 2725 2306 2780 dicis
2357 2741 2453 2781 seu
2498 2725 2640 2780 tomi
2685 2727 2778 2780 XII
2827 2725 2994 2780 titulo
3035 2724 3322 2794 professus
3360 2731 3466 2792 est,
3511 2724 3608 2778 sed
3653 2723 3725 2778 ad
3755 2724 3877 2778 cal-

2165 2830 2290 2868 cem
2328 2815 2393 2869 Xl
2443 2813 2586 2868 tomi
2624 2829 2853 2884 quoque
2887 2813 3166 2884 ascripsit,
3216 2829 3338 2868 esse
3380 2812 3709 2884 perfectam,
3755 2827 3876 2882 qua

2166 2903 2365 2958 fraude
2403 2903 2466 2957 in
2503 2908 2907 2961 consecuturos
2939 2918 3060 2956 sese
3101 2902 3410 2973 sperabant
3457 2907 3764 2967 curatores,
3807 2906 3879 2954 ut

353 3013 561 3050 norum
607 3010 782 3064 opera
822 2993 911 3047 vel
953 3007 1273 3063 perperam,
1327 2989 1412 3043 vel
1459 2989 1723 3060 imperite
1764 2988 1904 3041 facta
1936 3002 2056 3040 esse
2093 3011 2133 3068 ο
2167 2991 2227 3046 in
2284 2992 2452 3046 terris
2498 2991 2785 3064 pontificis
2831 2991 3136 3045 formulam
3188 2990 3504 3045 colentibus
3529 2988 3877 3044 vendibilior

356 3085 636 3156 queritur,
700 3080 1069 3152 reprehendit
1115 3080 1386 3149 primum,
1437 3078 1676 3131 omissas
1721 3093 1842 3130 esse
1891 3081 2056 3129 notas

356 3169 793 3226 Lovauiensium
904 3167 1306 3236 theologorum
1402 3165 1658 3218 Ecclesia:
1763 3163 2054 3216 catholicae

355 3275 540 3313 causae
571 3264 686 3311 tam
721 3255 889 3310 utiles
918 3255 1082 3327 (nam
1111 3253 1164 3308 id
1197 3253 1305 3306 sibi
1331 3253 1452 3306 vult
1477 3255 1527 3306 si
1560 3255 1917 3321 importantes
1937 3254 1971 3303 ἀ
2002 3252 2056 3306 ια

354 3346 628 3417 religion).
698 3344 810 3398 Nec
865 3359 998 3396 vero
1027 3357 1153 3395 eam
1181 3339 1601 3394 excusationem
1642 3337 2052 3392 admittendam

355 3440 564 3500 censet,
620 3450 733 3504 qua
785 3432 854 3486 ab
894 3430 1164 3485 omnibus
1213 3428 1491 3483 omnnino
1534 3427 1867 3497 theologicis
1905 3426 2056 3480 notis

356 3537 477 3574 sese
534 3518 874 3572 abstinuisse
926 3516 1236 3570 affirmant.
1291 3513 1513 3584 Quippe
1545 3512 1696 3584 quod
1726 3511 1934 3582 partim
1984 3511 2054 3565 ab

353 3609 423 3663 iis
453 3608 667 3663 factum
709 3622 833 3662 esse
871 3609 1064 3675 negat,
1115 3601 1324 3675 partim
1365 3602 1620 3670 damnat,
1665 3601 1816 3671 quod
1846 3600 2056 3654 criticis

354 3695 846 3752 observationibus
891 3709 1053 3765 aeque
1102 3691 1162 3746 in
1208 3690 1500 3761 theologia
1550 3707 1615 3745 ac
1664 3691 1723 3744 in
1763 3693 2056 3746 Gramma-

353 3787 486 3856 tica,
518 3801 692 3857 quam
723 3785 903 3840 solam
935 3781 1314 3851 exercuerint,
1345 3781 1499 3834 locus
1529 3779 1717 3834 fuerit.
1760 3784 1832 3835 At
1868 3781 2056 3851 majus

352 3873 440 3928 his
490 3873 756 3928 omnibus
813 3870 1189 3943 opprobrium
1221 3874 1322 3937 est,
1379 3874 1436 3924 et
1486 3869 1640 3941 quod
1687 3886 1802 3924 non
1849 3885 2055 3940 parum

354 3963 527 4034 hujus
554 3961 824 4018 editionis
873 3960 1126 4032 pretium
1156 3959 1422 4028 elevaret,
1459 3958 1506 4012 si
1535 3957 1667 4012 satis
1695 3957 1790 4012 ille
1820 3959 2056 4030 probas-

355 4059 460 4122 set,
536 4051 781 4108 defuisse
853 4049 1148 4104 monachis
1210 4047 1292 4102 eis
1363 4064 1585 4114 omnes,
1639 4063 1782 4119 quas
1834 4047 2056 4102 critices

354 4158 565 4197 munus
595 4141 703 4197 sibi
732 4140 998 4212 postulet,
1033 4139 1348 4208 facultates,
1390 4137 1727 4204 doctrinam,
1771 4137 2056 4208 judicium

354 4236 411 4286 et
457 4248 719 4286 acumen.
773 4231 996 4285 Praebet
1047 4230 1308 4299 exempla
1343 4228 1582 4299 aliquot,
1615 4227 1670 4281 in
1704 4227 1911 4299 quibus
1939 4243 2057 4281 non

353 4335 548 4390 neges,
612 4334 730 4372 non
783 4319 1089 4374 admodum
1141 4318 1276 4371 scite
1324 4333 1418 4370 eos
1467 4332 1588 4370 esse
1638 4322 1909 4386 versatos,
1958 4315 2056 4370 sed
2095 4307 2139 4363 Ι)

353 4407 628 4478 pleraque
703 4406 897 4459 omnia
968 4404 1289 4457 versionem
1362 4405 1618 4457 locorum
1681 4405 1887 4458 veteris
1961 4409 2059 4458 aut

354 4496 484 4548 novi
538 4493 887 4549 Testamenti
935 4496 1302 4556 coucernunt,
1350 4491 1409 4544 in
1455 4491 1664 4562 quibus
1705 4492 1752 4544 si
1799 4491 2059 4546 timidius

355 4586 455 4636 aut
483 4581 657 4636 etiam
709 4596 824 4636 non
873 4579 1035 4634 docte
1078 4579 1212 4631 satis
1256 4577 1473 4648 aliquid
1519 4578 1728 4632 elocuti
1767 4578 1899 4646 sint,
1931 4579 2058 4649 quis

353 4677 512 4728 tanto
556 4671 848 4726 stomacho
897 4670 1077 4724 ferat?
1115 4671 1390 4723 Praeterea
1439 4686 1621 4740 pauca
1667 4675 1817 4738 sunt,
1842 4675 1898 4724 et
1928 4670 2059 4724 licet

355 4762 426 4818 de
478 4760 674 4816 multis
729 4776 796 4813 ea
843 4759 1171 4830 speciminis
1217 4757 1381 4828 quasi
1427 4759 1550 4812 loco
1599 4760 1864 4813 exhibere
1895 4777 1952 4812 se
1979 4759 2056 4812 si-

355 4851 608 4924 gnificat,
640 4854 698 4904 et
731 4848 790 4902 in
839 4850 1015 4902 altera
1062 4847 1295 4918 quidem
1339 4847 1544 4902 harum
1581 4865 1948 4903 censurarum
1974 4849 2058 4917 :ad

354 4941 566 4996 librum
602 4940 774 5011 justm
825 4936 1240 5008 magnitudinis
1289 4937 1707 4992 conficiendum
1759 4939 2056 4992 materiam

355 5031 424 5084 de
473 5029 874 5102 praetermissis
918 5031 974 5081 et
1018 5042 1320 5097 perperam
1362 5027 1523 5081 dictis
1577 5026 1686 5080 sibi
1751 5033 2057 5098 suppetere

354 5118 677 5188 scripserit;
726 5125 919 5172 tamen
969 5116 1241 5187 quoniam
1289 5115 1440 5169 hunc
1482 5116 1655 5170 talem
1703 5116 1912 5170 librum
1945 5133 2058 5171 non

356 5205 601 5274 scripsit,
647 5223 752 5261 nec
799 5207 1193 5277 exemplorum
1237 5221 1544 5259 numerum
1590 5221 1832 5276 usquam
1880 5206 2055 5272 auxit,

353 5293 497 5348 illud
525 5294 630 5347 viri
659 5295 831 5365 hujus
851 5295 1134 5366 judicium
1167 5310 1283 5348 non
1308 5299 1521 5349 temere
1552 5294 1857 5366 quisquam
1888 5294 2058 5348 susci-

353 5383 498 5455 piat.
548 5383 710 5438 Illam
743 5400 876 5439 vero
907 5385 1126 5440 critices
1168 5388 1406 5456 partem,
1449 5400 1579 5455 qua:
1605 5383 1676 5438 ad
1705 5383 2057 5454 genuitatem

355 5477 413 5529 et
449 5471 839 5542 integritatem
887 5473 1162 5529 librorum
1206 5473 1406 5538 tendit,
1453 5473 1523 5527 de
1553 5489 1666 5543 qua
1696 5487 1923 5543 semper
1947 5472 2055 5528 hu-

351 5561 446 5634 jus
483 5559 944 5632 congregationis
1006 5562 1274 5619 monachi
1329 5561 1602 5636 prasclare
1631 5561 1908 5618 meruisse
1944 5561 2060 5618 exi-

2167 3086 2336 3147 esset,
2393 3080 2439 3133 si
2484 3097 2548 3134 ex
2594 3081 2735 3134 urbe
2781 3079 3094 3150 pontiﬁcia:
3144 3079 3418 3134 doctrina:
3464 3077 3685 3134 addicta
3714 3077 3877 3132 exire

2161 3169 2470 3234 videretur,
2521 3185 2693 3240 quam
2733 3168 2778 3221 si
2823 3185 3034 3222 nomen
3061 3167 3219 3222 urbis
3247 3167 3606 3221 heterodoxae
3631 3166 3878 3237 prmfer-

2162 3262 2266 3312 ret.
2300 3259 2412 3312 Nec
2442 3257 2634 3311 minus
2672 3257 3072 3328 pervulgatum
3115 3261 3220 3325 est,
3261 3256 3538 3310 editorem
3565 3255 3740 3308 fuisse
3770 3271 3879 3310 ce-

2161 3346 2377 3400 lebrem
2408 3346 2591 3412 illum,
2623 3346 2720 3400 sed
2750 3346 2903 3416 apud
2932 3344 3238 3400 catholicos
3270 3345 3418 3399 male
3448 3343 3734 3414 imprimis
3773 3361 3884 3398 au-

2161 3435 2412 3490 dientem
2457 3436 2728 3490 Joannem
2770 3436 3053 3502 Clericum,
3093 3433 3193 3505 qui
3240 3433 3346 3488 sub
3389 3434 3632 3488 Joannis
3677 3434 3883 3488 Phere~

2156 3527 2291 3595 poni
2319 3525 2471 3579 larva
2495 3523 2671 3578 latere
2701 3523 2902 3579 voluit.

2232 3613 2376 3668 Sunt
2405 3617 2600 3667 autem
2631 3612 2746 3667 duo
2775 3628 2988 3684 genera
3014 3612 3356 3682 scriptorum
3385 3610 3446 3665 in
3474 3610 3621 3665 hanc
3659 3627 3884 3682 appen-

2161 3701 2347 3757 dicem
2378 3719 2410 3756 a
2449 3701 2664 3756 Clerico
2713 3701 2984 3772 conjecta,
3043 3701 3178 3755 libri
3217 3699 3432 3754 scilicet
3461 3704 3581 3753 tum
3610 3704 3886 3754 veterum

2161 3791 2380 3862 aliquot
2412 3793 2726 3858 auctorum,
2768 3797 2893 3844 tum
2937 3789 3320 3844 recentiorum
3367 3787 3712 3858 scriptorum
3763 3787 3887 3842 dis-

2163 3879 2497 3933 sertationes
2543 3877 2962 3949 Augustiniana
3000 3878 3208 3950 scripta
3256 3877 3627 3942 illustrantes,
3660 3875 3884 3946 quibus

2163 3972 2220 4022 et
2246 3967 2610 4038 praefationes
2641 3971 2697 4021 et
2726 3983 3001 4037 censurae,
3043 3966 3406 4037 superiorum
3449 3965 3737 4020 editorum
3787 3981 3887 4020 ac-

2163 4057 2382 4112 censeri
2412 4061 2729 4125 merentur,
2759 4061 2816 4110 et
2863 4056 3043 4127 ipsius
3073 4061 3222 4110 nota:
3272 4071 3469 4109 recens
3512 4053 3574 4107 in
3611 4053 3885 4125 singulos

2163 4151 2352 4201 tomos
2403 4161 2642 4216 operum
2688 4145 3048 4216 conscriptae.
3099 4145 3179 4200 Ad
3226 4144 3385 4214 prius
3431 4146 3688 4214 spectant
3736 4144 3884 4196 Pro-

2163 4237 2312 4304 speri
2362 4235 2598 4288 Carmen
2627 4238 2684 4287 et
2707 4234 2918 4300 Pelagii
2960 4235 3364 4295 Commentarii,
3395 4231 3464 4286 de
3516 4229 3726 4302 quibus
3776 4231 3886 4300 ju-

2167 4321 2329 4388 stior,
2358 4322 2456 4376 ubi
2480 4322 2550 4377 ad
2584 4322 2738 4391 ipsos
2779 4321 2946 4376 hosce
2975 4327 3232 4376 auctores
3280 4319 3736 4390 pervenerimus,
3765 4335 3886 4372 no-

2166 4409 2254 4464 bis
2289 4409 2514 4464 dicendi
2563 4411 2718 4464 locus
2767 4411 2909 4464 erit:
2972 4411 3228 4466 Garnerii
3272 4408 3692 4468 dissertationes,
3742 4423 3885 4478 quae

2166 4498 2317 4552 inter
2366 4499 2631 4569 Prosperi
2664 4505 2720 4554 et
2767 4498 2982 4570 Pelagii
3036 4499 3312 4569 opuscula
3356 4499 3541 4552 locum
3581 4495 3885 4567 obtinent,

2166 4602 2412 4658 quasque
2471 4587 2735 4640 similiter
2792 4586 2864 4640 ad
2935 4589 3172 4641 Marium
3228 4590 3571 4642 Mercatorem
3611 4601 3645 4637 a
3703 4585 3888 4640 nobis

2167 4677 2789 4731 commemorabuntur.
2826 4676 2910 4730 Ad
2954 4693 3048 4730 eas
3075 4683 3267 4731 autem
3310 4677 3603 4746 pertinent
3648 4675 3890 4729 Henrici

2165 4767 2374 4820 Norisii
2445 4765 2744 4819 cardinalis
2789 4767 3024 4834 episcopi
3061 4766 3317 4834 epistola,
3363 4765 3561 4833 quibus
3617 4765 3891 4819 Garnerii

2165 4866 2369 4905 errores
2400 4853 2459 4905 in
2512 4853 2857 4922 Geographia
2910 4869 3069 4908 sacra
3115 4853 3346 4920 Africae,
3397 4853 3534 4906 dum
3593 4850 3890 4923 episcopis

2165 4940 2445 5011 synodum
2497 4940 2777 4996 Africanae
2809 4947 2863 4996 et
2918 4941 3231 4996 Numidicae
3273 4940 3422 4995 sedis
3461 4939 3886 5010 assignaverat,

2165 5031 2610 5100 perstringuntur
2665 5035 2721 5085 et
2765 5031 3139 5099 emendantur,
3191 5028 3787 5084 animadversionibus
3820 5030 3890 5084 in

2166 5125 2388 5174 tomum
2422 5119 2470 5172 ll
2502 5120 2771 5189 subjecta:
2827 5121 2910 5174 Ad
2941 5119 3235 5190 Pelagium
3262 5120 3520 5174 observat
3540 5116 3749 5184 editor,
3783 5120 3892 5174 ud-

2167 5209 2422 5263 diturum
2454 5225 2512 5262 se
2546 5209 2718 5263 fuisse
2749 5208 2986 5262 seorsim
3016 5224 3214 5262 omnes
3262 5209 3385 5279 ejus
3423 5205 3716 5276 reliquias,
3762 5205 3892 5260 nisi

2169 5312 2298 5367 qua:
2329 5303 2538 5369 praeter
2585 5297 2886 5367 epistolam
2916 5298 2984 5352 ad
3016 5297 3436 5352 Demetriadem
3483 5299 3772 5350 exstarent
3819 5294 3895 5350 in

2166 5385 2304 5456 ipsis
2351 5384 2715 5441 Garnerianis
2759 5385 3248 5441 dissertationibus
3292 5386 3414 5457 jam
3442 5383 3690 5438 collecta?
3731 5381 3896 5438 fuis-

2167 5479 2312 5540 sent,
2366 5475 2462 5529 illa
2509 5490 2642 5528 vero
2673 5473 2734 5528 in
2765 5479 2921 5529 tomo
2953 5475 3002 5530 II
3033 5474 3441 5546 Antuerpianaz
3469 5472 3644 5542 hujus
3674 5470 3900 5527 editio-

2167 5564 2256 5618 nis
2284 5563 2434 5618 inter
2470 5562 2916 5636 Augustinianas
2959 5563 3230 5636 epistolas
3277 5563 3471 5619 locum
3511 5559 3895 5630 obtinuisset,
