4060 6194
192 341 264 391 103
1131 330 1405 385 NOTITIA
1448 330 1879 386 LITTERARIA
1918 332 1984 387 IN
2024 334 2079 389 S.
2121 334 2560 390 AUGUSTINUM

3509 344 3606 395 106

176 460 295 528 Quod
323 455 653 529 praefationes
682 453 906 523 attinet,
938 452 1127 525 prima
1156 457 1241 508 est
1269 455 1491 509 Erasmi
1530 454 1799 510 dedicatio
1834 455 1882 510 A
1913 471 2031 510 esse
2082 462 2334 527 censent,
2400 458 2635 513 Necesse
2694 463 2778 513 est
2823 459 3078 529 profecto
3135 476 3606 534 unumquemque

178 551 226 604 ad
247 549 499 614 Alfonsum
539 547 837 609 Fonsecam,
885 542 1376 613 archiepiscopum
1436 545 1793 612 Toletanum,

175 639 269 693 dein
294 634 525 707 praefatio
552 636 771 688 Joannis
812 634 1133 698 Vlimmerii,
1165 632 1525 686 sermonibus
1555 650 1584 686 a
1642 649 1698 687 se
1739 651 1789 687 a.

176 727 271 780 1564
302 723 446 778 editis
473 721 761 792 praemissa
810 726 866 775 et
903 720 963 774 in
993 720 1255 792 sequenti
1288 720 1594 775 Basileensi
1625 738 1793 791 repe-

168 818 251 880 tita,
278 818 383 868 tum
411 812 527 882 ipsa
551 811 667 864 haec
710 810 1043 864 Basileensis
1084 828 1133 865 a.
1172 813 1307 865 1569
1363 810 1624 882 ι)τωὶᾶίἰο
1665 828 1791 865 ver-

168 905 280 958 sibus
304 904 551 970 concepta
572 916 631 953 ac
662 898 908 970 denique
940 898 1158 953 Erasmi
1188 899 1246 952 in
1278 898 1455 953 libros
1506 900 1792 954 Retracta-

165 993 334 1047 tionum
361 994 412 1044 et
435 989 863 1045 Confessionum
894 1004 1159 1043 censura.
1219 989 1573 1043 Postremam
1624 988 1787 1055 hanc,

163 1097 233 1135 cur
298 1080 510 1133 seorsim
560 1095 589 1132 a
640 1077 873 1149 reliquis
929 1077 1185 1131 censuris
1238 1076 1603 1145 Erasmianis,
1649 1094 1791 1148 quas

159 1171 243 1224 suis
280 1167 849 1223 animadversiouibus
906 1166 1273 1237 interposuit,
1330 1166 1423 1220 hic
1471 1166 1787 1220 exscriben-

159 1260 253 1312 dam
277 1257 492 1322 dederit,
527 1257 744 1311 nullam
772 1256 934 1311 video
965 1273 1220 1311 causam.
1263 1256 1374 1310 Nec
1414 1256 1598 1326 magis
1627 1255 1789 1310 intel-

156 1349 254 1418 ligo,
280 1362 369 1400 cur
392 1362 559 1401 unam
580 1345 897 1399 Vlimmerii
919 1344 1316 1415 praefationem
1345 1339 1426 1399 ad
1466 1344 1784 1414 Pamelium,

154 1454 246 1506 quae
280 1435 493 1506 proprie
554 1438 780 1488 tantum
821 1433 1059 1488 Possidii
1112 1433 1428 1487 indiculum
1497 1450 1612 1487 una
1657 1449 1787 1487 cum

154 1524 457 1579 Sermonibus
486 1524 815 1593 evulgatum
860 1522 1087 1588 attinet,
1118 1522 1229 1576 huc
1272 1522 1609 1593 reposuerit,
1642 1523 1787 1577 alte-

153 1631 240 1667 ram
284 1614 344 1667 ad
417 1614 717 1667 Martinam
768 1612 1097 1677 Rithovium,
1166 1610 1420 1681 primum
1475 1612 1785 1681 Yprensem

152 1704 438 1775 episcopum,
484 1717 604 1754 una
660 1716 791 1754 cum
849 1699 1134 1755 Sirmondi
1167 1700 1505 1770 praefatione
1557 1700 1783 1755 Sermo-

150 1793 275 1845 nibus
296 1791 371 1845 XL
419 1788 655 1843 Parisiis
710 1806 759 1843 a.
810 1791 935 1842 1631
999 1787 1303 1859 publicatis
1358 1788 1597 1860 adjecta,
1654 1793 1786 1845 ante

152 1878 616 1933 animadversiones
674 1876 736 1931 in
785 1879 844 1932 T.
908 1878 952 1930 V
1010 1877 1393 1932 recudendam
1467 1878 1783 1933 tradiderit.

150 1969 267 2022 Certe
288 1968 338 2021 in
362 1968 443 2021 his
473 1967 901 2021 festinationem
932 1966 1242 2037 quamdam
1278 1983 1616 2037 cognoscere
1644 1968 1783 2022 mihi

148 2056 312 2125 videor,
331 2056 648 2127 cujusmodi
679 2072 796 2110 non
825 2072 954 2109 raro
977 2055 1279 2123 Clericum,
1308 2056 1351 2109 si
1383 2058 1532 2127 typis
1569 2056 1786 2127 aliquid

148 2147 405 2217 parandum
435 2150 606 2209 esset,
640 2146 880 2216 urgebat
919 2145 1009 2215 (a).
1065 2144 1173 2199 Sed
1229 2150 1293 2198 ut
1321 2144 1501 2216 ipsius
1553 2146 1786 2199 tandem

149 2236 605 2291 Animadversiones
635 2234 1006 2305 attingamus,
1036 2233 1103 2288 de
1130 2232 1331 2287 iisdem
1360 2233 1623 2288 universe
1651 2250 1785 2304 pro-

150 2325 391 2391 nuntiavit,
445 2341 501 2378 se
554 2340 679 2378 non
738 2338 1069 2394 aggressum
1122 2338 1243 2377 esse
1299 2323 1784 2378 Commentarium

150 2418 216 2465 aut
237 2418 375 2468 notas
399 2417 711 2485 perpetuas
754 2410 813 2464 in
844 2411 898 2465 S.
944 2410 1332 2482 Augustinum
1383 2411 1647 2477 scribere,
1688 2411 1787 2466 sed

152 2504 313 2555 tantum
339 2501 580 2573 sparsim
638 2499 899 2570 quasdam
955 2498 1018 2552 in
1062 2498 1217 2553 varia
1255 2499 1376 2570 ejus
1406 2515 1580 2571 opera
1607 2515 1786 2554 anno-

154 2594 247 2655 tare,
272 2604 522 2658 quorum,
559 2587 616 2641 si
665 2602 793 2657 qua:
846 2585 971 2641 aliis
1022 2586 1303 2653 debuerit,
1354 2591 1652 2641 auctorum
1691 2604 1787 2641 no-

153 2677 261 2730 mina
280 2693 330 2731 se
359 2677 672 2747 diligenter
702 2675 915 2747 ubique
972 2676 1321 2746 apposuisse,
1370 2679 1433 2730 ut
1476 2675 1786 2747 unicuique

152 2766 233 2819 laus
252 2782 336 2820 sua
361 2768 692 2832 consta'ret;
734 2765 844 2820 alia
873 2766 1103 2831 intacta,
1151 2769 1251 2819 aut
1278 2780 1428 2836 quas,
1468 2782 1539 2819 an
1580 2765 1678 2819 alii
1710 2769 1789 2819 at-

153 2852 365 2923 tigissent,
392 2854 720 2921 nesciverit,
753 2870 855 2908 suo
876 2853 1110 2908 nomine
1141 2854 1461 2924 protulisse.
1508 2855 1635 2908 Esse
1686 2870 1787 2908 au-

154 2947 228 2995 tem
249 2949 349 2997 tum
378 2942 746 3015 grammatici
775 2947 871 2997 aut
917 2942 1097 2996 critici
1134 2942 1380 3013 generis,
1430 2947 1554 2996 tum
1604 2943 1787 2996 multa

1905 544 2108 610 facere,
2143 546 2294 616 quod
2320 546 2601 616 optimum
2636 547 2788 601 factu
2822 547 2874 601 ei
2905 548 3150 603 videtur.
3206 549 3310 605 Sed
3366 550 3476 605 erit
3506 568 3606 623 po-

1904 637 2023 687 stea
2044 634 2304 688 omnium
2326 635 2502 688 Judex
2527 651 2847 705 supremus,
2882 637 2981 708 qui
3007 638 3315 709 aliquando
3349 639 3605 709 tandem,

1904 723 2139 793 quinam
2170 724 2377 777 rectius
2407 725 2710 792 senserint,
2760 729 2911 779 certo
2961 726 3207 781 docebit.
3247 727 3395 791 Quin
3424 732 3480 781 et
3508 744 3606 782 no-

1903 817 2019 865 stra
2044 816 2195 877 mtas,
2232 828 2301 866 ne
2332 818 2591 883 posteros
2622 812 2825 880 dicam,
2852 815 3132 885 judicium
3152 815 3257 870 hac
3288 817 3356 870 de
3379 817 3606 871 referre

1900 901 2156 971 poterit;
2205 918 2330 968 nec,
2390 902 2435 955 si
2490 901 2807 956 rationibus
2846 904 2987 957 meis
3027 904 3301 959 assentire
3332 910 3602 975 nequeat,

1899 990 2233 1045 auctoritate
2260 1006 2405 1057 mea,
2433 1006 2561 1061 qua:
2588 990 2743 1044 nulla
2784 992 2954 1061 plane
2985 996 3085 1057 est,
3117 997 3437 1048 transversa
3492 996 3603 1049 sal-
3648 998 3649 1001 “

1897 1078 2003 1132 tim
2055 1078 2146 1149 agi
2200 1079 2431 1149 poterit.
2476 1080 2625 1145 Erat,
2684 1096 2784 1133 cur
2828 1080 3114 1148 timerem,
3157 1098 3228 1135 ne
3264 1082 3601 1138 auctoritate

1896 1167 1956 1220 S.
2038 1170 2345 1236 Augustini
2376 1168 2666 1235 obrueret,
2739 1170 2999 1240 quamvis
3054 1170 3371 1226 rationibus
3419 1188 3599 1227 essem

1896 1256 2184 1326 superior;
2218 1260 2275 1310 at
2317 1256 2461 1311 nihil
2496 1257 2680 1311 simile
2714 1275 2746 1311 a
2806 1275 2896 1312 me
2952 1262 3194 1330 possunt
3248 1261 3449 1327 vereri,
3501 1261 3601 1332 qui

1895 1343 2005 1397 nisi
2028 1343 2372 1398 ﬁrmissimis
2423 1345 2779 1415 argumentis
2808 1362 3009 1401 verum
3039 1363 3159 1402 esse
3197 1348 3417 1403 evicero
3448 1349 3600 1420 quod

1896 1432 2160 1499 defendo,
2192 1432 2313 1486 sine
2343 1432 2517 1487 dubio
2547 1434 2881 1488 damnabor.
2932 1454 2959 1487 ι)

1966 1519 2291 1574 Generatim
2366 1520 2630 1588 diximus,
2700 1537 2968 1576 censuras
3044 1527 3102 1577 et
3178 1524 3604 1583 admonitiones

1895 1608 2109 1662 Erasmi
2160 1608 2402 1663 insertas
2457 1626 2576 1663 esse
2634 1611 3242 1679 animadversionibus,
3288 1614 3383 1668 sed
3414 1631 3601 1669 acces-

1899 1696 1973 1749 sit
2003 1696 2175 1750 etiam
2205 1696 2275 1751 ad
2330 1702 2547 1752 tomum
2580 1700 2626 1752 Il
2679 1700 2801 1769 ejus
2855 1700 3114 1771 praefatio
3164 1702 3416 1773 epistolis
3462 1720 3603 1774 prae-

1900 1784 2092 1854 missa,
2126 1802 2266 1857 quas
2287 1785 2415 1841 ideo
2447 1791 2744 1858 tantopere
2775 1789 2845 1843 ab
2876 1806 2943 1842 eo
2974 1790 3231 1845 laudatas
3261 1808 3381 1845 esse
3405 1792 3603 1847 scribit

1898 1875 2166 1943 Clericus,
2202 1891 2271 1929 ne
2301 1875 2360 1929 in
2381 1875 2852 1931 consuetudinem
2882 1875 3157 1947 peccaret.
3217 1879 3380 1933 Varia
3427 1896 3599 1949 porro

1895 1964 1985 2018 his
2012 1964 2595 2019 animadversionibus
2638 1965 2836 2020 insunt
2868 1967 2935 2020 ad
2972 1966 3290 2021 versionem
3335 1968 3458 2022 LXX
3513 1969 3601 2023 In-

1896 2057 2234 2124 terpretum,
2265 2054 2625 2109 vexationem
2656 2055 3103 2120 Donatistarum,
3125 2056 3373 2111 aliorum
3414 2058 3599 2112 hmre-

1894 2142 2142 2197 ticorum
2172 2147 2229 2198 et
2257 2143 2687 2198 damnationem
2708 2144 3073 2215 Pelagianam
3106 2145 3445 2217 spectantia,
3471 2162 3601 2217 qua:

1895 2232 2163 2286 lectorem
2223 2232 2689 2303 praejudiciorum
2733 2249 2974 2288 vacuum
3026 2236 3349 2305 expendere
3416 2235 3597 2305 jubet.

1895 2321 2425 2376 Animadversiones
2445 2322 2515 2376 ad
2553 2322 2616 2376 T.
2649 2323 2745 2388 III,
2788 2322 2888 2393 qui
2916 2322 3095 2378 libros
3139 2323 3208 2377 de
3265 2323 3601 2394 interpreta-

1895 2408 2052 2462 tione
2103 2409 2409 2480 Scripturas
2455 2410 2506 2464 S.
2564 2411 2979 2480 complectitur,
3038 2412 3368 2483 frequentes
3411 2416 3601 2483 Augu-

1897 2496 2029 2550 stini
2059 2502 2297 2569 propter
2327 2500 2534 2553 Graecae
2581 2503 2637 2553 et
2668 2499 2955 2554 Hebraicaa
2983 2500 3196 2571 linguae
3250 2500 3601 2572 imperitiam

1894 2586 1955 2639 in
1986 2586 2415 2657 interpretando
2438 2588 2630 2659 lapsus
2647 2589 2974 2656 ostendunt,
2999 2605 3113 2661 quo
3144 2589 3598 2660 Castigationum

1896 2690 2102 2744 genere
2128 2678 2184 2729 et
2222 2676 2566 2747 Hieronymo
2595 2692 2831 2747 gravem
2861 2693 2920 2730 se
2973 2676 3289 2747 praebuisse
3320 2678 3601 2732 Clericum

1896 2764 2178 2819 novimus.
2223 2766 2299 2819 De
2330 2770 2526 2835 quarto
2570 2770 2749 2831 tomo,
2802 2766 2901 2836 qui
2960 2782 3250 2820 sermones
3294 2766 3603 2837 Augustini

1896 2851 1958 2905 in
1987 2853 2238 2907 Psalmos
2272 2853 2463 2919 habet,
2496 2853 2675 2923 ipsius
2707 2853 2907 2909 Clerici
2967 2854 3135 2907 verba
3180 2854 3434 2924 proferre
3486 2871 3599 2909 non

1895 2941 2108 3012 pigeat,
2138 2941 2523 3007 verissimum,
2576 2942 2673 2996 sed
2726 2958 2941 2996 novum
2990 2946 3127 2997 tunc
3173 2948 3230 2997 et
3277 2943 3601 2997 inauditum

156 3029 466 3101 philosophica
495 3049 559 3087 ac
601 3031 922 3102 theologica
961 3031 1281 3101 permistim
1334 3048 1367 3085 a
1396 3047 1454 3085 se
1507 3031 1776 3098 exhibita,
1821 3044 1859 3099 ο
1886 3030 2169 3102 judicium
2219 3032 2540 3101 complexa.
2585 3050 2611 3082 α
2642 3031 2941 3086 Sermones
2973 3032 3277 3103 Augustini
3335 3032 3395 3086 in
3451 3034 3603 3087 Psal-

154 3119 253 3186 qnod
284 3137 383 3176 non
411 3127 647 3176 tantum
705 3121 1077 3192 interpretem
1106 3120 1415 3191 Augustini
1464 3136 1652 3191 agere,
1689 3121 1787 3176 sed

155 3210 541 3265 ratiocinationes
570 3210 708 3281 ejus
753 3209 1070 3281 expendere
1101 3209 1407 3264 statuisset.
1444 3228 1471 3262 α
1514 3211 1637 3264 Non
1688 3227 1787 3264 vo-

152 3294 319 3364 luimus,
347 3300 547 3372 inquit,
586 3300 887 3354 dumtaxat
915 3299 1154 3353 obscura
1182 3298 1449 3370 quaedam
1479 3300 1780 3369 explicare,

154 3392 215 3440 aut
236 3389 324 3443 alia
344 3390 632 3445 illustrare
674 3388 773 3443 sed
803 3393 859 3443 et
886 3404 1014 3443 vere
1044 3404 1109 3443 ac
1137 3394 1287 3443 recte
1345 3388 1495 3442 dicta
1541 3388 1786 3443 subinde

153 3476 312 3531 meritis
328 3478 591 3534 laudibus
627 3478 885 3543 afﬁcere;
920 3493 1119 3548 eaque,
1154 3476 1213 3530 in
1271 3475 1480 3547 quibus
1542 3476 1788 3531 halluci-

152 3569 387 3623 natusesse
416 3568 730 3623 videbatur
757 3570 991 3633 notare;
1048 3582 1119 3620 ne
1173 3564 1313 3620 alios
1366 3564 1647 3633 incautos,
1699 3567 1788 3620 vel

156 3651 224 3706 viri
266 3657 579 3712 auctoritate
638 3655 887 3722 territos,
938 3654 1219 3709 fallerent.
1279 3655 1627 3709 Noveramus
1673 3671 1792 3709 non

153 3740 228 3809 legi
248 3743 392 3799 hosce
412 3746 619 3809 libros,
650 3749 716 3799 ut
738 3760 807 3798 ex
834 3743 903 3797 iis
934 3742 1179 3798 eruditio
1228 3741 1422 3796 critica
1468 3742 1786 3813 colligatur,

156 3830 219 3883 sed
234 3834 394 3902 potius
422 3834 939 3891 ratiocinationum
966 3849 1029 3887 ac
1050 3834 1385 3904 dogmatum
1410 3848 1609 3899 causa;
1638 3831 1792 3885 ideo-

153 3935 228 3988 que
245 3923 344 3977 haec
366 3926 581 3995 possim
596 3940 693 3977 um
725 3922 973 3994 expendi
1002 3938 1035 3976 a
1076 3922 1239 3976 nobis
1263 3926 1526 3992 oportere
1561 3919 1789 3975 crediti-

156 4007 308 4079 dimus,
337 4018 392 4068 ut
412 4018 614 4069 essent
645 4011 1172 4068 Animadversiones
1211 4015 1423 4065 nostra
1460 4009 1637 4064 veluti
1670 4025 1790 4063 ma-

153 4099 362 4157 nuductio
393 4104 663 4175 quedam
696 4102 756 4156 in
793 4118 994 4156 eorum
1026 4117 1211 4165 usum,
1239 4100 1339 4171 qui
1367 4100 1612 4153 multum
1642 4102 1789 4153 tem-

156 4199 229 4253 pus
252 4189 385 4246 hisce
436 4191 704 4264 legendis
751 4190 1086 4261 impendere
1113 4193 1447 4260 nequeunt;
1473 4186 1791 4258 judicium-

154 4290 231 4343 que
252 4280 433 4351 magis,
464 4298 645 4354 quam
672 4279 1034 4347 memoriam,
1065 4280 1332 4333 Veterum
1362 4276 1604 4331 lectione
1633 4292 1793 4329 exco-

154 4362 236 4417 lere
267 4374 417 4440 atque
455 4386 663 4425 acuere
713 4385 773 4424 se
812 4369 1018 4424 debere
1046 4367 1251 4422 merito
1301 4364 1646 4420 existimant.
1681 4365 1791 4417 Ve-

154 4466 245 4507 rum
286 4458 467 4513 audire
506 4458 656 4514 mihi
702 4458 901 4512 videor
928 4455 1191 4511 homines
1245 4454 1550 4509 nonnullos
1605 4451 1798 4507 clami-

154 4543 309 4611 tantes,
334 4564 457 4617 quae
489 4565 521 4602 a
544 4564 639 4602 me
665 4546 815 4601 dicta
844 4550 981 4601 sunt
1021 4544 1192 4599 variis
1221 4545 1281 4599 in
1332 4542 1488 4611 locis,
1547 4559 1613 4597 ea
1666 4546 1798 4612 apta

154 4644 241 4685 esse
281 4636 340 4690 ad
386 4636 874 4708 corrumpendum
931 4634 1140 4707 potius,
1199 4650 1373 4706 quam
1425 4631 1797 4686 excolendum

152 4717 393 4785 ludiCium.
424 4727 646 4791 Quibus
690 4725 1022 4796 respondeo,
1057 4740 1171 4792 me,
1202 4724 1250 4777 si
1300 4722 1361 4777 in
1390 4722 1623 4776 illorum
1669 4735 1797 4774 sen-

156 4809 288 4865 tentia
321 4813 575 4882 fuissem,
655 4813 1005 4869 omissurum
1064 4812 1280 4880 fuisse;
1338 4810 1435 4866 sed
1465 4826 1595 4864 cum
1634 4808 1800 4863 aliter

154 4900 391 4969 senserim,
424 4921 546 4958 non
576 4903 829 4974 potuisse
850 4901 1225 4966 committere,
1260 4904 1324 4955 ut
1352 4916 1439 4968 ea,
1478 4915 1607 4970 quae
1655 4897 1800 4953 mihi

156 4986 322 5052 Optima
348 4992 497 5046 dictu
540 4991 904 5058 videbantur,
954 4989 1471 5061 praetermitterem.
1531 4989 1615 5042 Ita
1656 5004 1714 5043 se
1744 4990 1802 5041 et

153 5071 231 5140 ipsi
256 5086 482 5148 gerunt;
517 5096 709 5151 neque
740 5080 896 5135 enim
927 5095 993 5134 ea
1022 5079 1266 5133 scribere
1296 5079 1502 5144 solent,
1530 5093 1658 5148 quae
1688 5092 1801 5147 pu-

156 5164 244 5217 tant
266 5168 396 5222 mihi
424 5174 525 5225 aut
556 5170 679 5225 aliis
698 5169 1003 5240 probatum
1034 5167 1128 5236 iri,
1161 5167 1258 5223 sed
1287 5183 1417 5239 quae
1468 5165 1583 5237 ipsi
1636 5156 1813 5220 vera?

178 5322 276 5404 ,(al
292 5327 418 5404 Eam
448 5330 835 5404 ipsedfatetur
902 5329 963 5383 in
990 5327 1419 5404 admonitione
1451 5324 1802 5404 animadver-

158 5397 359 5475 flonibus
380 5401 442 5455 in
470 5397 534 5455 T.
570 5402 950 5475 X_prasmissa.
984 5400 1093 5455 Sed
1122 5400 1304 5475 major
1349 5399 1521 5452 etiam
1566 5399 1801 5475 _co_ntur-

159 5460 267 5541 latio
314 5486 414 5539 per
462 5460 729 5527 eamdem
782 5472 941 5527 illata
997 5476 1099 5526 est.
1159 5460 1380 5541 Quippe
1438 5466 1804 5541 praefationes

162 5530 570 5615 levaniensium,
622 5559 759 5614 quas
788 5544 897 5615 hoc
951 5542 1077 5615 loco
1124 5530 1367 5615 insertas
1415 5530 1622 5615 e'sse_in
1651 5553 1801 5608 pra;-

161 5602 317 5664 fatione
362 5602 913 5686 hujus'appendicis
954 5613 1109 5681 dicit,
1150 5612 1501 5677 exciderunt,
1526 5602 1672 5662 dum—
1700 5624 1805 5678 per

463 5720 741 5785 PATBOL.
792 5720 1042 5787 XLVII.

1898 3135 2044 3190 mos,
2090 3120 2300 3191 inquit,
2358 3120 2518 3174 valde
2573 3120 2769 3175 laudat
2822 3122 3125 3188 Erasmus;
3184 3126 3241 3175 et
3277 3121 3349 3175 ad
3400 3137 3600 3175 eorum

1897 3209 2227 3280 exemplum
2274 3208 2445 3263 etiam
2478 3209 2601 3280 ipse
2650 3209 2831 3264 varios
2887 3210 3143 3264 Psalmos
3195 3210 3603 3281 interpretatus

1897 3303 1983 3353 est
2014 3303 2170 3353 tomo
2190 3299 2233 3351 V
2260 3298 2531 3368 Operum.
2576 3300 2784 3353 Verum
2810 3299 2929 3369 jam
2960 3298 3224 3365 exolevit,
3260 3302 3316 3353 et
3366 3298 3601 3369 quidem

1898 3388 2125 3455 merito,
2158 3404 2225 3443 ea
2257 3388 2401 3442 ratio
2450 3388 2863 3459 interpretandi
2919 3388 3290 3459 Scripturam,
3352 3387 3604 3441 ubicum-

1898 3493 2011 3548 que
2051 3477 2266 3547 lingute
2300 3477 2621 3547 praesertim
2663 3476 2953 3532 Hebraicae
3002 3476 3193 3531 studia
3224 3476 3542 3530 ﬂoruerunt
3571 3492 3605 3529 a

1897 3566 2157 3620 ducentis
2229 3566 2651 3635 propemodum
2708 3564 2890 3619 annis.
2954 3564 3135 3635 Igitur
3176 3565 3604 3634 prwfatiuncula

1896 3655 2113 3709 Erasmi
2141 3654 2216 3707 ad
2242 3669 2466 3708 examen
2505 3656 2592 3708 hic
2620 3670 2655 3707 a
2682 3654 2836 3708 nobis
2870 3658 3175 3722 revocatur,
3199 3653 3599 3707 ostendimus-

1899 3759 2010 3813 que
2055 3742 2254 3797 eadem
2283 3759 2475 3814 opera,
2534 3742 2664 3814 quis
2712 3742 2889 3813 possit
2930 3758 3051 3796 esse
3108 3758 3246 3796 usus
3288 3742 3501 3796 horum
3541 3741 3596 3796 S.

1900 3831 2205 3902 Augustini
2234 3847 2595 3898 sermonum;
2651 3831 2910 3902 quamvis
2960 3831 3032 3885 ad
3082 3830 3484 3901 intelligendos
3514 3846 3603 3884 ac-

1900 3923 2095 3973 curate
2138 3919 2394 3973 Psalmos
2478 3918 2622 3973 nihil
2681 3923 2779 3973 aut
2828 3934 3035 3989 parum
3074 3919 3331 3972 conferre
3362 3922 3597 3989 queant.

1900 4007 2007 4071 Qui
2038 4023 2133 4061 eos
2190 4008 2379 4077 legere
2411 4012 2655 4076 possunt
2686 4006 2977 4071 Hebraice,
3032 4022 3137 4059 nec
3184 4006 3390 4060 critica:
3430 4021 3604 4059 sacrae

1901 4098 2035 4149 sunt
2062 4111 2297 4165 prorsus
2318 4094 2594 4165 imperiti,
2620 4111 2687 4148 ex
2718 4095 2839 4149 sola
2867 4094 3111 4148 lectione
3141 4094 3348 4147 horum
3388 4094 3607 4163 aliquot

1903 4200 2234 4239 sermonum
2257 4183 2601 4253 intelligent,
2634 4182 2778 4235 nihil
2808 4198 2927 4235 esse
2957 4180 3167 4235 verius.
3219 4181 3382 4245 Quod
3423 4184 3478 4234 et
3506 4180 3605 4234 alii

1908 4272 2379 4338 animadvertant,
2450 4271 2497 4324 si
2550 4270 2803 4325 veritatis
2839 4269 3029 4325 studio
3074 4269 3232 4324 ducti
3285 4268 3607 4340 expendant

1905 4377 2129 4416 examen
2150 4359 2617 4432 interpretationis
2644 4361 3067 4429 Augustinianaz
3096 4360 3261 4413 trium
3303 4361 3606 4428 primorum

1900 4452 2271 4521 psalmorum;
2316 4466 2452 4505 nam
2504 4450 2697 4521 plures
2754 4453 3016 4505 excutere
3054 4464 3174 4503 non
3206 4448 3461 4515 vacabat,
3505 4463 3609 4502 nec

1904 4554 2039 4592 vero
2070 4555 2214 4609 opus
2239 4542 2379 4593 erat.
2415 4558 2443 4588 »
2483 4536 3090 4593 Animadversionibus
3137 4535 3197 4589 in
3244 4537 3493 4604 quintum
3524 4538 3609 4588 to-

1906 4642 2067 4682 mum
2097 4626 2389 4683 Sirmondi
2418 4631 2601 4693 notas,
2630 4642 2873 4697 quarum
2910 4625 3214 4680 nonnullas
3243 4628 3467 4679 tantum
3500 4623 3608 4677 Be-

1907 4715 2183 4770 nedictini
2212 4715 2526 4782 ediderant,
2560 4714 2812 4784 integras
2840 4714 3211 4784 interspersit,
3245 4713 3341 4767 sed
3370 4710 3609 4766 nomine

1909 4804 2100 4859 addito
2129 4820 2164 4857 a
2192 4803 2309 4857 suis
2349 4802 2601 4857 secrevit.
2652 4802 2735 4858 Ad
2791 4806 2989 4856 tomum
3047 4803 3123 4856 VI
3165 4800 3607 4855 animadversio-

1907 4908 2008 4947 nes
2034 4893 2325 4963 plerazque
2356 4889 2767 4962 quaestionibus
2793 4894 2848 4943 et
2877 4888 3291 4958 objectionibus
3323 4889 3602 4941 constant.

1908 4981 2175 5038 Continet
2202 4981 2355 5035 enim
2386 4980 2479 5034 hic
2496 4985 2685 5034 tomus
2716 4977 3059 5047 theologica,
3092 4977 3301 5047 quibus
3326 4976 3483 5029 varia
3513 4990 3608 5044 ap-

1911 5070 2104 5143 posuit
2122 5069 2389 5138 Clericus,
2417 5086 2545 5141 quas
2576 5085 2639 5123 ex
2670 5066 2967 5139 principiis
2998 5067 3058 5120 in
3110 5064 3222 5119 illis
3270 5063 3434 5118 libris
3463 5062 3611 5134 posi-

1908 5159 1979 5215 tis
2006 5159 2097 5214 vix
2126 5158 2267 5214 solvi
2297 5173 2461 5228 posse
2490 5155 2847 5210 videbantur.
2894 5151 3184 5225 Imprimis
3230 5151 3290 5205 in
3343 5150 3432 5217 iis,
3480 5165 3610 5221 qua:

1911 5319 2194 5374 incuriam
2246 5314 2564 5371 Vlimmerii
2622 5314 2920 5387 epistolam
2972 5312 3044 5366 ad
3092 5310 3426 5387 Pamelium,
3482 5325 3612 5387 qua}

1914 5391 2063 5445 infra
2096 5391 2247 5444 inter
2272 5383 2794 5441 animadversiones
2856 5384 2925 5438 ad
2974 5388 3195 5437 tomum
3237 5383 3297 5450 Χ,
3344 5398 3477 5453 pag.
3509 5384 3608 5453 621

1915 5478 2099 5543 seqq.,
2127 5462 2360 5543 iterum,
2410 5458 2508 5539 sed
2548 5457 2650 5543 hic.
2683 5458 2838 5527 justo
2890 5456 3011 5508 loco
3066 5452 3359 5525 exscripta
3379 5452 3484 5519 est,
3513 5452 3617 5506 im-

1914 5530 2273 5605 primendam
2307 5530 2677 5599 designasset.

3223 5711 3262 5766 4
