4044 6190
332 271 426 322 107
1339 262 1896 320 SUPPLEMENTUM
1938 263 2028 317 AD
2065 261 2298 318 OPERA
2337 262 2390 316 S.
2433 261 2821 318 AUGUSTINL

3742 265 3838 315 108

330 390 395 444 ad
422 387 798 444 'Enchiridion
825 388 898 444 ad
946 387 1318 444 Laurentium
1371 385 1612 456 notavit,
1643 364 2034 442 demonstrare
2071 388 2117 442 A
2149 385 2304 458 quod
2333 389 2629 459 tantopere
2670 403 2728 441 se
2783 383 2999 456 cepisse
3058 383 3322 452 afﬁrmat,
3356 389 3418 440 ut
3446 401 3540 440 eas
3596 385 3708 452 vix,
3743 391 3841 440 aut

329 477 568 548 studuit,
607 477 915 548 Augustini
939 477 1008 532 de
1037 477 1216 532 libero
1257 474 1494 530 arbitrio
1545 475 1887 531 sententiam
1942 475 2031 530 in-

329 568 556 622 terdum
590 583 706 621 non
735 567 897 621 facile
929 564 1191 636 intelligi,
1240 563 1377 636 quia
1398 564 1631 619 vocibus
1663 565 1929 620 libertatis
1977 567 2034 618 et

331 657 490 710 liberi
518 657 740 710 arbitrii
765 655 920 709 aliud
947 653 1246 724 intelligat,
1277 669 1451 723 quam
1481 654 1632 724 quod
1664 653 1734 707 iis
1784 655 1926 708 solet
1949 652 2029 706 si-

331 745 610 816 gniﬁcari.
645 742 1177 798 Animadversiones
1207 741 1268 796 in
1309 742 1483 796 libros
1524 741 1592 796 de
1626 741 1863 796 Civitate
1907 740 2027 809 Dei,

329 833 429 904 qui
462 838 659 887 tomum
692 833 793 886 VII
821 830 1195 896 constituunt,
1228 829 1464 899 reliquis
1495 829 1843 900 copiosiores
1873 835 2028 899 sunt,

330 922 428 976 sed
476 921 694 975 eaedem
745 918 953 973 diversi
1001 918 1247 989 generis.
1311 917 1688 972 Praemittitur
1735 919 1822 973 .lo.
1888 917 2028 973 Lud.

328 1010 478 1064 Vivis
505 1007 786 1079 prtefatio.
819 1007 1131 1061 Additurus
1173 1010 1294 1060 erat
1341 1005 1515 1060 etiam
1559 1007 1792 1078 Coquaei
1846 1011 2029 1074 notas,

328 1098 424 1152 sed
453 1097 751 1168 prolixitas
789 1111 988 1150 earum
1015 1099 1071 1150 et
1099 1095 1237 1150 belli
1283 1100 1419 1149 tunc
1471 1110 1575 1165 per
1629 1098 1806 1149 totam
1852 1095 2028 1149 Euro-

325 1202 461 1256 pam
519 1185 862 1256 ingruentis,
896 1183 1115 1238 librarii
1173 1182 1502 1238 commercii
1569 1183 1820 1237 rationes
1871 1183 2033 1254 juxta

326 1273 720 1330 conturbantis
775 1273 1090 1343 calamitas,
1144 1272 1426 1327 deterruit
1484 1271 1840 1343 bibliopolas.
1896 1271 2032 1336 Quae

329 1362 890 1418 animadversionum
922 1362 992 1416 ad
1021 1367 1225 1416 tomum
1273 1362 1404 1416 VIII
1455 1365 1513 1415 et
1566 1362 1640 1416 IX
1669 1359 1891 1414 indoles
1938 1360 2028 1428 sit,

329 1453 398 1508 ab
444 1453 568 1523 ipso
598 1451 809 1506 iterum
857 1450 1075 1505 Clerico
1124 1449 1295 1504 disce.
1356 1468 1384 1500 α
1439 1451 1634 1504 Tomus
1691 1451 1824 1505 VIII
1877 1452 2032 1504 totus

328 1545 410 1595 est
439 1545 637 1594 contra
667 1537 984 1594 hzereticos‘
1009 1541 1066 1591 et
1093 1537 1414 1608 praesertim
1462 1540 1657 1591 contra
1694 1536 2031 1591 Manicheeos

329 1634 384 1684 et
411 1629 668 1683 Arianos.
714 1629 818 1682 Eos
849 1627 1082 1697 quidem
1109 1625 1268 1680 nulla
1300 1624 1519 1680 ratione
1577 1625 1840 1679 defensos
1870 1625 2028 1696 cupi-

328 1734 475 1784 mus,
498 1733 602 1771 nec
633 1716 703 1770 ab
725 1731 925 1770 eorum
947 1714 1163 1769 deliriis
1184 1729 1533 1785 quemquam
1557 1713 1783 1784 longius
1810 1713 2027 1768 abesse.

328 1822 500 1876 quam
532 1821 634 1858 nos
662 1808 970 1875 putamus;
1017 1803 1114 1857 sed
1147 1807 1503 1874 optassemus
1550 1818 1702 1872 saepe
1747 1801 1860 1856 alia
1911 1801 2024 1866 via,

331 1894 524 1947 aliisve
555 1893 728 1948 armis
757 1896 1143 1964 oppugnatos,
1186 1895 1250 1945 ut
1301 1889 1624 1962 intelligere
1665 1889 1855 1944 licebit
1884 1906 2030 1960 pra:—

334 1982 528 2036 sertim
582 1981 762 2048 exiis,
795 1997 922 2052 quae
949 1980 1229 2034 habemus
1275 1979 1348 2033 ad
1405 1979 1618 2033 librum
1669 1978 1736 2034 de
1789 1979 2033 2033 Utilitate

329 2070 595 2127 Credendi
621 2074 792 2140 atque
833 2070 902 2123 ad
933 2069 1108 2123 libros
1162 2069 1228 2122 de
1281 2069 1567 2122 Trinitate.
1625 2066 1855 2138 Alioqui
1901 2083 2032 2121 cum

327 2159 474 2212 bene
505 2174 601 2212 eos
627 2173 959 2230 aggressum
1000 2173 1118 2212 esse
1149 2158 1206 2213 S.
1260 2158 1631 2224 Augustinum
1687 2155 2032 2210 existimavi-

327 2263 476 2313 mus,
507 2248 705 2310 laudes
735 2246 797 2300 in
829 2261 962 2302 eum
991 2246 1164 2316 pleno
1183 2246 1401 2309 modio,
1417 2250 1480 2300 ut
1509 2245 1666 2311 alibi,
1701 2244 2029 2314 eﬁ'udimus,

329 2339 384 2389 et
409 2335 684 2390 ambabus
710 2334 860 2389 ulnis
889 2335 1136 2389 rationes
1179 2335 1300 2405 ejus
1354 2333 1596 2406 amplexi
1624 2350 1840 2400 sumus,
1891 2332 2033 2386 sicut

328 2423 399 2477 ad
429 2424 527 2478 lib.
573 2424 778 2478 ΧΧΧΙΙΙ
821 2427 1022 2478 contra
1067 2424 1324 2478 Faustum
1371 2423 1767 2478 Manichaaum.
1840 2423 2032 2476 Tomus

327 2527 519 2578 nonus,
546 2512 607 2566 in
632 2527 745 2583 quo
777 2528 907 2567 cum
939 2511 1251 2566 Donatistis
1299 2515 1524 2582 pugnat
1559 2512 1614 2566 S.
1664 2512 2027 2578 Augustinus,

330 2619 432 2656 nos
461 2617 580 2656 non
610 2601 774 2656 valde
818 2600 1089 2655 exercitos
1139 2600 1361 2667 habuit,
1411 2600 1546 2672 quia
1598 2600 1800 2654 eadem
1852 2599 2032 2654 ferme

329 2689 406 2744 ibi
428 2689 659 2760 repetit,
691 2705 823 2744 cum
864 2687 1170 2743 Donatistae
1225 2687 1457 2743 easdem
1504 2687 1876 2758 objectiones,
1909 2704 2034 2742 eos-

328 2778 527 2832 demve
575 2775 989 2848 paralogismos
1021 2775 1360 2830 adversariis
1411 2775 1485 2830 ad
1532 2775 1822 2830 fastidium
1852 2792 2034 2847 usque

329 2870 693 2936 oggererent.
727 2865 933 2922 Mirum
963 2868 1156 2919 tamen
1185 2869 1289 2919 est.
1318 2866 1382 2921 S.
1438 2866 1744 2932 Augustino
1793 2864 2032 2919 tmdium

329 2960 426 3009 aut
458 2969 724 3009 somnum
755 2970 870 3008 non
892 2953 1232 3024 Obrepsisse,
1272 2953 1426 3008 idem
1481 2953 1648 3008 toties
1681 2953 1909 3007 dicenti.
1965 2954 2029 3007 In

329 3043 502 3097 libros
524 3048 724 3098 contra
750 3042 1055 3113 Epistolam
1086 3042 1452 3096 Parmeniani
1483 3058 1589 3096 nos
1644 3059 1874 3113 quoque
1923 3042 2026 3096 ite-

330 3149 458 3186 rum
488 3132 710 3203 egimus
740 3132 809 3185 de
839 3131 1235 3201 persecutione
1255 3130 1673 3197 haereticorum,
1707 3131 1776 3184 de
1801 3147 1914 3201 qua
1943 3134 2029 3186 sat

329 3219 525 3274 multis
553 3219 614 3272 in
658 3217 1245 3272 animadversionibus
1289 3218 1355 3272 ad
1398 3222 1538 3272 tom.
1582 3219 1630 3272 ΙΙ
1661 3217 2021 3285 dixeramus;

331 3323 515 3378 neque
545 3305 894 3377 synodorum
924 3305 1256 3359 auctoritate
1308 3303 1368 3357 in
1396 3303 1575 3358 libros
1601 3303 1672 3358 de
1715 3304 2023 3375 Baptismo,

330 3395 427 3450 ubi
454 3401 649 3449 tamen
678 3394 1009 3448 summatim
1036 3393 1334 3448 dumtaxat
1360 3408 1483 3446 rem
1539 3391 1851 3463 attigimus.
1883 3413 1912 3448 »
1963 3395 2028 3448 In

329 3490 552 3538 tomum
576 3483 862 3538 decimum
893 3481 1086 3536 minus
1115 3481 1366 3536 studium
1396 3481 1665 3535 collatum
1719 3486 1823 3536 est.
1885 3483 2026 3537 Nam

329 3572 676 3628 exhibentur
703 3587 820 3625 non
869 3571 981 3624 nisi
1007 3571 1130 3624 haec
1154 3587 1166 3624 :
1192 3571 1458 3638 Praefatio
1486 3569 1569 3623 ed.
1605 3570 1735 3624 libri
1763 3571 1828 3625 de
1857 3573 2026 3627 Gestis

326 3663 536 3728 Pelagii
555 3676 706 3714 anno
743 3662 896 3725 1611,
946 3661 1213 3726 Augusta:
1259 3658 1659 3714 Vindelicorum
1705 3659 2021 3730 evulgatus;

2140 493 2212 531 ne
2238 477 2325 531 vix
2358 476 2589 548 quidem
2632 476 2782 530 ferre
2811 479 3024 545 posset.
3058 474 3159 530 Cui
3197 488 3323 528 vero
3369 475 3535 528 etiam
3579 489 3839 528 nauseam

2137 581 2245 620 non
2265 570 2529 635 moveant,
2559 565 2856 632 exclamat,
2888 568 2963 618 tot
2993 567 3041 617 et
3089 567 3200 618 tam
3249 563 3437 632 longae,
3493 567 3555 616 ut
3604 579 3728 618 voce
3758 578 3838 617 se-

2140 657 2347 724 quioris
2391 657 2494 708 aevi
2539 658 2684 721 utar,
2715 654 3173 718 rhetoricationes,
3208 652 3308 705 aut
3338 651 3412 705 ad
3457 651 3840 706 declinandum

2139 742 2448 796 adversarii
2505 745 2690 808 ictum,
2720 746 2816 795 aut
2845 740 2920 794 ad
2968 756 3085 794 eum
3127 739 3520 794 insectandum.
3571 743 3669 793 aut
3699 739 3844 793 deni-

2140 846 2242 900 que
2270 831 2344 884 ad
2363 829 2632 884 invidiam
2658 831 2745 885 vel
2780 829 3116 897 movendam,
3152 829 3235 882 vel
3279 827 3644 895 fugiendam?
3700 830 3845 882 Mihi
3945 829 3961 845 ‘

2139 923 2276 974 certe
2316 923 2527 973 tantum
2572 922 2829 974 crearunt
2881 920 3024 972 inter
3073 917 3353 985 legendum
3410 917 3724 984 fastidium,
3777 921 3840 971 ut

2133 1009 2300 1077 plane
2335 1010 2661 1062 recreatione
2689 1008 2992 1074 gratiarum
3019 1009 3070 1060 et
3088 1007 3370 1060 utiliorum
3416 1005 3721 1060 studiorum
3750 1008 3838 1059 in-

2139 1094 2374 1162 digeam.
2425 1095 2515 1150 Sic
2581 1095 2829 1151 Clericus
2885 1098 3045 1148 cocta
3088 1093 3424 1164 incoctaque
3460 1093 3625 1164 juxta
3679 1094 3843 1148 lance

2139 1188 2332 1238 satura
2358 1183 2663 1238 lectoribus
2718 1199 3034 1254 apponens.
3081 1183 3399 1237 Fatendum
3456 1182 3634 1250 enim,
3685 1199 3842 1248 eum,

2141 1288 2270 1342 qua:
2299 1272 2380 1326 sic
2411 1272 2649 1326 affectus
2681 1272 2972 1341 scriberet,
3004 1287 3117 1325 non
3149 1286 3374 1340 semper
3429 1270 3562 1324 satis
3591 1269 3842 1326 medita-

2139 1364 2262 1414 tum
2320 1360 2515 1431 fuisse,
2580 1361 2953 1432 linguamque
3018 1359 3488 1430 impotentiorem
3543 1375 3661 1414 non
3709 1376 3844 1414 raro

2139 1448 2503 1520 praecurrisse
2535 1454 2808 1505 mentem.
2872 1451 2936 1504 Id
2987 1450 3141 1521 quod
3189 1465 3388 1520 graves
3440 1449 3512 1514 ei,
3558 1464 3664 1503 nec
3712 1464 3841 1502 om-

2139 1537 2278 1592 nino
2313 1538 2551 1609 injustas
2581 1537 3055 1609 reprehensiones
3086 1536 3427 1592 conciliavit.
3489 1537 3630 1591 Nam
3667 1553 3844 1608 pecu-

2142 1626 2345 1682 liarem
2393 1632 2591 1682 contra
2639 1628 2741 1682 has
2803 1628 2924 1698 ejus
2973 1627 3495 1682 animadversiones
3539 1642 3844 1680 censuram

2145 1714 2335 1771 emisit
2357 1717 2574 1788 Anglus
2623 1716 2856 1788 quidam
2921 1716 3180 1772 Robertus
3246 1716 3487 1782 Jenkins,
3543 1715 3847 1770 Cantabri-

2141 1805 2251 1876 giaz
2292 1808 2421 1860 1707
2471 1806 2566 1877 (a),
2622 1813 2679 1860 et
2734 1805 2942 1860 Ludov.
2975 1807 3108 1860 Ant.
3139 1806 3482 1859 Muratorius
3512 1803 3572 1858 in
3601 1803 3748 1858 libro
3785 1821 3846 1858 ιιι

2142 1893 2332 1964 operis
2361 1893 2427 1947 de
2455 1896 2795 1962 ingeniorum
2824 1894 3189 1948 Moderatione
3226 1895 3285 1947 in
3339 1893 3620 1960 religionis
3675 1907 3850 1959 nego-

2147 1982 2242 2047 tio,
2275 1979 2380 2034 sub
2405 1980 2663 2034 Lamindi
2689 1981 2931 2034 Pritanii
2957 1995 3205 2049 persona
3249 1995 3301 2032 a.
3355 1981 3490 2033 1714
3518 1977 3677 2045 editi,
3725 1981 3848 2033 Au-

2143 2067 2359 2138 gustini
2387 2067 2770 2138 patrocinium
2799 2071 2997 2122 contra
3029 2067 3297 2122 eumdem
3323 2067 3590 2137 suscepit.
3641 2067 3850 2121 Inania

2141 2160 2334 2210 autem
2364 2159 2498 2210 sunt
2546 2160 2602 2210 et
2619 2156 2835 2210 insulsa
2863 2157 3050 2227 plane,
3084 2172 3213 2228 quae
3269 2156 3329 2210 in
3374 2159 3455 2212 J0.
3490 2157 3750 2212 Clericum
3783 2156 3849 2210 in

2140 2244 2313 2316 hujus
2343 2244 2614 2300 editionis
2635 2250 2694 2299 et
2721 2245 3008 2316 praecipue
3039 2243 3370 2316 appendicis
3423 2259 3847 2299 commemora-

2138 2333 2294 2387 tione
2326 2332 2567 2404 conjceit
2621 2333 2875 2387 convicia
2926 2335 3224 2390 Casimirus
3259 2332 3503 2388 Oudinus
3532 2334 3595 2389 T.
3627 2334 3648 2387 Ι
3680 2333 3850 2390 Com-

2140 2426 2367 2476 mentar.
2403 2437 2459 2492 p.
2495 2423 2598 2476 986
2629 2438 2786 2494 seqq.
2833 2421 3081 2476 Coronat
3124 2437 3268 2493 opus
3316 2422 3484 2476 index
3516 2422 3849 2477 admodum

2141 2510 2275 2564 scite
2305 2509 2588 2564 confectus
2634 2515 2691 2564 et
2725 2510 3053 2581 bibliopolae
3097 2509 3402 2577 monitum,
3434 2527 3548 2583 quo
3600 2511 3851 2568 seorsim

2140 2615 2369 2670 quoque
2401 2599 2554 2653 hunc
2581 2599 2675 2653 XII
2695 2603 2937 2666 tomum,
2970 2615 3100 2654 cum
3128 2599 3188 2653 in
3221 2599 3448 2667 minori,
3508 2604 3632 2654 tum
3663 2600 3853 2655 etiam

2139 2688 2344 2758 majori
2400 2687 2612 2752 charta,
2674 2691 2739 2742 ut
2789 2692 2978 2758 posset
3041 2704 3172 2742 cum
3223 2687 3532 2742 Parisiensi
3585 2687 3854 2743 editione

2141 2775 2433 2846 conjungi,
2457 2776 2825 2832 venditurum
2854 2793 2912 2830 se
2933 2776 3217 2847 promisit.
3271 2760 3586 2831 Recensent
3626 2793 3856 2848 appen-

2141 2865 2326 2919 dicem
2369 2865 2846 2937 Augustinianam
2895 2866 3036 2920 Acta
3086 2865 3441 2920 Eruditorum
3487 2865 3632 2936 Lips.
3678 2868 3852 2933 1703,

2072 2971 2110 3025 C
2143 2970 2218 3008 ιιι.
2249 2954 2357 3009 Jul.
2393 2969 2562 3025 pagg.
2599 2957 2816 3009 289-92.

2885 3047 3133 3100 1729-32.

2218 3135 2454 3188 Venetiis
2483 3133 2782 3188 emcudebat
2828 3134 2923 3186 Jo.
2982 3135 3120 3203 Bap.
3170 3132 3425 3187 Albrizzi
3468 3135 3688 3189 Hieron.
3716 3133 3842 3204 ﬁt.;

2137 3222 2330 3287 in-fol.
2364 3220 2552 3275 Sancti
2579 3219 2903 3291 Augustini,
2949 3221 3115 3291 Hipp.
3174 3220 3430 3290 episcopi
3468 3221 3719 3292 Operum
3749 3228 3853 3278 to-

2137 3324 2264 3362 mus
2313 3309 2405 3362 I-V
2446 3313 2576 3379 post
2627 3308 3067 3364 Lovaniensium
3096 3307 3500 3380 theologorum
3545 3311 3852 3366 recensio-

2136 3413 2267 3450 nem
2315 3396 2621 3468 castigatus
2649 3397 2837 3452 denuo
2869 3397 2940 3453 ad
2971 3396 3384 3470 manuscriptos
3435 3398 3657 3454 codices
3709 3399 3855 3455 Gal-

2134 3485 2368 3553 licanos,
2412 3486 2728 3553 Vaticanos,
2789 3492 2913 3552 etc.,
2971 3491 3078 3542 etc.
3127 3486 3312 3557 Opera
3357 3492 3414 3541 et
3470 3487 3656 3541 studio
3717 3503 3858 3542 mo-

2133 3574 2451 3628 nachorum
2505 3573 2724 3630 ordinis
2775 3575 2965 3630 Sancti
3043 3574 3329 3629 Benedicti
3387 3592 3418 3629 e
3469 3591 3741 3646 congreg.
3787 3577 3856 3632 S.

2133 3661 2334 3718 Mauri.

329 3752 491 3804 Henr.
523 3751 747 3814 Norisii,
777 3747 1030 3802 historiae
1061 3747 1453 3802 ecclesiasticae
1495 3747 1557 3801 in
1584 3748 1889 3802 Academia
1931 3749 2024 3803 Pi-

326 3855 464 3892 sana
492 3836 847 3908 professoris,
877 3839 1005 3906 post
1031 3835 1354 3902 cardinalis,
1384 3835 1722 3889 Adventoria
1742 3836 1812 3890 ad
1848 3837 2023 3891 Fran-

326 3927 538 3981 ciscum
569 3926 930 3981 Macedonem
960 3924 1022 3978 in
1060 3923 1328 3978 Patavina
1372 3923 1544 3977 Acad.
1602 3923 1812 3978 ethices
1841 3925 2024 3980 inter-

2207 3751 2368 3806 Nuda
2395 3752 2700 3824 descriptio
2758 3752 3025 3808 editionis
3068 3752 3422 3808 Parisiensis.
3456 3752 3546 3808 Sic
3576 3752 3736 3808 enim
3770 3755 3858 3810 ab

2131 3839 2299 3894 initio
2353 3841 2640 3911 professus
2711 3847 2833 3896 erat
2888 3842 3300 3914 typographus.
3353 3842 3436 3898 Cf.
3496 3845 3629 3899 Nov.
3689 3843 3860 3899 della

2132 3932 2263 4000 Rep.
2311 3929 2447 3984 delle
2483 3933 2688 3986 Lettere
2745 3931 2930 3986 Martii
2981 3935 3137 3998 i729,
3167 3948 3297 4004 pag.
3361 3935 3447 3987 94.
3500 3931 3861 4004 Ibidemque

322 4021 564 4086 pretem,
596 4018 656 4069 in
705 4031 814 4085 qua
861 4014 925 4067 de
978 4014 1331 4082 inscriptione
1368 4013 1498 4067 libri
1544 4013 1602 4068 S.
1632 4014 1930 4081 Augustini
1959 4015 2025 4069 de
2133 4034 2209 4072 ιιι.
2237 4017 2407 4073 Junio
2432 4035 2565 4090 pag.
2602 4022 2700 4075 199
2726 4019 2990 4074 innuitur
3018 4025 3214 4075 tomum
3239 4022 3479 4088 primum
3525 4021 3856 4090 prodiisse.

326 4107 518 4162 Gratia
550 4107 772 4170 Christi,
798 4106 847 4156 Α
858 4102 1014 4169 lbine,
1037 4103 1264 4156 Piniane
1317 4105 1366 4156 et
1412 4101 1659 4155 Melania
1711 4102 2018 4157 disseritur.
2135 4109 2347 4161 Tertius
2377 4107 2548 4179 pleno
2573 4107 2739 4162 titulo
2767 4107 3052 4162 indicatur
3075 4108 3288 4163 ibidem
3317 4124 3368 4163 a.
3410 4111 3565 4177 1730,
3599 4125 3678 4163 ιιι.
3704 4110 3857 4166 Jun.

319 4195 832 4251 Animadversiones
881 4206 1072 4261 paucae
1111 4193 1170 4244 in
1230 4191 1430 4244 librum
1489 4190 1555 4244 de
1605 4191 1946 4260 Correptione
1973 4196 2024 4245 et
2061 4261 2094 4269 _
2131 4211 2261 4266 pag.
2348 4198 2469 4251 193.
2562 4197 2798 4263 Quintus
2871 4197 3081 4252 ibidem
3175 4199 3332 4265 1731,
3411 4214 3490 4252 ιιι.
3563 4200 3858 4269 August.,

322 4284 554 4348 Gratia;
587 4282 806 4338 Claudii
837 4281 1087 4334 Menardi
1118 4281 1379 4346 Prafatio
1443 4281 1502 4333 in
1541 4279 1624 4333 ed.
1677 4280 1934 4334 librorum
1970 4282 2024 4335 II
2060 4261 2102 4316 Ῑ)
2131 4261 2263 4355 pag.
2299 4287 2424 4339 237.
2477 4261 2704 4357 Reliqui
2731 4285 2873 4340 tomi
2902 4302 2975 4341 an
3001 4261 3340 4358 prodierint,
3393 4302 3496 4340 nec
3546 4302 3640 4354 ne,
3658 4261 3865 4358 vigno;

321 4371 508 4439 Operis
538 4370 844 4439 imperfecti
871 4371 1060 4422 contra
1122 4368 1458 4433 Julianum;
1515 4369 2026 4424 Animadversiones
2131 4388 2260 4426 rare
2290 4389 2381 4428 me
2403 4373 2603 4430 fateor.

318 4461 377 4512 in
397 4457 643 4512 eumdem
671 4457 890 4522 librum,
927 4457 1228 4510 Vlimmerii
1253 4456 1512 4524 przfatio
1561 4457 1636 4510 ad
1664 4457 1867 4512 editum
1910 4475 1943 4512 a
1971 4474 2026 4513 se

317 4548 555 4614 primum
583 4544 821 4600 Possidii
847 4544 1171 4611 indicatum,
1219 4543 1398 4597 altera
1455 4543 1576 4597 vice
1617 4542 1720 4599 'hic
1772 4563 2020 4616 excusa;
2202 4552 2379 4605 Rome
2433 4550 2585 4620 apud
2649 4553 2860 4605 Fratris
2911 4552 3284 4619 Palearinios;
3354 4553 3532 4618 in-8°,
3585 4554 3725 4605 temi
3770 4555 3861 4610 II.

319 4633 740 4690 Animadversio
795 4635 855 4686 in
914 4635 1096 4689 Vitam
1159 4633 1658 4700 Augustini.Plura
1713 4635 2022 4706 quominus
2128 4637 2183 4692 S.
2220 4641 2353 4693 Aur.
2405 4638 2729 4710 Augustini,
2781 4640 3162 4710 Hipponensis
3209 4640 3482 4712 episcopi,
3537 4639 3607 4694 de
3635 4641 3869 4699 Gratia

319 4721 607 4778 addiderit
660 4720 771 4776 tria
824 4721 1110 4776 obstitisse
1167 4726 1385 4784 monet,
1444 4721 1708 4777 videlicet
1759 4728 2021 4794 typogra-
2130 4725 2229 4780 Dei
2282 4731 2339 4780 et
2366 4726 2546 4780 libero
2599 4727 2878 4782 Arbritrio
2914 4729 3166 4783 hominis
3215 4733 3272 4784 et
3324 4728 3868 4786 Prasdestinatione

314 4813 567 4884 phorum
598 4809 1045 4877 festinationem,
1100 4810 1355 4882 ipsorum
1389 4810 1669 4866 librorum
1714 4811 2020 4882 Augustini
2127 4819 2456 4870 sanctorum
2520 4831 2695 4886 opera
2755 4817 2978 4872 selecta.
3053 4818 3370 4872 Editionem
3437 4817 3873 4875 emendatissi-

316 4907 514 4955 contra
569 4899 904 4971 Pelagianos
960 4899 1232 4967 indolem,
1311 4899 1370 4953 in
1423 4899 1629 4970 quibus
1695 4899 2018 4956 innumerae
2123 4918 2299 4972 mam,
2333 4907 2389 4958 et
2429 4903 2600 4958 variis
2638 4905 2978 4964 lectionibus
3023 4906 3278 4977 undique
3327 4905 3591 4972 collectis,
3623 4909 3873 4975 praeci-

314 4987 706 5058 repetitiones,
741 4990 803 5042 ut
832 5002 959 5058 qua:
988 4987 1171 5041 tribus
1213 4987 1400 5041 verbis
1431 4987 1646 5041 absolvi
1673 4989 2013 5059 potuissent,
2121 5007 2236 5062 pue
2265 5007 2400 5046 vero
2445 5008 2512 5046 ex
2570 4993 2734 5048 codd.
2768 5010 2903 5049 mss.
2958 4994 3244 5049 Vaticanis
3299 4995 3630 5050 adornatam
3663 5010 3874 5052 cura-

315 5079 564 5132 millenis
621 5078 769 5132 dicta
814 5077 946 5143 sint,
1003 5077 1301 5146 multaque
1356 5082 1638 5146 praeterea
1694 5078 1881 5133 aliena
1937 5078 2017 5133 in-
2120 5081 2203 5135 vit
2253 5083 2312 5136 P.
2342 5082 2404 5135 F.
2438 5083 2495 5135 F.
2534 5082 3086 5150 (PetrusFranciscus
3122 5085 3405 5154 Foggini.)

315 5165 503 5233 farta;
561 5166 800 5220 taedium
835 5165 1084 5237 denique
1141 5165 1400 5219 omnium
1456 5165 1662 5220 harum
1737 5167 2010 5236 rixarum,
2194 5171 2316 5226 Duo
2345 5170 2468 5224 haec
2495 5171 2809 5240 volumina,
2855 5187 2984 5243 quae
3029 5173 3268 5227 seorsim
3313 5175 3584 5240 veneunt,
3633 5174 3729 5229 uti
3769 5177 3873 5232 ti-

2898 4464 3053 4517 1754.

382 5321 464 5402 (α)
495 5323 721 5402 Integer
750 5325 880 5402 libri
905 5325 1107 5402 titulus
1159 5328 1275 5402 est;
1310 5325 1566 5402 Defensio
1593 5327 1651 5382 S.
1712 5327 2012 5402 Augustini
2118 5329 2341 5384 venales
2386 5329 2538 5400 apud
2591 5331 3076 5402 Rob._Knaplock.
3141 5331 3215 5386 ad
3262 5331 3546 5402 Angelum
3598 5329 3663 5384 in
3722 5347 3883 5391 cae-

311 5393 571 5477 adoersus
623 5393 851 5477 Joannis
900 5399 1301 5477 Pliereponijn
1332 5397 1471 5477 eius
1519 5398 1693 5477 Opera
1734 5398 2008 5477 .animad-
2115 5401 2356 5477 meterio
2503 5401 2686 5477 Pauli,
2715 5393 2948 5477 Londin,
3012 5403 3164 5468 1707,
3215 5393 3384 5458 ίιι-Βοῖ
3429 5402 3879 5477 Augustinum

309 5469 598 5542 gersiones.
645 5466 1048 5542 Cantabrigiaz,
1087 5467 1255 5542 ‘typis
1313 5468 1686 5542 Academicis,
1729 5467 2006 5542 impensis
2113 5471 2403 5527 interdum
2433 5472 2581 5542 bene
2623 5466 2837 5538 tuetur,
2885 5489 3006 5528 non
3084 5466 3250 5542 usque
3281 5466 3883 5535 secundo'successu

312 5538 576 5594 Richardi
642 5536 1028 5592 Thurlbourne.
1087 5536 1331 5610 Bibliop.
1395 5536 1676 5592 Cantabr.
1746 5536 2008 5595 Prostant
2115 5542 2367 5613 reliquas
2387 5541 2588 5599 Clerici
2620 5536 2927 5599 sententias
2955 5536 3324 5615 impugnans.
