4044 6190
146 285 242 333 109

1205 284 1473 339 NOTITIA
1513 284 1931 341 LITTERARIA
1971 288 2040 342 IN
2080 288 2141 342 S.
2190 288 2649 348 AUGUSTINUM.

3558 308 3657 358 HO

137 401 293 455 tulus
354 400 603 456 exterior
664 404 758 495 (Sx
806 403 1105 469 Augustini
1164 420 1327 475 opera
1390 407 1603 479 selecta)
1658 407 1850 479 prodit
1885 409 1931 463 A
1962 410 2157 479 Herrn,
2190 414 2397 468 Herren
2436 415 2753 470 Wilhelmen
2794 417 3005 473 Graven
3032 436 3103 475 zu
3141 424 3471 495 Eysenberg,
3505 432 3655 495 etc.;

144 489 355 542 seriem
408 488 585 543 etiam
654 488 870 543 faciunt
935 507 1063 546 cum
1129 492 1314 548 tribus
1384 493 1512 548 aliis
1583 497 1849 566 Prosperi,

146 580 427 646 Aquitani
456 584 513 632 et
548 580 843 647 Fulgentii.
885 580 1180 650 potissima
1221 582 1479 653 ejusdem
1527 585 1853 655 argumenti

146 667 572 730 exhibentibus,
608 684 738 737 qua:
764 668 1007 738 junctim
1061 670 1166 723 sub
1198 686 1311 724 una
1348 671 1594 726 formula
1623 674 1719 728 SS.
1752 676 1852 727 Pa-

147 762 289 810 trum
343 771 512 825 opera
572 758 765 811 selecta
821 757 887 810 de
945 758 1140 814 Gratia
1204 761 1303 814 Dei
1353 765 1403 814 et
1460 761 1716 817 Praedest.
1751 764 1848 818 SS.

148 844 741 912 comprehenduntur.
812 844 993 899 Editio
1046 851 1130 900 est
1186 848 1529 904 nitidissima
1601 855 1658 905 et
1722 851 1851 905 usui

146 931 339 985 forma
370 932 873 1004 descriptioneque
929 935 1241 1005 aptissima.
1298 938 1375 991 Ex
1420 940 1851 1009 Augustinianis

143 1036 319 1090 super
354 1020 466 1075 hoc
496 1027 833 1092 argumento
880 1022 1040 1077 libris
1088 1025 1322 1080 nonnisi
1366 1026 1401 1079 ii
1452 1027 1564 1082 huc
1622 1029 1852 1099 repositi

144 1113 299 1174 sunt,
330 1125 479 1180 quos
500 1110 622 1179 jam
671 1111 971 1183 episcopus
1018 1118 1146 1183 post
1186 1119 1439 1170 exortam
1486 1117 1852 1187 Pelagianam

142 1197 395 1252 hmresin
426 1200 697 1266 exaravit,
732 1217 796 1254 ex
840 1217 954 1272 quo
998 1206 1256 1273 tempore
1304 1204 1517 1258 scilicet
1555 1204 1677 1274 ipse
1708 1204 1849 1259 fate—

142 1293 255 1353 tur,
288 1303 351 1341 se
382 1287 716 1359 diligentius
748 1276 867 1343 haec
893 1306 1014 1345 esse
1059 1291 1331 1346 rimatum
1365 1292 1456 1363 (a).
1499 1294 1697 1364 Itaque
1728 1294 1851 1364 pri-

144 1392 271 1428 mus
301 1380 499 1430 tomus
522 1377 694 1431 habet
716 1377 931 1432 librum
964 1379 1029 1433 de
1060 1380 1253 1435 Gratia
1302 1382 1509 1437 Christi
1533 1387 1719 1437 contra
1748 1384 1851 1437 Pe—

141 1467 357 1532 lagium
403 1469 457 1518 et
511 1467 830 1535 Caelestium,
874 1471 1175 1537 Epistolam
1236 1470 1310 1523 ad
1339 1471 1579 1538 Sixtum,
1624 1474 1850 1541 Episto—

140 1556 222 1607 las
250 1554 395 1607 duas
430 1555 506 1609 ad
542 1557 886 1610 Valentinum
926 1557 1172 1611 abbatem
1206 1564 1256 1612 et
1298 1575 1417 1613 cum
1444 1561 1538 1615 illo
1567 1561 1849 1615 monachos

139 1642 553 1710 Adrumetinos,
604 1643 914 1712 Epistolam
971 1646 1247 1701 Valentini
1274 1647 1494 1701 abbatis
1525 1649 1595 1703 ad
1626 1649 1682 1704 S.
1732 1651 1847 1703 Au-

140 1731 467 1801 gustinum,
522 1732 748 1785 Librum
786 1732 851 1786 de
882 1734 1222 1803 Correptione
1250 1740 1300 1789 et
1344 1736 1537 1791 Gratia
1567 1737 1640 1790 ad
1674 1737 1849 1791 abba-

142 1824 246 1873 tem
297 1822 655 1874 Valentinum
697 1826 748 1873 et
793 1837 911 1875 cum
962 1823 1056 1877 illo
1102 1825 1388 1878 monachos
1441 1825 1848 1891 Adrumetinos,

143 1910 453 1977 Epistolam
501 1909 575 1963 ad
612 1911 869 1975 Vitalem;
904 1912 1114 1965 Tomus
1155 1913 1437 1966 secundus
1478 1922 1667 1969 autem
1716 1917 1851 1969 Pro—

138 1999 292 2065 speri
338 1998 627 2065 epistolam
671 1997 747 2051 ad
794 1998 848 2053 S.
892 1998 1278 2067 Augustinum,
1323 2002 1532 2055 Hilarii
1571 2004 1852 2071 epistolam

140 2085 215 2139 ad
264 2086 542 2153 eumdem,
595 2086 819 2140 Librum
862 2088 923 2140 S.
972 2089 1279 2155 Augustini
1326 2089 1401 2143 ad
1444 2092 1761 2159 Prosperum
1803 2096 1853 2145 et

143 2175 424 2229 Hilarium
471 2175 535 2228 de
591 2175 1070 2230 Prazdestinatione
1117 2180 1447 2244 sanctorum,
1496 2179 1739 2248 ejusdem
1780 2179 1855 2233 ad

141 2264 351 2318 eosdem
397 2263 469 2317 de
518 2266 667 2318 Dono
716 2268 1148 2333 perseuerantiae,
1197 2265 1446 2336 denique
1500 2268 1855 2322 Enchiridion

143 2352 255 2405 sive
287 2352 497 2406 librum
528 2352 593 2406 de
630 2353 777 2420 Fide,
830 2354 935 2423 Spe
964 2358 1013 2407 et
1050 2354 1329 2409 Charitate
1358 2355 1432 2409 ad
1479 2357 1850 2413 Laurentium.

148 2442 497 2511 Nuncupata
542 2445 675 2495 sunt
728 2441 842 2498 duo
872 2442 996 2496 haec
1043 2441 1337 2497 volumina
1376 2444 1660 2499 Benedicto
1706 2447 1851 2513 XIV,

145 2531 335 2585 sedem
381 2529 756 2601 apostolicam
786 2535 924 2585 tunc
956 2532 1260 2586 obtinenti.
1296 2533 1535 2588 Additus
1556 2538 1640 2589 est
1669 2534 1729 2589 in
1760 2552 1852 2588 se-

147 2619 331 2674 cundo
364 2618 543 2673 index
575 2619 832 2690 locuples
857 2620 1088 2692 utrique
1112 2622 1454 2676 communis.

406 2750 731 2790 APPBNDIX
779 2750 857 2789 AD
903 2749 1274 2791 ARTICULUM
1323 2751 1605 2793 PRIMUM.

801 2843 843 2895 Ι.
887 2842 1207 2898 Vaasxouss.

1962 515 2018 553 n.
2064 500 2132 565 Il,
2182 501 2501 571 Erklaerung
2554 505 2772 559 etlicher
2828 508 3091 563 schwerer
3152 512 3354 566 wb’rter
3404 516 3528 583 au/f
3572 515 3659 569 die

1960 591 2325 644 verteuschten
2374 593 2581 646 Bttcher
2637 599 2715 646 A.
2745 594 3073 667 Augustini;
3124 616 3178 653 n.
3230 602 3331 669 III,
3385 606 3660 672 Entwerf-

1959 678 2097 743 fung
2147 678 2303 732 kurtz
2336 680 2448 733 und
2476 682 2609 735 ohne
2652 684 2756 736 alle
2786 700 2952 751 gevar
2989 687 3080 741 des
3126 689 3300 745 lebens
3328 694 3655 759 Augustini;

1961 781 2018 819 n.
2079 767 2199 833 IIII,
2264 771 2520 838 Zeugniss
2578 777 2733 825 sanet
2788 776 3104 843 Hieronymi
3158 794 3262 833 von
3316 782 3656 849 Augustino;

1961 871 2019 908 n.
2072 856 2137 918 V,
2196 858 2554 927 Erleuterung
2602 876 2701 914 aus
2747 861 2847 915 den
2888 863 3119 919 buchern
3179 868 3657 939 Retractationum,

1960 943 2049 1012 u/f
2085 944 2172 998 die
2214 945 2413 1000 bucher
2465 963 2570 1002 von
2625 950 2966 1005 christlicher
3010 954 3133 1020 leer,
3183 955 3329 1011 Geist
3386 958 3495 1012 υηά
3548 962 3658 1014 Bu-

1960 1033 2235 1100 chstaben,
2265 1035 2506 1090 Glauben
2534 1037 2645 1091 and
2670 1039 2942 1093 Wercken.

2031 1122 2208 1176 Alteri
2239 1122 2471 1179 inserta
2503 1130 2636 1179 sunt
2664 1132 2797 1196 post
2824 1127 3036 1183 librum
3066 1129 3136 1185 de
3181 1133 3390 1189 Natura
3420 1140 3476 1190 et
3521 1138 3657 1192 Gra-

1960 1210 2058 1276 tia,
2093 1212 2269 1280 Brie/f
2299 1215 2551 1282 Prosperi
2578 1231 2649 1268 an
2680 1217 3048 1283 Augustinum
3075 1224 3132 1274 et
3159 1223 3335 1290 Biie/I'
3370 1226 3575 1279 Hilarii
3588 1243 3661 1280 an

1959 1299 2347 1365 Augustinum.
2402 1303 2735 1357 Praacedunt
2766 1310 2977 1374 autem,
3009 1325 3065 1363 n.
3092 1309 3137 1375 Ι,
3168 1311 3259 1365 Αη
3287 1312 3389 1366 den
3433 1316 3664 1382 Hochge-

1962 1386 2158 1441 bornen
2187 1389 2422 1445 Fursten
2454 1392 2569 1446 und
2610 1395 2818 1448 Herren
2847 1398 3025 1451 Herrn
3058 1398 3297 1467 Georgen
3339 1404 3555 1457 Graven
3585 1420 3663 1459 zu

1966 1478 2341 1548 Wilrtenberg,
2377 1484 2479 1535 etc.
2519 1484 2726 1537 Vorred
2756 1487 2819 1538 D.
2852 1486 3063 1563 Qaspar
3095 1488 3349 1551 Hedions.
3378 1491 3664 1562 darynnen

1958 1566 2072 1618 eius
2099 1567 2290 1637 frcyen
2304 1570 2662 1626 Christlichen
2694 1573 2919 1628 Concilii
2948 1576 3194 1643 gedacht,
3225 1579 3337 1633 und
3364 1596 3477 1635 was
3507 1582 3659 1637 Chri-

1960 1655 2179 1708 stlicher
2208 1658 2323 1710 und
2356 1661 2637 1714 Teutscher
2684 1663 2883 1717 Nation
2933 1665 3175 1734 hierauﬂ'
3189 1684 3259 1720 zu
3287 1669 3662 1725 beradtschla—

1960 1759 2082 1813 gen,
2105 1748 2210 1799 etc.
2241 1763 2254 1811 ;
2277 1763 2334 1800 n.
2360 1747 2429 1814 Il,
2457 1754 2553 1802 Αη
2575 1750 2676 1803 den
2703 1749 2867 1805 Leser
2894 1753 3113 1808 kurtzer
3130 1756 3334 1811 bericht
3353 1774 3453 1813 von
3470 1761 3664 1814 schwo-

1958 1846 2052 1885 ren
2080 1836 2360 1888 sentenzen
2378 1836 2493 1889 und
2522 1842 2725 1892 worten
2753 1840 2812 1892 in
2830 1840 3161 1909 Augustino.

2634 1945 2702 1997 Il.
2736 1944 2985 1999 CODICES.

2034 2046 2095 2097 In
2122 2046 2487 2102 recensendis
2527 2047 2686 2103 libris
2717 2066 2858 2104 mss.
2900 2051 3000 2122 qui
3041 2054 3110 2109 ad
3143 2056 3376 2111 Patrum
3435 2060 3663 2115 Latino-

1960 2151 2110 2203 rum,
2126 2141 2410 2207 quotquot
2426 2139 2497 2192 ad
2514 2140 2817 2194 consilium
2840 2146 3099 2197 nostrum
3120 2145 3434 2215 pertinent,
3460 2149 3667 2221 scripta

1960 2224 2032 2278 ab
2061 2223 2373 2279 editoribus
2418 2227 2638 2281 excussi
2669 2234 2822 2298 sunt,
2870 2247 2989 2284 non
3018 2248 3194 2301 unam
3228 2235 3506 2290 hactenus
3540 2238 3667 2292 ubi-

1961 2328 2071 2382 que
2108 2312 2352 2383 ingressi
2394 2332 2592 2370 sumus
2630 2317 2801 2374 viam.
2854 2320 3198 2394 Plerumque
3242 2323 3396 2393 ipsos
3431 2326 3667 2397 quidem

1962 2401 2207 2456 editores
2262 2404 2323 2458 in
2368 2404 2477 2459 hoc
2534 2407 2712 2460 secuti
2746 2424 2965 2475 sumus,
3017 2415 3103 2479 ut,
3158 2412 3207 2465 si
3246 2412 3554 2484 diligenter
3597 2415 3667 2469 ab

1962 2490 2164 2545 iisdem
2196 2494 2418 2547 tractati
2465 2501 2673 2564 essent,
2723 2497 2891 2551 nobis
2922 2514 3037 2553 non
3088 2500 3282 2555 minus
3336 2501 3669 2559 incumbere

1964 2579 2420 2635 existimaremus
2447 2589 2772 2638 accuratam
2800 2588 3315 2644 enumerationem.
3346 2591 3669 2649 Plurimum

1964 2668 2118 2722 enim
2156 2670 2388 2740 prodest
2420 2671 2542 2725 hazc
2570 2672 2853 2728 industria
2877 2691 2993 2730 non
3017 2677 3203 2732 solum
3236 2679 3309 2733 ad
3337 2679 3520 2750 ipsius
3548 2685 3667 2735 tex-

1963 2760 2054 2810 tus
2084 2756 2445 2828 singulorum
2472 2760 2793 2829 historiam,
2818 2765 2972 2834 quod
2992 2766 3324 2835 proximum
3343 2769 3474 2838 {sed
3496 2770 3667 2825 etiam

1964 2845 2035 2899 ad
2085 2847 2544 2916 cognoscendam
2592 2848 2935 2905 immensam
2980 2853 3137 2908 illam
3186 2856 3527 2927 scriptorum
3570 2874 3665 2913 co-

214 2941 389 2995 Plura
419 2938 730 3009 Augustini
782 2939 1055 3009 opuscula
1108 2943 1262 2994 certo
1308 2943 1572 3010 respectu
1622 2940 1858 2996 collecta
1895 2992 1931 3010 η
1966 2933 2143 3004 piam,
2172 2951 2302 3005 quae
2332 2937 2607 3006 quoniam
2637 2938 2829 2993 abdita
2854 2940 2990 2996 latet
3014 2942 3076 2996 in
3108 2943 3331 2997 scriniis
3362 2949 3418 2999 et
3446 2947 3667 3000 cancel-

154 3030 287 3083 etin
334 3028 511 3082 aliam
558 3027 819 3098 linguam
850 3028 1098 3098 junctim
1142 3044 1431 3097 conversa,
1474 3033 1855 3101 prmterquam
1893 2992 1933 3048 Ο
1966 3022 2036 3076 lis
2063 3021 2458 3092 circumsenta,
2493 3024 2690 3095 fugere
2716 3030 3135 3098 propemodum
3180 3031 3320 3085 solet
3356 3031 3666 3104 bibliogra-

154 3119 205 3172 in
250 3118 658 3175 Germanicam.
705 3132 810 3171 nec
852 3117 1043 3187 ipsum
1109 3133 1202 3170 me
1257 3117 1682 3187 deprehendere
1728 3136 1852 3173 me-

151 3206 314 3269 mini,
348 3222 459 3259 nec
498 3205 569 3259 ab
608 3203 720 3258 alio
763 3204 1028 3259 novimus
1058 3210 1529 3260 commemorata.
1588 3206 1853 3277 Quapro-

151 3300 273 3366 pter
314 3297 483 3349 tauto
520 3293 836 3363 jucundior
862 3293 1027 3348 nobis
1056 3294 1261 3348 accidit
1288 3295 1639 3350 Germanica
1682 3297 1855 3367 hujus

150 3383 431 3438 versionis
475 3382 715 3437 mentio.
773 3382 1010 3438 Constat
1056 3382 1155 3437 illa
1200 3383 1423 3438 duobus
1468 3385 1856 3440 voluminibus

152 3474 229 3527 sic
253 3471 585 3541 inscriptis:

154 3562 458 3630 Augustini
540 3559 631 3614 des
705 3560 948 3628 heyligen
1021 3561 1266 3627 Bischofs
1313 3563 1417 3616 1111
1484 3562 1691 3616 Bttcher
1751 3577 1857 3615 non

218 3649 577 3707 Christlicher
628 3650 754 3704 leer.
810 3651 847 3702 Ι
892 3650 1041 3703 Buch
1086 3665 1206 3703 vom
1232 3650 1379 3705 Geist
1431 3650 1546 3703 und
1600 3652 1857 3705 Buchsta-

220 3741 338 3793 ben.
370 3740 408 3791 1
446 3737 595 3791 Buch
632 3752 740 3791 non
783 3738 1013 3805 glauben
1052 3738 1171 3805 und
1225 3738 1481 3792 wercken.
1527 3740 1707 3793 Durch
1758 3742 1859 3793 Do-

222 3834 337 3883 ctor
387 3826 602 3881 Casraa
657 3827 867 3881 Hamou
906 3828 1318 3882 vertolmetscht.
1365 3827 1514 3881 Alles
1560 3828 1756 3881 vorhin
1798 3831 1858 3882 in

228 3913 514 3967 Teutscher
550 3914 750 3981 sprach
795 3929 876 3968 me
930 3915 1157 3982 gelesen,
1203 3915 1443 3968 nutzlich
1494 3914 1624 3968 aber
1672 3916 1858 3984 yedem

221 4002 477 4058 Christen
529 4001 627 4056 der
696 4017 818 4056 zum
871 4004 978 4056 heil
1027 4003 1204 4071 begert
1257 4004 1425 4070 gelert
1500 4019 1568 4058 zu
1620 4004 1854 4061 werden.

222 4090 556 4159 Strasburg.
580 4091 664 4143 Im
695 4091 783 4144 lar
810 4090 1113 4145 MDXXXII.

154 4182 458 4248 Augustini
503 4178 594 4233 des
634 4179 881 4247 heyligen
923 4179 1171 4245 Bischofs
1208 4180 1432 4247 Bttcher,
1494 4183 1541 4235 l.
1580 4182 1694 4236 Von
1740 4197 1856 4235 wa-

1962 3111 2213 3180 phorum
2258 3112 2586 3182 imperium.
2630 3114 2811 3179 Quam
2869 3117 2939 3170 ob
2994 3134 3117 3172 rem
3156 3118 3421 3190 deinceps
3469 3121 3667 3188 etiam,

1962 3198 2309 3270 ubicumque
2366 3200 2565 3255 datum
2615 3202 2807 3270 fuerit,
2850 3220 2967 3259 non
3014 3206 3146 3259 lassi
3194 3206 3408 3261 erimus
3446 3208 3507 3262 in
3558 3209 3664 3263 hac

1964 3291 2124 3359 parte
2161 3288 2351 3359 operis
2383 3289 2587 3355 nostri,
2621 3291 2878 3347 historias
2904 3294 3197 3349 litterariae
3243 3296 3668 3367 ampliﬁcanda:

1965 3394 2152 3433 causa.
2183 3378 2361 3433 Aliter
2390 3396 2448 3434 se
2498 3396 2587 3434 res
2614 3381 2834 3448 habuit,
2884 3384 3112 3455 quando
3150 3385 3388 3440 strictim
3444 3391 3669 3442 tantum

1963 3467 2051 3520 vel
2084 3467 2364 3534 universe,
2396 3469 2482 3522 vel
2532 3469 2601 3523 ad
2632 3469 2889 3542 singulos
2947 3472 3128 3528 libros
3182 3475 3361 3529 unius
3426 3477 3669 3531 auctoris

1964 3554 2118 3622 libri,
2152 3555 2251 3627 qui
2303 3557 2544 3612 consulti
2596 3558 2829 3627 fuerint,
2862 3559 3275 3618 iudicarentur.
3324 3565 3467 3619 Tum
3498 3581 3668 3635 gene-

1965 3645 2133 3698 ratim
2171 3644 2288 3698 fere
2318 3645 2618 3701 nominum
2651 3648 2885 3704 elencho
2914 3654 3211 3705 contentos
3241 3668 3360 3707 esse
3389 3654 3665 3725 oportuit,

1968 3748 2141 3803 quem
2182 3749 2250 3787 ex
2280 3732 2548 3804 dispersis
2592 3735 2765 3790 etiam
2795 3737 2868 3792 ad
2915 3738 3168 3810 singulos
3216 3740 3389 3795 libros
3448 3742 3669 3797 notitiis

1967 3837 2084 3875 non
2128 3820 2246 3875 sine
2274 3820 2535 3877 molestia
2570 3823 3057 3895 concinnavimus,
3104 3827 3278 3881 modo
3325 3844 3399 3883 ne
3432 3830 3667 3884 eosdem

1967 3909 2274 3964 sexcenties
2322 3914 2580 3981 repetere
2614 3927 2720 3981 per
2782 3912 3124 3983 scriptorum
3175 3915 3668 3971 enumerationem

1966 4014 2327 4069 cogeremur.
2378 4000 2649 4070 Exempla
2702 4005 2837 4055 sunt
2892 4002 3157 4069 Hilarius,
3220 4003 3556 4058 Ambrosius
3614 4008 3669 4058 et

1968 4086 2365 4157 Hieronymus.
2396 4086 2554 4140 Idem
2578 4102 2808 4158 quoque
2833 4086 2896 4141 in
2924 4089 3246 4158 Augustino
3275 4106 3427 4143 nunc
3458 4090 3668 4157 evenit,

1965 4174 2062 4229 sed
2089 4174 2280 4228 labore
2309 4175 2482 4244 longe
2529 4174 2736 4244 majori
2784 4175 2950 4229 nobis
2992 4176 3259 4241 constitit,
3319 4193 3669 4249 quamquam

222 4284 334 4323 rem
377 4267 724 4336 gottsdienst.
783 4269 838 4321 2.
897 4268 1274 4336 Enchiridion,
1327 4268 1427 4323 das
1469 4271 1545 4322 ist
1598 4269 1856 4323 Handbu-
1894 4284 1938 4339 ι)
1967 4279 2084 4318 non
2110 4263 2365 4333 deerant,
2397 4280 2526 4334 quas
2555 4263 2792 4318 alteram
2822 4264 3129 4332 rationem,
3161 4280 3290 4335 quae
3309 4264 3498 4319 minus
3517 4269 3671 4319 certe

223 4358 421 4424 chlein,
463 4372 567 4411 von
625 4355 889 4423 Glauben,
947 4356 1221 4424 Ho/fnung
1250 4357 1365 4410 und
1412 4356 1587 4411 Liebe.
1646 4360 1695 4411 3.
1747 4358 1862 4410 Von

226 4462 406 4500 warer
444 4445 743 4499 Vnschuld.
804 4446 856 4499 4.
923 4446 1041 4500 Von
1093 4450 1258 4499 natur
1301 4445 1418 4499 und
1454 4444 1621 4511 gnad.
1656 4448 1707 4499 5.
1746 4446 1862 4501 Van

222 4534 542 4600 Fursehung
564 4533 684 4587 ider
734 4532 989 4601 heiligen.
1033 4535 1085 4589 6.
1138 4535 1259 4590 Wie
1301 4533 1388 4588 ein
1432 4538 1556 4600 gutt
1598 4532 1729 4599 ding
1770 4548 1861 4602 sey

223 4622 350 4675 ωηὸ
397 4623 804 4689 beharrligkeit.
850 4622 1005 4676 Alles
1041 4622 1215 4677 durch
1268 4624 1331 4676 D.
1379 4622 1589 4676 Casus
1626 4622 1859 4689 Hamox,

228 4710 476 4778 zcarheyt
512 4710 626 4764 und
655 4711 778 4777 frid
814 4712 874 4763 in
907 4725 1108 4764 unsern
1137 4715 1295 4779 tagen
1324 4726 1393 4763 zu
1433 4710 1692 4777 furdern,
1733 4726 1863 4765 neu-

228 4798 388 4851 wlich
420 4799 741 4853 verteuscht.
763 4798 1085 4869 Strasburg.
1120 4801 1282 4853 Anno
1306 4798 1634 4852 MDXXXIII.

230 4887 293 4940 In
325 4886 504 4957 priori
532 4886 824 4941 volumine
854 4892 1063 4957 praeter
1090 4902 1176 4953 ea,
1229 4901 1357 4956 quas
1386 4886 1585 4941 titulus
1631 4884 1865 4955 pollice-

158 4980 273 5045 tur,
307 4974 540 5030 additur
588 4992 646 5029 n.
680 4976 749 5031 IX
776 4976 1184 5047 (b),Ambrosii
1206 4990 1327 5030 vom
1357 4975 1657 5029 mittleiden
1703 4989 1868 5043 gegen

156 5079 364 5127 amen,
418 5064 570 5117 vnnd
616 5080 778 5118 wann
832 5064 921 5118 die
985 5064 1425 5119 Kirchenschaetz
1473 5063 1865 5131 anzugreiﬂ’en.

158 5151 602 5206 Prmmittuntur
640 5156 833 5205 autem
899 5151 1060 5206 libris
1115 5152 1399 5205 conversis
1455 5167 1521 5207 n.
1563 5152 1607 5218 I,
1663 5150 1870 5205 Vorred

159 5242 226 5296 Β.
286 5242 347 5298 C.
405 5241 544 5295 Hed.
602 5255 676 5294 an
734 5239 837 5295 den
887 5240 1254 5308 Erwurdigen
1324 5239 1440 5295 und
1485 5239 1871 5308 wolgebornem

227 5348 305 5411 (α)
337 5345 423 5399 De
455 5345 775 5400 Przdestin.
806 5345 901 5400 SS.
926 5360 1052 5415 cap.
1081 5347 1111 5399 3
1139 5347 1196 5398 et
1218 5345 1272 5399 4.

228 5418 311 5487 (ὁ)
336 5417 502 5471 Prius
532 5417 801 5487 volumen
858 5415 1103 5487 divisum
1131 5419 1218 5469 est
1244 5415 1329 5487 ini
1358 5430 1575 5487 novem,
1601 5429 1873 5470 numeros

162 5486 488 5559 reiparte-3.
525 5486 749 5559 Quique
802 5486 1031 5559 numeri
1080 5486 1125 5559 Ι,
1156 5486 1225 5551 ΙΙ,
1254 5486 1353 5553 ΙΙΙ,
1396 5487 1487 5559 IV,
1535 5486 1598 5552 V,
1630 5490 1694 5541 ut
1740 5500 1871 5539 mox

166 5526 783 5625 “co‘r‘itinient,
863 5557 924 5611 in
990 5526 1233 5612 modum
1299 5526 1870 5629 prolegomenorum,

1968 4350 2245 4406 molestias
2291 4351 2556 4419 habebat,
2605 4353 2872 4424 amplecti
2920 4354 3224 4409 suaderent
3270 4370 3472 4409 causae.
3526 4354 3671 4409 Nam

1970 4455 2100 4493 cum
2138 4455 2275 4494 mss.
2327 4440 2608 4496 librorum
2663 4442 2971 4511 Augustini
3014 4442 3073 4496 in
3106 4442 3372 4498 omnibus
3422 4442 3539 4497 fere
3589 4443 3673 4497 bi-

1970 4527 2267 4583 bliothecis
2306 4529 2512 4600 ingens
2542 4531 2612 4585 sit
2640 4531 2819 4601 copia,
2857 4536 2981 4586 tum
3034 4532 3210 4586 iidem
3263 4531 3475 4586 mirum
3516 4531 3671 4586 inter

1973 4632 2031 4669 se
2060 4617 2326 4671 differant
2382 4634 2488 4688 pro
2542 4634 2784 4672 numero
2834 4620 3181 4690 scriptorum
3237 4624 3671 4687 contentorum;

1971 4705 2060 4759 vel
2098 4704 2208 4775 ipsi
2238 4705 2446 4760 editori
2500 4705 2907 4760 difﬁcillimum
2958 4724 3157 4762 omnes
3195 4708 3435 4779 seligere
3488 4712 3547 4763 et
3600 4708 3675 4763 ad

1972 4794 2176 4848 classes
2201 4793 2475 4864 quasdam
2505 4810 2788 4858 revocare,
2812 4799 2869 4848 et
2895 4811 2956 4848 re
2985 4795 3109 4865 ipsa
3138 4812 3243 4850 nec
3275 4796 3671 4862 Lovanienses,

1976 4898 2079 4936 nec
2110 4881 2459 4937 Benedictini
2491 4882 2605 4936 tale
2632 4881 2948 4953 quidquam
2980 4884 3381 4938 sustinuerunt
3415 4885 3672 4952 (Erasmo

1974 4973 2185 5036 autem,
2222 4974 2284 5023 ut
2326 4970 2629 5041 aliquoties
2662 4970 2967 5039 monitum,
3028 4972 3285 5025 solemne
3342 4971 3469 5039 fuit,
3511 4970 3676 5041 parvi

1977 5059 2260 5114 aestimare
2304 5059 2588 5115 librorum
2618 5075 2751 5113 mss.
2787 5059 3255 5130 declarationem)
3289 5076 3302 5114 :
3337 5060 3436 5114 sed
3463 5060 3534 5114 ad
3560 5060 3675 5113 cal-

1978 5164 2102 5203 cem
2128 5148 2271 5203 tomi
2301 5148 2545 5219 cujusvis
2591 5165 2721 5203 cum
2760 5149 3073 5220 insigniore
3103 5147 3361 5202 lectionis
3403 5147 3677 5203 varietate

1977 5238 2208 5310 longam
2231 5238 2534 5292 nominum
2563 5254 2836 5309 pompam
2874 5237 3151 5301 codicum,
3190 5236 3262 5290 ad
3292 5252 3435 5307 quos
3464 5236 3678 5308 singuli

1981 5359 2156 5467 ξρετε
2183 5342 2351 5399 titulo
2380 5360 2497 5399 non
2550 5349 2886 5425 memorata.
2942 5341 3179 5423 Numeri
3210 5347 3531 5414 sequentes,
3584 5343 3675 5404 VI,

2031 5415 2099 5468 II.
2168 5416 2311 5468 VIII.
2366 5431 2571 5468 cornus
2628 5416 2903 5468 efﬁciunt.
2960 5412 3244 5468 tituloaue
3310 5414 3675 5468 respondent.

2057 5415 2099 5480 Ι,
2168 5416 2311 5485 VIII,
2366 5431 2571 5487 corpus
2628 5416 2903 5487 efﬁciunt,
2940 5412 3244 5487 _tit_uloque
3288 5412 3676 5487 respondent.

1982 5486 2294 5610 Eostremo,
2370 5484 2514 5541 sicut
2575 5486 2881 5558 appendix,
2940 5484 3181 5540 habetur
3248 5484 3523 5544 numerus
3591 5485 3678 5551 IX,

2029 5572 2129 5610 οη.

2029 5572 2129 5611 οη.
