4044 6190
347 289 440 340 111

1351 285 1909 342 SUPPLEMENTUM
1952 285 2041 340 AD
2079 287 2310 342 OPERA
2339 287 2393 341 S.
2439 285 2828 343 AUGUSTINI.

3747 289 3850 339 112

340 408 622 480 recogniti
676 407 909 475 fuerint,
967 407 1344 462 adduxerunt.
1402 407 1645 461 Tantum
1697 422 1830 461 vero
1863 407 2041 475 abest,
2083 411 2122 466 A
2224 406 2737 468 FLOREFFIACENSES,
2790 401 3038 497 casnobii
3093 402 3283 458 nescio
3343 400 3504 472 cujus
3558 401 3847 472 Flore/ﬁse.

337 502 404 553 ut
431 497 827 568 descriptionis
854 496 1072 568 aliquid
1097 495 1172 550 sit
1196 496 1475 566 additum,
1499 501 1563 550 ut
1582 495 1774 567 potius
1801 497 1900 550 illa
1921 496 2045 566 ipsa

338 587 577 642 nomina
604 603 718 642 non
749 585 1004 656 singulos
1043 583 1286 652 codices,
1319 585 1406 639 vel
1433 585 1615 639 uitatis
1667 585 1858 656 aliqua
1909 589 2043 639 nota

341 682 438 732 aut
468 677 949 732 bibliothecarum
995 674 1250 728 numeris
1278 673 1471 728 aliisve
1511 673 1690 744 signis
1721 674 2038 740 distinctos,

341 767 439 821 sed
479 767 682 820 classes
725 763 978 834 plurium
1011 762 1181 816 unius
1209 762 1320 816 loci
1352 762 1628 816 librorum
1666 762 1958 826 denotent,
1987 765 2043 816 et

338 855 385 908 si
441 855 570 926 quis
615 854 888 925 indagare
935 853 1128 920 vellet,
1181 867 1309 922 qua:
1339 850 1648 922 Augustini
1708 851 1919 922 scripta
1969 851 2041 905 ad

334 958 806 1014 unumquemque
863 941 1210 1011 pertineant,
1262 940 1473 994 frustra
1521 940 1770 994 multum
1827 939 2040 994 laboris

337 1037 482 1086 esset
529 1034 992 1101 consumpturus.
1045 1029 1317 1083 Fortassis
1373 1029 1565 1100 itaque
1596 1045 1710 1083 non
1749 1028 1942 1099 inepte
1973 1045 2042 1082 ea

334 1118 459 1189 ipsa
488 1119 789 1173 nominum
837 1132 941 1187 per
994 1115 1220 1186 singula
1261 1116 1314 1172 S.
1351 1117 1605 1170 Doctoris
1652 1115 1863 1188 scripta
1892 1132 2040 1170 enu-

337 1208 579 1262 meratio
611 1225 643 1261 a
672 1206 836 1261 nobis
878 1205 1130 1259 exhibita
1172 1204 1390 1274 fuisset,
1422 1221 1535 1276 qua
1569 1204 1627 1260 id
1671 1205 1871 1258 saltem
1903 1220 2038 1259 cou-

337 1303 630 1351 secuturos
668 1313 771 1350 nos
800 1295 1145 1367 sperandum
1179 1299 1316 1359 erat,
1352 1298 1416 1348 ut
1447 1293 1545 1366 qui
1576 1293 1637 1347 in
1661 1293 2037 1348 bibliotheca-

336 1401 465 1439 rum
515 1401 646 1438 mss.
691 1383 1112 1438 abundantium
1159 1383 1447 1453 catalogos
1506 1381 1844 1452 inciderent,
1898 1381 2036 1436 dum

335 1490 532 1528 omnes
576 1473 698 1527 fore
739 1472 978 1543 paginas
1027 1471 1462 1543 Augustinianis
1510 1471 1738 1542 scriptis
1788 1472 2036 1542 repletas

334 1563 613 1631 viderent,
661 1567 761 1616 aut
818 1562 865 1615 si
908 1561 1060 1632 ipsas
1107 1561 1478 1616 bibliothecas
1526 1560 1913 1628 accessissent,
1981 1564 2036 1614 et

337 1652 604 1706 eumdem
635 1667 832 1704 omnes
862 1667 1008 1722 pene
1055 1651 1269 1704 forulos
1305 1649 1693 1704 ecclesiasticis
1743 1649 2031 1720 scriptori-

338 1740 443 1793 bus
482 1740 790 1794 destinatos
833 1739 1117 1793 obsedisse
1173 1743 1602 1808 cognoscerent,
1659 1737 1886 1808 parcius
1931 1738 2032 1792 has

335 1846 502 1901 gazas
533 1829 977 1895 admirarentur,
1008 1827 1236 1894 moniti,
1272 1828 1392 1898 jam
1421 1828 1554 1882 satis
1581 1827 1932 1898 optimorum
1976 1826 2040 1881 li-

333 1919 570 1973 brorum
617 1933 746 1970 cum
786 1917 893 1971 hoc
921 1917 1007 1970 vel
1059 1917 1159 1970 illo
1201 1915 1408 1986 scripto
1451 1920 1846 1986 comparatum
1893 1931 2035 1970 esse.

333 2007 442 2062 Sed
484 2007 647 2061 facile
679 2006 852 2061 etiam
890 2005 1246 2072 videbamus,
1284 2009 1368 2058 tot
1397 2005 1702 2059 nominum
1750 2004 2038 2059 introduc-

333 2094 547 2149 tionem
577 2110 780 2148 vanam
829 2109 892 2146 ac
935 2092 1164 2146 inanem
1217 2092 1361 2158 fore,
1412 2091 1520 2145 nisi
1559 2091 1822 2146 disertior
1858 2091 2036 2162 expli-

335 2185 479 2237 catio
533 2182 873 2248 accessisset,
929 2197 1058 2252 qum
1117 2179 1407 2234 domicilia
1450 2179 1833 2251 singulorum,
1882 2180 2036 2234 unde

335 2272 450 2326 illm
480 2271 889 2342 appellationes
918 2269 1111 2340 petitae
1160 2276 1362 2334 essent,
1414 2269 1846 2323 demonstraret.
1889 2270 2035 2323 Tan-

338 2361 467 2414 dem
494 2360 616 2414 haec
647 2357 963 2429 expeditior
990 2357 1082 2411 via
1107 2356 1229 2410 visa
1259 2361 1363 2418 est,
1408 2356 1542 2411 licet
1577 2357 1815 2429 ingratae
1847 2373 2035 2428 opera:

335 2450 584 2503 multum
624 2448 680 2502 in
712 2465 778 2501 ea
807 2446 1169 2501 subeundum
1200 2443 1373 2511 esset‘,
1414 2450 1480 2500 ut
1509 2445 1774 2500 omnibus
1805 2446 2034 2501 illorum

339 2537 639 2591 nominum
698 2536 942 2590 indicem
980 2535 1402 2606 alphabeticum
1453 2535 1946 2602 concinnaremus,
1980 2540 2038 2589 et

337 2626 408 2681 ad
451 2624 903 2696 unumquodque
932 2625 1088 2678 velut
1117 2624 1183 2678 ad
1215 2623 1451 2678 classem
1499 2624 1806 2695 quamdam
1855 2629 1912 2678 et
1942 2641 2035 2678 or-

337 2714 553 2782 dinem,
603 2718 882 2785 quantum
912 2713 1038 2767 ﬁeri
1068 2717 1314 2783 poterat,
1363 2717 1717 2783 notaremus,
1749 2717 1907 2784 quot,
1939 2719 2039 2768 aut

337 2802 458 2874 qui,
484 2808 582 2856 aut
610 2803 808 2874 quales
830 2802 891 2856 in
920 2801 1161 2873 singulis
1192 2801 1430 2856 adhibiti
1453 2807 1660 2872 essent,
1682 2819 1795 2874 quo
1824 2803 2036 2857 factum

335 2895 437 2958 est,
469 2895 551 2958 ut,
589 2889 635 2944 si
675 2907 790 2945 non
820 2889 1030 2960 singuli
1063 2889 1304 2954 codices,
1338 2890 1492 2960 quod
1537 2890 1626 2943 vix
1670 2906 1926 2961 unquam
1976 2891 2038 2944 in

2151 496 2278 552 Octo
2291 537 2305 551 .

2221 586 2664 647 Gsuaucaxses,
2705 584 2744 639 i.
2783 599 2833 639 e.
2865 583 3099 638 abbatiae
3128 581 3539 638 Gemblacensis.
3575 582 3849 648 Triginta,

2151 689 2351 728 omnes
2380 691 2449 728 ex
2478 673 2834 727 membrana.

2221 764 2612 817 Lovamexsas.
2677 764 2890 816 Horum
2957 760 3098 814 alios
3156 761 3491 830 acceperant
3543 773 3573 811 e
3631 758 3852 823 collegio

2152 852 2551 919 Theologorum,
2583 849 2721 904 alios
2753 867 2782 903 e
2833 850 3051 916 collegio
3105 849 3390 904 Societatis
3417 847 3575 914 Jesu,
3626 846 3764 899 alios
3815 863 3851 899 a

2149 941 2548 1004 Carthusianis,
2589 941 2943 994 Martinianis
2978 936 3584 992 Prwmonstratensibus
3617 935 3674 989 in
3713 938 3851 990 Par-

2147 1032 2290 1084 censi
2316 1031 2638 1084 monasterio
2686 1033 2742 1083 et
2772 1029 3183 1083 Bethlehemitis.
3217 1027 3533 1081 Numerum
3586 1025 3849 1095 singulo-

2146 1134 2275 1172 rum
2299 1122 2491 1173 tamen
2522 1134 2632 1172 non
2656 1107 2999 1172 indicarunt.
3024 1117 3100 1170 Ex
3115 1116 3205 1170 his
3225 1115 3286 1169 in
3309 1115 3449 1170 Bibl.
3478 1115 3692 1183 Belgica
3725 1115 3848 1169 MS.

2145 1211 2517 1262 recensentur
2561 1206 2781 1260 codices
2828 1206 3038 1274 collegii
3085 1206 3372 1260 Societatis
3417 1205 3575 1271 Jesu,
3626 1207 3791 1273 parte
3833 1220 3848 1256 1

2144 1312 2276 1367 pag.
2309 1298 2440 1362 326;
2476 1295 2726 1350 Abbatiw
2781 1296 3081 1360 Parcensis,
3122 1311 3178 1364 p.
3215 1309 3362 1363 11,p.
3409 1294 3532 1360 166,
3586 1297 3644 1346 et
3698 1292 3846 1346 Bibl.

2147 1387 2345 1442 Canon.
2373 1385 2567 1451 Regul.
2621 1385 2676 1440 S.
2708 1385 3011 1453 Augustini
3051 1385 3110 1437 in
3164 1383 3318 1438 Valle
3345 1384 3400 1439 S.
3434 1385 3685 1450 Martini,
3720 1397 3775 1452 p.
3810 1399 3849 1436 11

2145 1491 2200 1546 p.
2223 1475 2328 1527 210
2351 1489 2507 1545 seqq.

2209 1563 2608 1631 Tonmcaxvses,
2651 1561 2689 1618 i.
2742 1579 2791 1616 e.
2835 1564 3152 1617 monasterii
3188 1562 3249 1618 S.
3306 1563 3535 1617 Martini
3587 1560 3843 1625 Tornaci,

2143 1653 2293 1708 unde
2345 1655 2576 1722 triginta
2620 1655 2676 1706 et
2704 1668 2842 1707 unus
2892 1652 3046 1707 allati
3079 1657 3258 1707 erant.
3295 1653 3371 1706 De
3402 1652 3489 1706 his
3517 1651 3642 1706 vide
3695 1651 3843 1705 Bibl.

2144 1743 2289 1810 Belg.
2320 1743 2435 1798 MS.
2470 1746 2618 1812 part.
2648 1758 2684 1808 1,
2716 1757 2774 1812 p.
2809 1745 2874 1796 95
2898 1758 3056 1813 seqq.

2269 1847 2325 1918 Β)
2357 1847 2590 1915 Codices,
2635 1849 2732 1917 qui
2779 1849 3253 1986 BENfEDIC’I‘INORUM
3277 1847 3461 1903 usibus
3487 1848 3725 1902 concessi

2904 1925 3115 1974 uerunt.

2904 1925 3115 1974 uerunt.

2764 2008 2816 2069 α)
2856 2007 3107 2056 Gallicani
3146 2007 3244 2071 (α).

2215 2097 2553 2150 ALBINENSES
2565 2097 2713 2168 aqud
2728 2096 3076 2166 Andegavos,
3100 2097 3139 2151 i.
3156 2114 3205 2152 e.
3221 2096 3851 2164 AbbatiaeAndegaven-

2142 2185 2218 2238 sis
2230 2184 2286 2239 S.
2313 2183 2507 2238 Albini
2526 2183 2744 2238 codices
2775 2187 2948 2239 Unum
2979 2184 3096 2239 fere
3114 2184 3363 2239 citantin
3389 2184 3654 2255 plurimis
3672 2185 3852 2253 primi

2141 2271 2285 2327 tomi
2315 2271 2492 2340 libris,
2525 2272 2674 2327 inter
2705 2289 2848 2344 quos
2877 2275 3300 2328 Retractationes
3347 2278 3404 2328 et
3433 2274 3808 2340 Confessiones
3833 2289 3849 2339 ;

2142 2359 2281 2414 item
2314 2364 2472 2415 tomo
2501 2365 2651 2415 sexto
2681 2366 2736 2416 et
2762 2362 2982 2431 decimo,
3019 2377 3122 2416 nec
3153 2377 3268 2416 non
3295 2361 3364 2416 ad
3392 2361 3567 2416 libros
3594 2361 3659 2415 de
3685 2362 3841 2418 Civi-

2144 2454 2255 2503 tate
2308 2449 2412 2504 Dei
2453 2454 2610 2504 tomo
2667 2453 2910 2521 septimo,
2969 2455 3024 2505 et
3051 2449 3225 2505 libros
3275 2450 3340 2504 de
3374 2451 3642 2504 Trinitate
3687 2453 3850 2504 tomo

2143 2543 2346 2593 octavo.
2379 2539 2460 2593 Ad
2503 2538 2709 2593 librum
2750 2539 2814 2594 de
2843 2539 3089 2608 Symbolo
3133 2539 3208 2594 ad
3237 2539 3645 2596 Cathecumenos
3689 2543 3849 2593 tomo

2142 2632 2313 2694 sexto,
2376 2632 2630 2694 monent,
2688 2628 2748 2682 in
2806 2628 3102 2683 Albineusi
3154 2630 3258 2682 800
3311 2643 3590 2681 annorum
3649 2627 3851 2683 codice

2144 2715 2392 2787 primum
2421 2732 2488 2771 ex
2516 2722 2782 2788 quatuor,
2815 2717 3025 2788 quibus
3055 2721 3278 2772 constat
3307 2715 3690 2782 sermonibus,
3753 2733 3851 2770 re-

2143 2804 2339 2876 periri.

2214 2896 2765 2958 Armssxononsxvsas,
2809 2893 2847 2948 i.
2883 2910 2935 2947 e.
2983 2893 3215 2948 abbatiz
3255 2895 3851 2951 Praemonslratensium

333 2978 653 3050 Augustino
704 2978 1071 3048 sperandum,
1105 2993 1210 3032 nec
1243 2977 1557 3048 optandum
1593 2978 1754 3032 valde
1793 2979 2034 3046 videtur,
2075 2998 2113 3052 ρ
2143 2983 2202 3037 S.
2237 2985 2480 3038 Mariani
2508 2983 2880 3038 Antissiodori
2931 2983 3170 3038 codices.
3215 2984 3403 3038 Unum
3460 3001 3524 3038 ex
3570 2990 3844 3055 quatuor,

332 3072 479 3121 certe
517 3066 897 3130 bibliotheca,
934 3065 989 3119 in
1026 3066 1235 3136 quibus
1269 3065 1505 3136 repositi
1529 3065 1764 3135 fuerint,
1797 3084 2035 3121 noscan-

337 3159 449 3210 tur.
481 3155 733 3209 Pertinet
770 3159 962 3208 autem
989 3155 1111 3208 hinc
1141 3169 1316 3224 opera
1346 3155 1468 3208 sola
1506 3155 1573 3208 ad
1609 3156 2034 3212 Benedictinam

333 3243 641 3298 editionem
677 3259 690 3297 :
734 3243 803 3297 de
835 3241 1171 3296 Lovaniensi
1205 3243 1359 3296 enim
1392 3242 1655 3297 sufﬁcere
1685 3243 2032 3315 putavimus,

331 3331 376 3385 si
417 3331 735 3402 generatim
767 3330 1001 3391 nomina
1030 3329 1530 3394 bibliothecarum,
1563 3332 1632 3386 ad
1667 3348 1809 3404 quas
1855 3334 2032 3404 perti-

329 3419 562 3482 nebant,
593 3423 648 3473 et
694 3435 989 3481 numerus,
1025 3419 1516 3490 quemadmodum
1559 3421 1630 3474 ab
1659 3420 1797 3491 ipsis
1829 3422 2032 3492 prodi-

327 3510 450 3562 tum
487 3511 588 3575 est,
624 3505 1021 3561 recitarentur.
1062 3507 1343 3562 Caeterum
1396 3508 1744 3563 Benedictini
1775 3510 2030 3580 Belgicos

327 3600 428 3650 aut
482 3594 857 3650 Lovanienses
909 3595 1129 3650 codices
1187 3595 1256 3650 ad
1311 3596 1570 3667 singulos
1629 3597 1800 3652 etiam
1851 3599 2028 3654 libros

326 3685 513 3739 denuo
559 3701 591 3738 a
628 3699 685 3737 se
741 3699 1001 3738 excussos
1049 3683 1358 3754 diligenter
1398 3685 1724 3741 laudarunt.
1759 3687 2028 3759 Sequitur

319 3773 441 3843 jam
470 3773 657 3827 index.

393 3863 456 3931 A)
489 3861 702 3918 Codices
732 3878 766 3915 a
795 3862 1230 3916 Lovamensmcs
1267 3862 1546 3930 Theologis
1567 3867 1798 3920 excussi.

388 3953 699 4020 Amexses,
739 3949 775 4004 i.
811 3967 862 4004 e.
896 3949 1114 4004 codices
1146 3949 1477 4005 bibliotheca
1505 3952 1760 4008 Alnensis
1791 3954 2022 4012 abbatiz

318 4041 684 4096 Cistercicnsis
730 4041 787 4093 in
845 4039 1049 4094 ditione
1126 4039 1428 4095 Leodiensi.
1491 4040 1745 4096 Aderant
1797 4046 2014 4109 viginti.

318 4127 496 4196 Hujus
524 4126 888 4180 bibliothecae
930 4125 1144 4180 codices
1175 4131 1231 4180 et
1275 4126 1427 4182 inter
1469 4143 1564 4181 eos
1605 4127 1777 4182 etiam
1819 4131 2016 4201 Augu-

315 4215 589 4270 stinianos
631 4219 888 4268 recenset
925 4214 1164 4269 strictim
1213 4216 1482 4272 Antonius
1514 4217 1791 4273 Sandcrus
1823 4218 1884 4272 in
1921 4221 2014 4274 Bi-

2141 3071 2349 3143 quibus
2373 3073 2633 3127 instructi
2672 3072 2903 3126 fuerunt
2930 3071 3219 3127 codicibus
3249 3088 3384 3127 mss.
3417 3073 3677 3128 librorum
3721 3089 3848 3128 con-

2141 3166 2230 3216 tra
2259 3162 2551 3216 secundum
2575 3163 2788 3217 Juliani
2814 3164 3209 3232 responsionem
3237 3162 3644 3233 suppeditavit.

2209 3253 2526 3306 Monasterii
2553 3251 2608 3306 S.
2643 3253 2887 3305 ARNULFI
2924 3253 3174 3306 Metensis
3205 3251 3399 3306 codex.
3435 3251 3623 3306 Unum
3659 3250 3843 3306 fuisse

2139 3339 2404 3410 conjicio,
2463 3339 2746 3412 siquidem
2819 3340 3221 3395 Arnulfensem
3268 3339 3482 3411 ubique
3537 3355 3844 3410 nunquam

2135 3427 2346 3496 plurali
2375 3445 2616 3482 numero
2640 3428 2892 3484 laudant.
2931 3431 3220 3500 Frequens
3245 3429 3611 3500 potissimum
3640 3429 3704 3482 in
3736 3429 3842 3484 tri-

2132 3515 2238 3570 bus
2267 3517 2552 3587 prioribus
2580 3518 2752 3572 tomis
2773 3518 2896 3588 ejus
2927 3517 2991 3572 ﬁt
3020 3518 3253 3573 mentio.
3288 3517 3579 3573 Lectiones
3623 3517 3843 3574 scilicet

2131 3603 2437 3674 habebant,
2493 3621 2610 3660 non
2665 3606 2853 3677 ipsum
2903 3622 3035 3674 ms.,
3084 3611 3148 3662 ut
3200 3606 3270 3662 ad
3342 3607 3588 3662 Retract.
3657 3606 3839 3662 libros

2131 3697 2383 3748 mouent.

2198 3782 2454 3838 Abbatiae
2482 3781 2537 3837 S.
2569 3783 2806 3839 Annam
2845 3784 3286 3854 Bothomagensis
3322 3784 3560 3840 codices.
3606 3785 3684 3839 Ex
3745 3784 3836 3839 his

2127 3871 2272 3941 Opus
2301 3872 2366 3926 de
2395 3874 2648 3938 Civitate,
2692 3875 2967 3930 Sermones
3015 3878 3072 3928 et
3101 3873 3350 3945 plurima
3383 3875 3494 3929 alia
3522 3874 3833 3946 Augustini

2125 3959 2337 4030 scripta
2362 3961 2664 4016 emendata
2695 3965 2851 4016 sunt.
2893 3962 3184 4034 Praecipue
3223 3963 3284 4017 in
3311 3968 3468 4018 tomo
3494 3963 3682 4034 primo
3713 3963 3828 4017 fre-

2124 4053 2368 4120 quenter
2395 4050 2770 4105 Audoenenses
2800 4051 3180 4121 appellantur,
3216 4052 3274 4106 in
3291 4052 3662 4124 sequentibus
3695 4068 3830 4123 par-

2121 4137 2262 4193 cius.
2317 4138 2626 4206 Nescimus,
2659 4155 2730 4194 an
2783 4155 2982 4194 omnes
3026 4141 3196 4195 unius
3225 4141 3411 4196 aetatis
3457 4141 3692 4206 fuerint,
3727 4141 3830 4196 sed

2120 4225 2180 4280 in
2237 4243 2410 4298 opere
2457 4231 2884 4284 Enarrationum
2940 4231 3000 4284 in
3047 4231 3306 4298 Psalmos,
3354 4233 3462 4286 700
3519 4247 3700 4286 annos
3757 4229 3828 4284 iis

315 4303 576 4357 bliotheca
632 4304 845 4368 Belgica
895 4305 1292 4372 Manuscripta,
1341 4309 1502 4374 parte
1560 4322 1618 4370 11,
1688 4321 1858 4377 pagg.
1909 4307 2012 4362 234

2206 4293 2399 4372 buunt.

315 4393 581 4462 (241-43).

383 4481 437 4535 S.
471 4482 711 4548 AMANDI,
734 4477 772 4533 i.
807 4493 857 4532 e.
891 4478 1116 4533 caznobii
1130 4480 1468 4550 Elnonensis,
1491 4482 1662 4552 vulgo
1682 4483 1740 4538 S.
1763 4484 2013 4539 Amandi

313 4573 367 4622 in
408 4569 637 4635 Pabula,
695 4566 916 4622 codices
974 4570 1203 4636 triginta
1232 4569 1338 4624 duo
1391 4571 1710 4625 transmissi
1765 4576 1928 4626 erant
1975 4591 2008 4628 a

307 4661 464 4715 Mam.
540 4659 867 4725 Morillonio,
934 4658 1246 4728 provinciae
1314 4661 1710 4716 Medelinensis
1785 4662 2005 4718 Vicario

305 4748 580 4820 generali.
617 4749 680 4801 In
708 4748 855 4804 Bibl.
894 4749 1040 4815 Belg.
1079 4750 1206 4805 MS.
1239 4766 1296 4820 p.
1329 4768 1366 4817 1,
1393 4767 1456 4821 p.
1497 4753 1564 4807 32
1595 4768 1776 4824 seqq.,
1807 4753 2003 4822 Augu-

301 4838 554 4893 tinianos
580 4837 754 4908 hujus
787 4837 1120 4892 monasterii
1151 4840 1375 4894 codices
1405 4840 1678 4897 invenies.

375 4927 828 4994 CAMBRONENSES,
868 4924 905 4978 i.
941 4941 989 4978 e.
1028 4925 1270 4981 biblioth.
1305 4928 1528 4981 comobii
1560 4928 2002 4985 Camberonensis

303 5014 434 5070 0rd.
490 5015 856 5072 Cistercicnsis
910 5014 967 5065 in
1015 5014 1303 5068 Hannonia
1333 5015 1483 5069 haud
1532 5018 1722 5084 procul
1750 5017 1817 5072 ab
1871 5019 2002 5073 urbe

298 5104 583 5158 Montensi.
616 5105 824 5157 Praesto
863 5100 1096 5155 fuerunt
1127 5104 1378 5170 triginta.
1412 5103 1486 5159 Cf.
1525 5104 1666 5160 Bibl.
1692 5107 1838 5173 Belg.
1879 5108 1994 5164 MS.

295 5204 354 5258 p.
390 5206 425 5256 1,
461 5206 519 5260 p.
549 5192 648 5244 346
679 5207 837 5262 seqq.

2190 4406 2290 4459 PP.
2325 4407 2851 4464 Ancusrnvuuvonuu
2893 4409 3117 4478 majoris
3163 4413 3454 4464 conventus
3484 4410 3820 4464 Parisiensis

2115 4492 2353 4547 codices.
2397 4495 2640 4560 Quatuor
2666 4497 2737 4550 ad
2767 4498 3173 4564 Con/essionum
3201 4497 3367 4553 libros
3397 4497 3820 4570 suppetebant;

2113 4581 2274 4634 unius
2299 4581 2508 4652 saepius
2539 4583 2604 4638 fit
2629 4584 2880 4640 mentio.

2183 4670 2475 4724 BECCENSIS
2537 4672 2770 4727 abbatiz
2833 4673 3053 4728 codices
3104 4673 3298 4745 plures
3357 4690 3644 4730 annorum
3710 4678 3821 4731 700

2111 4756 2418 4813 laudantur
2446 4759 2517 4814 ad
2570 4760 2716 4830 Opus
2772 4764 3124 4818 Psalmorum.
3179 4779 3332 4818 unus
3367 4764 3438 4818 ad
3487 4764 3664 4819 libros
3714 4767 3818 4821 Re-

2111 4849 2293 4914 tract.,
2326 4847 2392 4900 de
2421 4848 2539 4904 Civ.
2573 4852 2686 4915 Dei,
2721 4853 3016 4921 Epistolas,
3045 4851 3258 4907 librum
3285 4853 3349 4907 de
3392 4853 3718 4922 Haresibus,
3751 4854 3820 4908 de

2114 4933 2383 4990 Trinitate
2413 4940 2469 4990 et
2496 4937 2571 4992 ad
2592 4939 2911 4995 Donatistas
2943 4941 3120 5010 (tomo
3139 4941 3260 4996 VIII
3289 4946 3344 4995 et
3376 4942 3481 5010 IX),
3514 4945 3570 4996 et
3599 4941 3817 5012 saepius

2107 5019 2169 5074 in
2207 5025 2366 5076 tomo
2393 5023 2627 5092 decimo;
2678 5026 2791 5081 duo
2847 5028 2918 5082 ad
2962 5027 3140 5082 libros
3179 5028 3246 5082 de
3277 5029 3543 5085 Consensu
3571 5030 3816 5096 Evange-

2107 5110 2358 5166 listarum
2402 5117 2458 5167 et
2509 5115 2574 5169 de
2617 5115 2865 5171 Sermone
2894 5119 2951 5171 in
2996 5117 3205 5184 Monte,
3256 5118 3448 5188 plures
3478 5117 3540 5172 in
3591 5117 3812 5174 Sermo-

2105 5201 2284 5256 nibus.

298 5328 860 5431 ;n5p)nSpptltame£
892 5330 1050 5431 ipte‘r
1081 5337 1264 5431 epiet
1295 5333 1508 5431 Belgic‘il
1534 5336 1791 5431 quidam,
1851 5355 1995 5409 quos
2102 5343 2683 5431 monasteriicodices
2734 5345 2878 5400 adeo
2909 5346 3070 5402 omni
3116 5352 3376 5431 tempore
3406 5347 3804 5431 Mani-inomni

293 5400 972 5491 ijpsliucopsulueruut‘eti
996 5400 1513 5491 Corbe‘iensesfsed
1551 5400 1994 5491 bpsnsejungere
2102 5412 2354 5491 Patrum
2382 5415 2586 5491 studiis
2611 5400 3258 5491 paruerunt,iutﬁvelu—ti
3288 5400 3624 5474 domestici
3645 5400 3805 5491 apud

338 5472 698 5547 ubitavimus,
773 5475 980 5547 partim
1039 5475 1195 5546 quod
1242 5476 1350 5547 ipsi
1423 5493 1518 5531 eos
1574 5472 1993 5537 Gallicanorum
2102 5497 2197 5538 eos
2225 5484 2359 5540 facti
2388 5501 2509 5540 esse
2538 5472 2854 5544 videantur.

293 5543 527 5597 nomine
558 5543 1130 5614 comprehenderent,
1181 5543 1389 5617 partim
1439 5549 1590 5620 quod
1634 5549 1988 5607 Corbeiensis
