4044 6190
200 338 297 389 113
1198 332 1470 388 NOTITIA
1513 331 1927 389 LITTERARIA
1965 334 2031 389 IN
2074 336 2128 388 S.
2171 332 2638 390 AUGUSTINUM.
3607 339 3707 392 114

265 456 701 509 Becaanoxausa
767 454 1059 525 exemplar
1096 453 1275 508 citant
1326 453 1388 508 in
1439 454 1788 510 Tractatibus
1838 457 1899 510 in
1934 456 1977 510 A
2009 458 2142 511 salis
2171 457 2463 511 Benedicti.
2507 458 2580 510 Ex
2608 472 2675 510 eo
2707 457 2866 525 (nam
2902 457 3181 529 singulari
3207 474 3451 513 numero
3479 475 3706 530 semper

192 545 553 611 Evangelium
599 545 831 599 Joannis
875 548 1033 598 tumo
1077 546 1234 599 tertio
1265 548 1321 599 et
1346 544 1409 599 in
1439 545 1575 601 libro
1604 546 1670 600 de
1715 548 1897 602 Haere-

190 634 342 689 sibus
366 638 527 687 tomo
548 638 754 687 octavo.

266 723 705 781 Bmovacmsm
759 721 1021 777 Ecclesia:
1086 723 1399 793 exemplar
1433 723 1898 795 antiquissimum

190 813 262 866 ad
318 814 610 866 Tractatus
666 813 724 866 in
774 813 999 866 Joannis
1056 814 1379 881 Epistolam,
1430 813 1523 867 cui
1566 814 1636 869 ad
1688 814 1895 869 calcem

189 899 514 970 ascriptum
566 898 741 953 fuerit
785 916 799 953 :
842 915 982 954 anno
1030 902 1171 968 regis
1227 902 1495 957 Clotharii
1548 903 1857 958 duodecimo
1874 923 1898 970 ,-

190 989 357 1044 aliud
406 988 547 1043 item
593 988 667 1042 ad
706 991 1030 1057 posteriores
1067 992 1109 1044 L
1154 989 1397 1045 Psalmos
1446 994 1603 1046 toruo
1650 994 1805 1047 tertio
1844 996 1900 1046 et

190 1083 397 1150 quarto
425 1082 633 1149 prmsto
662 1077 790 1131 fuit.

264 1168 356 1222 Ab
436 1167 549 1221 hoc
624 1166 815 1220 differt
886 1165 1065 1221 codex
1149 1167 1583 1222 BELLOVACENSIS
1658 1167 1899 1223 abbatias

190 1258 247 1312 S.
284 1258 545 1322 menm
577 1255 869 1310 adhibitus
897 1255 1102 1311 iisdem
1136 1257 1478 1312 Tractatibus
1516 1260 1575 1312 in
1599 1259 1899 1328 Epistolam

187 1348 460 1401 Joannis.

266 1435 622 1501 BBNIGNIANI,
670 1433 709 1488 i.
750 1450 799 1488 e.
839 1434 1170 1489 bibliothecae
1197 1434 1259 1491 S.
1299 1436 1527 1490 BENIGNI
1565 1437 1899 1492 Divionensis

186 1523 446 1579 codices.
514 1524 579 1577 In
643 1524 1136 1578 Retractationum
1176 1528 1231 1577 et
1269 1524 1701 1579 Confessionum
1738 1524 1898 1580 libris

184 1629 382 1669 unum
409 1615 517 1667 700
545 1611 712 1668 annis
744 1612 1127 1683 antiquiorem
1156 1616 1378 1668 notant.
1410 1614 1608 1668 Nescio
1644 1630 1717 1668 an
1746 1613 1900 1668 idem

185 1702 285 1767 sit,
322 1702 427 1774 qui
455 1702 516 1756 in
544 1701 808 1772 Epistolis
830 1717 1057 1773 quoque
1077 1706 1134 1755 et
1157 1703 1502 1757 Tractatibus
1526 1704 1584 1757 in
1602 1702 1891 1769 Joannem,

184 1791 341 1846 libro
375 1792 441 1846 de
471 1792 707 1847 diversis
754 1791 1148 1857 Quastionibus
1186 1796 1375 1845 contra
1421 1792 1781 1857 Mendacium,
1833 1791 1898 1845 de

188 1884 339 1939 Cura
383 1897 487 1951 pro
531 1883 761 1935 mortuis
789 1880 1045 1949 gerenda,
1079 1880 1143 1934 de
1190 1882 1476 1946 Trinitate,
1525 1886 1657 1946 etc.,
1685 1883 1896 1950 praesto

186 1971 320 2026 fuit.
355 1970 645 2038 Codicem,
688 1985 801 2040 quo
839 1968 901 2022 in
943 1969 1091 2024 libro
1120 1969 1187 2031 de
1214 1969 1466 2039 Symbolo
1491 1968 1581 2022 usi
1609 1972 1762 2035 sunt,
1794 1971 1897 2024 880

185 2075 486 2114 annorum
536 2062 762 2111 aetatem
810 2057 1078 2129 praeferre
1116 2058 1367 2112 tradunt.
1421 2060 1545 2112 Tres
1594 2061 1692 2112 aut
1712 2058 1897 2128 plures

183 2147 528 2201 habuerunt
558 2145 629 2200 ad
657 2145 958 2200 Sermones
988 2145 1365 2217 castigandos.

261 2236 741 2289 Bsnxaaomoauu
767 2234 979 2302 collegii
997 2236 1326 2290 Parisiensis
1347 2234 1525 2289 codex
1542 2249 1647 2289 ms.
1672 2249 1812 2290 unus
1843 2238 1901 2290 et

186 2325 351 2378 alter.
410 2323 634 2378 Profuit
670 2323 732 2377 in
783 2321 943 2376 libris
995 2323 1060 2377 de
1111 2324 1279 2393 Opere
1321 2324 1701 2378 monachorum
1745 2326 1899 2377 tomo

185 2416 369 2479 sexto,
418 2412 560 2466 item
603 2413 1019 2481 Empositionum
1079 2413 1337 2481 Epistolas
1391 2413 1466 2466 ad
1517 2415 1801 2481 Romanos,
1844 2418 1901 2467 et

191 2501 432 2557 Galatas
469 2508 624 2555 tomo
656 2502 832 2568 tertio,
887 2516 991 2554 nec
1031 2516 1151 2554 non
1208 2499 1369 2555 libris
1400 2502 1495 2556 VII
1540 2501 1605 2555 de
1635 2502 1900 2572 baptismo

190 2597 247 2647 et
284 2590 456 2646 libris
500 2592 570 2644 IV
622 2595 811 2645 contra
854 2591 1192 2647 Cresconium
1235 2595 1392 2645 tomo
1447 2606 1603 2645 nono.
1652 2592 1900 2646 Alterum

190 2681 498 2751 appellant
526 2680 597 2734 ad
650 2680 814 2735 libros
844 2684 1033 2734 contra
1072 2682 1440 2735 Maximinum
1486 2686 1535 2735 et
1566 2681 1900 2735 collationem

192 2786 323 2824 cum
356 2769 561 2823 eodem.
614 2768 912 2823 Diversum
943 2768 1012 2822 ab
1052 2769 1159 2823 hoc
1200 2772 1340 2838 puto
1388 2767 1599 2821 librum
1638 2770 1747 2823 PP.
1784 2770 1898 2822 Fuâ€”

190 2860 451 2913 liensium
480 2857 727 2912 cmnobii
753 2858 811 2913 S.
840 2857 1108 2912 Bernardi
1135 2859 1382 2925 Parisiis,
1416 2857 1574 2928 quod
1606 2857 1899 2927 exemplar

187 2950 441 3003 Fuliense
470 2947 759 3018 appellare
789 2947 995 3002 solent.

2006 543 2328 615 laudarunt)
2374 546 2651 614 Epistolas,
2694 544 2835 600 item
2868 546 3061 617 plures
3104 547 3247 602 tomi
3292 549 3467 617 primi
3506 553 3562 602 et
3595 547 3701 602 ali-

2005 637 2146 704 quot
2191 632 2333 686 tomi
2365 635 2557 700 octavi,
2591 636 2722 687 noni
2750 638 2806 687 et
2849 634 3042 689 decimi
3087 635 3218 690 libri
3258 636 3517 707 castigati
3548 640 3701 690 sunt.

2077 722 2473 775 CISTERCIENSIS
2507 722 2760 791 abbatiae,
2791 722 2943 778 haud
2988 724 3158 778 dubie
3208 725 3500 791 Parisinae,
3546 724 3703 778 codi-

2006 824 2116 862 ces.
2146 810 2226 863 Ex
2258 810 2634 874 Cisterciensi,
2672 811 2720 865 si
2750 813 2919 865 modo
2961 830 3109 867 unus
3154 813 3283 883 fuit,
3312 814 3525 885 singuli
3556 830 3704 884 pene

2004 898 2146 951 tomi
2190 901 2379 968 primi,
2427 902 2597 969 tertii,
2655 903 2797 955 sexti
2829 906 2883 953 et
2910 904 3086 955 octavi
3109 902 3413 970 1ibri,tum
3459 903 3704 957 secundo

2005 990 2162 1042 tomo
2191 990 2448 1057 Epistolas
2488 989 2890 1044 emendantur.
2933 989 3314 1044 Cisterciensis
3363 1007 3536 1061 porro
3579 1007 3704 1045 cre-

2004 1074 2108 1128 bro
2164 1076 2484 1145 appellatur
2548 1075 2609 1130 in
2676 1077 3038 1132 Sermonibus.
3098 1082 3240 1133 Duos
3301 1077 3703 1133 Cistercienses

2005 1163 2244 1218 laudant
2288 1164 2349 1217 in
2406 1164 2564 1219 libris
2604 1165 2669 1218 de
2699 1167 2969 1222 Consensu
3024 1160 3499 1234 Evangeliitarum
3545 1171 3703 1221 tomo

2008 1255 2185 1321 tertio,
2214 1253 2278 1305 de
2304 1254 2534 1309 Civitate
2578 1256 2687 1321 Dei,
2722 1259 2878 1307 tomo
2908 1258 3149 1323 septimo,
3186 1255 3330 1308 libro
3376 1256 3441 1310 de
3469 1257 3704 1311 diversis

2007 1341 2397 1407 Quaestionibus
2441 1346 2597 1396 tomo
2628 1347 2799 1410 sexto,
2851 1346 2905 1397 et
2934 1344 2998 1397 de
3050 1344 3246 1399 Gratia
3276 1348 3326 1397 et
3355 1344 3517 1399 libero
3543 1344 3705 1398 Arbi-

2008 1432 2111 1484 trio
2142 1434 2297 1484 tomo
2328 1431 2529 1485 decimo
2543 1472 2556 1487 .

2077 1520 2182 1572 PP.
2228 1520 2681 1574 CISTERCIENSIUM
2730 1520 2786 1576 S.
2821 1522 3007 1576 Crucis
3050 1522 3109 1573 in
3138 1521 3436 1575 Jerusalem
3480 1523 3535 1574 in
3571 1522 3706 1576 Urbe

2008 1607 2184 1661 codex
2212 1616 2391 1661 vetus.
2427 1608 2503 1660 Ex
2556 1623 2623 1660 eo
2654 1606 2807 1660 edita
2835 1611 2921 1661 est
2949 1607 3203 1678 primum
3232 1609 3481 1678 Epistola
3510 1612 3601 1678 29,
3635 1608 3707 1663 ad

2007 1696 2284 1764 Alypium.
2335 1696 2531 1749 Plures
2576 1694 2638 1749 in
2697 1696 3040 1751 Sermonibus
3101 1696 3357 1764 laudant,
3407 1714 3475 1751 ex
3519 1697 3704 1767 iisque

1936 1753 1978 1809 Î’
2011 1784 2353 1839 Sermonum
2406 1784 2628 1855 aliquot
2674 1783 3022 1839 occasionem
3067 1784 3334 1839 didicisse
3383 1802 3441 1839 se
3486 1785 3702 1853 dicunt,

2005 1871 2263 1942 itemque
2291 1887 2404 1941 quo
2438 1873 2561 1925 loco
2592 1887 2690 1925 eos
2718 1871 3071 1941 Augustinus
3101 1872 3328 1927 dixerit.

2080 1959 2560 2014 CLARxEVALLENSIS
2625 1960 2855 2014 abbatiaz
2928 1960 3222 2029 exemplar
3286 1959 3548 2014 librorum
3607 1976 3703 2016 sea:

2007 2052 2195 2103 contra
2221 2048 2510 2102 secundam
2536 2050 2758 2103 Juliani
2786 2050 3201 2117 responsionem.
3237 2050 3351 2102 Hoc
3376 2048 3566 2119 ipsum
3596 2052 3700 2117 est,

2008 2152 2074 2192 ex
2106 2152 2220 2207 quo
2267 2136 2486 2207 primus
2529 2153 2626 2190 eos
2673 2138 3103 2208 deprompserat
3143 2140 3455 2205 Vignerius,
3506 2154 3575 2192 ex
3604 2154 3696 2193 eo-

2008 2240 2120 2297 que
2168 2225 2356 2280 denuo
2399 2225 2786 2296 discrepantes
2838 2245 2869 2281 a
2913 2226 3257 2298 Vigneriana
3299 2226 3549 2281 editione
3596 2228 3705 2282 lec-

2007 2314 2192 2368 tiones
2220 2314 2282 2368 in
2309 2330 2478 2369 usum
2511 2316 3008 2371 Benedictinorum
3040 2320 3315 2387 excerptas
3349 2319 3497 2370 sunt.

2078 2404 2430 2458 COLBERTINJE
2481 2404 2809 2461 bibliotheca
2854 2405 3075 2459 codices
3126 2406 3449 2476 complures
3498 2420 3703 2475 suppe-

2006 2490 2113 2546 tias
2143 2492 2417 2547 tulerunt.
2454 2494 2585 2548 Erat
2609 2493 2763 2547 enim
2794 2493 2916 2547 haec
2948 2493 3294 2547 bibliotheca
3322 2492 3485 2547 libris
3508 2497 3698 2547 vetus-

2005 2580 2079 2636 tis
2122 2580 2576 2649 instructissima,
2619 2582 2718 2653 qui
2748 2599 2946 2637 omnes
2995 2582 3200 2637 deinde
3231 2582 3291 2635 in
3337 2585 3560 2649 Regiam
3593 2581 3701 2635 mi-

2006 2674 2261 2741 grarent.
2312 2670 2376 2723 In
2403 2674 2557 2723 tomo
2600 2672 2780 2739 primo
2832 2670 2974 2725 nulli
3019 2670 3348 2739 adfuerunt,
3398 2670 3495 2724 sed
3530 2672 3701 2739 Epis-

2007 2759 2125 2812 tolae
2168 2757 2331 2828 juxta
2378 2758 2609 2812 eosdem
2669 2775 2917 2813 excussae
2955 2762 3104 2813 sunt.
3165 2758 3491 2813 Laudantur
3525 2759 3699 2812 etiam

2005 2846 2176 2900 modo
2206 2861 2365 2913 unus,
2418 2847 2587 2900 modo
2620 2847 2727 2900 duo"
2756 2847 2815 2900 in
2859 2851 3012 2899 tomo
3052 2848 3205 2899 tertio
3250 2849 3305 2898 et
3333 2850 3512 2909 serto;
3558 2846 3699 2899 item

2004 2939 2162 2989 tomo
2203 2938 2397 3004 quarto
2428 2933 2487 2987 in
2526 2934 2983 2989 Enarrationibus
3016 2932 3076 2986 in
3118 2934 3356 2986 Psalmos
3388 2933 3699 2987 Colbertini

261 3036 740 3089 Bsanaamuoauu
785 3034 851 3088 de
893 3033 1267 3088 misericordia
1294 3036 1393 3088 Dei
1421 3032 1567 3088 liber
1604 3048 1710 3087 ms.
1747 3048 1896 3087 unus

2066 3022 2226 3077 idices
2253 3021 2488 3093 optima:
2510 3026 2661 3076 nota:
2694 3022 2807 3091 (a);
2836 3026 2940 3075 tres
2967 3020 3039 3074 ad
3061 3036 3207 3090 opus
3228 3020 3293 3074 de
3322 3020 3553 3076 Civitate
3578 3024 3694 3077 Dei.

190 3124 466 3178 laudatur
493 3123 557 3176 in
586 3122 733 3177 libro
763 3122 827 3177 de
856 3123 1025 3193 Opere
1052 3123 1451 3178 monachorum.

258 3214 324 3268 S.
366 3213 591 3267 BEBTINI
621 3211 681 3266 in
704 3213 887 3279 Belgio
919 3212 1092 3267 codex
1119 3211 1518 3283 perantiquus,
1550 3211 1702 3266 unde
1733 3216 1895 3266 eruta

189 3308 275 3356 est
319 3302 574 3371 Epistola
614 3302 918 3368 Augustini
945 3301 1020 3354 ad
1061 3303 1428 3368 Mercatorem,
1471 3316 1602 3371 quas
1630 3300 1690 3355 in
1721 3302 1893 3356 Bene-

193 3391 414 3447 dictina
443 3390 700 3462 primum
725 3390 941 3462 prodiit
966 3406 1125 3445 num.
1158 3393 1278 3445 193.

262 3482 599 3534 Î’Î™ÏÎŸá¼¸á¼¸Î”Îá¿ Î’
645 3494 746 3533 seu
788 3479 961 3533 codex
1007 3494 1113 3533 ms.
1168 3495 1236 3532 ex
1280 3478 1625 3533 bibliotheca
1669 3479 1894 3534 Euamcx

193 3570 367 3637 Bicor
410 3569 871 3636 Rothomagensis.
896 3568 970 3622 Ex
998 3583 1066 3622 eo
1109 3571 1242 3621 sunt
1269 3568 1580 3638 recognita,
1614 3567 1891 3639 epistolas,

192 3658 422 3730 aliquot
451 3656 585 3711 libri
611 3656 754 3711 tomi
780 3659 942 3725 sexti,
986 3657 1053 3711 de
1080 3657 1310 3713 Civitate
1336 3660 1432 3711 Dei
1462 3661 1617 3711 tomo
1646 3659 1891 3727 septimo,

192 3746 331 3802 libri
378 3747 448 3801 de
492 3747 709 3802 Natura
753 3746 895 3813 boni,
928 3746 994 3800 de
1040 3748 1306 3801 Trinitate
1332 3749 1447 3811 XV,
1492 3751 1648 3800 tomo
1686 3752 1888 3813 octavo,

194 3842 250 3890 et
280 3835 415 3890 libri
447 3852 546 3889 sex
568 3840 755 3890 contra
778 3837 1069 3890 Julianum
1098 3840 1254 3890 tomo
1278 3837 1500 3891 decimo.

266 3924 734 3978 Canussouassrs
777 3925 1022 3979 Ecclesia
1049 3924 1195 3979 liber
1226 3941 1329 3979 ms.
1370 3925 1636 3979 laudatur
1665 3925 1736 3979 ad
1764 3924 1891 3979 Ser-

194 4028 397 4066 mones
428 4017 588 4067 tomo
616 4016 804 4082 quinto
835 4018 891 4067 et
920 4014 992 4068 ad
1024 4018 1312 4069 Tractatus
1335 4014 1559 4071 CXXIV
1585 4016 1643 4068 in
1655 4014 1892 4068 Joannis

193 4102 557 4170 Evangelium
588 4111 744 4156 tomo
776 4102 955 4158 tertio.

262 4192 664 4259 CABNOTENSIS,
704 4191 744 4245 i.
779 4208 825 4246 e.
878 4192 1110 4247 abbatiae
1139 4193 1194 4247 S.
1240 4193 1389 4246 Petri
1418 4194 1475 4245 in
1513 4192 1655 4245 valle
1690 4191 1894 4247 Carno-

192 4284 334 4335 tensi
360 4280 562 4335 codex.
620 4282 786 4336 Unius
814 4280 1031 4335 mentio
1059 4281 1125 4334 tit
1167 4280 1237 4335 ad
1271 4280 1483 4335 librum
1514 4284 1701 4335 contra
1741 4281 1891 4335 Men-

2005 3111 2222 3167 Passim
2270 3110 2441 3165 etiam
2487 3110 2546 3164 in
2577 3115 2729 3164 tomo
2786 3114 2969 3165 octavo
3009 3124 3210 3162 eorum
3258 3108 3326 3162 tit
3353 3106 3590 3172 mentio,
3644 3112 3699 3160 et

2003 3200 2239 3273 quidem
2288 3200 2358 3254 ad
2418 3200 2629 3254 librum
2688 3200 2752 3253 de
2804 3199 3128 3263 Haeresibus,
3186 3201 3421 3267 quatuor
3475 3211 3697 3250 memo-

2004 3292 2235 3355 rantur;
2277 3288 2339 3342 in
2371 3288 2573 3342 decimo
2612 3304 2744 3341 vero
2770 3287 2837 3341 ad
2880 3287 3135 3358 singulos
3163 3286 3281 3340 fere
3314 3284 3486 3339 libros
3515 3284 3691 3338 citan-

2004 3381 2118 3432 tur.
2153 3378 2307 3431 Inter
2351 3377 2569 3447 plures,
2625 3392 2692 3429 ex
2739 3375 2947 3447 quibus
2979 3376 3253 3431 Sermones
3299 3377 3455 3429 tomo
3507 3375 3695 3442 quinto

2003 3465 2264 3537 castigati
2312 3470 2463 3532 sunt,
2510 3481 2690 3518 unum
2736 3464 3027 3535 praecipue
3076 3466 3547 3529 commemorant,
3596 3462 3697 3534 qui

2003 3558 2098 3610 82l
2137 3558 2367 3609 notatus
2399 3554 2591 3621 fuerit,
2620 3554 2922 3609 Sermones
2952 3552 3022 3607 de
3051 3551 3233 3605 verbis
3268 3551 3559 3621 Evangelii
3597 3567 3695 3605 ve-

2003 3643 2111 3697 teri
2140 3642 2362 3711 ordine,
2406 3643 2721 3696 secundum
2749 3659 2922 3713 quem
2965 3642 3026 3696 in
3059 3641 3224 3695 Bedae
3264 3656 3365 3693 seu
3395 3640 3545 3695 Flori
3581 3640 3695 3694 c01-

2001 3732 2241 3787 lectione
2270 3732 2608 3802 plerumque
2652 3731 2977 3798 laudantur,
3018 3731 3269 3802 digestos
3307 3730 3692 3800 complexum,

2002 3821 2187 3892 iisque
2217 3820 2457 3874 insertos
2495 3818 2794 3891 quosdam,
2843 3836 3091 3891 quorum
3136 3819 3225 3873 vel
3270 3817 3412 3873 nihil
3464 3832 3697 3888 prorsus

2002 3911 2063 3965 in
2093 3914 2222 3964 ante
2253 3909 2440 3972 editis,
2479 3909 2566 3963 vel
2608 3909 2930 3979 fragmenta
2960 3908 3146 3961 solum
3176 3906 3492 3960 exstabant.
3542 3904 3604 3957 In
3634 3903 3698 3957 li-

2001 3999 2104 4054 bro
2137 3999 2201 4054 de
2229 3999 2518 4053 Mendacio
2534 4002 2692 4051 tomo
2719 4001 2869 4051 sexto
2902 3995 3261 4050 Colbertinus
3292 3996 3394 4047 800
3414 4006 3697 4046 annorum

2003 4091 2060 4141 et
2104 4085 2319 4140 ibidem
2357 4085 2417 4139 in
2464 4085 2612 4139 libro
2663 4085 2728 4137 de
2770 4084 2938 4151 Opere
2975 4082 3355 4136 monachorum
3410 4078 3556 4132 alius
3594 4080 3697 4132 900

2002 4174 2120 4229 fere
2149 4190 2432 4228 annorum
2487 4171 2827 4243 appellatur.
2868 4171 2942 4223 Ex
2988 4168 3313 4223 Colbertina
3359 4166 3561 4219 itidem
3608 4164 3695 4219 bi-

2003 4262 2287 4317 bliotheca
2315 4260 2467 4316 nacti
2498 4264 2633 4314 sunt
2662 4258 2921 4313 codicem
2965 4258 3153 4327 Operis
3180 4256 3484 4324 imperfecti
3512 4258 3699 4308 contra

193 4370 417 4424 dacium
464 4374 621 4423 tomo
651 4374 821 4437 sexto,
855 4369 1030 4423 libros
1079 4374 1268 4425 Î¿Î¿Î·Ï„Î½Î±
1310 4371 1569 4425 Faustum
1613 4373 1771 4423 Î¹Î¿Ï‰Î¿
1808 4383 1894 4422 oc-
1934 4346 1977 4400 D
2008 4351 2297 4407 secundam
2349 4351 2559 4405 Juliani
2586 4349 2982 4418 responsionem
3012 4345 3280 4398 mutilum
3317 4343 3485 4397 tertia
3512 4346 3694 4413 parte,

197 4463 323 4513 ÎµÎ±Ï…Î¿
377 4463 441 4512 et
481 4458 697 4513 librum
747 4462 933 4513 contra
975 4459 1356 4527 Secundinum,
1403 4457 1504 4529 qui
1558 4458 1619 4511 in
1646 4456 1897 4527 ,Belgicis

196 4546 493 4602 codicibus
520 4546 733 4602 frustra
762 4547 1035 4618 quaesitus
1067 4563 1135 4602 ex
1165 4564 1231 4602 eo
1273 4547 1441 4601 unico
1470 4546 1541 4600 ab
1579 4545 1897 4600 innumeris

200 4636 429 4691 mendis
457 4640 799 4707 repurgatus
846 4652 967 4690 esse
1010 4636 1238 4703 dicitur,
1272 4635 1411 4689 item
1450 4634 1662 4689 librum
1692 4634 1757 4688 de
1784 4634 1895 4690 Na-

197 4731 327 4780 tura
356 4730 416 4779 et
445 4725 658 4794 Gratia,
692 4730 749 4780 et
778 4726 844 4781 de
868 4727 1199 4793 Per/ectione
1227 4726 1459 4780 hominis
1484 4728 1641 4777 tomo
1673 4721 1894 4776 decimo.

270 4813 355 4868 Ab
400 4813 473 4868 iis
534 4814 791 4868 diversus
842 4817 924 4868 est
981 4814 1127 4868 liber
1178 4815 1450 4867 Eccwsm
1504 4812 1897 4877 CARNUTENSIS,

198 4886 301 4957 qui
331 4885 597 4939 laudatur
623 4884 683 4939 in
716 4885 1079 4941 Sermonibus.

270 4976 602 5029 Casanansxs
619 4989 715 5028 seu
750 4974 1073 5041 Cassmuus,
1102 4973 1137 5027 i.
1153 4989 1202 5027 e.
1233 4972 1407 5027 codex
1427 4987 1534 5025 ms.
1551 4970 1775 5025 coenobii
1794 4970 1897 5027 Ca-

266 5099 349 5168 (a)
384 5100 543 5153 Inter
580 5098 687 5152 hos
716 5098 891 5153 etiam
923 5102 1044 5153 erat
1084 5113 1256 5163 unus,
1299 5097 1397 5167 qui
1426 5098 1709 5168 Epitomen
1738 5097 1898 5168 Come

191 5167 587 5224 mentm-torum
650 5170 954 5237 Augustini
977 5171 1037 5223 in
1101 5169 1339 5225 Psalmos
1403 5167 1747 5233 continebat,
1806 5167 1898 5221 cui

191 5241 375 5295 codici
414 5241 807 5312 propyleeum,
866 5256 1106 5312 cameraf,
1153 5240 1336 5293 forma
1365 5238 1436 5292 ad
1469 5237 1695 5312 Davidis
1739 5254 1896 5291 com-

191 5309 576 5382 plectendam'
613 5312 927 5381 imaginem
972 5310 1283 5381 appictum,
1339 5309 1796 5382 conspiciebatur
1841 5314 1899 5363 et

192 5381 534 5454 inscriptum
567 5383 655 5436 bis
708 5383 779 5437 ad
807 5382 1084 5437 fornicem
1123 5382 1310 5436 verbis
1344 5398 1355 5435 :
1389 5381 1699 5454 Landulfus
1728 5394 1898 5436 ovans

196 5456 335 5508 hunc
370 5452 633 5508 'libellum
682 5456 803 5523 ï¬eri
855 5454 1041 5522 jussit,
1070 5468 1174 5522 pro
1203 5469 1307 5522 quo
1348 5452 1521 5518 funde
1550 5465 1731 5523 preces
1758 5466 1895 5523 Acar-

197 5528 347 5579 mina
377 5527 476 5594 qui
517 5521 690 5593 legis,
722 5529 829 5581 etc.
859 5521 963 5578 â€™Ad
1004 5521 1272 5595 imaginis
1318 5538 1452 5577 vero
1481 5522 1656 5595 pedes
1682 5537 1699 5595 _:
1737 5521 1898 5578 Orate

200 5612 297 5665 pro
360 5592 618 5663 lunone,
685 5596 779 5651 hoc
842 5596 1103 5665 supplico.
1130 5592 1149 5595 â€œ
1174 5595 1381 5649 Versus
1460 5592 1698 5663 subjecti
1761 5608 1894 5646 con-

2004 4440 2171 4495 illum
2230 4439 2418 4509 ipsum
2460 4454 2689 4509 nempe,
2722 4453 2788 4489 ex
2828 4452 2941 4507 quo
2989 4434 3257 4488 Claudius
3288 4432 3609 4487 Menardus.
3642 4447 3688 4485 Î¸.

2010 4534 2141 4585 1617
2175 4528 2424 4600 primum
2448 4526 2666 4597 priores
2701 4525 2844 4579 duos
2873 4524 3048 4578 libros
3071 4522 3481 4593 publicaverat.

2078 4620 2143 4673 In
2175 4617 2560 4673 Colbertinam
2587 4613 2992 4669 bibliothecam
3033 4613 3156 4683 jam
3197 4616 3354 4678 tunc,
3387 4609 3578 4665 nescio
3626 4626 3699 4664 an

2007 4723 2205 4762 omnes
2231 4704 2572 4759 transierant
2597 4705 2838 4759 Thuanei
2856 4701 3193 4772 mss..Â§unde
3229 4702 3468 4756 Thuanei
3496 4699 3699 4754 codices

2005 4795 2294 4860 interdum
2326 4792 2593 4847 censendi
2638 4795 2770 4845 sunt
2800 4807 2866 4845 ex
2899 4790 3243 4856 Colbertina,
3286 4804 3336 4844 e.
3372 4806 3426 4860 g.
3462 4788 3522 4841 in
3551 4787 3697 4841 libro

2007 4884 2072 4938 de
2099 4885 2286 4951 Agone
2317 4882 2646 4947 Christiano,
2681 4884 2736 4935 et
2766 4883 2906 4935 Bono
2932 4879 3208 4949 conjugali
3232 4883 3390 4933 tomo
3420 4879 3587 4931 Sexto.

2078 4972 2543 5035 COMPENDIENSES,
2574 4968 2699 5023 vide
2728 4968 3164 5023 Connaususns.

2007 5098 2159 5151 stant
2185 5095 2299 5149 XIV
2338 5092 2615 5161 distichis,
2650 5092 2933 5161 incipiunt
2961 5109 2974 5145 :

2079 5208 2308 5264 Cantica
2342 5208 2602 5263 Davidico
2633 5207 2915 5263 Christum
2940 5200 3290 5259 modulantia
3318 5200 3555 5271 plectro,

2223 5280 2476 5351 Explana
2506 5296 2538 5333 a
2567 5284 2725 5333 tenet
2750 5276 2988 5332 ï¬‚oridus
3013 5274 3115 5327 iste
3140 5271 3306 5327 liber.

2008 5404 2242 5461 Finiunt
2273 5420 2284 5458 :

2079 5524 2265 5594 Atque
2289 5519 2432 5574 duos
2466 5519 2619 5573 inter
2648 5513 3160 5594 Cherubinos-voce
3190 5510 3490 5594 tremenda

2224 5593 2474 5659 Intonat,
2507 5594 2565 5643 et
2593 5586 2779 5658 rapidi
2807 5585 3053 5656 fulguris
3080 5585 3214 5656 igne
3243 5585 3433 5639 micat.
