4044 6190
349 315 446 368 H5

1341 310 1891 368 SUPPLEMENTUM
1930 313 2020 367 ΑΙ)
2060 312 2292 370 OPERA
2331 314 2386 368 S.
2428 313 2814 370 AUGUSTINI.

3745 321 3854 372 Hﬁ

409 440 800 495 Couxrmsns.
852 435 1248 508 Antiquissimi
1296 439 1353 490 et
1403 435 1880 490 numerosissimi.
1927 435 2030 491 Vix
2065 439 2111 493 Α
2222 437 2611 492 Frauawusxs
2653 437 2888 492 abbatiz
2933 436 3112 492 codex
3141 439 3343 505 viginti
3386 453 3483 492 sea:
3507 441 3743 509 psalmos
3779 456 3850 496 ex

341 528 494 583 enim
540 528 689 582 ullus
714 526 860 582 liber
905 529 1011 594 est,
1038 524 1179 596 quin
1209 524 1281 579 ad
1320 523 1549 580 eosdem
1581 525 1887 594 castigatus
1918 524 2040 579 fue-

341 617 435 672 rit.
473 619 618 672 Nam
647 616 720 671 ab
753 613 920 669 initio
952 613 1166 680 statim,
1222 613 1294 668 ad
1343 615 1806 668 Retractationum
1845 613 2039 676 libros,

342 707 556 760 librum
607 705 672 760 de
718 704 920 760 Ordine
970 705 1026 756 et
1057 703 1327 771 Regulam
1358 702 1432 756 ad
1464 703 1653 758 Servos
1685 705 1784 758 Dei
1830 706 2041 773 praasto

343 795 452 850 fuit
502 794 676 849 codex
705 794 808 847 900
854 791 1035 846 ferme
1083 806 1263 845 annos
1301 790 1652 861 praeferens;
1703 790 1773 844 ad
1813 791 2042 857 Confes-

345 885 519 937 siones
565 879 899 938 Corbeiensis
933 882 1065 933 ante
1105 893 1284 932 annos
1308 879 1416 932 700
1464 878 1708 948 scriptus
1753 878 2041 943 laudatur,

346 976 404 1026 et
435 971 514 1025 sic
556 970 626 1025 ad
659 985 860 1024 omnes
909 983 1057 1040 pene
1102 967 1247 1022 tomi
1295 966 1471 1038 primi
1501 966 1696 1035 libros,
1731 966 2044 1022 Corbeien—

347 1059 494 1114 sium
523 1060 754 1129 Optimae
785 1062 938 1112 nota:
965 1056 1032 1110 ﬁt
1054 1055 1295 1111 mentio.

417 1148 526 1212 Qui
553 1148 622 1202 ad
667 1147 950 1216 Epistolas
982 1149 1138 1200 tomo
1179 1143 1408 1200 secundo
1447 1143 1690 1199 adhibiti
1735 1147 1888 1212 sunt,
1922 1145 2044 1216 ple-

347 1237 510 1308 rique
541 1239 672 1290 ante
701 1251 884 1290 annos
914 1236 1020 1290 800
1048 1237 1147 1288 aut
1177 1236 1280 1290 900
1313 1233 1507 1303 scripti
1536 1233 1826 1289 dicuntur.

418 1325 584 1380 Tomi
610 1327 760 1380 tertii
785 1323 940 1390 libri,
973 1328 1210 1395 excepto
1243 1339 1380 1390 uno,
1415 1339 1613 1377 omnes
1637 1323 1702 1378 ad
1736 1322 2044 1378 Corbeien-

350 1431 438 1468 ses
511 1413 729 1468 excussi
787 1418 940 1481 sunt,
1013 1428 1256 1482 quorum
1325 1428 1474 1465 unus
1549 1411 1619 1466 ad
1685 1411 2047 1478 Quaestionum

353 1506 561 1571 Evang.
597 1502 791 1568 libros,
844 1503 967 1566 900,
1008 1501 1146 1555 item
1188 1501 1332 1555 alter
1365 1501 1435 1554 ad
1465 1499 1640 1554 libros
1685 1499 1750 1554 de
1781 1502 2048 1556 Consensu

352 1591 858 1658 Evangelistarum,
881 1591 985 1644 900
1012 1593 1112 1644 aut
1143 1589 1277 1643 1000
1300 1603 1480 1642 annos
1508 1587 1718 1642 habere
1748 1591 1806 1642 et
1830 1586 2048 1658 optima

354 1695 532 1735 manu
563 1679 878 1750 descriptus
909 1677 1140 1732 dicitur.

425 1769 509 1824 Ad
537 1768 715 1822 libros
769 1767 1198 1822 Enarrationum
1253 1768 1311 1820 in
1350 1766 1598 1820 Psalmos
1646 1769 1804 1819 tomo
1852 1768 2047 1834 quarto

356 1856 596 1912 adhibiti
625 1861 758 1912 sunt
800 1871 904 1928 per
932 1859 1116 1910 totum
1164 1870 1330 1927 opus,
1375 1854 1503 1922 duo,
1549 1853 1612 1909 in
1656 1854 1885 1909 eosdem
1932 1858 2049 1908 tra-

354 1952 536 2002 ctatus
600 1945 892 2001 interdum
939 1945 1146 2015 plures,
1207 1942 1466 2015 plerique
1533 1947 1663 1997 ante
1720 1959 1898 1997 annos
1948 1943 2052 1998 800

358 2035 574 2107 scripti.

430 2123 650 2179 Pariter
710 2123 772 2178 in
837 2121 1184 2179 Sermonibus
1247 2125 1402 2175 tomo
1467 2122 1655 2189 quinto
1721 2118 2054 2175 Corbeinses

359 2214 596 2286 optimae
644 2217 792 2268 notae
821 2216 878 2267 et
908 2209 1272 2266 vetustissimi
1307 2213 1600 2275 notantur,
1633 2212 1688 2263 et
1726 2207 1786 2262 in
1816 2207 2056 2279 singulis

359 2320 508 2375 pene
536 2302 678 2358 tomi
712 2304 856 2357 sexti
883 2299 1045 2356 libris
1073 2299 1296 2355 codices
1333 2301 1437 2354 800
1465 2301 1521 2353 et
1558 2299 1663 2354 900
1691 2313 1973 2352 annorum
2001 2301 2058 2352 et

361 2393 433 2448 ad
481 2390 654 2446 libros
699 2391 766 2446 de
816 2389 1046 2445 diversis
1103 2388 1496 2455 Quaestionibus
1539 2386 1616 2442 ad
1643 2388 2056 2456 Simplicianum

365 2497 512 2536 unus
552 2478 925 2552 peregregius
970 2481 1095 2533 ante
1123 2491 1292 2532 annos
1320 2477 1466 2532 mille
1507 2475 1844 2546 descriptus.
1878 2476 1942 2530 In
1987 2474 2054 2529 li-

359 2571 480 2628 bris
508 2570 575 2625 de
604 2571 846 2625 Civitate
874 2570 972 2624 Dei
994 2572 1150 2623 tomo
1181 2568 1404 2637 septimo
1432 2569 1640 2637 prmsto
1674 2565 1904 2620 fuerunt
1929 2565 2055 2619 duo.

365 2662 480 2717 Nec
506 2659 735 2732 parcius
771 2658 832 2712 in
863 2658 1038 2713 tribus
1066 2656 1454 2727 posterioribus
1502 2653 1674 2709 tomis
1706 2652 2059 2708 Corbeiensis

367 2747 613 2804 abbatiae
668 2747 952 2802 librorum
1007 2743 1539 2817 antiquissimorum
1595 2747 1652 2798 et
1701 2742 2059 2814 elegantissi-

366 2852 596 2893 morum
626 2835 687 2891 ﬁt
728 2834 966 2902 mentio,
997 2839 1054 2889 et
1082 2834 1140 2888 in
1171 2833 1375 2888 ultimo
1419 2833 1653 2904 quidem
1693 2832 1764 2886 ad
1790 2831 1966 2887 libros
1996 2832 2062 2886 de

369 2929 570 2982 Gratia
608 2931 659 2982 et
705 2925 871 2980 libero
907 2918 1184 2991 Arbitrio,
1233 2937 1339 2976 nec
1381 2937 1498 2976 non
1525 2921 1589 2975 de
1619 2921 1970 2990 Correptione
2011 2924 2063 2974 et

2151 540 2324 595 opere
2370 525 2826 592 Enarrationum,
2879 540 3084 596 nempe
3131 525 3555 593 LXIII-XCVIII,
3589 529 3850 601 comple-

2153 613 2429 668 ctebatur.

2225 704 2612 758 FlSCANNENSlS
2654 702 2798 758 liber
2836 718 2944 758 ms.
2979 704 3220 757 Notatur
3247 702 3316 757 ad
3364 703 3576 759 librum
3622 705 3688 759 de
3715 708 3854 761 Ma-

2153 793 2324 859 gistro
2358 797 2518 846 tomo
2547 794 2745 861 primo,
2794 791 2864 846 ad
2894 791 3103 845 librum
3150 792 3216 845 de
3263 792 3530 848 Consensu
3559 796 3857 862 Evangeli-

2153 885 2362 934 starum
2392 883 2550 934 tomo
2580 883 2755 945 tertio,
2789 879 2856 932 ad
2893 878 3108 933 librum
3136 878 3202 932 de
3229 881 3642 937 Catechizandis
3679 883 3856 937 rudi-

2157 967 2252 1022 bus
2292 971 2448 1020 tomo
2487 972 2657 1034 sezcto,
2682 967 2880 1023 Contra
2912 965 3290 1021 adversarium
3321 969 3453 1035 legis
3483 974 3533 1022 et
3557 971 3860 1040 propheta-

2155 1072 2276 1110 rum
2304 1059 2456 1110 tomo
2481 1060 2685 1110 octavo.

2227 1146 2644 1200 FLoaucaNsas.
2712 1144 3050 1200 Bibliotheca?
3111 1145 3474 1200 Floriacensis
3542 1161 3670 1201 mss.
3743 1146 3857 1199 fre-

2157 1233 2529 1305 quentissime
2585 1233 2891 1288 laudantur
2937 1249 3055 1288 non
3116 1235 3303 1288 solum
3355 1234 3425 1288 ad
3465 1234 3722 1304 integros
3765 1240 3856 1289 to-

2157 1339 2306 1392 mos,
2331 1321 2508 1377 veluti
2538 1321 2875 1386 secundum,
2905 1323 3188 1392 Epistolas
3207 1342 3227 1388 ;
3261 1326 3552 1393 quartum,
3584 1323 3857 1378 Enarra-

2159 1415 2324 1466 tiones
2380 1413 2440 1465 in
2486 1413 2752 1478 Psalmos;
2794 1411 3082 1482 quintum,
3135 1411 3410 1468 Sermones
3466 1413 3858 1482 complecten-

2159 1504 2274 1554 tem
2306 1517 2318 1554 :
2353 1515 2600 1571 quorum
2621 1499 2751 1565 illis,
2781 1499 2880 1570 qui
2900 1501 2969 1554 ad
2991 1505 3211 1554 tomum
3231 1505 3501 1571 quartum
3527 1517 3859 1556 memoran-

2159 1593 2272 1658 tur,
2324 1588 2464 1644 anni
2522 1589 2855 1643 tribuuntur
2916 1591 3052 1656 700;
3110 1589 3206 1644 sed
3251 1590 3424 1644 etiam
3470 1591 3540 1644 ad
3596 1591 3864 1662 singulos

2159 1679 2336 1734 libros
2379 1694 2484 1749 per
2527 1677 2746 1733 diversa
2784 1678 3098 1748 volumina,
3142 1678 3320 1734 veluti
3365 1678 3438 1733 ad
3491 1678 3864 1734 Retractatio—

2162 1782 2254 1821 nes
2279 1771 2336 1821 et
2362 1767 2574 1821 librum
2603 1767 2669 1821 de
2702 1767 3016 1834 Quantitate
3045 1769 3255 1835 anim,
3291 1766 3478 1836 primo
3505 1783 3518 1833 ;
3551 1767 3624 1821 ad
3657 1783 3867 1821 omnes

2161 1871 2308 1926 pene
2336 1855 2478 1910 tomi
2525 1854 2709 1923 tertii;
2744 1855 2815 1910 ad
2843 1855 3053 1909 librum
3083 1855 3148 1908 de
3187 1856 3312 1911 Octo
3359 1857 3585 1910 Dulcitii
3613 1858 3868 1925 quaestio-

2160 1946 2340 2012 nibus,
2374 1944 2438 1998 de
2467 1945 2654 2011 Agone
2676 1945 3004 2011 Christiano,
3033 1947 3089 1997 et
3113 1943 3205 1998 hic
3234 1943 3468 2015 quidem
3498 1944 3635 2008 duo;
3670 1945 3736 1998 de
3770 1960 3865 1998 ca-

2165 2033 2498 2087 techizandis
2546 2033 2796 2100 rudibus,
2832 2033 2897 2088 de
2940 2034 3107 2102 Opere
3153 2035 3538 2088 monachorum
3575 2038 3630 2087 et
3656 2033 3719 2086 de
3750 2035 3866 2086 Pa-

2166 2124 2357 2176 tientia
2407 2126 2562 2175 tomo
2603 2126 2789 2187 sexto;
2837 2121 2908 2176 ad
2959 2120 3134 2176 libros
3167 2121 3234 2174 de
3282 2122 3606 2189 Haeresibus,
3645 2122 3868 2175 Contra

2162 2213 2442 2280 Faustum,
2491 2211 2557 2264 de
2589 2212 2856 2264 Trinitate
2883 2213 3040 2264 tomo
3079 2214 3311 2277 octavo;
3340 2210 3411 2264 ad
3441 2209 3620 2264 libros
3659 2210 3760 2264 VII
3802 2209 3868 2263 de

2165 2301 2470 2371 Baptismo,
2502 2301 2702 2356 Contra
2746 2301 3002 2354 Petiliani
3038 2301 3269 2368 litteras,
3303 2299 3368 2355 de
3421 2301 3634 2354 Unitate
3681 2301 3868 2354 Eccle-

2164 2393 2260 2445 siae
2283 2394 2338 2444 et
2367 2389 2432 2444 de
2462 2391 2572 2445 Uno
2599 2389 2864 2459 baptismo
2893 2393 3048 2443 tomo
3074 2404 3261 2456 nono;
3304 2388 3553 2461 denique
3575 2389 3648 2444 ad
3679 2389 3867 2444 libros

2167 2495 2265 2534 sex
2290 2483 2478 2534 contra
2500 2477 2784 2533 Julianum
2813 2482 2970 2532 tomo
2998 2476 3242 2533 decimo.

2239 2569 2592 2622 Fossnaxsrs
2632 2567 2686 2623 S.
2748 2569 2932 2621 Mauri
2964 2567 3197 2622 abbatia:
3225 2566 3417 2621 nescio
3455 2581 3595 2622 unus
3623 2583 3698 2621 an
3725 2568 3860 2638 plu-

2166 2671 2282 2726 res;
2342 2655 2439 2710 sed
2485 2654 2862 2710 verosimilius
2915 2655 3216 2726 posterius.
3284 2654 3538 2710 Adhibiti
3596 2659 3732 2708 sunt
3795 2654 3871 2709 ad

2169 2747 2572 2811 Confessionum
2600 2743 2777 2798 libros
2824 2748 2978 2798 tomo
3007 2743 3217 2814 primo,
3249 2745 3546 2813 Epistolas,
3592 2748 3750 2798 tomo
3787 2761 3874 2798 se-

2169 2832 2395 2899 cundo;
2437 2831 2508 2886 ad
2552 2831 2730 2886 libros
2772 2831 2838 2886 de
2881 2833 3147 2888 Consensu
3188 2833 3662 2898 Evangelistarum
3706 2836 3872 2887 tomo

2170 2921 2360 2977 tertio.
2426 2920 2806 2992 Perantiquus
2858 2920 3122 2974 laudatur
3161 2920 3230 2974 ad
3269 2921 3510 2975 Psalmos
3555 2919 3871 2976 Graduales

371 3016 567 3073 Gratia
614 3029 796 3069 unum
857 3011 1307 3068 vetustissimum
1335 3015 1459 3065 ante
1506 3010 1652 3064 mille
1699 3024 1868 3064 annos
1929 3009 2062 3064 scri-
2099 3028 2139 3084 ο
2171 3009 2234 3065 ἱη
2273 3013 2698 3066 Enarrationum
2739 3025 2910 3082 opere
2937 3014 3092 3064 tomo
3125 3015 3348 3082 quarto.
3382 3011 3658 3066 Sermones
3689 3010 3874 3065 etiam

369 3109 535 3176 ptum
562 3105 926 3157 censuerunt.

441 3193 650 3247 Aderat
679 3204 909 3262 quoque
948 3205 1014 3243 ex
1041 3187 1241 3242 eadem
1282 3185 1632 3242 bibliotheca
1660 3187 2063 3254 Ezrcerptorum

373 3281 656 3350 Eugyppii
692 3279 859 3334 eodem
888 3282 946 3333 et
986 3275 1131 3333 liber
1182 3291 1290 3331 ms.
1329 3279 1461 3330 ante
1491 3289 1670 3328 annos
1708 3273 1931 3327 circiter
1960 3274 2064 3327 500

374 3370 640 3440 scriptus,
696 3367 798 3440 qui
845 3367 991 3423 Flori
1031 3381 1132 3420 seu
1185 3364 1341 3420 Beda
1368 3363 1582 3435 vulgati
1610 3364 1962 3418 collectionem
2006 3363 2064 3415 in

373 3462 657 3532 Epistolas
686 3459 939 3530 Apostoli
967 3457 1469 3528 complectebatur.

446 3549 880 3616 Coauameuses,
919 3546 956 3602 i.
991 3563 1040 3602 e.
1074 3545 1206 3601 libri
1251 3561 1387 3600 mss.
1441 3543 1684 3599 abbatiaa
1730 3543 1790 3598 S.
1826 3544 2070 3598 Cornelii

378 3637 843 3708 Compendiensis.
896 3636 1050 3691 Unus
1091 3637 1450 3706 pervetustus
1487 3637 1840 3688 memoratur
1881 3631 1950 3686 ad
1998 3631 2067 3686 li-

375 3726 546 3782 brum
573 3726 639 3781 de
664 3727 1088 3781 Immortalitate
1129 3726 1325 3779 anim
1352 3727 1508 3778 tomo
1537 3724 1732 3792 primo.
1767 3721 1967 3775 Plures
1997 3719 2068 3774 ad

376 3816 651 3872 Sermones
679 3820 834 3870 tomo
860 3818 1076 3885 quarto.

447 3904 698 3960 Abbatia’
760 3904 826 3958 de
899 3903 1149 3958 Cumana
1209 3901 1359 3971 apud
1429 3901 1762 3955 Cenomanos
1828 3897 2066 3954 codices.

379 3992 666 4048 Laudatur
711 3991 782 4046 ad
809 3991 1112 4061 Epistolas,
1160 3988 1299 4044 item
1331 3988 1403 4043 ad
1437 3990 1722 4043 Tractatus
1759 3988 1819 4041 in
1847 3987 2068 4052 Evang.

376 4083 614 4138 Joannis
652 4087 812 4137 tomo
861 4081 1048 4146 tertio;
1081 4094 1183 4133 nec
1230 4094 1349 4132 non
1384 4084 1536 4132 tomo
1565 4080 1758 4146 quarto
1791 4075 1852 4129 in
1879 4076 2072 4130 Enar-

377 4172 680 4227 rationibus
735 4171 810 4225 ad
863 4170 1111 4227 Psalmos
1174 4166 1578 4238 perantiquus,
1625 4164 1724 4236 qui
1765 4163 1985 4235 priores
2032 4165 2071 4218 L

2172 3115 2238 3153 ex
2277 3098 2478 3154 iisdem
2517 3099 2773 3170 castigati
2815 3102 2974 3166 sunt;
3027 3099 3162 3154 item
3209 3104 3366 3154 tomo
3405 3104 3562 3154 sexto
3617 3099 3765 3154 liber
3809 3100 3875 3154 de

2173 3187 2400 3243 diversis
2467 3187 2861 3255 qustionibus
2925 3188 3246 3254 XXXVIII,
3319 3192 3377 3241 et
3431 3187 3496 3241 de
3558 3189 3704 3244 Cura
3763 3204 3876 3258 pro

2173 3279 2401 3332 mortuis
2429 3276 2697 3345 gerenda;
2725 3281 2883 3331 torno
2927 3281 3123 3331 octavo
3156 3276 3381 3332 Collatia
3406 3292 3526 3332 cum
3557 3275 3876 3331 Maximino

2175 3372 2232 3422 et
2260 3367 2390 3421 libri
2413 3370 2599 3422 contra
2627 3369 2807 3436 ipsum
2832 3365 2958 3420 duo.
2989 3365 3074 3420 Ad
3109 3367 3393 3420 Tractatus
3423 3368 3481 3420 in
3508 3367 3871 3434 Evangelium

2173 3457 2395 3510 Joannis
2455 3454 2721 3509 laudatur
2776 3456 3084 3510 Fossatense
3135 3455 3426 3525 exemplar
3467 3455 3632 3526 jussu
3690 3455 3874 3522 lngil-

2176 3546 2314 3600 berti
2343 3544 2559 3598 abbatis
2589 3543 2813 3598 circiter
2842 3545 2945 3598 840
2973 3543 3267 3615 scriptum.

2242 3636 2347 3690 PP.
2400 3635 2881 3689 Faaxcrscauoanu
2927 3635 3315 3688 Parisiensium
3363 3632 3560 3687 codex.
3599 3633 3666 3688 Hi
3696 3649 3870 3688 unum

2175 3723 2387 3778 librum
2430 3738 2536 3778 ms.
2583 3722 2954 3794 praebuerunt
2983 3721 3341 3776 emendando
3394 3721 3542 3776 libro
3580 3722 3647 3776 de
3692 3723 3878 3776 Mori-

2180 3813 2275 3868 bus
2301 3813 2719 3866 Manichzorum
2750 3815 2906 3866 tomo
2937 3809 3145 3882 primo.

2249 3903 2352 3958 PP.
2389 3902 2722 3956 Fumzxswu
2769 3899 2993 3955 ccenobii
3041 3899 3101 3954 S.
3140 3899 3411 3955 Bernardi
3437 3901 3670 3955 Parisiis
3720 3901 3877 3955 codi-

2179 4009 2270 4047 ces
2313 4007 2446 4045 mss.
2495 3989 2609 4044 duo
2670 3988 2911 4044 adhibiti
2966 3992 3100 4042 sunt
3150 3989 3221 4043 ad
3268 3987 3669 4066 castigandum
3729 3990 3879 4059 Opus

2181 4081 2604 4136 Eum-rationum
2632 4080 2690 4132 in
2734 4079 2994 4134 Psalmos.
3026 4078 3182 4132 Alter
3217 4077 3469 4149 psalmos
3526 4077 3816 4132 sexdecim
3850 4096 3880 4132 a

2182 4171 2352 4228 XXXV
2396 4168 2467 4222 ad
2519 4169 2578 4235 L,
2623 4167 2764 4222 alter
2808 4166 3126 4222 octodecim
3157 4183 3190 4220 a
3236 4166 3304 4222 CI
3349 4167 3421 4222 ad
3453 4167 3663 4222 CXVIII
3715 4184 3876 4222 com-

379 4261 630 4332 psalmos
665 4259 1170 4330 complectebatur.
1221 4256 1439 4312 Citatur
1467 4271 1696 4327 quoque
1746 4254 1816 4309 ad
1859 4253 2072 4308 librum
2113 4321 2148 4332 Ἀ
2182 4258 2380 4328 plexus
2427 4261 2567 4311 erat.
2629 4257 2904 4312 Sermones
2956 4272 3185 4328 quoque
3237 4256 3306 4311 ad
3359 4257 3615 4327 ejusdem
3670 4256 3878 4312 biblio-

380 4349 446 4404 de
469 4350 676 4405 Anima
705 4354 754 4402 et
781 4348 898 4416 ejus
923 4349 1131 4415 origine
1159 4349 1313 4398 tomo
1339 4344 1560 4398 decimo.

2113 4321 2154 4375 D
2185 4321 2364 4398 theca:
2411 4342 2633 4398 codices
2677 4342 2892 4397 excussi
2922 4321 3256 4407 suntfitem
3299 4321 3446 4397 liber
3489 4342 3553 4397 de
3581 4344 3880 4400 Continen-

451 4439 907 4492 Dommcmoaon
973 4434 1201 4502 majoris
1255 4436 1540 4487 conventus
1594 4431 1933 4485 Parisiensis
1985 4432 2079 4484 via
2186 4435 2282 4499 tia,
2315 4432 2381 4486 de
2407 4431 2656 4503 Symbolo
2683 4431 2757 4485 ad
2785 4431 3207 4486 Catechumenos
3236 4445 3502 4486 sermones
3533 4435 3793 4500 quatuor,
3827 4437 3882 4485 et

379 4525 640 4580 Jacobzea
668 4522 802 4579 libri
832 4538 962 4576 mss.
994 4519 1237 4576 adhibiti
1266 4523 1399 4574 sunt
1447 4519 1519 4574 ad
1547 4518 1722 4573 libros
1755 4518 2075 4584 Confessio-

381 4629 511 4668 num
561 4615 618 4667 et
655 4610 720 4666 de
767 4610 931 4665 libero
959 4609 1209 4664 Arbitrio
1257 4612 1413 4664 tomo
1440 4610 1639 4678 primo,
1690 4605 1758 4662 ad
1807 4605 1982 4661 libros
2012 4606 2077 4660 de

386 4702 652 4758 Trinitate
680 4703 839 4753 tomo
864 4702 1066 4766 octavo,
1098 4695 1310 4752 librum
1340 4697 1406 4751 de
1438 4699 1597 4752 Unico
1625 4696 1892 4766 baptismo
1921 4698 2077 4749 tomo

380 4807 534 4861 nono,
566 4789 743 4845 libros
782 4793 898 4842 tres
944 4786 1010 4841 de
1063 4787 1410 4842 Peccatorum
1437 4786 1645 4840 meritis
1690 4789 1741 4839 et
1769 4786 2079 4839 remissione

384 4887 541 4936 tomo
573 4879 776 4935 decimo
788 4919 801 4932 .

456 4972 897 5033 EBRULPBBNSBS,
932 4965 972 5020 i.
1021 4982 1071 5021 e.
1105 4967 1169 5021 S.
1203 4965 1473 5036 Ebrulphi
1523 4965 1804 5020 Urrcmsrs
1833 4964 2072 5020 codices.

387 5059 671 5114 Laudatur
719 5056 789 5112 ad
847 5055 1059 5110 librum
1109 5054 1175 5108 de
1220 5054 1644 5109 Immortalitate
1692 5056 1888 5108 anima
1924 5057 1983 5108 et
2010 5053 2078 5108 de

383 5147 695 5212 Quantitate
722 5147 918 5201 animae
967 5148 1124 5199 tomo
1168 5145 1368 5212 primo,
1420 5142 1488 5197 ad
1530 5141 1739 5196 librum
1795 5141 1861 5196 de
1888 5143 2076 5209 Agone

263 5281 270 5294 ,
383 5233 704 5288 Christiano
739 5240 796 5289 et
833 5234 898 5288 de
928 5233 1082 5288 Cura
1121 5246 1220 5300 pro
1268 5233 1493 5286 mortuis
1532 5230 1786 5299 gerenda,
1821 5229 2074 5301 aliosque

382 5320 562 5377 libros
591 5325 748 5376 tomo
777 5327 948 5378 sexto.

455 5409 644 5464 Codex
681 5424 781 5464 ms.
832 5411 905 5464 D.
959 5410 1191 5466 Antonii
1232 5409 1436 5474 FAURE,
1486 5407 1718 5462 doctoris
1765 5406 1922 5460 theol.
1968 5407 2074 5461 Pa-

381 5499 478 5552 ris.
511 5493 759 5568 praebuit
786 5493 996 5552 librum
1039 5497 1106 5552 de
1133 5496 1286 5563 Fide,
1317 5496 1423 5566 Spe
1459 5497 1511 5549 et
1557 5494 1878 5562 Charitate;
1921 5496 1977 5548 et
2006 5493 2074 5549 li-

382 5586 515 5642 bros
543 5584 610 5641 de
635 5585 870 5641 Civitate
892 5584 1011 5639 Dei.

2185 4517 2458 4572 Sermones
2511 4519 2576 4572 de
2606 4520 2834 4574 Cantico
2863 4536 3016 4588 novo,
3064 4521 3129 4575 de
3173 4526 3374 4590 quarta
3409 4522 3572 4588 feria,
3609 4521 3675 4575 de
3715 4522 3879 4577 Cata-

2181 4607 2381 4674 clysmo
2410 4610 2466 4661 et
2495 4607 2562 4662 de
2594 4611 2849 4677 Tempore
2880 4609 3168 4665 Barbarico
3196 4613 3352 4664 tomo
3381 4614 3550 4665 sexto.

2256 4695 2520 4750 Fuxassxs
2549 4697 2758 4764 collegii
2803 4698 2952 4768 apud
2989 4700 3253 4754 Tolosates
3295 4699 3586 4769 exemplar
3629 4698 3702 4753 ad
3738 4702 3884 4769 Epi-

2182 4785 2349 4840 stolas
2397 4789 2602 4855 praesto
2668 4784 2793 4840 fuit.
2846 4786 3132 4841 Laudatur
3194 4785 3364 4842 etiam
3419 4787 3490 4841 ad
3534 4785 3749 4842 librum
3820 4787 3885 4842 de

2182 4873 2374 4942 Agone
2407 4873 2718 4930 Christiano
2747 4878 2905 4929 tomo
2932 4880 3102 4930 semto.

2253 4963 2502 5017 Ecclesiae
2532 4961 2590 5017 S.
2623 4963 2847 5018 Garum
2884 4965 3205 5019 Turonensis
3246 4965 3425 5020 codex
3465 4963 3698 5035 Optima:
3729 4969 3887 5019 notae.

2183 5051 2449 5106 laudatur
2497 5051 2567 5106 ad
2593 5053 2982 5107 Enarrationes
3025 5055 3084 5106 in
3109 5053 3368 5120 Psalmos,
3401 5052 3736 5123 complexus
3770 5069 3890 5108 cen-

2185 5143 2297 5194 tum
2333 5142 2580 5209 priores;
2616 5139 2754 5195 item
2784 5140 2852 5194 ad
2882 5139 3056 5194 libros
3081 5141 3149 5195 de
3181 5143 3449 5196 Trinitate
3480 5147 3639 5195 tomo
3669 5147 3883 5197 octavo.

2257 5228 2408 5283 Libri
2447 5244 2561 5284 mss
2609 5228 2840 5284 abbatiae
2887 5229 3318 5284 quurmczxsxs
3361 5229 3710 5284 creberrime
3759 5230 3887 5284 lau-

2183 5317 2407 5372 dantur.
2461 5319 2535 5371 Ex
2563 5316 2633 5370 iis
2659 5316 3009 5388 castigantur
3036 5320 3314 5388 Epistolas,
3359 5318 3659 5386 Sermones,
3695 5321 3886 5373 Enar-

2182 5408 2419 5461 rationes
2447 5407 2506 5460 in
2531 5406 2790 5474 Psalmos,
2838 5409 2895 5460 et
2919 5421 2985 5460 ex
3014 5422 3119 5461 uno
3150 5421 3351 5461 eorum
3381 5422 3527 5476 opus
3556 5407 3623 5460 de
3649 5408 3890 5464 Civitate

2184 5496 2308 5552 Dei.
2341 5498 2518 5550 Porro
2556 5495 2620 5550 in
2659 5498 2839 5565 primo
2868 5500 3022 5551 tomo
3054 5496 3188 5552 libri
3229 5496 3295 5550 de
3325 5497 3489 5552 libero
3515 5497 3787 5562 Arbitrio,
3823 5498 3891 5552 de

2184 5585 2374 5641 Genesi
2401 5588 2588 5640 contra
2630 5585 2983 5648 Manichzos,
3034 5585 3098 5639 de
3128 5584 3366 5640 Moribus
3408 5585 3658 5641 Ecclesia
3691 5587 3887 5640 catho-
