4044 6190
238 330 327 380 ll‘i
1261 324 1539 381 NOTlTlA
1583 324 1999 382 LITTERABIA
2040 326 2104 380 IN
2144 327 2199 380 S.
2243 326 2703 383 AUGUSTINUM.
3641 333 3735 385 H8

222 447 352 513 lica,
387 445 455 498 de
499 445 745 500 Moribus
799 444 1219 499 Manichaeorum
1249 447 1306 497 et
1351 444 1417 499 de
1466 460 1594 499 vera
1622 445 1930 511 Religione;
1958 448 2003 502 Α
2041 461 2242 501 mones
2270 446 2873 517 comprehendentem.
2920 450 3073 502 Unus
3117 448 3300 502 adfuit
3343 449 3501 504 libris
3545 452 3611 505 de
3643 453 3742 506 Ci-

219 535 276 588 in
306 537 485 601 tertio,
524 533 657 587 libri
701 533 768 587 de
826 534 1092 590 Consensu
1148 534 1642 601 Evangelistarum,
1696 533 1762 587 de
1802 534 1934 589 Ser-

220 638 369 678 mone
428 623 659 677 Domini
707 623 766 676 in
807 625 980 676 monte
1018 624 1073 675 et
1123 623 1407 675 Tractatus
1463 624 1524 676 in
1579 622 1935 688 Evangelium

218 715 450 767 Joannis
478 732 501 776 ,ο
532 711 592 765 in
621 715 795 777 sexto,
847 710 914 764 de
972 710 1218 778 Symbolo
1268 710 1342 764 ad
1371 711 1783 767 Catechumenos
1814 725 1934 764 ser-

218 816 401 856 mones
450 807 689 870 quatuor
736 803 793 854 et
857 798 955 871 qui
1020 798 1234 853 ibidem
1298 798 1558 870 proxime
1613 802 1935 869 sequuntur

216 889 529 943 Sermones
558 889 625 943 de
671 888 987 957 Disciplina
1029 888 1367 953 Christiana,
1418 886 1484 941 de
1527 892 1760 955 tempore
1794 887 1935 940 Bar-

214 977 427 1043 barico,
459 979 683 1033 Cantico
714 993 870 1043 novo,
904 980 1007 1030 etc.

289 1066 688 1132 Gaxovevaus,
722 1066 759 1119 i.
826 1082 875 1119 e.
936 1065 1080 1119 liber
1130 1080 1237 1119 ms.
1294 1063 1656 1118 bibliotheca
1703 1064 1935 1119 abbatia

210 1156 277 1210 S.
308 1157 605 1221 Genofeva
627 1156 858 1209 Parisiis
888 1154 1157 1208 laudatur
1200 1153 1259 1206 in
1290 1152 1435 1207 libro
1476 1153 1541 1207 de
1604 1154 1761 1207 beata
1806 1155 1936 1210 Vita

216 1249 381 1297 tomo
434 1246 644 1313 primo;
698 1242 759 1296 in
816 1241 975 1296 libris
1028 1241 1094 1295 de
1148 1243 1414 1298 Consensu
1458 1243 1935 1310 Evangelistarum

212 1338 377 1388 tomo
414 1335 611 1399 tertio;
658 1331 716 1386 in
750 1331 894 1385 libro
945 1331 1009 1385 de
1055 1331 1284 1385 diversis
1339 1331 1737 1396 Quastionibus
1791 1336 1932 1386 octo-

208 1424 376 1488 ginta
405 1422 581 1476 tribus
612 1425 666 1474 et
706 1421 771 1474 de
792 1420 1183 1487 Quastionibus
1223 1419 1297 1473 ad
1325 1420 1745 1489 Simplicianum
1774 1424 1931 1474 tomo

211 1515 372 1565 sexto
403 1530 418 1576 ;
451 1510 514 1563 in
538 1510 685 1564 libro
717 1509 782 1563 de
802 1511 1017 1565 Natura
1038 1513 1092 1562 et
1122 1510 1321 1563 Gratia
1345 1512 1501 1562 tomo
1533 1508 1756 1563 decimo.

286 1600 674 1663 Gzoacunus,
703 1597 740 1653 i.
789 1612 841 1654 e.
902 1597 1077 1652 code’x
1129 1599 1349 1653 Domini
1372 1597 1438 1651 de
1468 1598 1525 1653 S.
1555 1597 1801 1665 Georges,
1834 1612 1931 1650 ca-

210 1687 418 1741 nonici
455 1685 677 1741 comitii
723 1686 1256 1757 Lugdunensis,post
1300 1685 1553 1758 episcopi
1613 1687 1931 1742 Claramon-

2042 537 2211 589 vitate
2240 536 2353 601 Dei,
2382 534 2520 588 item
2558 536 2629 589 ad
2661 537 3063 601 Confessionum
3093 536 3266 591 libros
3313 541 3468 592 tomo
3519 542 3738 609 primo:

2044 622 2218 677 libros
2267 622 2332 676 de
2383 624 2631 678 Sermone
2680 626 2739 677 in
2778 628 2953 677 monte
3006 628 3163 678 tomo
3212 629 3403 693 tertio;
3435 628 3500 681 de
3554 629 3741 698 Agone

2044 712 2357 769 Christiano
2398 714 2555 765 torno
2578 716 2727 766 sexto
2757 727 2771 777 ;
2803 713 2866 766 de
2896 712 3166 767 Trinitate
3209 717 3367 769 tomo
3401 720 3582 771 octavo
3619 736 3634 784 ;
3666 718 3739 771 li-

2041 800 2175 856 bros
2215 817 2310 854 sex
2330 805 2517 855 contra
2546 802 2827 855 Julianum
2852 805 3006 855 tomo
3036 801 3256 856 decimo.

2114 890 2414 960 Exemplar
2441 891 2657 946 Nicolai
2701 890 3027 957 Mausssma,
3084 890 3315 945 doctoris
3364 893 3593 961 theologi
3634 896 3739 949 Pa-

2041 981 2288 1033 risiensis
2314 985 2365 1034 et
2390 980 2523 1032 socii
2547 978 2846 1047 Sorbonici,
2874 979 3037 1048 juxta
3068 979 3223 1049 quod
3249 979 3395 1032 liber
3423 981 3487 1033 de
3542 984 3741 1036 Gratia

2042 1074 2093 1123 et
2119 1069 2282 1123 libero
2305 1068 2577 1134 Arbitrio,
2621 1084 2723 1121 nec
2758 1085 2873 1121 non
2903 1069 2967 1121 de
2984 1068 3339 1138 (Correptione
3368 1074 3417 1123 et
3449 1071 3639 1125 Gratia
3666 1072 3741 1125 ad

2040 1160 2360 1227 Prosperum
2397 1162 2446 1210 et
2476 1158 2751 1211 Hilarium
2780 1156 2910 1209 libri
2938 1158 3061 1224 duo,
3086 1156 3123 1209 i.
3161 1172 3214 1211 e.
3252 1156 3384 1210 libri
3416 1158 3481 1211 de
3523 1160 3736 1213 Prade-

2042 1246 2331 1298 stinatione
2356 1249 2663 1298 sanctorum
2721 1250 2771 1299 et
2804 1248 2945 1299 Dono
2992 1248 3423 1313 perseverantia,
3474 1250 3629 1300 torno
3654 1246 3740 1301 de-

2044 1334 2177 1386 cimo
2209 1332 2498 1385 emendati
2526 1336 2682 1386 sunt.

2116 1420 2279 1475 Liber
2308 1421 2513 1475 domini
2557 1421 2777 1486 MARAN,
2814 1421 3191 1475 archidiaconi
3222 1423 3471 1476 Ecclesia
3518 1424 3739 1477 Tolosa-

2044 1510 2226 1562 tensis.
2254 1507 2560 1563 Adhibitus
2590 1512 2672 1562 est
2702 1509 3075 1563 emendandis
3095 1512 3355 1579 Epistolis
3380 1528 3393 1577 ;
3427 1510 3567 1565 item
3598 1512 3739 1565 libro

2042 1596 2107 1650 de
2140 1598 2384 1651 Utilitate
2411 1597 2680 1665 credendi,
2711 1601 2899 1651 contra
2937 1599 3240 1654 Sermonem
3270 1599 3632 1665 Arianorum,
3684 1604 3741 1655 et

2042 1686 2199 1740 libris
2231 1687 2542 1742 Collationis
2574 1702 2694 1741 cum
2739 1690 3035 1745 Maximino
3090 1692 3141 1742 et
3194 1693 3381 1744 contra
3435 1704 3554 1744 eum
3578 1693 3737 1743 tomo

212 1779 444 1845 tani,et.
476 1792 607 1830 cum
639 1776 711 1831 ad
738 1776 913 1830 tinem
946 1791 1091 1845 opus
1134 1774 1525 1830 Maurinorum
1574 1778 1928 1846 properaret,
1968 1774 2012 1795 ν
2040 1778 2245 1829 octavo.

210 1864 640 1937 archiepiscopi
673 1865 993 1920 Turonensis
1035 1880 1067 1917 a
1097 1880 1231 1935 rege
1262 1862 1571 1934 designati.
1628 1862 1931 1917 Adhibitus
1966 1934 1971 1937 η

212 1960 299 2010 est
328 1954 405 2009 ad
463 1955 639 2009 libros
689 1955 757 2009 de
806 1954 1074 2009 Consensu
1126 1954 1598 2021 Evangelistarum
1641 1956 1804 2020 tomo
1830 1956 1931 2007 ter-

212 2044 326 2110 tio;
363 2044 435 2098 ad
468 2043 682 2098 librum
718 2042 783 2097 de
828 2042 1060 2096 diversis
1092 2042 1483 2107 Quastionibus
1525 2042 1794 2108 octoginta
1835 2042 1931 2095 tri-

211 2134 314 2188 bus
346 2137 514 2187 tomo
544 2136 731 2198 sexto;
768 2131 838 2186 ad
865 2130 1045 2185 libros
1083 2129 1149 2183 de
1178 2131 1457 2199 Baptismo
1499 2133 1688 2183 contra
1718 2130 1931 2185 Cresco-

208 2224 373 2276 nium
404 2225 463 2274 et
503 2220 567 2274 de
603 2222 765 2276 Unico
811 2219 1079 2289 baptismo
1123 2221 1280 2272 tomo
1333 2232 1511 2285 nono;
1541 2216 1614 2271 ad
1659 2217 1838 2272 libros
1867 2217 1933 2273 de

208 2313 566 2366 Peccatorum
600 2311 806 2364 meritis
860 2312 911 2363 et
953 2309 1267 2363 remissione
1313 2310 1370 2360 et
1400 2306 1467 2360 de
1495 2307 1716 2376 Spiritu
1743 2310 1794 2361 et
1822 2308 1932 2362 Lit-

212 2404 337 2454 tera
369 2402 531 2453 tomo
564 2397 789 2453 decimo.

281 2487 339 2542 S.
378 2487 632 2543 Genuam
664 2487 901 2541 aPratis
931 2487 989 2538 in
1030 2484 1289 2540 suburbio
1346 2484 1649 2539 Parisiensi
1708 2482 1930 2538 codices

212 2575 501 2647 permulti
529 2573 736 2628 vetusti
767 2577 823 2627 et
854 2573 1145 2642 elegantes
1175 2571 1369 2627 collati
1394 2574 1528 2625 sunt
1560 2571 1630 2625 ad
1677 2569 1931 2641 integros

215 2670 407 2719 tomos
487 2665 878 2733 Epistolarum,
939 2662 1274 2728 Sermonum,
1366 2661 1802 2715 Enarrationum
1871 2661 1932 2713 in

218 2755 501 2819 Psalmos;
540 2752 647 2806 duo
707 2751 775 2805 ad
823 2766 965 2821 opus
1006 2750 1072 2804 de
1100 2750 1334 2806 Civitate
1368 2749 1493 2815 Dei,
1548 2748 1618 2801 ad
1665 2751 1931 2803 tractatus

218 2844 276 2896 in
334 2842 717 2909 Evangelium,
764 2839 1019 2910 itemque
1073 2840 1132 2892 in
1176 2838 1453 2907 Epistolas
1486 2838 1725 2891 Joannis
1774 2840 1929 2890 tomo

215 2932 417 2995 tertio;
469 2944 607 2984 unus
647 2930 847 2984 alterve
875 2927 937 2981 in
962 2914 1277 2997 plerisque
1306 2924 1450 2980 tomi
1502 2926 1693 2993 primi,
1757 2926 1931 2993 tertii,

2111 1863 2475 1919 MARTINENSIS
2504 1863 2647 1918 liber
2689 1864 2894 1919 citetur
2940 1866 3012 1920 ad
3067 1864 3241 1920 libros
3265 1866 3332 1921 de
3375 1864 3578 1922 Genesi
3616 1880 3739 1921 con-

2042 1956 2129 2007 tra
2157 1954 2495 2008 Manichaos
2551 1956 2706 2007 tomo
2758 1957 2957 2024 primo.
3014 1955 3452 2010 Fortasseidem
3505 1957 3607 2022 est,
3642 1954 3740 2025 qui

2038 2040 2399 2110 frequentius
2423 2041 2654 2095 nomine
2683 2043 2962 2109 Sagiensis
2992 2046 3161 2097 venit.

2111 2130 2489 2185 Manannansxs
2523 2129 2667 2185 liber
2704 2131 2971 2186 laudatur
2994 2132 3066 2186 ad
3121 2133 3390 2201 Regulam
3435 2131 3509 2186 ad
3553 2132 3740 2189 Servos

2037 2219 2147 2273 Dei
2173 2223 2329 2273 tomo
2362 2221 2563 2289 primo.

2111 2308 2377 2363 Mnausrs
2408 2309 2533 2363 vide
2569 2310 3013 2365 ARNULPHENSIS.

2111 2396 2457 2464 MICHAELINI,
2490 2396 2529 2452 i.
2581 2414 2631 2453 e.
2687 2400 3003 2453 monasterii
3036 2403 3085 2453 et
3114 2399 3345 2455 abbatia
3372 2399 3432 2453 S.
3462 2397 3741 2454 Michaelis

2041 2484 2107 2539 de
2134 2491 2311 2539 monte
2339 2488 2399 2540 in
2414 2487 2653 2555 periculo
2682 2488 2853 2541 maris
2884 2486 3107 2542 codices
3148 2486 3608 2558 frequentissime
3637 2503 3741 2557 per

2042 2572 2239 2628 omnia
2267 2574 2443 2629 decem
2467 2574 2761 2629 volumina
2800 2574 3068 2641 citantur,
3122 2576 3275 2647 quod
3323 2576 3516 2646 plures
3568 2575 3741 2630 fuisse

2040 2662 2325 2733 liquidum
2382 2666 2467 2717 est
2518 2662 2930 2729 testimonium,
2985 2663 3117 2718 licet
3160 2664 3373 2736 ubique
3418 2665 3538 2718 fere
3592 2680 3741 2719 unus

2040 2754 2266 2805 tantum
2306 2751 2584 2821 appellari
2624 2752 2786 2819 solet,
2833 2752 3008 2806 semel
3056 2752 3161 2805 duo
3207 2752 3279 2806 ad
3324 2751 3499 2805 libros
3545 2752 3609 2805 de
3635 2754 3742 2808 Nu-

2037 2841 2177 2909 ptiis
2203 2844 2254 2893 et
2285 2840 2731 2909 Concupiscentia
2751 2843 3166 2894 memorantur.
3203 2839 3484 2909 Castigata
3514 2843 3647 2893 sunt
3676 2856 3741 2893 ex

2043 2927 2147 2981 eis.
2183 2928 2460 2996 Epistola,
2494 2928 2792 2993 Sermones,
2818 2929 3207 2982 Enarrationes
3239 2929 3295 2980 in
3326 2927 3580 2990 Psalmos,
3611 2925 3744 2980 libri

211 3021 381 3080 serti,
414 3019 591 3073 octavi
619 3016 781 3071 libris
821 3031 992 3086 opem
1047 3014 1198 3082 tulit,
1259 3030 1329 3068 ex
1377 3013 1588 3084 quibus
1630 3013 1701 3079 is,
1730 3012 1831 3084 qui
1862 3013 1931 3068 ad
1968 3030 2007 3087 ο
2040 3014 2105 3069 de
2139 3014 2377 3069 Civitate
2411 3016 2523 3077 Dei,
2555 3018 2677 3069 tum
2716 3014 2997 3085 plerique,
3029 3019 3084 3069 et
3134 3018 3359 3069 tantum
3390 3030 3508 3068 non
3545 3028 3743 3067 omnes

217 3109 437 3163 librum
470 3106 535 3161 de
556 3105 837 3161 Mendacio
868 3105 1106 3159 collatus
1150 3106 1234 3156 est
1264 3117 1549 3156 annorum
1586 3101 1709 3167 800,
1775 3105 1829 3156 et
1861 3102 1930 3157 ad

213 3197 436 3253 librum
485 3195 551 3250 de
587 3197 731 3250 Bono
776 3192 1078 3250 Viduitatis
1127 3191 1307 3257 mille,
1360 3198 1459 3245 aut
1497 3189 1745 3260 amplius
1775 3190 1928 3245 aesti-

218 3290 433 3342 matur.
478 3283 779 3353 Exemplar
834 3283 1189 3340 Germanense
1242 3280 1405 3334 valde
1458 3277 1705 3351 insigne,
1775 3280 1930 3350 quod

218 3391 419 3432 recens
450 3378 587 3429 tunc
629 3372 814 3427 eidem
850 3370 1217 3426 bibliotheca
1276 3369 1588 3423 donaverat
1623 3366 1737 3421 dux
1788 3368 1929 3423 Noa-

219 3466 431 3529 liensis,
452 3476 623 3516 usum
653 3458 916 3530 praestitit
944 3458 1093 3514 libro
1126 3457 1191 3513 de
1215 3458 1408 3526 Agone
1428 3455 1744 3511 Christiano
1775 3459 1929 3510 tomo

219 3556 396 3608 δεξιὼ.

288 3638 518 3705 Collegii
579 3635 910 3691 Genusum
939 3633 1359 3703 apud‘Parisios
1386 3630 1559 3686 codex
1602 3630 1827 3702 amplus
1876 3632 1932 3685 et

222 3722 461 3793 elegans
490 3722 759 3777 laudatur
782 3720 843 3776 in
866 3723 1145 3792 Epistolis.

289 3809 567 3864 Jom'aase
595 3810 889 3880 exemplar
940 3807 1269 3879 pertinebat
1315 3808 1387 3862 ad
1432 3806 1736 3862 dominum
1786 3808 1926 3875 Joly.

222 3898 294 3953 Ex
336 3912 406 3951 eo
459 3897 774 3952 emendatae
831 3896 1101 3952 dicuntur
1154 3897 1430 3966 Epistola.
1484 3896 1702 3951 Citatur
1757 3894 1931 3949 etiam

219 3989 278 4040 in
309 3986 767 4056 Eapositionibus
796 3988 855 4040 in
884 3986 1161 4056 Epistolas
1192 3985 1267 4039 ad
1293 3986 1558 4040 Romanos
1602 3988 1652 4039 et
1703 3984 1931 4039 Galatas

222 4081 381 4129 tonio
433 4077 609 4130 tertio.
659 4076 937 4144 Jolyensis
975 4074 1148 4129 codex
1179 4089 1463 4129 annorum
1511 4075 1616 4129 800
1668 4073 1933 4128 laudatur

223 4164 296 4218 ad
326 4166 777 4219 Retractationes.

294 4254 682 4307 LAUDUNENSIS
712 4252 958 4307 Ecclesia
987 4250 1208 4306 codices
1238 4249 1487 4304 citantur
1526 4250 1598 4303 ad
1644 4249 1929 4319 Epistolas

2038 3102 2181 3159 tomi
2205 3105 2398 3171 primi,
2432 3105 2591 3172 sexti,
2628 3106 2822 3171 octavi,
2843 3105 2973 3193 noni
2999 3108 3054 3158 et
3091 3104 3327 3170 decimi;
3353 3102 3521 3174 pauci
3547 3105 3741 3156 tamen

2042 3194 2209 3247 tertii.

2110 3281 2406 3335 Namnam:
2443 3280 2653 3349 collegii
2682 3295 2783 3334 seu
2834 3282 3127 3349 gymnasii,
3188 3278 3460 3345 Parisiis,.
3497 3278 3735 3334 codices.

2041 3370 2219 3439 Hujus
2249 3369 2541 3439 exemplar
2582 3368 2999 3440 amplissimum
3031 3368 3269 3422 laudant
3320 3368 3394 3423 ad
3444 3369 3736 3437 Epistolas.

2039 3456 2103 3511 In
2129 3457 2442 3512 Sermonum
2470 3471 2701 3527 quoque
2731 3461 2789 3510 et
2816 3456 3102 3511 librorum
3146 3457 3212 3511 de
3263 3455 3497 3513 Civ-itote
3525 3458 3621 3511 Dei
3647 3471 3736 3509 re-

2039 3544 2363 3617 cognitione
2393 3561 2509 3599 uno
2541 3545 2798 3615 ejusdem
2836 3545 3199 3600 bibliothecae
3229 3545 3319 3599 usi
3348 3549 3500 3600 sunt.
3559 3546 3735 3599 Porro

2036 3636 2369 3692 Navarricus
2410 3634 2674 3688 laudatur
2721 3635 2791 3689 ad
2836 3635 3257 3703 Soliloquiorum
3297 3635 3482 3699 libros,
3542 3633 3615 3688 ad
3662 3632 3733 3687 li-

2036 3722 2207 3777 brum
2237 3722 2302 3776 de
2332 3722 2569 3777 Moribus
2600 3723 2848 3777 Ecclesia
2877 3724 3169 3790 catholica,
3203 3722 3269 3776 de
3306 3723 3559 3778 Moribus
3610 3724 3736 3777 Ma-

2039 3812 2385 3877 nichaorum,
2419 3814 2474 3865 et
2499 3811 2565 3865 de
2600 3812 2741 3867 Vera
2769 3812 3045 3879 Religione
3089 3816 3246 3866 tomo
3279 3814 3460 3881 primo
3474 3829 3496 3876 ,·
3521 3813 3739 3867 Novar-

2040 3903 2145 3955 rici
2170 3900 2275 3954 duo
2302 3899 2372 3953 ad
2400 3899 2611 3954 librum
2641 3900 2706 3953 de
2726 3900 2881 3955 beata
2908 3902 3058 3967 Vita,
3090 3900 3302 3954 librum
3360 3899 3425 3953 de
3442 3900 3736 3967 Magistro,

2041 3988 2239 4043 ibidem
2271 4008 2293 4054 ;
2326 3987 2395 4042 ad
2422 4002 2605 4042 unum
2630 4003 2832 4042 eorum
2865 3987 3146 4058 recogniti
3176 3991 3307 4041 sunt
3336 3986 3467 4040 libri
3496 3987 3566 4041 de
3593 3987 3739 4040 Con-

2039 4091 2199 4132 sensu
2227 4077 2709 4143 Evangelistarum
2722 4079 2877 4130 tomo
2892 4079 3046 4130 tertio
3069 4092 3082 4141 ;
3103 4076 3173 4130 ad
3204 4074 3347 4129 duos
3368 4073 3565 4128 itidem
3596 4073 3743 4128 liber

2041 4165 2107 4219 de
2135 4165 2367 4218 diversis
2411 4163 2806 4234 Quastionibus
2856 4165 3127 4231 octoginta
3183 4162 3395 4229 tribus;
3442 4161 3511 4215 ad
3574 4177 3737 4216 unum

2043 4268 2241 4307 rursus
2269 4252 2414 4307 liber
2442 4253 2506 4307 de
2534 4252 2666 4307 Fide
2691 4256 2740 4306 et
2776 4252 3044 4321 Symbolo,
3100 4251 3244 4306 liber
3273 4251 3338 4305 de
3366 4251 3553 4319 Agone
3576 4250 3739 4307 Chri-

225 4347 284 4396 et
314 4343 619 4398 Sermones.
656 4339 839 4396 Priori
869 4340 992 4394 loco
1045 4338 1429 4411 antiquissimi
1484 4338 1745 4393 audiunt.
1797 4339 1927 4393 Fre-
1970 4322 2012 4377 Ῑ)
2046 4344 2225 4398 stiano
2250 4346 2307 4396 et
2327 4341 2397 4396 de
2430 4343 2773 4396 Divinatione
2802 4343 3099 4396 damonum
3119 4344 3276 4395 torno
3309 4343 3486 4394 sea-to.

224 4434 477 4501 quenter
506 4428 790 4500 imprimis
846 4427 1153 4482 adfuerunt
1202 4426 1543 4496 castigandis
1573 4427 1932 4498 quampluri-

225 4518 306 4573 mi
362 4518 509 4573 tomi
559 4520 705 4573 sexti
775 4517 954 4585 libris,
1012 4517 1082 4571 ad
1130 4532 1273 4587 quos
1312 4516 1625 4570 identidem
1682 4518 1932 4571 Ecclesia

224 4608 605 4664 Laudunensis
636 4606 765 4661 libri
803 4609 1217 4661 memorantur.
1252 4606 1377 4660 Non
1407 4604 1660 4659 diversos
1691 4609 1831 4676 puto
1858 4606 1928 4660 ab

228 4696 337 4765 his,
393 4696 589 4766 quoad
633 4693 1013 4762 domicilium,
1076 4698 1232 4749 tomo
1292 4698 1441 4749 sexto
1484 4693 1553 4747 ad
1601 4692 1811 4748 librum
1867 4693 1933 4748 de

232 4788 370 4840 Bono
404 4785 719 4851 viduitatis,
763 4784 1126 4839 Laudinensis
1179 4784 1429 4838 Ecclesia
1471 4783 1699 4851 Majoris
1729 4782 1929 4837 dicun-

232 4879 325 4928 tur
351 4873 445 4945 (a).
478 4876 556 4929 Ac
585 4872 888 4945 posteriori
936 4872 1102 4927 titulo
1153 4870 1439 4942 imprimis
1490 4871 1818 4942 frequenter
1847 4871 1929 4925 ci-

232 4968 386 5018 tatur
414 4963 563 5018 liber
595 4977 703 5017 ms.
734 4967 888 5016 tomo
914 4965 1120 5029 octavo,
1154 4961 1332 5015 semel
1360 4976 1517 5016 nono.

300 5054 685 5107 LAUDUNENSIS
716 5051 973 5105 Abbatia
1019 5051 1077 5106 S.
1123 5051 1400 5106 Vincentii
1441 5050 1617 5105 codex
1660 5048 1822 5103 libris
1866 5048 1932 5102 de

229 5140 463 5196 Civitate
494 5140 601 5193 Dei
627 5143 783 5193 torno
811 5139 1036 5208 septimo
1065 5142 1123 5192 et
1147 5138 1216 5193 de
1265 5138 1535 5192 Trinitate
1562 5141 1720 5192 tomo
1749 5140 1931 5191 octavo

230 5229 357 5284 usui
382 5228 520 5294 fuit.

305 5318 575 5371 Lvaaxsxs
604 5316 836 5371 abbatia
892 5314 1110 5370 codices
1164 5314 1356 5369 collati
1408 5318 1540 5369 sunt
1591 5312 1662 5368 ad
1711 5316 1934 5369 tomum

232 5409 511 5475 quartum,
559 5403 948 5477 Expositiones
972 5403 1035 5458 in
1065 5403 1340 5471 Psalmos,
1400 5407 1457 5458 et
1508 5404 1758 5474 quintum
1808 5402 1935 5458 Ser-

2110 4431 2417 4485 Noxuexse
2450 4430 2763 4502 exemplar,
2801 4430 2926 4485 vide
2950 4430 3048 4484 sub
3080 4432 3555 4485 Genuaneasmus.

2114 4520 2481 4574 Novroueusxs
2507 4520 2759 4574 ecclesia:
2789 4535 2923 4573 mss.
2957 4534 3241 4572 annorum
3289 4517 3361 4571 ad
3410 4517 3601 4571 minus
3640 4518 3743 4571 600

2038 4608 2109 4663 ad
2138 4610 2527 4663 Enarrationes
2566 4610 2625 4661 in
2650 4608 2889 4663 Psalmos
2920 4606 3304 4661 emendandas
3328 4605 3569 4661 adhibiti
3589 4609 3738 4659 sunt.

2114 4695 2354 4750 lllustris
2403 4694 2640 4749 familia
2700 4696 3184 4750 PHIMARCONENSIS
3246 4694 3413 4749 codex
3466 4696 3741 4755 corticeus,

2040 4800 2213 4855 quem
2260 4783 2396 4838 olim
2446 4782 3107 4849 NarbonensisIEcclesim
3157 4783 3331 4837 fuisse
3392 4779 3743 4837 Benedictini

2041 4870 2424 4942 suspicantur,
2451 4869 2511 4925 in
2559 4869 2922 4924 sermonibus
2966 4885 3137 4924 usum
3185 4869 3467 4940 praestitit.
3531 4869 3608 4922 Ex
3664 4882 3744 4920 eo-

2040 4960 2159 5014 dem
2201 4960 2459 5029 Epistola
2506 4959 2647 5021 dua,
2706 4960 2775 5013 42
2825 4962 2882 5012 et
2926 4959 3016 5021 46,
3073 4958 3395 5028 perbreves,
3456 4955 3524 5009 ad
3580 4956 3742 5010 Pauli

2042 5062 2203 5101 num.
2234 5047 2477 5101 antehac
2507 5046 2739 5101 inedita:
2765 5050 2940 5101 erutae
2973 5050 3121 5100 sunt.

2111 5134 2403 5192 Carthusia
2434 5136 2725 5191 Poarsauu
2758 5138 3047 5204 Bugiensis
3066 5134 3412 5205 provincicia
3432 5131 3492 5187 in
3520 5133 3742 5189 Gallicis

2038 5225 2369 5298 praebuerat
2417 5225 2712 5295 exemplar
2760 5241 2863 5279 ms.
2894 5224 3176 5280 librorum
3217 5226 3405 5276 contra
3457 5222 3745 5278 secundam

2039 5315 2254 5370 Iuliani
2278 5315 2703 5383 responsionem.

2116 5404 2553 5473 Paareuensns,
2577 5402 2617 5459 i.
2647 5419 2697 5457 e.
2732 5402 2967 5458 abbatia
2995 5403 3053 5458 S.
3087 5401 3238 5457 Petri
3273 5400 3608 5457 dePratellis
3651 5413 3744 5453 co-

308 5584 387 5652 (a)
424 5582 536 5637 Sed
562 5580 741 5637 codex
769 5581 838 5637 ad
870 5580 1047 5637 libros
1081 5581 1551 5636 Retractationum
1579 5583 2059 5636 commemoratus
2090 5596 2157 5636 ea:
2177 5581 2424 5635 Archiva
2454 5578 2710 5635 Laudina
2739 5578 2805 5633 ad
2834 5576 3178 5649 Anglicanos
3207 5576 3471 5649 pertinet.
