4044 6190
305 239 408 292 H9

1315 187 1866 288 SUPPLEMENTUM
1907 235 1996 290 AD
2035 233 2268 292 ornas
2308 235 2362 289 s.
2405 232 2796 291 aucvsrm.

3713 234 3814 284 120

304 360 446 416 dices
465 375 594 417 mss.
619 363 748 416 ante
780 373 962 414 annos
989 359 1092 413 600
1133 356 1345 411 exarati
1397 355 1707 411 laudantur
1733 356 1795 411 in
1824 373 1998 429 opere
2036 360 2080 414 Α
2184 358 2440 431 Denique
2478 373 2544 413 ex
2573 373 2690 414 uno
2719 355 3006 412 emendati
3035 359 3169 410 sunt
3195 359 3352 410 tomo
3366 370 3524 422 nono,
3551 353 3686 410 libri
3745 355 3816 408 de

304 451 734 506 Enarrationum
761 451 820 504 in
860 448 1128 513 Psalmos;
1173 445 1244 499 ad
1295 445 1528 500 eosdem
1566 445 1832 500 recensiti
1873 452 2008 502 sunt

307 540 598 605 Sermones,
633 543 689 593 et
716 537 929 608 singuli
958 535 1089 590 libri
1129 549 1198 589 ex
1241 534 1447 588 mediis
1476 535 1665 599 tomis,
1697 552 1748 590 e.
1792 551 1874 607 g.,
1902 539 2003 592 Re-

310 630 674 694 tractationes,
717 627 782 681 de
805 626 992 680 Libero
1015 623 1249 679 arbitrio
1279 628 1328 677 et
1357 623 1422 676 de
1453 625 1649 678 Genesi
1678 628 1866 678 contra
1893 626 2006 679 Ma-

315 717 562 784 nichzos,
613 719 769 769 tomo
823 715 1032 782 primo;
1079 712 1144 766 de
1185 712 1453 767 Consensu
1510 713 2000 779 Evangelistarum,

307 803 374 858 de
402 805 652 859 Sermone
679 803 739 855 in
766 805 961 866 monte,
992 803 1050 853 et
1083 801 1368 853 Tractatus
1406 801 1465 852 in
1507 802 1712 868 Evang.
1765 801 2004 854 Joannis

307 897 461 946 tomo
495 893 682 957 tertio;
714 889 859 944 liber
887 890 952 942 de
978 887 1394 942 Catechizandis
1420 888 1668 957 rudibus,
1712 889 1779 942 de
1815 894 2007 956 sancta

312 981 661 1048 Virginitate,
683 978 750 1032 de
792 977 1072 1046 Conjugiis
1121 976 1465 1046 adulterinis,
1495 976 1559 1030 de
1587 977 1884 1041 Mendacio,
1941 978 2006 1032 de

305 1070 614 1134 Patientia;
650 1071 700 1121 et
726 1066 798 1120 ad
846 1066 978 1120 duos
1017 1065 1162 1119 liber
1211 1064 1277 1119 de
1323 1066 1467 1121 Cura
1502 1081 1606 1135 pro
1651 1068 1879 1122 mortuis
1908 1083 2002 1134 ge-

305 1157 501 1220 randa,
522 1160 677 1210 tomo
697 1159 865 1209 sexto.
894 1155 1005 1209 Nec
1030 1153 1258 1224 parcius
1287 1154 1594 1208 laudantur
1617 1159 1772 1209 torno
1798 1160 2002 1222 octavo,

304 1245 407 1300 ubi
438 1244 570 1298 libri
599 1247 788 1298 contra
813 1245 1093 1309 Faustum,
1123 1247 1308 1296 contra
1347 1243 1740 1298 Adversarium
1781 1245 1912 1311 legis
1942 1261 2004 1299 ac

300 1335 712 1403 prophetarum,
758 1335 945 1386 contra
973 1333 1275 1387 Sermonem
1304 1332 1661 1399 Arianorum,
1695 1343 1750 1386 et
1775 1333 1842 1386 de
1891 1335 2006 1387 Tri-

304 1425 521 1487 nitate;
571 1425 625 1475 et
662 1437 798 1476 nono
844 1421 916 1474 ad
966 1420 1142 1474 libros
1212 1426 1400 1475 contra
1457 1423 1756 1490 Epistolam
1786 1424 2004 1476 Parme-

306 1512 479 1578 niani,
513 1509 579 1564 de
605 1512 902 1580 Baptismo,
933 1513 1120 1564 contra
1151 1510 1359 1564 litteras
1405 1511 1664 1564 Petiliani
1690 1527 1703 1577 ;
1759 1509 2005 1582 denique

307 1600 509 1655 decimo
556 1599 629 1653 ad
689 1598 864 1653 libros
912 1599 978 1653 de
1031 1601 1373 1653 Peccatorum
1425 1601 1635 1653 meritis
1707 1603 1758 1653 et
1808 1601 2005 1654 remis-

305 1692 473 1756 sione,
500 1689 566 1742 de
591 1691 808 1745 Natura
836 1692 886 1741 et
917 1689 1137 1755 Gratia,
1170 1687 1235 1740 de
1276 1689 1496 1756 Nuptiis
1518 1691 1568 1742 et
1598 1689 2003 1757 Concupiscen-

306 1781 409 1846 tia,
441 1778 506 1831 de
535 1778 739 1832 Anima
766 1780 816 1830 et
830 1777 948 1846 ejus
975 1778 1201 1844 origine,
1234 1776 1305 1830 ad
1332 1775 1509 1830 libros
1540 1781 1785 1847 quatuor
1808 1777 1883 1831 ad
1905 1780 2007 1832 Bo—

302 1868 570 1933 nifacium
614 1871 800 1920 contra
848 1865 985 1920 duas
1032 1865 1306 1934 Epistolas
1360 1865 1792 1933 Pelagianorum,
1835 1865 1908 1920 ad
1938 1864 2007 1919 li-

303 1954 438 2010 bros
468 1970 641 2025 porro
672 1971 768 2009 sex
797 1958 985 2009 contra
1023 1955 1315 2008 Julianum
1373 1953 1438 2007 de
1497 1952 1699 2007 Gratia
1745 1957 1795 2007 et
1843 1953 2008 2008 libero

305 2043 575 2112 Arbitrio,
607 2042 673 2097 de
718 2044 1060 2112 Correptione
1087 2047 1139 2096 et
1172 2044 1392 2108 Gratia,
1425 2041 1496 2096 ad
1531 2041 1709 2096 libros
1761 2042 2008 2113 denique

309 2132 374 2186 de
402 2132 880 2187 Praedestinatione
925 2135 1231 2186 sanctorum
1280 2134 1336 2185 et
1376 2133 1520 2184 Dono
1574 2133 2004 2200 perseverantia.

378 2222 649 2274 Poxassrs
686 2220 857 2274 codex
884 2219 1147 2274 laudatur
1177 2218 1246 2272 ad
1280 2218 1495 2273 librum
1544 2219 1609 2273 de
1641 2220 2004 2284 Continentia,

308 2307 671 2379 additusque,
697 2308 820 2379 jam
849 2307 911 2362 in
938 2308 1255 2365 Colbertinis
1293 2323 1422 2363 eum
1455 2307 1710 2379 reperiri.

380 2399 684 2452 Rauausas.
719 2397 835 2450 Hoc
883 2394 1116 2451 nomine
1149 2396 1385 2468 quidem
1436 2397 1549 2451 duo
1607 2396 1833 2468 generis
1886 2413 2008 2452 ma-

310 2485 585 2557 nuscripti
613 2484 1037 2556 intelliguntur,
1069 2486 1298 2541 ecclesia
1353 2487 1683 2541 cathedralis
1733 2487 2011 2543 Remensis

309 2573 521 2628 scilicet
549 2578 605 2628 et
628 2574 860 2629 abbatiae
909 2575 965 2630 S.
1013 2575 1258 2643 Remigii
1285 2577 1461 2630 Remis
1487 2591 1500 2642 ;
1557 2576 1898 2647 plerumque
1927 2581 2010 2630 ta-

308 2678 444 2717 men
473 2663 630 2717 nuda
657 2662 756 2716 illa
793 2662 1101 2734 appellatio
1140 2663 1314 2717 libros
1367 2663 1627 2718 Ecclesiae
1673 2665 2013 2720 cathedralis

314 2750 622 2822 signiﬁcat,
674 2767 923 2822 quorum
989 2766 1130 2806 unus
1163 2751 1380 2822 profuit
1438 2752 1585 2806 libro
1635 2754 1700 2808 de
1752 2756 2013 2822 Magistro

307 2843 464 2894 tomo
492 2843 668 2910 primo
695 2858 717 2909 ;
745 2841 1025 2910 Epistolis,
1060 2839 1225 2894 libris
1256 2841 1322 2896 de
1372 2841 1504 2896 Fide
1532 2845 1582 2896 et
1629 2842 1916 2912 Operibus,
1948 2843 2013 2898 de

2113 448 2391 516 Baptismo
2409 467 2431 513 ,ο
2485 446 2707 513 decimo,
2756 443 2887 499 libri
2943 444 3008 498 de
3034 445 3374 499 Peccatorum
3404 445 3613 499 meritis
3640 448 3691 498 et
3718 459 3813 497 re-

2113 536 2383 603 missione,
2412 535 2477 589 de
2503 534 2716 604 Spiritu
2768 537 2818 588 et
2873 535 3073 600 littera,
3135 535 3192 586 et
3246 531 3312 586 de
3367 535 3575 587 Anima
3613 537 3665 588 et
3691 533 3814 602 ejus

2113 626 2343 691 origine.
3143 682 3158 695 ,

2183 712 2339 766 Libri
2363 712 2542 767 Raeti.
2576 711 2753 782 Regia
2775 710 3118 766 bibliotheca
3144 708 3476 765 Parisiensis
3535 709 3654 780 jam
3683 712 3815 763 tum

2115 801 2249 855 satis
2276 817 2546 872 magnam
2565 801 2839 855 librorum
2873 817 3005 854 mss.
3038 799 3344 871 Augustini
3373 799 3664 870 complexa
3686 806 3819 851 erat

2113 890 2357 960 copiam,
2385 906 2541 944 nunc
2569 906 2723 957 vero,
2756 888 3013 960 migratis
3060 889 3121 943 in
3177 888 3442 944 eamdem
3491 888 3815 944 Colbertinis

2114 983 2170 1033 et
2201 980 2471 1034 Thuaneis
2502 978 2756 1050 singulas
2785 977 2902 1032 fere
2933 976 3176 1048 catalogi
3206 992 3404 1030 eorum
3435 975 3674 1046 paginas
3699 976 3818 1027 Au—

2114 1067 2376 1139 gustinus
2397 1071 2653 1137 occupat.
2699 1068 2878 1121 Tanto
2935 1065 3116 1137 magis
3165 1063 3327 1136 juvat
3381 1065 3544 1131 scire,
3603 1062 3704 1135 qui
3751 1063 3816 1116 in

2113 1172 2284 1210 usum
2303 1155 2560 1210 conversi
2590 1155 2722 1222 sint,
2754 1171 2868 1226 quo
2899 1155 3110 1209 rectius
3141 1155 3210 1209 de
3261 1153 3542 1208 universis
3571 1151 3816 1223 iudicari

2115 1249 2304 1317 queat.
2339 1245 2518 1316 Igitur
2547 1243 2619 1299 ad
2648 1247 2838 1312 Regios
2867 1243 3086 1298 codices
3133 1241 3346 1313 singuli
3401 1242 3540 1308 fere,
3589 1240 3818 1295 duobus

2113 1335 2362 1388 tribusve
2419 1333 2687 1404 exceptis,
2743 1333 2884 1387 tomi
2927 1334 3100 1403 primi
3157 1331 3287 1385 libri
3340 1329 3599 1401 castigati
3655 1333 3812 1382 sunt.

2115 1422 2296 1476 Iidem
2315 1422 2384 1476 ad
2413 1423 2689 1491 Epistolas
2711 1424 2920 1492 praesto
2951 1421 3205 1489 fuerunt,
3236 1434 3350 1473 non
3399 1417 3536 1474 item
3569 1418 3629 1472 in
3656 1419 3816 1472 tertio

2113 1515 2170 1566 et
2194 1527 2331 1574 nono
2358 1515 2541 1567 tomo.
2651 1539 2660 1546 -
2954 1566 2962 1575 ,

2185 1600 2292 1655 Sed
2320 1599 2380 1653 in
2413 1599 2868 1655 Enarrationibus
2912 1599 2968 1652 in
3019 1599 3258 1652 Psalmos
3309 1594 3494 1667 adjuti
3553 1599 3685 1649 sunt
3733 1609 3821 1649 co-

2117 1689 2233 1745 dice
2257 1691 2438 1758 Regio,
2473 1704 2644 1759 quem
2676 1687 2755 1742 sic
2785 1686 3238 1758 descripserunt:
3277 1707 3304 1734 «
3327 1686 3420 1740 Est
3446 1684 3610 1740 Liber
3650 1684 3818 1738 mirae

2118 1776 2535 1850 magnitudinis
2564 1781 2619 1831 et
2646 1776 2708 1831 in
2754 1776 2895 1832 duos
2944 1793 3096 1830 nunc
3141 1781 3327 1830 tomos
3356 1773 3589 1841 divisus,
3626 1773 3727 1844 qui
3756 1772 3819 1826 in

2117 1867 2306 1938 prima
2357 1867 2584 1938 pagella
2639 1882 2815 1920 vacua
2865 1866 3129 1937 praefert:
3181 1867 3288 1920 Hoc
3336 1868 3650 1919 immensum
3680 1878 3818 1932 opus

2118 1956 2342 2010 donavit
2362 1957 2500 2010 mihi
2525 1958 2614 2010 vir
2646 1956 2910 2023 egregius,
2959 1957 3213 2010 Dominus
3265 1957 3493 2009 Joannes
3540 1955 3814 2015 Bocaccio,

2112 2050 2274 2116 poeta
2305 2047 2481 2100 nostri
2507 2047 2778 2114 temporis,
2811 2043 2957 2114 quod
3013 2043 3078 2098 de
3127 2044 3401 2098 Florentia
3452 2042 3820 2098 Mediolanum

2119 2133 2193 2188 ad
2221 2149 2302 2187 me
2326 2136 2570 2202 pervenit
2621 2135 2753 2188 1355
2803 2133 2985 2202 April.
3019 2134 3105 2186 l0.
3161 2131 3324 2196 Quod
3382 2130 3664 2186 Francisci
3711 2131 3820 2184 Pe-

2118 2223 2362 2277 trarchaz
2402 2237 2582 2276 manu
2609 2221 2953 2293 inscriptum
2983 2219 3268 2292 intelliges
3298 2236 3362 2274 ex
3412 2221 3542 2275 data
3573 2219 3642 2273 ab
3690 2219 3820 2289 ipso

2119 2311 2192 2364 ad
2222 2310 2554 2364 Bocaccium
2584 2309 2844 2381 epistola,
2876 2325 3006 2380 quae
3037 2308 3330 2362 Variarum
3379 2307 3440 2362 in
3494 2309 3704 2362 Veneta
3735 2311 3825 2360 est

2118 2401 2209 2464 24,
2241 2398 2302 2453 in
2334 2398 2640 2453 Basileensi
2669 2401 2756 2464 22,
2803 2397 3103 2468 incipiens,
3135 2400 3318 2455 Beasti
3348 2413 3428 2452 me
3458 2412 3674 2451 numere
3691 2412 3820 2451 ma-

2119 2489 2334 2556 gniﬁco,
2371 2492 2504 2555 etc.,
2541 2486 2642 2540 ubi
2666 2486 2975 2557 Augustini
3008 2486 3070 2540 in
3105 2487 3362 2558 Psalmos
3413 2501 3546 2556 opus
3588 2488 3826 2540 immen—

2119 2592 2239 2632 sum
2271 2581 2437 2631 totum
2484 2591 2589 2630 uno
2619 2577 2887 2631 volumine
2929 2577 3382 2645 comprehensum,
3439 2575 3683 2630 Bocaccii
3727 2574 3825 2628 be-

2120 2663 2324 2718 neﬁcio
2358 2664 2464 2719 sibi
2486 2663 2882 2718 transmissum
2912 2668 3170 2730 testatur,
3221 2663 3472 2717 scribens
3523 2662 3828 2718 Mediolani

2119 2769 2153 2806 v
2181 2753 2306 2807 idus
2335 2754 2491 2808 Maii.
2526 2773 2547 2800 ι
2580 2753 2735 2806 Hanc
2766 2753 3085 2807 Petrarcth
3111 2751 3412 2824 epistolam
3463 2750 3822 2806 Benedictini

2120 2841 2230 2896 hoc
2258 2841 2383 2912 ipso
2405 2845 2562 2895 tomo
2590 2847 2721 2912 post
2741 2841 2955 2896 indices
2996 2840 3429 2914 prmfationibus
3487 2841 3818 2912 subjunctos

310 2930 453 2984 Bono
505 2930 801 2999 conjugali,
847 2929 914 2983 de
962 2933 1151 2984 sancta
1213 2931 1560 2998 Virginitate,
1609 2931 1675 2986 de
1729 2932 1873 2988 Cura
1912 2948 2012 3002 pro
2049 2954 2090 3011 α
2120 2931 2502 2985 recudendam
2538 2934 2830 2986 curarunt.

310 3019 534 3072 mortuis
564 3017 825 3086 gerenda,
856 3021 1014 3071 tomo
1059 3022 1240 3085 sexto;
1280 3017 1442 3072 libris
1489 3018 1554 3072 de
1607 3020 1850 3075 Civitate
1896 3023 2010 3088 Dei,

311 3110 468 3160 tomo
500 3107 762 3174 septimo;
795 3104 956 3159 libris
985 3110 1174 3164 contra
1229 3107 1530 3162 Sermonem
1573 3111 1912 3164 Arianorum
1958 3113 2015 3163 et

313 3193 380 3248 de
411 3194 702 3258 Trinitate,
735 3196 892 3247 torno
921 3197 1148 3260 octavo;
1187 3192 1437 3265 denique
1487 3193 1645 3249 libris
1693 3196 1758 3250 de
1798 3199 2014 3253 Natura

313 3286 366 3336 et
396 3283 616 3344 Gratia,
639 3281 705 3335 de
729 3282 1057 3346 Perfectione
1078 3282 1314 3350 justitiae
1342 3284 1594 3350 hominis,
1628 3283 1694 3337 de
1735 3287 1936 3339 Gratia
1963 3290 2014 3340 et

314 3369 480 3424 libero
504 3368 770 3432 Arbitrio,
803 3369 868 3424 de
894 3371 1247 3439 Correptione
1273 3374 1323 3424 et
1357 3372 1558 3425 Gratia
1586 3375 1744 3426 tomo
1787 3373 2009 3430 decimo.

387 3459 774 3523 REIIGIENSES,
804 3458 844 3512 i.
892 3475 943 3512 e.
977 3459 1209 3513 abbatiae
1249 3461 1304 3515 S.
1357 3461 1590 3528 Remigii
1645 3463 1914 3516 Remensis
1943 3461 2011 3516 li-

315 3545 422 3602 bri.
455 3547 610 3602 Unus
641 3545 929 3602 adhibitus
967 3547 1075 3602 fuit
1120 3546 1267 3602 libro
1326 3548 1392 3602 de
1431 3551 1747 3619 Quantitate
1794 3553 2010 3617 anim,

314 3639 471 3688 tomo
496 3636 675 3704 primo
694 3654 715 3700 ,-
739 3634 900 3689 libris
922 3635 988 3689 de
1033 3636 1311 3690 Consensu
1342 3638 1839 3704 Evangelistarum,
1883 3641 2014 3694 Tra-

316 3723 549 3778 ctatibus
586 3726 647 3778 in
666 3726 876 3793 Evang.
908 3725 1153 3791 Joannis,
1191 3728 1345 3780 tomo
1376 3728 1551 3780 tertio.

388 3811 607 3866 Pariter
655 3817 814 3866 tomo
875 3817 1070 3882 quarto
1126 3813 1382 3884 plurium
1408 3813 1469 3868 in
1515 3815 1747 3870 eosdem
1775 3818 2013 3872 Psalmos

317 3899 481 3970 copia
507 3899 637 3971 fuit,
669 3917 918 3972 quorum
947 3901 1043 3956 alii
1071 3905 1199 3955 ante
1229 3918 1410 3958 annos
1441 3905 1564 3969 500,
1599 3903 1696 3958 alii
1728 3909 1860 3959 ante
1908 3908 2012 3961 800

319 3987 586 4060 descripti
613 3995 799 4044 erant.
835 3990 1032 4044 Plures
1063 3989 1202 4045 item
1242 3992 1656 4046 consuluerunt
1704 3993 1765 4047 in
1805 3996 2013 4050 Sermo-

315 4077 494 4133 nibus.
521 4079 699 4133 Tomo
728 4083 878 4134 serto
903 4095 1035 4134 vero
1065 4080 1408 4149 profuerunt
1453 4081 1512 4135 in
1556 4081 1717 4135 libris
1773 4082 1838 4137 de
1883 4084 2014 4138 Fide

316 4170 368 4221 et
394 4167 664 4238 Symbolo,
695 4167 761 4222 de
797 4173 988 4238 Agone
1017 4169 1343 4237 Christiano,
1376 4171 1441 4224 de
1500 4171 1667 4240 Opere
1721 4173 2012 4228 monacho-

2195 3021 2370 3074 Porro
2424 3019 2497 3074 ad
2553 3021 2850 3088 Sermones,
2916 3022 3073 3074 tomo
3150 3021 3359 3087 quinto,
3430 3021 3640 3089 printer
3708 3017 3824 3072 alia

2123 3107 2473 3180 exemplaria
2505 3123 2570 3162 ex
2594 3107 2940 3162 bibliotheca
2967 3106 3164 3177 Regia,
3197 3106 3377 3162 adfuit
3422 3123 3603 3162 unum
3659 3108 3826 3161 volu-

2121 3213 2256 3252 men
2302 3196 2611 3267 singulare,
2670 3212 2705 3250 a
2753 3197 2948 3252 Jacobo
3004 3196 3291 3252 Sirmondo
3347 3196 3638 3250 occasione
3688 3195 3822 3249 Ser-

2123 3301 2417 3340 monuma
2447 3301 2506 3339 se
2555 3283 2843 3340 editorum
2895 3285 3213 3355 laudatum,
3245 3285 3622 3356 complectens
3676 3283 3822 3338 duas

2121 3373 2342 3445 priores
2380 3377 2570 3446 partes
2607 3375 2894 3430 collectorii
2935 3375 3246 3431 Sermonum
3291 3375 3824 3444 Augustinianorum

2124 3463 2347 3518 Roberto
2387 3463 2452 3518 de
2496 3464 2718 3531 Bardis,
2776 3463 3124 3519 Cancellario
3173 3461 3507 3529 Parisiensi,
3565 3464 3819 3530 auctore,

2121 3551 2386 3606 adornati
2415 3552 2513 3623 (a).

2194 3641 2306 3695 Nec
2335 3641 2522 3712 pauci,
2554 3641 2733 3696 immo
2777 3640 2990 3713 singuli
3019 3656 3164 3712 pene
3193 3639 3325 3695 libri
3379 3638 3520 3694 tomi
3560 3640 3704 3694 serti
3755 3654 3822 3692 ex

2122 3728 2325 3784 iisdem
2361 3729 2620 3800 castigati
2648 3735 2799 3797 sunt,
2831 3746 2900 3785 ex
2931 3729 3138 3801 quibus
3165 3746 3315 3784 unus
3348 3729 3417 3784 ad
3447 3729 3659 3783 librum
3690 3743 3822 3782 con-

2122 3823 2211 3874 tra
2239 3819 2578 3874 Mendacium
2608 3823 2872 3874 censetur
2896 3835 3182 3874 annorum
3206 3820 3330 3874 900.

2194 3907 2278 3962 Ad
2307 3906 2483 3962 libros
2527 3907 2593 3962 de
2620 3909 2852 3965 Civitate
2904 3911 3002 3964 Dei
3047 3907 3421 3963 recensendos
3461 3906 3575 3962 duo
3607 3922 3820 3978 suppe-

2123 3995 2338 4050 tebant.
2369 3999 2484 4052 Duo
2536 3996 2738 4052 itidem
2767 3998 2834 4052 ad
2864 3997 3078 4053 librum
3115 3997 3180 4053 de
3198 3997 3500 4053 Haeresibus
3529 3995 3605 4051 ad
3633 3995 3820 4062 Quod-

2122 4085 2417 4151 vultdeum,
2440 4089 2594 4140 tomo
2621 4089 2867 4157 septimo.
3514 4071 3524 4081 ’

2198 4177 2342 4230 Unus
2372 4173 2618 4246 denique
2667 4175 2957 4230 adhibitus
3005 4179 3091 4230 est
3117 4179 3274 4230 tomo
3324 4175 3524 4228 decimo
3565 4172 3724 4227 libris
3757 4172 3824 4227 de

315 4269 440 4310 rum
467 4259 525 4310 et
560 4255 626 4310 de
675 4257 1031 4312 Divinatione
1084 4258 1403 4313 daemonum.
1456 4259 1830 4331 Remigianns
1876 4277 2015 4318 unus
2054 4245 2098 4301 D
2125 4263 2324 4317 Gratia
2353 4268 2402 4318 et
2458 4245 2619 4320 libero
2647 4265 2917 4334 Arbitrio,
2972 4281 3077 4320 nec
3129 4280 3245 4319 non
3301 4264 3366 4318 de
3403 4265 3743 4334 Correptione
3774 4265 3824 4316 et

318 4341 584 4397 laudatur
613 4359 842 4414 quoque
870 4344 941 4398 ad
981 4344 1156 4398 libros
1186 4345 1254 4400 de
1307 4347 1539 4402 Civitate
1590 4349 1706 4413 Dei,
1751 4353 1808 4403 et
1858 4352 2016 4406 tomo

319 4434 503 4485 octavo
532 4431 600 4484 ad
629 4430 1004 4500 librosZcontra
1033 4434 1400 4487 Maximinum
1426 4438 1475 4488 et
1525 4435 1868 4491 Collationem
1899 4453 2018 4494 cum

319 4521 457 4590 ipso,
492 4519 598 4575 duo
624 4535 759 4574 vero
789 4519 1006 4575 ibidem
1038 4520 1100 4575 in
1137 4521 1300 4576 libris
1328 4522 1394 4577 de
1426 4524 1706 4578 Trinitate.

393 4641 471 4713 (a)
503 4643 580 4698 De
609 4643 718 4697 hoc
747 4644 1048 4701 Collectorio
1080 4643 1192 4714 ipsi
1222 4644 1574 4701 Benedictini
1624 4645 1686 4702 in
1717 4648 1888 4704 Praef.
1945 4649 2017 4704 ad

319 4718 539 4789 tomum
571 4717 820 4789 quintum
849 4715 1284 4789 bmc‘referunt:
1323 4739 1346 4764 ι
1376 4718 1636 4789 Robertus
1695 4719 1761 4774 de
1793 4721 2014 4789 Bardis,

319 4784 652 4857 Parisiensis
683 4786 1081 4852 Cancellarius,
1117 4787 1285 4841 aliam
1341 4788 1729 4857 pulchriorem
1780 4807 1843 4845 ac
1895 4784 2013 4847 ma;

320 4857 407 4927 gis
432 4856 796 4938 ingeniosam
812 4859 1020 4938 _(q_uam
1048 4857 1303 4938 vulgata,
1321 4856 1509 4938 quam
1524 4864 1676 4938 Iante
1724 4877 2018 4938 recensue-

319 4929 472 4997 rant)
503 4928 830 4983 instituerat
865 4928 1201 4983 Sermonum
1251 4928 1711 4985 distributionem
1767 4933 1826 4986 in
1891 4936 2017 4990 Col-

321 4998 557 5074 lectorio,
611 5004 676 5053 ut
733 5004 910 5074 yocat,
971 5001 1282 5074 Sermonum
1337 5001 1658 5074 Augustini,
1700 5019 2017 5074 numquam

318 5068 566 5146 vulgato,
605 5071 757 5146 quod
807 5070 1074 5146 trecentis
1128 5071 1290 5146 annis
1346 5068 1554 5146 abhinc
1598 5068 1752 5146 retro
1808 5068 2016 5146 elapsis

321 5139 680 5216 excogitavit,
721 5141 922 5196 iisdem
980 5141 1348 5216 Sermonibus
1398 5142 1459 5195 in
1515 5143 1771 5213 quinque
1824 5139 2014 5216 partes

321 5206 596 5280 discretis.
638 5213 710 5264 In
760 5215 948 5280 prima
993 5216 1154 5280 parte
1203 5213 1406 5266 collecti
1453 5206 1579 5266 sunt
1622 5206 1893 5270 Sermones
1951 5218 2016 5273 de

321 5278 649 5347 quibusdam
676 5278 840 5346 ges—tis
861 5289 911 5337 et
958 5278 1164 5337 sanctis
1205 5285 1398 5336 veteris
1459 5286 1800 5339 Testamenti.
1834 5289 1898 5340 In
1926 5303 2012 5341 se-

319 5349 500 5422 cunda
516 5355 673 5422 parte
691 5351 755 5404 de
769 5354 1198 5408 solemnitatibus
1216 5358 1267 5406 et
1280 5355 1483 5408 sanctis
1507 5369 1632 5422 nov;
1666 5358 2009 5414 Testamenti.

320 5420 394 5473 In
425 5421 586 5494 tertia
614 5421 679 5474 de
713 5424 888 5494 verbis
919 5429 970 5478 et
995 5426 1284 5494 scripturis
1321 5427 1512 5478 veteris
1545 5420 1887 5482 Testamenti.
1939 5431 2014 5485 In

321 5495 524 5561 quarta
541 5491 791 5548 deverbis
813 5499 864 5548 et
889 5491 1178 5564 scripturis
1196 5497 1322 5550 novi
1365 5497 1705 5552 Testamenti.
1725 5499 1795 5553 In
1819 5501 2013 5568 quinta

2125 4352 2337 4417 Gratia,
2393 4351 2533 4407 item
2569 4353 2634 4408 de
2689 4355 3168 4410 Praedestinatione
3217 4357 3525 4409 sanctorum
3570 4357 3620 4406 et
3665 4352 3822 4406 Dono

2118 4444 2552 4510 perseverantiae.

2194 4529 2353 4584 Liber
2397 4515 2898 4586 Recrouorziassrs.
2948 4532 3033 4587 Ad
3072 4531 3245 4598 hunc,
3300 4529 3498 4602 paucis
3545 4529 3821 4602 exceptis,

2123 4652 2189 4707 de
2215 4657 2546 4708 ornamentis
2591 4659 2642 4708 et
2670 4656 3071 4724 impedimentis
3117 4657 3378 4711 Ecclesia:
3404 4656 3514 4709 sive
3553 4654 3820 4722 ﬁdelium,

2123 4739 2187 4778 ac
2238 4724 2304 4777 de
2351 4725 2802 4781 retributionibus
2857 4729 3064 4782 ultimis
3118 4728 3372 4782 bonorum
3426 4731 3476 4780 et
3529 4726 3819 4781 malorum.

2123 4793 2388 4869 Servatur
2442 4795 2896 4869 in_bibliotheca
2939 4799 3114 4869 Regia
3171 4796 3595 4866 manuscriptns
3647 4812 3820 4869 unus,

2123 4880 2238 4936 quo
2268 4865 2471 4938 primae
2511 4867 2638 4920 duae
2692 4868 2857 4922 istius
2921 4865 3269 4924 collectionis
3301 4865 3488 4938 partes
3518 4867 3822 4920 continen-

2123 4935 2256 5002 tur;
2295 4941 2353 5012 et
2377 4935 2437 4989 in
2500 4939 2820 5012 Colbertina
2845 4940 2987 5012 duo,
3010 4941 3068 4994 in
3121 4935 3327 5012 quibus
3372 4938 3540 4991 index
3589 4938 3820 5012 Sermo-

2122 5022 2262 5062 num
2291 5006 2522 5082 illarum
2549 5011 2804 5081 quinque
2843 5006 3095 5081 partium
3137 5006 3604 5082 representatur.
3639 5010 3820 5082 Caete-

2122 5094 2272 5151 rum,
2291 5079 2730 5148 judicantﬂicet
2759 5079 3095 5136 Sirmondus
3135 5079 3226 5136 in'
3247 5079 3406 5151 praef.
3453 5095 3691 5151 suorum
3736 5080 3821 5134 XL

2122 5149 2466 5204 Sermonum
2517 5151 2782 5219 afﬁrmet,
2838 5152 2899 5206 in
2962 5149 3299 5207 recensendis
3344 5150 3824 5220 approbandisque

2119 5221 2423 5288 Augustini
2448 5223 2766 5291 operibus...
2818 5225 3036 5278 minime
3079 5220 3517 5279 contemnendum
3557 5237 3670 5277 esse
3697 5225 3812 5276 Ro-

2123 5291 2260 5369 berti
2284 5292 2870 5369 sulfragium_:_tamen
2897 5295 3245 5369 adulterinos
3290 5294 3594 5369 Sermones
3638 5308 3821 5364 prope

2121 5364 2462 5437 innumeros
2479 5364 2742 5437 admisit,
2761 5369 2824 5418 ut
2850 5366 2951 5436 qui
2980 5365 3042 5420 in
3063 5366 3247 5437 prima
3277 5364 3644 5437 Collectorii__
3655 5369 3821 5437 parte

2117 5433 2267 5508 solos
2305 5434 2596 5505 legitimos
2642 5433 3016 5508 relinqueret,
3052 5433 3219 5492 istam
3259 5451 3405 5507 pene
3458 5434 3528 5488 ad
3570 5433 3820 5490 nihilum

2122 5503 2442 5574 reduceret,
2473 5510 2576 5560 etc.
2617 5528 2637 5553 ι
