4044 6190
181 293 270 343 l2l
1206 291 1485 348 NOTITIA
1525 295 1867 351 LITTERAR

2092 297 2147 351 s.
2192 258 2664 353 AUGUSTINUM.

3596 300 3695 352 122

177 428 377 467 omnes
433 413 578 467 tomi
602 416 777 482 primi
825 414 960 469 libri
988 413 1206 469 excussi
1236 419 1387 471 sunt.
1423 417 1710 474 Laudatur
1738 436 1885 491 pra-
1924 419 1967 474 A
1999 419 2169 490 hujus
2194 419 2552 475 bibliothecae
2582 420 2766 475 aetatis
2803 420 3102 492 aliquanto
3148 420 3503 476 recentioris.
3541 423 3684 476 Theo

175 506 322 557 terea
348 502 410 556 in
440 507 593 557 sexto
627 502 697 556 ad
727 503 940 558 librum
970 504 1035 557 de
1058 504 1357 560 Mendacio.

243 592 401 646 Liber
434 606 535 645 ms.
582 592 817 646 abbatia
843 592 1125 648 SAGIENSIS
1155 594 1209 650 S.
1244 596 1495 650 Martini.
1552 598 1718 651 Juxta
1748 614 1880 652 eum

175 680 438 734 recensiti
470 685 605 734 sunt
634 681 763 735 libri
812 681 877 735 de
906 680 1161 737 Sermone
1202 686 1260 737 in
1286 690 1460 739 monte
1489 689 1649 740 tomo
1690 690 1882 755 tertio;

172 769 319 823 liber
384 773 575 824 contra
636 770 976 825 Mendacium
1042 776 1097 825 et
1167 773 1232 826 de
1283 773 1451 842 Opere
1502 776 1882 829 Monachorum

171 863 331 911 tomo
384 864 535 913 seato
558 875 575 929 ;
620 858 751 913 libri
794 865 979 914 contra
1033 862 1295 916 Faustum
1342 869 1393 916 et
1444 868 1630 916 contra
1671 864 1881 918 Sermo-

169 962 291 1000 nem
343 947 701 1013 Arianorum,
744 952 899 1003 tomo
936 953 1120 1005 octavo
1140 970 1160 1015 ,ο
1186 950 1320 1005 libri
1351 952 1415 1005 de
1447 956 1657 1006 Anima
1686 956 1737 1006 et
1766 952 1882 1021 ejus

169 1038 410 1104 origine,
441 1041 599 1090 tomo
618 1038 837 1092 decimo.

242 1125 644 1193 Sancinxsxs,i
678 1170 689 1180 .
724 1143 773 1180 e.
820 1128 875 1182 S.
911 1129 1089 1196 Sergii
1140 1128 1547 1197 Andegavensis
1580 1129 1723 1183 liber
1759 1130 1883 1184 lau-

168 1214 347 1269 datur
399 1219 558 1268 tomo
593 1218 774 1284 primo
814 1215 884 1270 ad
932 1216 1105 1270 libros
1156 1218 1221 1271 de
1251 1218 1567 1284 Quantitate
1593 1220 1806 1273 Anima
1830 1225 1886 1275 et

166 1302 237 1355 de
278 1302 450 1356 libero
496 1304 776 1370 Arbitrio;
827 1304 899 1358 ad
946 1308 1355 1374 Eapositionem
1390 1309 1700 1362 inchoatam
1744 1311 1886 1379 Epi-

164 1393 322 1448 stola
354 1393 431 1447 ad
461 1395 727 1460 Galatas;
761 1394 827 1448 ad
851 1394 1061 1450 librum
1089 1396 1154 1450 de
1184 1399 1376 1463 Agone
1398 1398 1738 1453 Christiano.

241 1482 431 1538 Codex
477 1482 914 1547 Smmauunnsxs,
974 1484 1019 1539 i.
1088 1502 1138 1539 e.
1189 1486 1421 1541 abbatia
1476 1488 1532 1542 S.
1589 1489 1890 1555 Cygiranni

166 1586 271 1624 seu
324 1572 787 1626 Cvcruunuxsxs.
834 1573 1072 1627 Notatur
1116 1573 1179 1628 in
1226 1575 1389 1629 libris
1436 1575 1502 1629 de
1531 1578 1671 1630 Bono
1701 1576 1885 1629 vidui-

165 1662 301 1714 tatis
354 1665 407 1714 et
450 1666 639 1715 contra
685 1662 1027 1717 Mendacium
1076 1666 1234 1718 tomo
1281 1668 1467 1731 sexto;
1518 1664 1586 1719 ad
1618 1665 1791 1719 libros
1822 1665 1886 1718 de

163 1751 410 1807 Civitate
452 1751 580 1819 Dei,
636 1756 790 1804 tomo
840 1755 1101 1821 septimo;
1148 1753 1215 1806 ad
1264 1753 1475 1807 librum
1526 1754 1601 1807 ad
1640 1755 1886 1809 Orosium

163 1844 364 1893 contra
410 1841 883 1907 Priscillianistas,
927 1845 1083 1895 tomo
1138 1846 1352 1910 octavo;
1384 1844 1453 1897 ad
1500 1842 1674 1897 libros
1704 1848 1891 1897 contra

167 1928 391 1982 litteras
430 1930 708 1998 Petiliani,
765 1936 950 1984 contra
990 1931 1329 1987 Cresconium
1368 1937 1419 1986 et
1457 1932 1522 1985 de
1567 1934 1729 1988 Unico
1762 1932 1890 2002 bap-

165 2019 353 2084 tismo,
406 2020 565 2071 tomo
613 2033 787 2085 nono;
826 2018 1095 2091 idemque
1144 2020 1214 2074 ad
1248 2020 1421 2073 libros
1450 2021 1516 2075 de
1547 2022 1890 2075 Peccatorum

164 2105 384 2158 meritis
432 2108 484 2157 et
526 2107 856 2173 remissione,
905 2107 977 2159 ad
1023 2106 1237 2160 librum
1276 2106 1341 2160 de
1377 2108 1582 2163 Natura
1609 2112 1659 2161 et
1682 2109 1886 2175 gratia,

165 2194 233 2247 de
275 2195 617 2260 Perfectione
653 2194 889 2262 justitia
934 2196 1187 2262 hominis,
1242 2195 1379 2249 item
1442 2196 1513 2250 ad
1569 2195 1778 2250 librum
1827 2196 1891 2249 de

168 2284 381 2336 Gratia
430 2283 638 2338 Christi
682 2288 733 2338 et
777 2284 843 2339 de
878 2286 1095 2339 Peccato
1136 2286 1419 2352 originali,
1468 2285 1534 2340 de
1589 2287 1812 2355 Nuptiis
1841 2290 1891 2339 et

167 2373 625 2442 Concupiscentia
664 2376 719 2426 et
765 2373 830 2427 de
860 2375 1065 2428 Anima
1107 2379 1159 2429 et
1199 2374 1318 2443 ejus
1351 2374 1594 2443 Origine,
1627 2379 1781 2429 tomo
1802 2374 1892 2428 de-

169 2477 308 2516 amo

241 2550 431 2606 Codex
463 2550 640 2605 Smne
669 2568 1009 2607 MAJORENSIS.
1054 2551 1186 2623 Ejus
1238 2552 1304 2606 ﬁt
1341 2551 1559 2607 mentio
1610 2552 1679 2606 ad
1720 2552 1890 2607 libros

171 2640 236 2693 de
264 2641 555 2695 Consensu
574 2642 1048 2709 Evangelistarum
1077 2647 1234 2695 tomo
1273 2644 1452 2697 tertio.

241 2728 697 2783 Smaxncrmsxs
782 2731 1031 2784 Ecclesia
1123 2730 1416 2802 exemplar
1502 2730 1893 2801 suppeditavit

176 2820 455 2888 Epistolas
487 2823 544 2873 et
572 2819 738 2873 libros
769 2820 833 2873 de
859 2820 1091 2876 Civitate
1118 2822 1237 2875 Dei.

242 2908 563 2963 Sonaoxxcr.
597 2908 760 2963 Modo
810 2925 970 2977 unus,
1010 2909 1183 2963 modo
1218 2909 1345 2974 duo,
1379 2908 1557 2962 immo
1590 2913 1694 2962 tres
1728 2907 1888 2961 iden-

1990 509 2291 564 doricenses
2341 510 2409 563 ad
2457 512 2730 565 Sermones
2778 526 3008 581 quoque
3066 514 3271 580 praesto
3318 510 3583 576 fuerunt;
3628 509 3689 563 in

1989 602 2144 652 tomo
2194 603 2378 653 octavo
2425 614 2558 652 vero
2616 598 2843 652 nonnisi
2890 598 3020 652 libri
3067 599 3133 652 de
3185 600 3451 653 Trinitate
3515 613 3685 669 opem

1990 686 2125 741 hinc
2152 687 2370 757 experti
2401 691 2551 741 sunt.

2060 776 2217 829 Libri
2253 775 2591 830 Bibliotheca
2627 776 2922 830 Tuumne.
2962 777 3037 829 Ex
3091 776 3360 830 Thuaneo
3409 792 3690 831 annorum

1987 866 2095 921 700
2126 865 2213 919 vel
2260 868 2363 920 800
2415 864 2691 935 recogniti
2744 868 2876 918 sunt
2913 866 3316 931 Confessionum
3352 865 3499 918 libri.
3534 865 3691 919 Idem

1990 954 2226 1007 fortasse
2273 956 2375 1021 est,
2427 968 2675 1024 quocum
2718 952 2909 1005 collati
2940 956 3071 1005 sunt
3100 952 3159 1005 iu
3190 952 3393 1006 eodem
3424 957 3581 1006 tomo
3621 952 3692 1006 li-

1991 1042 2081 1097 bri
2124 1043 2189 1096 de
2230 1045 2395 1097 Beata
2441 1043 2585 1109 Vita,
2633 1042 3067 1111 Soliloquiorum,
3120 1041 3184 1095 de
3218 1042 3381 1095 libero
3416 1041 3691 1105 Arbitrio,

1992 1132 2058 1186 de
2100 1148 2228 1185 vera
2272 1133 2542 1199 Religione
2594 1136 2645 1184 et
2678 1132 2883 1197 Regula
2935 1130 3009 1183 ad
3056 1144 3232 1183 servos
3272 1130 3393 1183 Dei.
3445 1129 3596 1183 Libri
3628 1129 3695 1182 de

1994 1220 2194 1275 Ordine
2220 1220 2442 1273 duobus
2475 1218 2653 1290 gavisi
2699 1224 2849 1273 sunt.
2886 1220 3063 1272 Tomo
3090 1221 3246 1273 tertio
3275 1218 3484 1272 citatur
3510 1219 3695 1273 Thua-

1992 1324 2134 1361 neus
2191 1308 2265 1361 ad
2310 1309 2727 1378 Eapositionem
2758 1307 3121 1376 quarumdam
3163 1309 3600 1376 propositionum
3626 1324 3695 1361 ea

1992 1398 2251 1466 Epistola
2306 1398 2380 1451 ad
2427 1399 2709 1463 Romanos,
2760 1413 2862 1450 nec
2913 1413 3027 1450 non
3084 1395 3142 1449 in
3198 1397 3550 1465 Expositione
3606 1397 3692 1449 in-

1995 1487 2187 1539 choata
2214 1486 2471 1554 Epistola
2492 1485 2565 1539 ad
2588 1487 2839 1539 Galatas.

2066 1576 2350 1628 VALIENSIS
2384 1574 2528 1629 liber
2557 1578 2911 1628 memoratur
2950 1572 3019 1627 ad
3053 1574 3443 1640 Confessiones.

2065 1664 2374 1730 VEDASTINI,
2425 1663 2462 1717 i.
2516 1681 2566 1719 e.
2612 1662 2745 1716 libri
2793 1663 3025 1717 abbatia
3066 1664 3121 1717 S.
3171 1663 3397 1717 Vedasti
3452 1662 3694 1717 Atreba—

1997 1754 2179 1807 tensis.
2217 1754 2504 1807 Laudatur
2542 1751 2881 1806 Vedastinus
2921 1750 3099 1805 codex
3130 1756 3288 1805 tomo
3320 1753 3497 1821 primo
3528 1750 3597 1805 ad
3628 1750 3695 1804 li-

1996 1842 2127 1895 bros
2168 1844 2648 1909 Retractationum,
2690 1841 3115 1907 Confessionum,
3155 1841 3221 1893 de
3262 1841 3417 1894 beata
3455 1842 3601 1908 Vita,
3630 1840 3697 1893 de

1998 1931 2221 1999 Ordine,
2267 1932 2704 1999 Soliloquiorum,
2765 1930 2830 1983 de
2870 1931 3283 1984 Immortalitate
3320 1934 3514 1986 anima
3551 1936 3601 1985 et
3630 1930 3695 1983 de

1999 2022 2195 2075 Genesi
2249 2024 2433 2075 contra
2474 2020 2838 2086 Manichaos;
2896 2017 3035 2072 item
3089 2018 3157 2073 ad
3214 2021 3487 2090 Epistolas
3535 2025 3692 2074 tomo

1994 2110 2227 2165 secundo
2241 2151 2254 2165 .

2069 2199 2364 2267 VICTORINI,
2424 2213 2525 2251 seu
2579 2197 2801 2252 codices
2849 2194 3083 2251 abbatia
3133 2196 3190 2251 S.
3248 2197 3480 2250 Victoris
3544 2197 3701 2250 Pari-

1995 2290 2208 2343 siensis.
2274 2290 2400 2342 Tres
2441 2286 2908 2358 suppetebantad
2956 2285 3316 2357 castigandos
3365 2284 3540 2339 libros
3596 2286 3702 2339 Re-

1998 2379 2384 2432 tractationum
2432 2381 2487 2431 et
2533 2378 2960 2444 Confessionum,
3006 2376 3072 2429 de
3119 2374 3341 2440 Ordine,
3388 2374 3452 2427 de
3490 2375 3702 2440 Magis-

1998 2470 2100 2533 tro,
2144 2466 2209 2520 de
2250 2467 2567 2532 Quantitate
2612 2467 2822 2529 anima,
2871 2464 2936 2517 de
2977 2463 3216 2518 Moribus
3256 2462 3705 2530 Manichaeorum;

1996 2554 2110 2609 duo
2178 2554 2239 2608 in
2299 2554 2461 2609 libris
2522 2559 2709 2608 contra
2757 2552 3122 2621 Academicos,
3183 2551 3249 2606 de
3294 2552 3708 2606 Immortalitate

1996 2646 2210 2713 anima,
2262 2645 2328 2699 de
2375 2645 2565 2699 Genesi
2612 2648 2799 2696 contra
2823 2644 3145 2697 Munichaos
3176 2646 3225 2696 et
3253 2641 3491 2695 moribus
3523 2640 3703 2695 Eccle-

1996 2736 2092 2788 sia
2116 2735 2423 2799 catholica;
2456 2748 2595 2787 unus
2624 2732 2686 2785 in
2724 2730 2962 2802 reliquis
2995 2733 3169 2800 primi
3196 2729 3339 2783 tomi
3370 2729 3567 2799 paucis
3605 2745 3701 2782 ex-

1997 2822 2193 2892 ceptis.
2257 2822 2625 2883 Profuerunt,
2690 2836 2862 2890 porro
2911 2818 3283 2873 emendandis
3334 2819 3604 2887 Epistolis
3655 2822 3705 2871 et

1998 2911 2362 2978 Sermonibus,
2414 2914 2572 2964 tomo
2624 2908 2855 2963 secundo
2891 2912 2948 2962 et
3006 2910 3194 2975 quinto
3241 2922 3345 2961 nec
3383 2922 3499 2960 non
3548 2905 3709 2960 libris

180 2996 358 3051 tidem
403 2997 648 3052 adhibiti
695 3002 827 3051 sunt
873 2998 941 3051 ad
989 2998 1245 3069 singulos
1298 2997 1437 3065 fere,
1508 3013 1651 3069 quos
1694 3002 1886 3051 tomus
1917 3014 1957 3070 ο
1999 3001 2365 3065 Quaestionum
2445 2999 2884 3066 Evangeliorum,
2946 2997 3311 3063 Quaestionum
3401 2998 3557 3052 XVII
3648 2998 3708 3050 in

175 3089 389 3155 primus
420 3086 821 3157 complectitur
848 3086 1048 3141 libros.
1094 3087 1182 3142 Ad
1203 3086 1437 3142 eosdem
1467 3102 1716 3141 excussa
1755 3091 1891 3140 sunt

175 3174 469 3243 Epistolas,
514 3175 745 3228 secundo
782 3178 974 3241 tomo;
1030 3175 1162 3229 libri
1236 3177 1604 3243 Quastionum
1638 3178 1887 3244 Evange-

176 3265 377 3317 liorum
424 3267 583 3317 tomo
634 3265 828 3330 tertio;
875 3264 1169 3333 Sermones,
1198 3267 1418 3336 quinto;
1452 3270 1508 3319 et
1536 3264 1595 3319 in
1625 3270 1774 3319 seato
1798 3265 1889 3319 vix

176 3355 292 3406 tres
320 3355 425 3405 aut
456 3356 703 3423 quatuor
740 3353 1087 3421 numerabis,
1146 3354 1244 3425 qui
1285 3371 1353 3409 ex
1383 3354 1584 3409 iisdem
1627 3370 1740 3407 non
1766 3354 1887 3408 fue-

174 3442 293 3498 rint
328 3442 611 3514 castigati.
657 3444 836 3498 Tomo
887 3448 1071 3499 octavo
1114 3443 1380 3498 laudatur
1418 3443 1591 3497 codex
1628 3442 1890 3497 Sorboni-

178 3549 277 3587 cus
309 3532 382 3587 ad
440 3532 654 3587 librum
698 3537 886 3588 contra
934 3533 1316 3599 Adimantum,
1363 3538 1551 3587 contra
1588 3534 1888 3602 Epistolam

178 3621 494 3690 Manichai,
540 3621 605 3675 de
651 3622 866 3677 Natura
906 3622 1048 3689 boni,
1083 3625 1271 3676 contra
1314 3621 1709 3677 Adversarium
1759 3622 1889 3689 legis

177 3716 226 3765 et
281 3711 694 3780 prophetarum,
748 3710 822 3764 ad
873 3711 1120 3765 Orosium
1176 3714 1363 3765 contra
1418 3711 1887 3777 Priscillianistas,

179 3805 371 3854 contra
434 3800 737 3855 Sermonem
801 3801 1162 3865 Arianorum,
1238 3803 1424 3854 contra
1504 3800 1886 3853 Maximinum.

182 3888 338 3943 Libri
366 3905 503 3943 vero
534 3890 599 3942 de
632 3891 896 3943 Trinitate
925 3889 995 3943 ad
1025 3890 1263 3959 quinque
1305 3886 1649 3943 Sorbonicos
1691 3902 1889 3940 recen-

181 3977 273 4031 siti
319 3982 473 4031 sunt.
526 3978 775 4031 Tandem
826 3976 887 4031 in
933 3983 1091 4032 tomo
1139 3977 1341 4032 decimo
1382 3976 1471 4029 vix
1501 3980 1735 4045 quatuor
1759 3978 1891 4027 sunt

183 4082 249 4119 ex
282 4065 576 4131 omnibus,
606 4066 705 4137 qui
733 4081 851 4120 non
881 4081 949 4119 ex
986 4081 1092 4120 uno
1122 4064 1324 4119 saltem
1378 4064 1665 4120 Sorbonico
1694 4078 1891 4117 emen-

184 4154 302 4208 dati
326 4154 562 4208 fuerint.

250 4242 676 4297 Suassroxnnsw
726 4240 958 4297 abbatia
1010 4243 1073 4297 B.
1124 4242 1316 4297 Maria
1369 4241 1513 4296 liber
1544 4258 1693 4297 unus
1730 4241 1890 4295 libris

180 4332 244 4386 de
270 4332 506 4389 Civitate
536 4331 640 4385 Dei
667 4330 1139 4401 recognoscendis
1168 4330 1407 4402 profuit.

249 4421 618 4475 Temenum:
664 4420 989 4475 bibliotheca
1036 4420 1277 4475 codices.
1326 4422 1448 4475 Duo
1483 4420 1601 4476 fere
1649 4419 1886 4475 laudan-

179 4515 275 4564 tur
306 4510 367 4564 in
393 4508 725 4563 recensione
758 4510 1129 4578 Epistolarum
1157 4509 1637 4580 frequentissime.

252 4600 413 4655 Libri
451 4599 955 4667 Turonomcnmsns,
1010 4598 1048 4652 i.
1098 4616 1151 4666 e,
1198 4599 1430 4653 abbatia
1474 4598 1532 4653 S.
1577 4598 1890 4653 Theoderici

178 4704 348 4758 prope
377 4690 586 4743 Remos.
620 4688 808 4741 Unum
838 4686 1369 4753 Theodoricensem,
1403 4686 1503 4759 qui
1541 4686 1678 4741 olim
1724 4686 1891 4741 Hinc-

188 4777 335 4831 mari
401 4774 698 4832 Remensis
756 4776 949 4845 fuerit,
1008 4776 1243 4831 laudant
1302 4776 1375 4831 ad
1437 4776 1885 4832 Retractationes.

189 4868 392 4923 Nescio
437 4884 511 4921 an
554 4866 708 4921 idem
764 4865 852 4933 sit,
892 4866 1053 4936 cujus
1106 4865 1280 4919 etiam
1340 4865 1409 4918 ad
1474 4864 1650 4918 libros
1703 4870 1888 4918 contra

182 4956 559 5023 Academicos,
610 4956 676 5009 de
718 4956 939 5018 Ordine,
985 4955 1050 5008 de
1081 4956 1277 5008 Genesi
1306 4959 1491 5008 contra
1518 4954 1889 5008 Manichaum

181 5051 230 5099 et
260 5044 329 5098 de
370 5044 611 5099 Moribus
644 5045 891 5098 Ecclesia
920 5043 1202 5097 catholica
1231 5046 1389 5095 tomo
1426 5044 1602 5110 primo
1634 5042 1698 5097 ﬁt
1726 5058 1887 5096 men-

179 5132 284 5188 tio.
325 5133 545 5187 Passim
592 5131 801 5186 dicitur
842 5133 1057 5201 optima
1101 5136 1240 5186 nota
1286 5134 1341 5185 et
1390 5130 1463 5184 ad
1492 5130 1668 5184 libros
1698 5130 1763 5184 de
1788 5130 1887 5185 Or-

181 5221 328 5289 dine,
361 5226 754 5290 nongentorum
796 5220 914 5275 fere
944 5235 1250 5281 annorum,
1285 5236 1413 5290 qua
1443 5218 1719 5288 temporis
1757 5222 1890 5273 nota

183 5311 240 5365 in
272 5315 501 5365 atatem
533 5308 822 5364 Hincmari
853 5308 1135 5363 convenit.
1169 5308 1255 5362 Ad
1299 5308 1529 5361 eosdem
1571 5306 1888 5361 emendata

186 5406 319 5455 sunt
364 5402 645 5469 Epistola.
692 5398 1119 5453 Vetustissimus
1188 5401 1243 5452 et
1298 5396 1529 5469 optima
1580 5398 1732 5449 notae
1780 5411 1885 5450 ms.

186 5492 392 5545 citatur
419 5490 491 5545 ad
528 5492 812 5544 Tractatus
839 5490 899 5543 in
918 5489 1221 5558 Epistolam
1249 5488 1472 5543 Joannis
1495 5490 1653 5539 tomo
1703 5488 1856 5539 tertio
1872 5510 1890 5557 ,-

196 5595 231 5657 n
280 5576 753 5635 Enarrationibus
792 5578 855 5631 in
908 5578 1149 5632 Psalmos
1206 5580 1398 5631 tamen
1443 5572 1531 5628 usi
1569 5576 1704 5626 sunt
1732 5570 1889 5625 libris

192 5665 211 5701 ι

1995 3089 2330 3157 Matthaum,
2363 3092 2520 3143 tomo
2553 3089 2739 3152 tertio;
2789 3085 2929 3141 item
2973 3085 3133 3140 libris
3179 3085 3245 3139 de
3279 3086 3523 3141 Diversis
3555 3100 3707 3154 qua-

1996 3179 2261 3233 stionibus
2317 3178 2391 3232 ad
2430 3178 2868 3247 Simplicianum,
2900 3175 2964 3229 de
3015 3179 3140 3231 Octo
3186 3176 3413 3229 Dulcitii
3455 3177 3706 3244 quastio-

1996 3268 2177 3331 nibus,
2227 3267 2292 3321 de
2337 3267 2469 3323 Fide
2514 3271 2565 3320 et
2606 3265 2879 3337 Symbolo,
2921 3265 2986 3319 de
3028 3265 3214 3331 Agone
3251 3265 3589 3330 Christiano,
3640 3264 3706 3319 de

1999 3356 2408 3414 Catechizandis
2454 3355 2704 3418 rudibus,
2752 3355 2817 3407 de
2862 3356 3004 3408 Bono
3051 3352 3362 3420 viduitatis,
3396 3352 3461 3405 de
3489 3351 3706 3407 Menda-

1996 3448 2096 3511 cio,
2164 3449 2351 3500 contra
2413 3444 2772 3501 Mendacium.
2836 3442 2901 3496 de
2967 3442 3134 3511 Opere
3170 3440 3568 3507 monachorum,
3643 3439 3708 3493 de

1997 3536 2140 3591 Cura
2174 3550 2275 3604 pro
2308 3535 2536 3588 mortuis
2569 3532 2807 3602 gerenda
2861 3536 2918 3585 et
2964 3531 3030 3584 de
3078 3531 3366 3584 Patientia.
3430 3528 3710 3583 Similiter

1996 3623 2128 3678 libri
2173 3622 2316 3678 tomi
2364 3624 2559 3683 octavi,
2608 3622 2673 3675 de
2722 3620 3046 3686 Haresibus,
3089 3619 3347 3673 adversus
3381 3617 3611 3684 Judaos,
3645 3617 3711 3671 de

2002 3715 2245 3768 Utilitate
2287 3712 2557 3779 credendi,
2609 3711 2675 3765 de
2720 3712 2930 3765 duabus
2970 3709 3298 3769 Animabus,
3348 3711 3537 3761 contra
3575 3707 3708 3760 For-

1999 3807 2265 3871 tunatum,
2310 3806 2497 3857 contra
2541 3801 2926 3867 Adimantum,
2980 3803 3168 3853 contra
3191 3798 3494 3867 Epistolam
3522 3797 3709 3851 Mani-

1997 3893 2148 3959 chai,
2217 3896 2412 3946 contra
2448 3894 2725 3957 Faustum,
2766 3891 2910 3943 Acta
2955 3904 3074 3942 cum
3113 3888 3300 3955 Felice,
3335 3886 3482 3940 liber
3510 3887 3575 3939 de
3602 3887 3712 3943 Na-

1999 3985 2124 4034 tura
2179 3981 2322 4047 boni,
2370 3980 2515 4034 liber
2553 3980 2626 4033 ad
2664 3980 2911 4034 Orosium
2939 3981 3127 4032 contra
3152 3976 3599 4031 Priscillianistas
3640 3974 3712 4029 ad

1996 4084 2165 4123 unum
2194 4070 2283 4122 vel
2312 4069 2445 4123 duos
2471 4068 2785 4121 Victorinos
2824 4066 3044 4120 excussi
3075 4068 3244 4118 sunt:
3281 4080 3384 4117 nec
3408 4079 3524 4118 non
3565 4062 3713 4125 liber

1997 4158 2063 4212 de
2080 4159 2235 4211 unico
2263 4158 2557 4225 Baptismo,
2591 4160 2748 4209 tomo
2779 4169 2946 4218 nono;
2984 4153 3126 4206 liber
3150 4152 3215 4206 de
3249 4154 3449 4205 Gratia
3499 4151 3707 4207 Christi

1997 4250 2054 4299 et
2098 4245 2244 4299 liber
2274 4246 2339 4299 de
2382 4248 2601 4299 Peccato
2645 4244 2927 4311 originali,
2969 4241 3099 4296 libri
3143 4242 3209 4295 de
3252 4242 3471 4310 Nuptiis
3493 4245 3543 4293 et
3570 4241 3708 4296 Con-

1915 4309 1960 4365 D
1997 4336 2328 4405 cupiscentia
2370 4338 2427 4388 et
2475 4332 2603 4387 libri
2647 4309 2748 4387 sex:
2770 4309 2958 4386 contra
2980 4331 3275 4385 Julianum
3295 4309 3451 4382 toruo
3481 4327 3711 4382 decimo.

2068 4424 2490 4478 Vmoocmnusxs
2552 4422 2786 4476 abbatia
2851 4420 3001 4476 libri.
3055 4419 3204 4474 Libri
3265 4418 3707 4487 Soliloquiorum,

1996 4513 2063 4568 de
2107 4516 2529 4569 Immortalitate
2571 4514 2787 4578 anima,
2836 4510 2902 4565 de
2949 4511 3264 4577 Quantitate
3311 4510 3525 4575 anima,
3570 4504 3713 4559 torni

1992 4605 2163 4673 primi
2214 4618 2282 4656 ex
2328 4617 2443 4656 uno
2487 4600 2747 4672 castigati
2773 4604 2942 4666 sunt;
2992 4598 3130 4652 item
3159 4599 3416 4667 Epistola
3446 4601 3600 4650 tomo
3631 4610 3707 4650 se-

1997 4692 2191 4760 cundo,
2239 4692 2627 4745 Enarrationes
2668 4692 2725 4743 in
2765 4688 3027 4755 Psalmos,
3076 4693 3298 4756 quarto,
3338 4690 3395 4739 et
3432 4686 3709 4741 Sermones

1996 4784 2153 4835 tomo
2183 4782 2389 4848 quinto.
2426 4779 2579 4832 Unus
2618 4793 2849 4850 quoque
2888 4775 3180 4830 adhibitus
3219 4779 3302 4828 est
3331 4774 3401 4827 ad
3440 4773 3616 4827 libros
3643 4773 3709 4826 de

1997 4871 2225 4927 Civitate
2272 4869 2393 4931 Dei,
2449 4872 2605 4921 tomo
2647 4869 2891 4936 septimo.
2951 4868 3019 4919 Iu
3084 4872 3240 4919 tomo
3306 4865 3461 4918 tertio
3512 4860 3706 4914 collati

1997 4963 2129 5012 sunt
2173 4973 2302 5012 cum
2342 4971 2446 5010 uno
2486 4955 2618 5009 libri
2664 4955 2729 5009 de
2776 4956 3043 5011 Consensu
3090 4953 3579 5019 Evangelistarum,
3642 4951 3708 5004 de

1997 5048 2245 5103 Sermone
2288 5047 2347 5099 in
2398 5049 2592 5111 monte,
2634 5046 2918 5099 Tractatus
2966 5045 3026 5095 in
3092 5041 3395 5110 Epistolam
3456 5039 3685 5093 Joannis

1998 5152 2129 5191 cum
2187 5136 2417 5202 duobus,
2456 5136 2738 5188 Tractatus
2769 5135 2827 5187 in
2856 5132 3219 5199 Evangelium
3244 5129 3518 5194 Joannis;
3549 5130 3704 5181 tomo

1998 5231 2148 5281 sexto
2186 5224 2319 5279 libri
2366 5224 2431 5278 de
2477 5225 2664 5291 Agone
2704 5224 3010 5280 Christiano
3032 5225 3081 5275 et
3106 5220 3170 5273 de
3195 5218 3516 5286 Patientia;
3548 5221 3708 5272 tomo

1999 5320 2184 5371 octavo
2217 5312 2346 5368 libri
2377 5317 2565 5367 contra
2583 5315 2842 5367 Faustum
2869 5317 2918 5365 et
2947 5311 3011 5365 de
3054 5311 3345 5365 Trinitate.

2074 5406 2374 5471 UTICENSIS,
2407 5402 2519 5457 vid.
2555 5404 2991 5458 EBRULPBENSIS.

2745 5490 2792 5551 b)
2825 5488 2961 5537 Itali.

2071 5575 2347 5641 Vanum,
2429 5587 2678 5646 quorum
2751 5569 2963 5627 scilicet
3033 5568 3316 5625 variantes
3398 5565 3691 5635 lectiones,
