4044 6190
241 3945 244 3948 ’
352 3948 559 4003 nempe
628 3933 893 3988 XXXIV-L
916 3949 930 3987 :

364 366 458 420 123
1362 356 1920 414 SUPPLEMENTUM
1958 356 2048 411 AD
2087 356 2318 412 OPERA
2358 358 2411 412 S.
2455 356 2850 413 AUGUSTINI.

3769 357 3869 411 124

357 487 611 542 collecta:
642 485 781 541 olim
820 501 923 558 per
968 484 1200 537 selectos
1248 479 1420 546 viros,
1454 479 1554 551 qui
1592 483 1720 550 post
1748 476 2056 534 Lovanien-
2092 478 2138 534 Α
2166 479 2565 546 Confessiones,
2618 477 2832 532 scilicet
2884 491 3024 531 unus
3061 474 3264 530 Bodlei.
3326 477 3383 528 et
3411 474 3585 530 Laud.
3613 478 3670 530 et
3701 476 3864 530 Μαι-ι.

351 593 470 630 sem
517 575 829 630 editionem
873 574 1061 628 denuo
1110 569 1454 641 castigandis
1484 569 1536 624 S.
1566 568 1874 638 Augustini
1912 584 2048 638 ope-

351 665 508 719 ribus
553 663 891 718 auctoritate
935 658 1240 715 Clementis
1271 659 1395 712 VIII
1434 657 1861 724 incumbebant,
1920 673 2050 711 cum

355 752 730 808 Benedictinis
769 748 1205 804 communicata:
1234 747 1480 802 fuerant.

421 841 742 896 Generatim
795 838 866 892 ad
917 838 1102 908 plures
1155 852 1354 891 eorum
1400 835 1709 906 recognitas
1763 837 1895 888 sunt
1922 835 2052 902 Epi-

352 932 530 996 stolaz;
587 931 824 998 quinque
861 926 1104 980 adhibiti
1132 929 1264 979 sunt
1292 925 1349 978 in
1388 924 1547 979 libris
1575 924 1641 978 de
1669 925 1898 980 Civitate
1923 923 2047 989 Dei,

353 1033 491 1072 unus
536 1017 594 1071 iu
657 1015 1115 1072 Enarrationibus
1171 1016 1230 1068 in
1274 1013 1522 1068 Psalmos
1575 1012 1649 1065 ad
1675 1014 1882 1081 priores
1907 1026 2052 1080 qua-

349 1107 612 1174 draginta
656 1120 848 1159 novem
896 1105 1156 1158 Psatmos.
1206 1101 1446 1169 Deinde,
1488 1117 1606 1156 uno
1636 1105 1892 1170 excepto,
1926 1114 2052 1152 om-

349 1212 448 1250 nes
497 1193 641 1248 tomi
679 1195 852 1262 primi
897 1191 1030 1246 libri
1088 1206 1219 1245 cum
1265 1190 1533 1244 Vaticano
1585 1189 1777 1260 aliquo
1833 1187 2045 1250 codice,

349 1283 564 1351 Regula
593 1283 668 1336 ad
697 1295 875 1336 servos
908 1282 1012 1334 Dei
1059 1279 1231 1334 etiam
1256 1294 1386 1332 cum
1415 1278 1640 1346 duobus,
1675 1276 1868 1332 collati
1889 1280 2043 1331 sunt.

350 1371 625 1427 Similiter
674 1371 736 1424 in
773 1372 928 1424 tertio
971 1373 1129 1422 torno
1171 1367 1264 1422 vix
1293 1372 1406 1421 tres
1436 1365 1817 1437 reperiantur,
1850 1364 1950 1436 qui
1978 1364 2049 1419 ad

350 1460 522 1513 hosce
566 1458 786 1513 codices
831 1473 949 1510 non
990 1455 1203 1510 fuerint
1253 1453 1576 1522 emendati;
1634 1453 1762 1508 libri
1815 1453 1881 1507 de
1917 1454 2048 1509 Ser-

344 1562 494 1602 mone
548 1549 609 1601 in
654 1549 830 1600 monte
872 1545 939 1598 ad
985 1545 1153 1610 duos;
1189 1542 1321 1598 libri
1362 1544 1713 1600 deConsensu
1748 1542 2046 1610 Evangeli-

352 1641 563 1691 starum
622 1635 692 1689 ad
736 1638 989 1704 quatuor.
1033 1634 1098 1688 In
1147 1638 1298 1688 sexto
1327 1632 1524 1686 itidem
1550 1632 1720 1687 modo
1755 1631 1881 1699 duo,
1922 1631 2046 1701 ple-

349 1740 595 1795 rumque
626 1729 755 1792 tres,
781 1722 868 1777 vel
899 1721 1072 1776 etiam
1094 1725 1346 1790 quatuor,
1368 1719 1545 1774 immo
1571 1722 1809 1789 quinque
1834 1722 2045 1790 praesto

350 1814 605 1868 fuerunt.
657 1809 932 1866 Similiter
971 1809 1032 1862 in
1075 1813 1229 1863 tomo
1279 1813 1462 1864 octavo
1493 1808 1606 1863 duo
1644 1807 2044 1863 tantummodo

355 1901 485 1955 libri
536 1903 687 1966 sunt,
739 1898 946 1970 quibus
992 1913 1107 1951 non
1151 1896 1348 1951 auxilii
1380 1897 1593 1968 aliquid
1617 1912 1686 1952 ex
1715 1896 1786 1951 iis
1813 1912 2051 1951 accesse-

352 1990 448 2056 rit,
499 2006 630 2044 cum
669 1988 798 2043 aliis
847 1987 972 2056 duo,
1017 1986 1143 2041 aliis
1171 1991 1422 2055 quatuor,
1448 1989 1705 2055 quinque,
1737 2001 1852 2053 sem,
1884 1990 1951 2040 ut
1978 1985 2048 2040 li-

349 2078 468 2134 bris
495 2083 684 2133 contra
712 2079 970 2132 Faustum
998 2095 1014 2143 ;
1039 2075 1180 2147 quin
1209 2074 1371 2129 libris
1423 2075 1489 2128 de
1550 2073 1836 2141 Trinitate,
1872 2074 2049 2128 unde—

349 2171 452 2223 cim
496 2168 638 2223 adeo
681 2164 1029 2237 exemplaria
1067 2163 1322 2219 adhibita
1351 2180 1472 2218 esse
1504 2167 1766 2218 notatum
1799 2162 2051 2234 relique-

347 2260 509 2311 runt.
571 2255 799 2311 Parcius
853 2253 1194 2326 profuerunt
1246 2257 1402 2307 tomo
1449 2268 1615 2307 nono:
1675 2251 1889 2323 quippe
1945 2252 2051 2307 duo

349 2348 575 2400 tantum
597 2344 870 2415 juvarunt
899 2341 1074 2396 libros
1104 2344 1304 2396 contra
1341 2342 1654 2412 Epistolam
1701 2343 2052 2397 Parmenioni

352 2437 408 2488 et
441 2433 605 2488 libros
669 2433 770 2486 VII
799 2431 865 2486 de
907 2433 1206 2501 Baptismo,
1257 2445 1395 2485 unus
1438 2430 1677 2484 collatus
1706 2434 1793 2484 est
1819 2445 1950 2484 cum
1979 2431 2049 2485 li-

353 2522 457 2578 bro
501 2522 566 2576 de
618 2523 782 2577 Unico
832 2521 1127 2590 Baptismo.
1161 2518 1267 2575 Sed
1309 2517 1370 2573 in
1409 2519 1631 2586 decimo,
1679 2518 1726 2574 si
1754 2518 1866 2574 duo
1897 2519 2051 2574 dem-

350 2609 554 2681 pseris,
585 2608 799 2681 singuli
846 2609 918 2663 ad
967 2607 1145 2663 libros
1186 2607 1484 2662 Vaticanos
1513 2623 1633 2662 non
1661 2623 1790 2663 raro
1818 2616 2052 2678 quatuor

355 2702 453 2754 aut
475 2701 712 2769 quinque
731 2701 866 2754 sunt
902 2695 1203 2768 recogniti.

426 2787 823 2842 Canisrlimam
931 2801 1073 2856 quos
1129 2788 1335 2839 vocant
1405 2785 1629 2850 codices,
1705 2784 1744 2838 i.
1803 2800 1853 2839 e.
1919 2800 2048 2840 mss.

359 2876 686 2933 Christiana;
712 2877 914 2944 reginae
941 2875 1248 2941 Succorum,
1276 2875 1512 2928 fortasse
1542 2873 1825 2928 Vaticanis
1862 2889 2054 2928 accen-

355 2963 516 3018 sendi
570 2967 722 3019 sunt.
774 2965 918 3019 Nam
953 2963 1002 3017 si
1040 2967 1163 3017 tum
1217 2963 1476 3018 nondum
1519 2962 1593 3017 ad
1620 2961 1946 3018 Vaticanam
1972 2962 2054 3017 bi-

2159 567 2264 622 duo
2291 583 2304 634 ;
2336 567 2594 638 quinque
2619 567 2689 622 ad
2731 566 2908 620 libros
2961 565 3400 634 Solitoquiorum,
3457 579 3666 635 nempe
3720 579 3866 618 unus

2159 657 2342 719 Bodl.,
2365 657 2471 710 duo
2492 657 2648 711 Mert.
2674 655 2894 710 totidem
2916 653 3076 708 Cant.

2230 747 2359 800 Haec
2407 745 2474 798 de
2520 743 2811 799 codicibus
2851 759 2918 798 ex
2958 741 3028 796 iis
3075 740 3382 809 indicibus,
3429 757 3573 813 quos
3603 740 3866 811 singulo-

2157 849 2288 888 rum
2332 833 2614 888 librorum
2646 831 2988 887 lectionibus
3037 829 3490 902 discrepantibus
3535 830 3601 884 ad
3649 831 3868 884 calcem

2157 922 2540 994 genuinorum
2592 921 2938 992 scriptorum
2996 920 3275 992 cujusque
3317 918 3462 973 tomi
3508 918 3871 974 Benedictini

2157 1013 2263 1066 PP.
2296 1011 2650 1081 adjecerunt.
2682 1009 2839 1064 Alios
2868 1025 3098 1080 paucos,
3133 1025 3276 1080 quos
3306 1008 3594 1063 interdum
3623 1007 3683 1062 in
3722 1008 3868 1079 ipsis

2156 1100 2368 1156 notulis
2395 1099 2578 1154 textui
2605 1099 2921 1170 subjunctis
2947 1103 3046 1154 aut
3074 1098 3136 1153 in
3177 1097 3463 1169 farragine
3511 1097 3862 1152 variantium

2155 1189 2413 1254 laudant,
2455 1188 2590 1243 inde
2639 1203 2939 1259 excerpere
2989 1203 3106 1241 non
3156 1191 3340 1241 vacat.
3391 1185 3590 1257 Opera:
3620 1201 3755 1240 vero
3788 1185 3866 1239 sit

2155 1281 2448 1348 impressos
2479 1276 2652 1332 etiam
2681 1276 2902 1331 codices
2931 1278 3264 1345 antiquiores
3301 1274 3440 1340 fere,
3473 1290 3615 1345 quos
3650 1273 3711 1328 in
3741 1273 3861 1328 sin-

2155 1366 2305 1437 gulis
2347 1365 2507 1420 libris
2553 1364 2896 1436 castigandis
2948 1363 3336 1429 adhibuerint,
3400 1361 3763 1432 consiguare,
3813 1361 3865 1415 si

2156 1455 2391 1527 quidem
2437 1453 2498 1508 hi
2539 1453 2652 1524 ipsi
2696 1470 2834 1508 mss.
2862 1452 3042 1508 instar
3071 1451 3339 1507 censendi
3370 1455 3523 1518 sunt,
3553 1467 3697 1522 quos
3725 1451 3863 1505 illo-

2157 1559 2287 1598 rum
2340 1547 2665 1614 temporum
2715 1541 2957 1605 incuria,
3007 1542 3176 1596 modo
3236 1541 3410 1595 semel
3474 1539 3862 1611 imprimendo

2154 1631 2314 1703 operi
2367 1635 2681 1699 vacassent,
2743 1629 2902 1702 parvi
2960 1629 3202 1684 ducebat
3251 1635 3308 1684 et
3367 1629 3525 1684 nulla
3578 1628 3866 1684 memoria

2158 1721 2380 1792 dignos.

2230 1809 2410 1881 Igitur
2436 1809 2496 1864 in
2523 1811 2703 1880 primo
2729 1813 2889 1864 tomo
2921 1808 2990 1863 ad
3018 1807 3195 1863 libros
3227 1808 3696 1862 Retractationum
3725 1807 3864 1862 sub-

2158 1897 2303 1953 sidio
2373 1898 2609 1953 fuerunt
2681 1896 2859 1953 editio
2935 1895 3386 1952 Amerbachiana
3453 1895 3530 1968 (a.
3604 1896 3757 1965 1505)
3806 1901 3868 1950 et

2157 1987 2345 2058 prima
2391 1987 2644 2054 Erasmi;
2696 1987 2769 2040 ad
2817 1987 3186 2053 Con/essiones
3231 1988 3441 2056 praeter
3495 1985 3723 2040 easdem
3767 1985 3868 2038 Ba-

2159 2076 2349 2143 diana,
2386 2093 2501 2148 quo
2547 2075 2780 2131 nomine
2826 2075 2926 2130 illa
2969 2075 3246 2146 opuscula
3276 2075 3586 2144 appellant,
3615 2090 3746 2146 quas
3772 2075 3868 2128 Jo—

2159 2165 2334 2220 docus
2381 2164 2590 2220 Badius
2636 2181 2688 2220 a.
2736 2167 2872 2220 1520
2913 2180 3018 2235 per
3065 2165 3342 2220 Joannem
3381 2165 3625 2218 Parvum
3657 2162 3865 2218 excudi

2157 2253 2394 2321 curavit,
2443 2257 2499 2308 et
2536 2253 2851 2309 Arualdina
2898 2252 3150 2323 (versio);
3181 2268 3312 2324 quas
3351 2267 3404 2306 a.
3444 2253 3577 2307 1649
3609 2251 3681 2306 ad
3730 2251 3864 2307 duo-

2158 2343 2330 2398 decim
2371 2359 2506 2398 mss.
2559 2343 2782 2397 codices
2823 2341 3120 2412 recognita
3145 2340 3377 2413 prodiit.
3409 2341 3492 2396 Ad
3537 2341 3864 2412 superiores

2157 2435 2272 2486 tres
2303 2447 2478 2503 porro
2511 2430 2792 2503 recogniti
2823 2435 2955 2485 sunt
2984 2430 3116 2484 libri
3159 2435 3349 2485 contra
3397 2431 3762 2495 Academicos,
3796 2431 3865 2486 de

2160 2522 2316 2576 beata
2375 2523 2524 2587 Vita,
2570 2520 2635 2574 de
2683 2520 2906 2587 Ordine,
2969 2519 3036 2574 de
3075 2521 3489 2576 Immortatitate
3528 2521 3743 2585 animae,
3797 2521 3865 2574 de

2159 2611 2466 2678 Magistro;
2507 2608 2580 2664 ad
2625 2609 2772 2664 solas
2819 2607 2953 2664 Bad.
3004 2612 3062 2663 et
3112 2609 3327 2663 Erasm.
3375 2607 3506 2664 libri
3534 2609 3865 2678 Solitoquio-

2159 2714 2301 2765 rum,
2349 2699 2416 2753 de
2471 2700 2786 2766 Quantitate
2836 2701 3050 2762 animae,
3109 2698 3175 2753 de
3222 2698 3386 2753 libero
3449 2698 3700 2754 Arbitrio
3723 2714 3745 2752 :
3791 2698 3867 2753 ad

2164 2787 2326 2856 Bad.,
2383 2788 2596 2841 Erasm.
2651 2791 2704 2840 et
2749 2786 2984 2842 Arnald.
3035 2785 3440 2853 recentiorem,
3485 2786 3616 2842 libri
3653 2786 3719 2841 de
3751 2789 3867 2842 Mo-

2160 2876 2313 2930 ribus
2365 2876 2632 2943 Ecclesia,
2679 2876 2952 2930 catholicae
3005 2875 3070 2930 de
3108 2875 3347 2930 Moribus
3399 2877 3814 2930 Manichaeorum
3842 2917 3860 2943 ,

2163 2964 2229 3018 de
2255 2979 2390 3020 vera
2410 2965 2682 3033 Religione
2714 2983 2729 3032 ;
2756 2963 2827 3018 ad
2855 2964 3083 3020 Amerb.
3119 2969 3177 3018 et
3206 2964 3420 3018 Erasm.
3463 2962 3597 3018 libri
3650 2964 3714 3018 de
3733 2965 3863 3019 Mu-

350 3051 697 3107 bliothecam
721 3052 1103 3122 pertinebant,
1135 3056 1284 3106 certe
1314 3051 1681 3122 postmodum
1701 3051 1845 3106 illati
1888 3055 2045 3108 sunt.
2090 3065 2130 3122 c
2160 3055 2294 3121 sica,
2347 3053 2413 3108 de
2459 3053 2648 3110 Genesi
2685 3056 2874 3108 contra
2911 3051 3258 3120 Manichzos,
3299 3053 3504 3120 Regula
3563 3052 3638 3106 ad
3682 3066 3862 3107 servos

351 3140 460 3195 Sed
491 3141 601 3194 hoc
639 3145 918 3212 praeterea
964 3140 1203 3194 interest
1249 3139 1400 3194 inter
1431 3156 1528 3195 eos
1558 3144 1617 3194 et
1655 3139 1906 3211 reliquos
1936 3139 2050 3194 dis-

350 3226 630 3292 criminis,
691 3227 848 3298 quod
902 3226 1182 3293 Vaticani,
1244 3242 1387 3296 quos
1447 3226 1738 3298 appellant
1810 3226 2052 3282 Maurini

352 3317 545 3370 Patres
588 3319 816 3370 centum
847 3308 921 3370 et
963 3315 1115 3388 quod
1160 3315 1408 3370 excurrit
1433 3331 1615 3369 annos
1644 3314 1836 3370 collati
1862 3320 2053 3370 essent

354 3404 414 3459 hi
444 3420 598 3459 nunc
627 3404 860 3459 demum
900 3409 977 3468 et,
1008 3409 1073 3460 ut
1097 3403 1240 3458 mihi
1269 3403 1502 3476 quidem
1524 3403 1766 3471 videtur,
1815 3405 1887 3460 ab
1913 3405 2052 3475 ipsis

351 3491 460 3547 PP.
489 3489 668 3546 oculis
696 3489 959 3561 usurpati
988 3495 1138 3545 sunt.
1175 3489 1430 3544 Laudant
1466 3495 1657 3545 autem
1686 3507 1854 3546 unum
1894 3496 2050 3546 tomo

349 3581 530 3650 primo
611 3579 680 3634 ad
735 3579 947 3636 librum
991 3580 1058 3635 de
1104 3580 1346 3636 Moribus
1391 3581 1829 3646 Manichaeorum,
1877 3596 2051 3651 quem

350 3667 591 3723 fortasse
647 3683 764 3722 una
819 3684 950 3723 cum
1001 3671 1163 3738 parte
1218 3670 1646 3724 Enarrationum
1687 3672 1747 3725 in
1808 3670 2051 3726 Psatmos

349 3755 856 3825 complectebatur.
909 3756 1052 3811 Nam
1100 3755 1172 3809 ad
1223 3755 1333 3810 hoc
1382 3772 1524 3828 opus
1570 3761 1780 3827 praesto
1818 3756 2054 3812 fuerunt

351 3843 478 3911 duo,
532 3852 709 3912 unus,
739 3843 840 3914 qui
895 3843 1301 3914 septemdecim
1352 3860 1420 3899 ex
1462 3844 1752 3916 prioribus
1793 3845 2050 3918 psalmis,

1009 3935 1167 4000 alter,
1235 3933 1334 4002 qui
1402 3933 1748 4006 posteriores
1815 3934 2053 4007 triginta

351 4023 495 4078 duos
525 4021 851 4089 exhibebat,
880 4039 914 4076 a
941 4023 1100 4079 CXIX
1131 4023 1204 4077 ad
1225 4022 1329 4078 CL.

424 4112 694 4166 Romanus
751 4111 919 4167 eodem
960 4110 1093 4167 libri
1143 4111 1449 4183 Augustini
1503 4113 1569 4167 de
1625 4113 1797 4169 Gestis
1821 4114 2046 4181 Pelagii.

348 4201 511 4272 cujus
564 4199 850 4254 variantes
896 4200 1166 4256 lectiones
1213 4201 1285 4255 ad
1329 4216 1489 4256 oram
1531 4200 1664 4256 libri
1696 4200 1786 4256 sui
1816 4206 2050 4256 annota-

348 4292 506 4344 verat
533 4289 758 4344 Marcus
806 4290 1058 4345 Vetserus
1070 4330 1085 4344 .

2162 3143 2281 3196 Dei.

2233 3231 2297 3283 In
2347 3232 2505 3284 torno
2553 3229 2783 3284 secundo
2827 3228 3205 3299 Epistolarum
3250 3228 3528 3284 editiones
3555 3229 3866 3285 laudantur

2161 3320 2502 3388 sequentes:
2553 3317 3004 3372 Amerbachiana
3072 3335 3123 3372 a.
3173 3320 3330 3384 1493,
3380 3318 3616 3385 in-fol.;
3663 3318 3864 3374 Badia-

2160 3420 2255 3472 na,
2316 3404 2568 3473 Parisiis,
2638 3409 2795 3476 1515,
2852 3410 2908 3461 et
2959 3407 3288 3462 Erasmiana
3343 3407 3468 3462 Bas.
3528 3423 3618 3478 ap.
3679 3408 3852 3462 Frob.

2165 3497 2327 3550 1528.

2230 3583 2296 3636 In
2323 3587 2478 3639 tertio
2498 3588 2654 3639 tomo
2679 3586 2953 3639 notarunt
2982 3585 3052 3640 ad
3079 3584 3257 3640 libros
3282 3583 3346 3641 de
3367 3586 3636 3642 Consensu
3666 3587 3862 3641 Euan-

2159 3673 2476 3739 gelistarum
2521 3673 2832 3728 editionem
2877 3674 3132 3744 ejusdem
3154 3674 3354 3729 Jodoci
3384 3673 3560 3735 Badii,
3588 3689 3766 3745 quam
3795 3689 3863 3729 ex

2159 3758 2494 3814 recensione
2555 3759 2863 3831 Augustini
2911 3763 3319 3830 Ratisponensis
3383 3760 3582 3816 excudi
3642 3760 3867 3816 curavit

2162 3846 2429 3914 Lugduni
2461 3850 2615 3911 1497,
2648 3851 2706 3904 et
2727 3848 3115 3904 Erasmianam
3147 3866 3198 3906 a.
3228 3852 3361 3906 1528
3388 3866 3400 3914 ;
3450 3849 3523 3904 ad
3574 3849 3752 3904 libros
3796 3848 3866 3904 de

2160 3935 2409 3991 Sermone
2464 3937 2676 3991 Domini
2729 3940 2787 3990 in
2835 3939 3013 3993 Monte
3086 3943 3300 4010 praeter
3365 3938 3756 3994 Erasmianam
3805 3943 3865 3992 et

2160 4024 2676 4079 Amerbachianam
2733 4032 2801 4093 (a.
2852 4028 3009 4096 1506)
3066 4026 3378 4081 editionem
3430 4025 3624 4082 Jacobi
3651 4026 3858 4081 Mares-

2161 4113 2350 4179 challi,
2400 4113 2660 4186 Lugdun.
2705 4117 2878 4170 1520:
2925 4115 2995 4169 ad
3043 4115 3218 4170 libros
3259 4116 3624 4180 Quaestionum
3674 4116 3860 4170 Evan-

2159 4202 2422 4269 geliorum
2441 4210 2493 4257 et
2546 4205 2744 4269 Quzst.
2787 4205 2942 4260 XVII
2978 4207 3037 4258 in
3081 4205 3394 4260 Mattha’um
3430 4204 3692 4260 eamdem
3762 4206 3863 4259 Ba-

2163 4289 2410 4358 dianam,
2446 4307 2550 4346 nec
2578 4308 2695 4346 non
2727 4293 2942 4357 Erasm.
2975 4297 3032 4348 et
3055 4293 3418 4358 Amerbach.,
3449 4293 3522 4348 ad
3569 4296 3860 4350 Tractatus

421 4377 772 4444 FLoaermi,
823 4376 862 4432 i.
917 4392 969 4432 e.
1016 4382 1130 4432 tres
1175 4393 1309 4432 mss.
1353 4378 1416 4432 in
1461 4377 1805 4433 bibliotheca
1853 4379 2050 4434 Ducali
2088 4360 2135 4417 Ῑ)
2163 4380 2222 4433 in
2239 4381 2320 4434 Jo.
2353 4382 2730 4449 Evangelium,
2783 4382 2916 4437 Bad.
2964 4386 3022 4436 et
3063 4383 3303 4450 Erasm.,
3356 4381 3429 4436 ad
3485 4384 3773 4438 Tractatus
3800 4384 3859 4436 in

354 4464 656 4521 Florentiae
711 4465 1036 4532 existentes,
1098 4481 1347 4536 quorum
1399 4465 1458 4520 in
1516 4465 1718 4521 eodem
1745 4466 1813 4523 de
1840 4469 2050 4537 Pelagii

352 4555 518 4621 gestis
548 4552 698 4608 libro
723 4551 1078 4607 variantibus
1096 4553 1185 4607 usi
1211 4558 1361 4608 sunt.

1013 4650 1060 4714 c)
1090 4649 1388 4715 Anglicani.

421 4731 696 4786 Absoluta
739 4731 863 4802 jam
909 4735 1030 4787 tota
1079 4731 1330 4787 editione
1390 4733 1742 4789 transmissae
1797 4739 1927 4789 sunt
1979 4750 2050 4790 ex

349 4820 558 4892 Anglia
587 4820 862 4876 lectiones
890 4820 1171 4877 variantes
1208 4827 1321 4878 octo
1366 4821 1484 4877 fere
1535 4823 1796 4880 codicum
1851 4840 1956 4896 per
1977 4827 2045 4881 E.

347 4909 706 4978 Bernardum,
759 4910 1121 4966 astronomiae
1144 4910 1206 4965 in
1245 4911 1555 4967 Oxouiensi
1577 4913 1882 4968 Academia
1909 4930 2046 4985 pro-

346 4997 644 5068 fessorem,
682 5016 747 5054 ex
796 4999 1006 5072 quibus
1055 5000 1118 5055 in
1159 5001 1408 5055 secunda
1437 5001 1671 5056 demum
1699 5002 1843 5056 tomi
1874 5002 2048 5074 primi

349 5086 418 5140 ad
467 5103 640 5159 quem
701 5087 866 5142 unice
925 5092 1162 5160 spectat,
1209 5088 1460 5144 editione
1519 5090 1897 5145 correctiones
1945 5090 2046 5144 ali-

347 5177 487 5243 quot
515 5175 807 5230 translatie
837 5180 990 5230 sunt.
1023 5177 1194 5230 Erant
1223 5180 1414 5230 autem
1446 5181 1552 5231 tres
1589 5193 1658 5231 ex
1703 5177 2049 5233 bibliotheca

355 5260 668 5331 Bodleiana,
712 5279 780 5317 ex
826 5263 1066 5334 collegio
1109 5263 1444 5318 Mertonensi
1483 5264 1608 5332 duo,
1654 5280 1805 5320 unus
1849 5281 1912 5320 ex
1938 5268 2044 5320 Ar-

349 5345 515 5403 chiva
565 5349 838 5420 Laudina,
897 5351 1004 5409 duo
1051 5353 1462 5410 Cantuarienses
1515 5352 1613 5422 (a).
1673 5352 1898 5409 Priores
1952 5370 2046 5410 sem

351 5435 592 5493 adhibiti
639 5441 772 5493 sunt
827 5438 896 5494 ad
943 5442 1406 5496 Retractationum
1458 5441 1672 5510 libros;
1711 5446 1944 5511 quatuor
1974 5443 2046 5499 ad

2161 4469 2333 4537 Epist.
2361 4470 2442 4522 Jo.
2474 4469 2730 4536 Amerb.,
2773 4470 2904 4525 Bad.
2958 4473 3015 4524 et
3047 4472 3286 4538 Erasm.,
3341 4470 3415 4525 ad
3441 4471 3861 4541 Expositionem

2160 4555 2524 4626 quarumdam
2569 4559 3002 4628 Propositionum
3035 4562 3096 4614 in
3141 4561 3295 4630 Epp.
3351 4558 3427 4614 ad
3478 4562 3747 4629 Romanos
3811 4564 3864 4614 et

2083 4638 2090 4645 ’
2161 4645 2406 4713 Galatas,
2457 4661 2561 4700 nec
2604 4661 2720 4701 non
2765 4649 3171 4716 Expositionem
3229 4649 3539 4704 inchoatam
3599 4649 3864 4717 Epistolas

2159 4734 2234 4788 ad
2259 4737 2412 4790 Rom.
2441 4734 2594 4806 (quas
2625 4734 2686 4788 in
2712 4735 3012 4790 Gallicanis
3042 4752 3176 4790 mss.
3210 4752 3327 4791 non
3371 4740 3616 4807 reperta,
3667 4752 3864 4792 emen-

2159 4823 2293 4878 data
2319 4827 2405 4877 est
2433 4822 2602 4878 unius
2623 4824 2877 4879 Vaticani
2901 4825 3030 4897 ope)
3053 4825 3391 4880 Amerbach.
3415 4830 3471 4880 et
3498 4826 3716 4880 Erasm.

2229 4913 2294 4966 In
2324 4916 2479 4966 tomo
2509 4918 2709 4982 quarto
2738 4914 2811 4969 ad
2833 4914 3232 4970 Enarrationes
3259 4917 3319 4969 in
3366 4915 3606 4970 Psalmos
3647 4918 3861 4986 prassto

2158 5000 2390 5055 fuerunt
2412 5000 2511 5055 lib.
2548 5002 2671 5057 Bas.
2703 5017 2808 5074 per
2833 5003 2920 5058 Ia.
2951 5003 3288 5058 Amerbach.
3327 5004 3462 5060 1489
3502 5018 3767 5070 excusus,
3808 5007 3866 5059 et

2159 5087 2491 5143 Erasmiana
2523 5093 2678 5146 1529.

2227 5177 2574 5232 Sermonibus
2623 5177 2685 5232 in
2731 5179 2923 5248 quinto
2960 5181 3117 5233 tomo
3179 5178 3524 5251 castigandis
3583 5179 3865 5236 adhibita

2159 5270 2290 5320 sunt
2357 5265 2656 5335 editiones,
2729 5267 3183 5324 Amerbachiana
3238 5285 3289 5324 a.
3372 5270 3510 5324 1494
3579 5274 3636 5323 et
3704 5271 3860 5336 1495,

2160 5354 2492 5410 Erasmiana
2539 5372 2590 5411 a.
2649 5358 2804 5424 i571,
2848 5357 3253 5414 Sirmondiana
3311 5361 3467 5428 1631,
3517 5364 3575 5414 et
3621 5359 3866 5431 Supple-

2157 5444 2335 5500 menti
2367 5444 2698 5517 Vigneriani
2722 5445 2810 5501 ed.
2841 5447 3021 5503 altera
3062 5450 3214 5504 1655.

427 5619 504 5687 (a)
535 5616 623 5672 Sic
673 5617 827 5674 enim
881 5619 1226 5691 interpretor
1269 5621 1669 5692 compendium
1717 5621 1858 5676 illud
1888 5622 2040 5676 vocis
2075 5624 2229 5679 Cant.
