4044 6190
211 365 298 413 liti
1235 361 1505 416 NOTITIA
1547 362 1956 417 LI'I‘TERARIA
2000 362 2068 416 IN
2110 365 2163 416 S.
2209 361 2675 418 AUGUSTINUM.
3610 362 3703 412 126

204 483 261 535 In
306 486 464 535 tomo
504 486 657 537 sexto
710 482 783 536 ad
834 480 1046 536 librum
1090 480 1155 535 de
1204 484 1441 538 Diversis
1516 484 1901 553 quaestionibus
1940 486 1983 540 Α
2013 484 2128 539 ﬁne
2161 484 2416 548 secundi,
2438 486 2536 557 qui
2565 485 2861 555 contingit
2880 484 2937 538 in
2978 485 3164 555 prima
3211 484 3423 555 pagina
3466 484 3588 539 folii
3615 486 3706 549 23,

198 572 467 639 octoginta
494 570 670 625 tribus
701 570 974 625 consulta
1019 575 1150 625 sunt
1180 571 1592 642 Lugdunensis,
1627 589 1754 644 qua
1784 575 1897 627 Au-

196 658 409 728 gustini
451 658 878 729 Ratisponensis
913 674 1051 712 cura
1097 660 1251 730 apud
1298 661 1579 715 Joannem
1637 661 1900 716 Trechsel

194 765 239 801 a.
273 749 411 802 1497
460 763 667 802 excusa
704 753 809 813 est,
845 751 901 802 et
953 747 1279 802 Erasmiana
1316 760 1375 804 a.
1427 751 1591 815 1528;
1625 750 1695 804 ad
1725 750 1900 803 libros

190 838 252 890 de
290 824 534 891 Diversis
582 837 964 906 quaestionibus
1004 842 1059 890 et
1102 838 1167 891 de
1202 839 1611 894 Catechizandis
1645 839 1898 909 rudibus,

186 931 239 979 et
269 928 348 980 De
402 926 510 994 ﬁde
552 914 619 980 et.
652 927 914 996 Operibus
948 925 1283 982 Amerbach.
1324 932 1380 982 et
1428 929 1667 994 Erasm.,
1714 928 1783 982 ad
1830 927 1899 982 1i-

187 1016 362 1068 brum
402 1014 468 1069 de
518 1017 675 1071 VIII
721 1018 941 1070 Dulcitii
1005 1017 1390 1086 quastimiibus
1457 1021 1513 1071 et
1563 1017 1628 1071 de
1674 1017 1803 1071 Fide
1850 1022 1901 1071 et

183 1104 463 1171 Symbolo,
506 1105 722 1159 eadem
775 1110 829 1160 et
877 1106 1269 1177 Lugdunensis
1333 1111 1464 1161 ante
1504 1106 1767 1171 laudata;
1827 1104 1901 1158 ad

182 1192 554 1246 Enchiridion
602 1193 668 1246 de
714 1194 837 1261 ﬁde,
891 1211 983 1263 spe
1021 1200 1071 1249 et
1117 1197 1385 1249 charitate
1424 1200 1631 1267 prater
1668 1193 1893 1249 Amerb.

179 1284 238 1333 et
268 1281 491 1334 Erasm.
518 1281 796 1335 editiones
826 1283 1111 1338 Lamberti
1143 1283 1336 1337 Danai
1368 1288 1426 1338 et
1450 1286 1580 1339 Ant.
1625 1280 1895 1349 Arualdi;

176 1368 420 1422 tandem
450 1370 522 1423 ad
548 1370 761 1424 librum
795 1371 859 1424 de
878 1373 1064 1439 Agone
1095 1373 1402 1429 Christiano
1424 1382 1635 1443 prater
1664 1371 1894 1426 Amerb.

175 1460 233 1510 et
264 1456 681 1525 Erasmianam,
715 1459 802 1513 ed.
850 1460 975 1515 Joh.
1020 1461 1184 1515 Parvi
1218 1478 1269 1515 a.
1314 1464 1469 1515 1513.

253 1544 416 1599 Libri
471 1547 540 1600 de
572 1548 802 1603 Civitate
837 1549 939 1603 Dei
974 1553 1131 1604 tomo
1188 1552 1411 1620 septimo
1453 1548 1734 1619 recogniti
1765 1553 1898 1604 sunt

171 1632 251 1687 ad
291 1635 388 1689 ed.
450 1636 721 1690 Venetam
751 1636 1037 1693 Vindelini
1088 1641 1243 1705 1470,
1285 1638 1516 1694 Amerb.
1564 1655 1613 1693 a.
1652 1640 1807 1705 1490,
1842 1642 1898 1693 et

174 1723 405 1778 Erasm.
447 1727 603 1779 {529.

250 1811 519 1883 Denique
577 1814 1032 1869 Amerbachiana
1102 1820 1157 1871 et
1223 1816 1551 1871 Erasmiana
1615 1816 1893 1871 editiones

172 1900 360 1953 etiam
390 1916 497 1970 per
521 1904 708 1955 totum
746 1907 969 1957 tomum
1008 1909 1271 1973 octavum,
1313 1922 1511 1960 nonum
1540 1909 1597 1959 et
1632 1905 1895 1960 decimum

174 1988 463 2043 adhibita
493 1989 747 2045 fuerunt.

253 2080 330 2133 Ex
374 2096 492 2149 quo
541 2079 797 2135 indiculo
827 2079 1108 2136 librorum
1147 2081 1558 2153 impressorum
1587 2082 1759 2137 etiam
1789 2082 1895 2137 hoc

172 2170 365 2238 patet,
401 2167 689 2222 Romanas
717 2174 771 2222 et
814 2170 1054 2224 Venetas
1094 2170 1346 2241 aliasque
1378 2171 1720 2243 insigniores
1771 2171 1893 2225 sin-

173 2257 458 2325 gulorum
486 2274 726 2328 operum
757 2260 1065 2330 Augustini
1098 2260 1400 2329 editiones,
1454 2262 1664 2333 quibus
1721 2262 1769 2315 si
1812 2261 1896 2315 uti

171 2343 525 2413 voluissent,
584 2362 775 2402 carere
831 2364 947 2402 non
1006 2353 1290 2419 poterant,
1360 2354 1567 2420 prater
1612 2366 1787 2404 unam
1832 2350 1897 2403 de

176 2433 343 2487 Civit.
388 2437 488 2490 Dei
538 2452 574 2489 a
640 2436 1019 2491 Benedictinis
1081 2438 1339 2493 Patribus
1406 2454 1526 2493 esse
1588 2439 1893 2509 neglectas.

673 2576 1031 2617 ARTICULUS
1075 2576 1421 2618 SECUNDUS.

273 2672 517 2723 Annales
537 2673 831 2723 editionum
862 2673 1193 2737 singulorum
1221 2676 1502 2740 Augustini
1529 2677 1805 2728 librorum.

660 2771 687 2842 ς
715 2773 760 2826 Ι.
792 2774 1160 2828 Genuinorum
1187 2775 1465 2829 librorum.

548 2880 609 2933 1.
678 2909 746 2919 -
779 2879 868 2949 (1⁸)
907 2881 1116 2934 Contra
1170 2881 1539 2939 Academicos.

432 2976 442 2986 .
587 2974 597 2984 .
651 2976 661 2985 .
744 2976 753 2986 .
1286 2977 1296 2987 .
1843 2985 1853 2995 ,
2000 2974 2097 3002 μυ
2154 2974 2451 2985 ..,.........--
2501 2974 2880 2998 ..-πυτ---η
2932 2974 3099 2997 Γ---
3147 2974 3484 2980 ___--_-__-
3542 2974 3592 2981 _-

250 2975 1810 3088 me}?
1839 3002 1896 3039 ω
1937 3078 1970 3088 Α
2006 3020 2138 3074 bros
2210 3018 2627 3088 Soliloquiorum
2684 3032 2753 3069 ex
2790 3016 2988 3069 eadem
3063 3013 3291 3069 ofﬁcina
3333 3014 3592 3069 emissos.

185 3066 579 3139 compluribus
608 3066 861 3137 antiquis
891 3066 1302 3135 opusculorum
1342 3070 1650 3141 Augustini
1697 3073 1895 3128 collec-
1932 3078 1971 3134 C

184 3156 446 3210 tionibus
472 3154 730 3226 primum
761 3155 877 3209 fere
908 3155 1097 3210 locum
1121 3162 1418 3227 occupant,
1451 3159 1519 3212 de
1564 3161 1774 3230 quibus
1806 3162 1899 3217 in-

185 3246 268 3301 fra
326 3244 432 3300 ﬁet
480 3244 719 3299 mentio.
775 3243 982 3299 Gallice
1031 3246 1290 3300 conversi
1349 3250 1481 3301 sunt
1524 3248 1688 3319 juxta
1728 3252 1900 3307 Bene-

186 3334 544 3389 dictinorum
577 3332 893 3387 editionem
925 3349 957 3387 a
1006 3334 1333 3400 Villefortio.

262 3422 423 3475 1703.
477 3420 659 3487 Paris,
699 3418 827 3473 chez
869 3421 985 3474 Elie
1013 3422 1205 3487 Josset;
1252 3424 1423 3477 in-l2.
1468 3424 1602 3478 «Les
1632 3425 1802 3480 livres
1830 3426 1900 3481 de

187 3508 274 3565 St.
321 3508 616 3579 Augustin
659 3511 855 3562 contra
911 3509 992 3563 les
1042 3509 1410 3581 philosophes
1465 3513 1898 3581 académiciens,

190 3612 325 3651 avec
367 3597 423 3651 le
470 3595 657 3651 Traité
710 3597 779 3651 de
810 3597 863 3651 la
906 3599 1073 3669 greco
1105 3602 1163 3652 et
1193 3599 1263 3653 de
1287 3599 1342 3653 la
1399 3600 1621 3667 liberté,
1658 3603 1902 3657 traduits

191 3702 263 3740 en
312 3685 579 3753 Francais
615 3701 713 3739 sur
767 3686 1023 3740 l’édition
1068 3686 1165 3741 des
1208 3688 1315 3742 PP.
1370 3689 1748 3760 Bénédictins,
1797 3708 1903 3763 par

190 3775 259 3830 l.
311 3773 590 3828 V'illeford
672 3790 746 3829 on
808 3774 1083 3830 Villefort.
1141 3796 1169 3827 ››
1214 3778 1331 3834 Cat.
1382 3778 1506 3833 Bibl
1561 3782 1691 3847 Reg.
1740 3782 1902 3835 Jour-

191 3866 285 3919 nal
315 3863 409 3918 des
436 3864 669 3929 Savans,
698 3866 855 3932 1703,
888 3881 947 3935 p.
972 3867 1097 3920 221.

620 3972 692 4025 Π.
725 4000 795 4012 -
817 3972 884 4041 (3)
915 3975 990 4027 De
1010 3973 1211 4028 Ordine
1232 3974 1363 4028 libri
1381 3974 1507 4029 duo.

263 4075 466 4130 Latino
490 4090 809 4146 numquam
853 4077 1085 4132 seorsim
1133 4078 1324 4133 excusi
1364 4083 1516 4146 sunt,
1558 4081 1655 4135 sed
1700 4083 1903 4138 Gallice

193 4179 286 4217 eos
345 4163 630 4218 convertit
683 4165 1025 4231 Villefortius
1071 4182 1188 4221 una
1229 4183 1359 4223 cum
1414 4168 1574 4223 libris
1624 4171 1689 4225 de
1736 4172 1901 4227 libero

192 4252 445 4306 Arbitrio
480 4255 533 4306 et
575 4252 641 4306 de
688 4253 961 4308 Doctrina
1012 4253 1351 4323 Christiana,
1402 4257 1472 4312 de
1520 4258 1729 4329 quibus
1784 4260 1901 4315 suis

194 4340 354 4395 locis.
1502 4381 1515 4388 -

501 4414 595 4467 III.
627 4442 699 4454 —
730 4415 803 4485 (4)
826 4415 1243 4484 Soliloquiorum
1273 4416 1403 4471 libri
1431 4418 1562 4473 duo.

266 4520 487 4574 Horum
517 4535 692 4574 unam
723 4522 1121 4577 tantummodo
1172 4538 1414 4595 eamque
1460 4524 1901 4581 vetustissimam

193 4606 511 4663 editionem
544 4608 802 4664 Latinam
849 4610 1103 4680 reperire
1154 4612 1470 4682 potuimus.
1528 4614 1672 4667 Nam
1718 4615 1902 4684 plera-

194 4712 307 4767 que
333 4696 510 4767 hujus
541 4697 793 4752 nominis
821 4698 972 4753 edita
1002 4699 1074 4754 ad
1103 4700 1298 4770 spuria
1326 4700 1618 4772 pertinent
1656 4706 1713 4756 et
1752 4702 1902 4757 infra

195 4785 416 4839 anobis
444 4788 1067 4842 commemorabuntur.
1110 4790 1264 4843 Hanc
1303 4806 1437 4844 vero
1473 4791 1685 4862 accipe.

266 4874 395 4929 Sine
423 4889 588 4939 anno,
622 4876 731 4929 loco
760 4880 809 4929 et
829 4880 1043 4945 typogr.
1063 4892 1076 4941 ;
1100 4878 1291 4943 in-fol.
1320 4877 1374 4932 S.
1413 4878 1720 4950 Augustini
1755 4878 1899 4934 Soli-

193 4961 526 5032 loquiorum
554 4962 688 5016 libri
716 4963 849 5019 duo.

264 5050 548 5105 Volumen
597 5056 682 5106 est
717 5051 989 5108 foliorum
1017 5056 1107 5121 23,
1142 5053 1307 5109 lineis
1336 5054 1463 5109 latis
1506 5058 1573 5112 35
1605 5073 1711 5127 per
1746 5056 1903 5129 pagi-

194 5154 328 5193 nam
368 5138 739 5209 impressum.
789 5141 1090 5196 Exorditur
1134 5142 1365 5197 verbis:
1416 5145 1635 5199 Aurelii
1672 5145 1901 5213 Augus-

195 5231 298 5283 tini
323 5230 566 5298 episcopi
589 5219 902 5299 Ipponensis
946 5233 1142 5301 incipit
1188 5230 1553 5302 Soliloquium
1602 5234 1739 5288 liber
1776 5236 1899 5303 pri-

194 5333 310 5372 mus
338 5319 594 5384 feliciter.
629 5318 962 5390 Similiaque
995 5320 1172 5375 habes
1201 5321 1263 5376 in
1288 5321 1474 5376 fronte
1504 5322 1635 5376 libri
1665 5322 1899 5377 secundi

198 5405 329 5461 folio
366 5411 448 5461 11.
487 5407 552 5461 In
579 5406 693 5462 ﬁne
718 5407 892 5478 primi
922 5425 937 5462 :
975 5410 1194 5465 Aurelii
1223 5415 1351 5478 etc.,
1403 5412 1647 5481 eaplicit.
1701 5414 1803 5466 Ast
1836 5412 1897 5466 in

227 5560 285 5625 μ’
306 5547 611 5625 _Numerus
641 5547 868 5625 uncinis
916 5548 1170 5607 inclusus
1205 5552 1305 5625 qui
1344 5551 1717 5623 pramittitur
1738 5552 1899 5625 “huic

202 5618 362 5672 titulo
440 5619 946 5693 sequentibusque.
1010 5618 1314 5695 respondet
1344 5618 1600 5678 'numero
1655 5623 1896 5679 ordinati

2010 573 2168 627 nulla
2192 589 2421 644 prorsus
2452 574 2697 627 formula
2735 578 2941 627 exstat.
2994 573 3216 627 Littera
3261 577 3393 626 sunt
3437 572 3710 635 Gothica,

2012 662 2207 716 breves
2241 667 2298 717 et
2346 662 2609 733 pingues,
2668 678 2815 733 qua,
2862 662 2994 716 licet
3043 662 3239 716 multa
3277 661 3584 715 verborum
3615 660 3709 714 ab-

2010 750 2348 805 breviatura
2390 768 2453 805 ac
2508 750 2824 805 litterarum
2870 755 3017 805 nota
3055 750 3168 804 sint
3225 750 3517 821 inspersa,
3576 765 3711 803 ocu-

2013 838 2079 892 lis
2100 844 2293 893 tamen
2332 855 2697 911 nequaquam
2740 838 2982 910 ingrata
3022 838 3304 892 accidunt.
3340 837 3426 891 Ad
3460 837 3711 891 Gunthe-

2011 945 2131 982 rum
2180 931 2393 993 Zainer,
2429 927 2845 999 typographum
2879 931 3294 997 Augustanum,
3329 926 3429 996 qui
3461 926 3530 979 ab
3560 940 3712 979 anno

2014 1016 2147 1071 inde
2182 1019 2312 1071 1468
2344 1017 2541 1071 decem
2574 1017 2686 1070 fere
2720 1032 2822 1085 per
2853 1032 3029 1069 annos
3074 1015 3287 1069 ibidem
3319 1014 3473 1068 libris
3506 1012 3710 1083 impri-

2010 1105 2234 1160 mendis
2285 1120 2519 1175 operam
2572 1104 2819 1165 navavit,
2880 1102 3080 1158 referri
3138 1104 3296 1157 solet.
3346 1104 3508 1155 Certe
3557 1101 3709 1154 inter

2009 1195 2175 1264 plura
2212 1210 2340 1247 cum
2390 1192 2708 1263 Augustini,
2760 1196 2880 1245 tum
2940 1191 3185 1244 aliorum
3240 1190 3511 1261 opuscula
3554 1188 3709 1243 hisce

2008 1282 2167 1337 libris
2218 1282 2389 1352 plane
2432 1280 2767 1347 conformia,
2799 1296 2904 1334 nec
2932 1295 3060 1333 raro
3097 1295 3210 1333 uno
3255 1278 3544 1332 volumine
3577 1293 3707 1332 cum

2008 1372 2213 1426 iisdem
2241 1372 2677 1443 comprehensa,
2706 1386 2834 1441 qua
2862 1370 3097 1440 quidem
3122 1367 3422 1422 manifesto
3451 1383 3508 1421 se
3538 1365 3706 1419 unius

2009 1461 2380 1531 ejusdemque
2430 1460 2664 1514 familia
2717 1476 2836 1513 esse
2884 1459 3248 1529 proﬁtentur,
3307 1472 3421 1510 una
3469 1454 3713 1510 occurrit

2012 1550 2221 1603 Thema
2264 1565 2299 1603 a
2346 1551 2563 1618 Kempis
2603 1549 2667 1603 de
2719 1549 3033 1601 Imitatione
3076 1546 3281 1602 Christi
3346 1542 3519 1599 editio
3580 1557 3709 1596 cum

2007 1636 2423 1707 subscriptione
2470 1652 2484 1690 :
2533 1652 2633 1706 per
2672 1637 2967 1690 Gintheum
3016 1634 3127 1704 (sic)
3172 1642 3358 1687 zainer
3389 1649 3457 1686 ea:
3492 1632 3713 1686 reutlin-

2006 1743 2107 1794 gen
2122 1728 2403 1795 pgenitum
2434 1726 2629 1779 litteris
2663 1726 2917 1793 impressi
2954 1724 3164 1791 ahenis,
3201 1722 3353 1776 unde
3392 1721 3462 1775 de
3494 1719 3713 1775 cateris

1975 1816 2394 1885 conjecturam
2426 1814 2580 1869 haud
2622 1812 3061 1878 improbabilem
3110 1810 3219 1864 viri
3266 1809 3325 1864 in
3373 1808 3461 1863 his
3503 1807 3708 1862 litteris

2004 1902 2456 1959 exercitatissimi
2501 1900 2755 1973 capiunt.
2807 1901 2967 1964 Vide,
3020 1916 3163 1971 quos
3216 1898 3571 1953 laudavimus
3614 1912 3709 1951 oc-

2005 1993 2233 2047 casione
2270 1992 2546 2045 similium
2599 1990 2981 2062 quorumdam
3031 1986 3358 2059 Hieronymi
3409 1985 3711 2057 opusculo-

2002 2099 2133 2137 rum
2165 2086 2305 2137 tom.
2340 2082 2383 2146 Ι,
2415 2097 2473 2150 p.
2500 2082 2625 2135 488.
2660 2081 2851 2149 Nuper
2882 2079 3055 2133 etiam
3086 2078 3157 2134 cl.
3199 2078 3473 2132 Braunius
3499 2078 3555 2130 in
3584 2076 3707 2130 Not.

2004 2173 2071 2225 Η.
2123 2172 2232 2226 Lit.
2295 2170 2494 2241 (1788),
2534 2184 2597 2239 p.
2663 2170 2752 2234 38,
2806 2167 2953 2221 hanc
3004 2166 3314 2222 editionem
3366 2162 3708 2229 retractavit,

2214 2278 2324 2330 IV.
2355 2305 2427 2317 —
2457 2276 2530 2346 (7)
2562 2274 2642 2329 De
2671 2275 2915 2329 Moribus
2936 2274 3182 2328 Ecclesia
3201 2272 3493 2326 catholica.

2076 2372 2255 2443 Hujus
2301 2373 2421 2427 dua
2446 2374 2671 2426 exstant
2698 2372 2965 2424 versiones
2997 2371 3226 2424 Gallica
3268 2368 3475 2423 iisdem
3516 2370 3709 2421 aucto-

2004 2461 2183 2527 ribus,
2242 2460 2338 2531 qui
2389 2459 2601 2515 librum
2644 2459 2709 2512 de
2764 2474 2893 2513 vera
2940 2460 3212 2526 Religione
3274 2456 3706 2522 transtulerunt,

2008 2565 2181 2622 quem
2208 2549 2434 2605 videsis.

2376 2657 2441 2711 V.
2465 2683 2532 2697 -—
2564 2654 2637 2725 (9)
2672 2656 2753 2708 De
2782 2656 3098 2722 Quantitate
3119 2656 3332 2708 anima.

2077 2757 2205 2811 Sine
2226 2769 2390 2819 anno,
2422 2755 2531 2808 loco
2559 2757 2611 2806 et
2640 2756 2883 2822 typogr.:
2912 2752 3087 2817 in-fol.
3112 2751 3166 2806 S.
3222 2750 3529 2822 Augustini
3560 2750 3707 2806 liber
3756 2804 3767 2819 ι

2005 2844 2074 2898 de
2104 2842 2429 2908 Quantitate
2476 2840 2703 2895 anima'
2740 2859 2767 2890 ‹‹
2796 2841 2873 2893 De
2906 2840 3232 2892 charactere
3278 2838 3553 2908 omnique
3602 2839 3711 2892 hu-

2000 2932 2097 3002 jus
2144 2930 2451 2985 voluminis
2499 2928 2881 2998 descriptione
2932 2927 3100 2997 plura
3143 2926 3486 2980 disseremus
3540 2927 3609 2981 ad
3651 2926 3713 2980 li-

3646 3016 3712 3069 In

2008 3107 2280 3178 prasenti
2320 3105 2645 3161 notabimus
2689 3104 3108 3166 tantummodo,
3161 3108 3417 3157 constare
3456 3103 3595 3157 illud
3628 3103 3712 3158 fo-

2009 3195 2100 3251 liis
2117 3198 2206 3262 29,
2240 3212 2303 3249 ac
2339 3195 2680 3266 plerumque
2706 3208 2837 3247 cum
2873 3208 2990 3245 uno
3027 3192 3115 3245 vel
3162 3190 3424 3261 pluribus
3454 3191 3712 3263 ejusdem

2009 3284 2235 3357 generis
2289 3282 2581 3353 impressis
2637 3286 2999 3351 compactum
3054 3280 3320 3346 inveniri,
3386 3280 3447 3335 in
3505 3280 3714 3352 quibus

2010 3372 2309 3444 inaqualis
2352 3372 2568 3442 pariter
2606 3370 2872 3424 foliorum
2917 3385 3193 3423 numerus
3242 3369 3711 3440 deprehenditur.

2011 3464 2087 3517 Ex
2126 3478 2241 3533 quo
2283 3461 2561 3533 sequitur,
2599 3459 2896 3514 manifeste
2951 3459 3124 3513 fuisse
3182 3476 3251 3515 ea
3279 3459 3476 3514 omnia
3522 3458 3713 3513 conti-

2008 3567 2125 3606 nuo
2176 3567 2241 3604 ac
2290 3566 2404 3604 una
2456 3550 2601 3603 serie
2648 3564 2872 3603 excusa.
2909 3567 2937 3599 »
2965 3548 3055 3603 Sic
3100 3548 3253 3619 apud
3302 3550 3603 3603 Braunium
3649 3545 3710 3602 in

2009 3642 2179 3696 Notit.
2212 3641 2354 3694 Hist.
2395 3640 2504 3693 Lit.
2563 3654 2622 3708 p.
2670 3640 2782 3693 38:
2841 3637 3098 3691 adharet
3136 3636 3221 3691 illi
3271 3636 3560 3707 Speculum
3600 3652 3717 3706 pec-

2009 3731 2246 3795 catoris;
2280 3728 2340 3782 in
2385 3730 2579 3781 nostro
2623 3726 2937 3797 exemplari
2986 3732 3280 3797 compacta
3329 3730 3463 3779 sunt
3517 3726 3713 3781 Solilo-

2010 3822 2262 3887 quiorum
2291 3816 2421 3871 libri
2460 3817 2573 3871 duo
2611 3817 2896 3886 Speculum
2939 3818 3260 3885 peccatoris,
3291 3815 3356 3868 de
3396 3816 3715 3881 Quantitate

2010 3909 2206 3962 anima
2225 3910 2282 3961 et
2330 3904 2715 3975 Soliloquium
2761 3904 2827 3957 de
2866 3906 3017 3958 Arra
3057 3906 3272 3958 animae.
3317 3903 3621 3957 Exorditur
3653 3902 3712 3956 in

2010 4010 2236 4049 summa
2272 3994 2484 4064 pagina
2522 3994 2728 4047 titulo:
2768 3993 2985 4047 Aurelii
3019 3994 3323 4058 Augustini
3351 3993 3713 4060 Hipponensis

2010 4084 2252 4153 episcopi
2280 4083 2415 4137 liber
2446 4083 2511 4135 de
2539 4073 2624 4137 αἵθ
2661 4082 2968 4151 quantitate
3018 4082 3213 4148 incipit
3254 4080 3500 4145 feliciter.
3560 4079 3711 4132 Desi-

2010 4171 2098 4226 nit
2138 4172 2199 4226 in
2254 4176 2505 4225 extrema
2557 4169 2681 4224 folii
2731 4168 2966 4222 ultimi:
3020 4168 3266 4237 Eaplicit
3312 4167 3447 4221 liber
3498 4168 3714 4221 Aurelii

2010 4261 2313 4327 Augustini
2341 4260 2407 4313 de
2427 4261 2604 4313 anime
2624 4259 2947 4327 quantitate.

1933 4371 1977 4427 ι)
2080 4346 2480 4418 Augustiniani
2523 4346 2695 4416 hujus
2726 4345 2858 4399 libri
2898 4344 3207 4400 artiﬁcium
3247 4360 3596 4417 omnemque
3626 4346 3712 4400 in-

2011 4438 2202 4493 dolem
2273 4437 2382 4490 late
2447 4434 2749 4507 explicavit
2796 4438 2851 4488 et
2907 4433 3384 4488 commentarium
3430 4432 3593 4505 quasi
3649 4432 3713 4487 in

2010 4526 2278 4582 eumdem
2325 4524 2617 4580 contexuit
2670 4524 2776 4579 sub
2826 4529 3144 4578 extremum
3192 4522 3386 4577 saculi
3434 4521 3712 4592 prateriti

2010 4617 2183 4671 homo
2206 4616 2405 4670 doctus
2434 4613 2657 4668 Siculus
2686 4613 2747 4666 in
2791 4628 2965 4683 opere
3004 4612 3265 4684 sequenti
3300 4628 3312 4665 :
3353 4612 3567 4666 Anima
3609 4611 3710 4664 hu-

2009 4720 2183 4759 mana
2201 4708 2404 4757 natura
2440 4701 2509 4756 ab
2539 4702 2847 4770 Augustino
2886 4701 3092 4755 detecta
3128 4703 3188 4755 in
3216 4701 3372 4755 libris
3418 4701 3484 4754 de
3516 4700 3711 4754 anima

2010 4778 2348 4857 Quantitate,
2379 4790 2581 4844 decimo
2619 4789 2685 4842 de
2738 4790 3007 4843 Trinitate
3047 4794 3099 4843 et
3127 4789 3193 4842 de
3221 4791 3416 4842 anima
3433 4787 3711 4840 Immorta-

2012 4880 2167 4934 litate
2214 4882 2511 4948 exponente
2574 4877 2843 4932 Michaele
2891 4878 3109 4948 Angelo
3171 4875 3443 4940 Fardella,
3495 4873 3709 4941 Drepa-

2009 4970 2180 5029 nensi,
2225 4968 2389 5023 S.Th.
2449 4970 2509 5022 D.
2550 4970 2602 5020 et
2631 4968 2688 5019 in
2732 4968 2995 5020 Patavina
3057 4967 3225 5033 Lyceo
3277 4962 3614 5018 astronomia
3662 4966 3713 5015 et

2010 5061 2297 5111 meteorum
2340 5057 2663 5125 professore,
2706 5055 3124 5109 eminentissimo
3163 5053 3389 5107 Henrico
3418 5049 3484 5104 de
3522 5050 3710 5118 Naris,

2008 5146 2065 5201 S.
2135 5147 2199 5201 Β.
2250 5148 2313 5200 Ε.
2367 5144 2645 5199 cardinali
2689 5147 3017 5198 consecrata.
3076 5138 3333 5207 Venetiis,
3404 5139 3708 5208 sumptibus

2009 5234 2325 5302 Hieronymi
2346 5233 2592 5288 Albricci
2622 5234 2796 5297 1698;
2851 5230 3031 5297 in-fol.
3082 5228 3255 5297 Cujus
3304 5232 3710 5297 argumentum

2008 5320 2329 5392 expositum
2378 5326 2465 5376 est
2504 5319 2565 5374 in
2592 5321 2749 5375 Actis
2804 5318 3022 5375 Erudit.
3071 5317 3263 5386 Suppl.
3310 5318 3406 5384 III,
3458 5334 3518 5389 p.
3574 5318 3707 5373 302-

2010 5412 2133 5466 307.
2180 5408 2535 5467 Contractius
2606 5408 2851 5463 habetur
2895 5406 2954 5459 in
2999 5406 3076 5461 M.
3124 5406 3266 5461 Bibl.
3319 5408 3519 5463 Eccles.
3571 5406 3711 5464 Colo-

2005 5568 2179 5625 guem
2208 5553 2448 5624 adeptus
2500 5555 2586 5606 est
2633 5549 2877 5625 quisque
2924 5545 3069 5602 liber
3124 5546 3185 5602 in
3238 5551 3497 5617 catalogo
3535 5562 3708 5617 supra

2004 5623 2200 5679 habito
2232 5623 2336 5679 col.
2372 5625 2438 5678 ⁸24
2470 5626 2525 5677 et
2559 5636 2717 5691 seqq.
2752 5623 2907 5673 Εοιτ.
