4044 6190
334 286 428 337 127
1355 285 1912 345 SUPPLEMENTUM
1952 289 2042 345 AD
2079 288 2314 345 OPERA
2351 289 2406 343 S.
2447 286 2833 344 AUGUSTINI.

3741 285 3840 337 128

327 407 524 473 niensi,
553 422 612 476 p.
643 410 749 463 729
780 425 864 480 sq.
898 410 1024 480 Ipse
1049 411 1243 464 auctor
1281 409 1468 464 denuo
1488 409 1675 465 ideam
1697 413 1886 484 operis
1933 412 2023 468 sui
2055 414 2099 469 A
2138 411 2346 479 dendi;
2405 411 2661 483 ejusdem
2715 410 2940 465 libellus
2982 409 3051 464 de
3105 406 3531 464 Catechizandis
3574 406 3837 462 rudibus.

329 494 636 550 delineavit
699 497 939 569 epistola
1004 497 1216 552 inserta
1264 499 1456 552 Diario
1505 501 1716 569 Italico,
1771 501 2030 557 Giornale

330 584 392 637 di
433 586 675 640 Minerva
702 587 762 640 T.
793 587 869 640 III
897 590 1046 657 part.
1076 605 1114 653 ι,
1145 602 1203 657 p.
1236 589 1325 652 29,
1363 590 1598 644 Venetiis
1629 591 1780 660 apud
1807 592 2027 646 Albric-

332 674 475 727 cium
510 676 665 740 1708,
696 676 910 741 in-fol.,
942 675 1048 728 hoc
1089 674 1256 730 titulo
1291 678 1554 733 :Lette-ra
1574 680 1628 732 al
1650 681 2031 735 Illustrissimo

346 761 413 814 ed
454 762 837 816 Eruditissimo
875 763 989 829 Sig.
1034 765 1276 818 Antonio
1299 767 1702 835 Magliabecchi,
1736 768 2031 823 Bibliothe-

348 853 496 904 cario
527 851 612 904 del
635 851 988 905 Serenissimo
1018 854 1174 907 Gran
1204 856 1358 908 Duca
1393 855 1454 908 di
1484 857 1743 924 Toscana,
1784 859 1843 910 in
1870 861 1960 912 cui
1983 860 2034 912 si

336 941 571 993 contienc
602 937 964 1006 l’argomento,
999 956 1025 994 e
1061 941 1224 995 l’idea
1267 942 1413 998 della
1437 959 1539 998 sua
1584 961 1746 1014 opera
1787 944 1886 1013 gid
1941 947 2033 1001 ul-

361 1026 666 1078 timamente
703 1031 977 1094 stampata
1005 1029 1085 1081 col
1112 1029 1280 1096 titolo,
1313 1029 1525 1085 Animae
1552 1031 1798 1087 humanae
1833 1038 2035 1088 natura

338 1113 406 1168 ab
455 1115 764 1180 Augustino
808 1115 1032 1183 detecta,
1089 1121 1219 1183 etc.,
1269 1122 1511 1173 testante
1555 1121 1792 1175 Antonio
1829 1124 2036 1191 Mongi-

341 1207 455 1258 tore
478 1201 536 1256 in
557 1203 697 1257 Bibl.
733 1203 915 1258 Sicula
944 1205 1004 1258 T.
1042 1205 1112 1273 ll,
1142 1222 1200 1276 p.
1232 1211 1294 1260 71
1343 1205 1438 1276 (a).

591 1294 678 1345 VI
696 1333 708 1344 .
749 1323 815 1331 —
849 1291 956 1363 (10)
993 1294 1073 1348 De
1101 1295 1265 1350 libero
1285 1296 1535 1352 Arbitrio
1556 1298 1648 1352 lib.
1675 1303 1800 1354 tres.

420 1381 570 1434 1524.
629 1381 874 1448 Basileae,
929 1384 1082 1436 iri-8°
1130 1385 1191 1439 D.
1241 1386 1546 1455 Augustini
1594 1388 1664 1442 de
1705 1389 1885 1444 libero
1941 1392 2039 1444 Ar-

345 1467 588 1523 bitriol.
629 1470 729 1523 III.
776 1469 858 1524 Ad
908 1470 1078 1525 ﬁdem
1115 1473 1231 1528 Cat.
1267 1475 1408 1529 Bibl.
1462 1476 1693 1546 Traject.
1755 1495 1812 1549 p.
1870 1495 1929 1546 ιι,
1979 1495 2037 1550 p.

344 1561 433 1623 59,
466 1557 698 1612 laudant
739 1559 1120 1616 Colonienses.

419 1649 575 1702 1568.
645 1649 872 1704 Colonia;
925 1652 1094 1704 in-12.
1148 1651 1328 1706 Iidem
1383 1653 1513 1708 libri
1595 1655 1655 1709 in
1731 1655 2044 1710 Enchiridii

345 1737 592 1792 formam
631 1737 862 1793 redacti.
907 1739 1172 1808 Ejusdem
1199 1741 1267 1794 de
1301 1743 1808 1799 Prsedestinatione
1835 1750 1890 1799 et
1911 1747 2044 1801 Gra-

349 1825 430 1879 tia
476 1825 623 1880 liber
672 1842 840 1882 unus.
902 1828 1159 1883 Laudant
1214 1832 1530 1887 Posseuinus
1590 1834 1738 1904 App.
1797 1849 1857 1905 p.
1921 1837 2042 1901 154,

353 1913 652 1968 Hendreich
680 1916 856 1971 Pand.
889 1917 1125 1972 Brandb.
1157 1935 1215 1989 p.
1273 1922 1395 1974 341.
1450 1922 1529 1976 Cf.
1575 1923 1675 1977 lib.
1730 1923 1796 1978 de
1825 1925 2043 1977 Gratia.

424 2001 632 2057 Gallice
660 2003 908 2059 reddidit
941 2007 1285 2074 Villefortius
1315 2025 1446 2064 cum
1484 2010 1643 2065 libris
1681 2012 1746 2066 de
1796 2014 2050 2067 Doctrina

352 2089 696 2146 Christiana.

743 2183 882 2237 VII.
910 2210 976 2221 —
1009 2183 1116 2255 (13)
1146 2184 1229 2239 De
1256 2201 1385 2240 vera
1405 2188 1696 2255 Religione.

430 2268 790 2340 Singularem
835 2272 1007 2343 hujus
1033 2273 1166 2328 libri
1209 2275 1517 2330 editionem
1577 2280 1833 2346 Venetiis,
1893 2279 2049 2348 1484,

358 2360 418 2412 in
442 2361 502 2412 4ο
531 2375 833 2430 procusam
876 2362 1112 2417 laudant
1149 2363 1552 2436 Colonienses;
1593 2366 1691 2421 sed
1720 2383 2046 2438 perperam.

355 2448 499 2503 Nam
529 2465 700 2520 quam
731 2449 815 2504 illi
834 2450 1097 2521 viderint,
1146 2468 1213 2507 ea
1243 2453 1386 2508 nihil
1415 2455 1662 2526 amplius
1711 2457 1839 2524 fuit,
1878 2473 2051 2528 quam

357 2536 642 2608 particula
701 2543 757 2593 et
800 2539 1034 2610 quidem
1075 2546 1349 2609 extrema,
1392 2544 1781 2613 Opusculorum
1836 2545 2050 2600 ibidem

358 2626 676 2694 editorum;
705 2629 858 2684 unde
887 2645 957 2684 ex
984 2629 1400 2703 subscriptione
1425 2633 1495 2689 ad
1524 2634 1736 2690 calcem
1759 2636 2052 2707 proposita

353 2715 560 2771 licebat
584 2717 870 2774 hariolari.

1071 2810 1368 2867 Versiones.

427 2897 574 2950 Duas
639 2894 795 2950 illius
847 2899 1118 2952 versiones
1173 2900 1416 2954 Gallicas
1463 2899 1586 2972 jam
1642 2917 1816 2974 supra
1868 2901 2053 2958 obiter

354 2985 943 3040 commemoravimus.
977 2987 1241 3042 Prodiere
1273 2993 1485 3044 autem.

432 3074 588 3141 1647,
622 3074 810 3140 Paris,
832 3076 957 3129 chez
979 3076 1182 3132 Anton.
1218 3078 1401 3145 Vitre,
1456 3080 1515 3133 in
1540 3081 1602 3134 8°
1633 3100 1656 3130 ι
1692 3080 1764 3135 Le
1793 3079 1932 3134 livre
1983 3079 2054 3135 de

354 3159 415 3214 S.
469 3160 774 3231 Augustin.
848 3165 926 3216 De
992 3164 1048 3217 la
1083 3163 1356 3219 véritable
1405 3165 1668 3237 religion,
1717 3166 1934 3222 traduit
1981 3183 2052 3220 en

355 3247 600 3317 froncois
646 3264 780 3304 avec
831 3251 883 3304 le
932 3251 1073 3306 latin
1116 3253 1384 3308 ensuite:
1441 3269 1613 3310 reveu
1663 3259 2049 3322 exactement;

355 3353 462 3408 par
497 3339 738 3392 Antoine
765 3340 1039 3407 Arnauld,
1064 3341 1298 3396 docteur
1342 3343 1411 3398 de
1458 3343 1823 3401 Sorbonne.»
1871 3344 2052 3414 Repe-

357 3425 464 3481 tita
492 3430 578 3481 est
622 3429 898 3483 Brumellis
946 3432 1100 3484 1675.
1150 3431 1572 3503 Theologorum
1620 3431 2055 3488 Lovaniensium

358 3531 578 3571 errores
625 3532 659 3570 a
706 3533 765 3570 se
820 3517 1147 3574 observatos
1195 3521 1588 3594 antiquiorum
1636 3522 1956 3578 editionum
2003 3527 2058 3577 et

360 3604 586 3676 aliquot
610 3621 746 3662 mss.
780 3607 1040 3663 codicum
1084 3625 1194 3680 ope
1241 3611 1571 3666 emendasse
1615 3611 1677 3666 in
1719 3611 2055 3683 praefatione

353 3694 642 3766 professus
691 3699 792 3751 est.
834 3697 957 3752 Vid.
1013 3700 1218 3766 Magna
1255 3700 1401 3755 Bibl.
1437 3702 1614 3757 Colon.
1658 3705 1715 3756 et
1768 3702 1902 3756 Ant.
1941 3704 2058 3756 Ar-

353 3785 573 3840 naldus.
606 3786 812 3842 Iterata
859 3787 980 3842 vice
1022 3789 1237 3860 prodiit
1284 3807 1334 3844 a.
1395 3793 1532 3845 1652
1579 3794 1634 3846 et
1671 3794 1822 3846 1657.
1859 3791 2056 3846 Nescio

354 3891 512 3945 vero,
553 3874 652 3946 qui
686 3875 830 3931 liber
870 3876 1032 3946 prior
1069 3876 1144 3931 sit
1171 3877 1230 3930 in
1281 3879 1590 3948 volumine,
1630 3880 1798 3950 quive
1862 3884 2054 3951 poste-

356 3963 495 4020 rior.
528 3966 778 4036 Utroque
828 3964 984 4021 enim
1019 3966 1187 4020 modo
1227 3967 1516 4038 profertur
1543 3984 1576 4022 a
1618 3968 2052 4040 bibliographis.

434 4054 590 4108 1690.
653 4054 832 4122 Paris,
919 4055 1044 4109 chez
1118 4070 1288 4111 veuve
1351 4058 1696 4127 Jean-Bapt.
1747 4057 2055 4126 Coignard;

364 4145 424 4197 in
452 4144 526 4197 8°.
561 4160 588 4193 ‹‹
625 4142 727 4196 Les
757 4142 905 4196 deux
953 4143 1121 4198 livres
1157 4144 1226 4199 de
1271 4145 1349 4200 St.
1398 4145 1698 4216 Augustin,
1739 4147 1818 4200 De
1871 4147 1926 4199 la
1951 4147 2054 4199 vé-

358 4231 560 4286 ritable
593 4231 839 4303 religion
865 4236 923 4286 et
958 4232 1054 4286 des
1085 4249 1296 4288 maeurs
1331 4235 1400 4289 de
1430 4234 1655 4306 l’Eglise
1706 4234 2051 4306 catholique,

356 4319 604 4376 traduits
629 4299 972 4388 euvfrancois
993 4337 1092 4376 sur
1115 4322 1373 4376 l’édition
1417 4299 1594 4378 latine
1637 4323 1736 4378 des
1790 4325 1896 4379 PP.
1933 4299 2052 4378 -Βὲλ
2092 4299 2136 4354 D

358 4406 658 4474 nédictins,
690 4423 824 4462 avec
851 4408 950 4463 des
994 4414 1156 4463 notes
1195 4415 1251 4463 et
1303 4411 1402 4464 des
1459 4427 1758 4466 nouveaux
1783 4411 2055 4467 sommai-

361 4511 452 4551 res
478 4496 576 4550 des
605 4496 927 4566 chapitres:
959 4513 1065 4568 par
1115 4499 1375 4568 Philippe
1423 4500 1678 4554 Goibaud
1725 4501 1802 4556 du
1829 4501 1981 4556 Bois.
2031 4524 2051 4550 ι

725 4585 912 4642 VIII.
951 4617 1019 4628 --
1046 4587 1130 4642 De
1152 4587 1399 4645 Utilitate
1420 4589 1692 4645 credendi.

438 4676 595 4730 1602.
642 4676 1000 4743 Moguntiae...
1067 4677 1122 4732 S.
1163 4677 1471 4749 Augustini
1507 4679 1655 4734 liber
1699 4679 1768 4734 de
1807 4679 2058 4735 Utilitate

361 4764 628 4820 credendi
665 4767 734 4819 ad
785 4767 1164 4822 Honoratum.
1214 4767 1600 4840 Argumentis,
1676 4769 1826 4824 notis
1890 4774 2058 4843 atque

361 4854 580 4925 analysi
621 4853 936 4910 illustratus
967 4872 1001 4910 a
1046 4858 1198 4912 Iusto
1255 4858 1505 4913 Calvino.
1564 4859 1752 4934 Exstat
1795 4859 1858 4913 in
1915 4859 2060 4930 ejus-

359 4945 491 5000 dem
530 4943 635 5000 sub
667 4944 939 5000 ementito
983 4946 1216 5002 nomine
1239 4949 1386 5002 Iusti
1411 4950 1635 5003 Baronii
1684 4949 2058 5019 Prmscriptio—

361 5051 490 5089 num
509 5034 638 5089 adv.
677 5036 873 5090 Haeret.
911 5039 1094 5090 Tract.
1137 5053 1194 5091 a.
1233 5052 1288 5107 p.
1322 5038 1446 5091 423.
1487 5038 1549 5091 In
1570 5038 1703 5092 Cat.
1742 5039 1878 5094 Bibl.
1904 5038 2058 5094 Bodl.

363 5123 628 5178 eumdem
645 5124 854 5179 librum
885 5125 1180 5179 laudatum
1209 5124 1438 5179 invenio
1459 5142 1512 5181 a.
1549 5129 1704 5182 1605.

441 5215 594 5268 1680.
665 5215 917 5284 Lovanii,
968 5230 1068 5284 per
1126 5215 1346 5271 Hieron.
1405 5217 1727 5285 Nempeum;
1775 5217 1944 5271 in-12.
1998 5217 2061 5271 D.

365 5301 673 5374 Augustini
701 5302 846 5358 liber
874 5320 1023 5358 unus
1053 5305 1126 5360 ad
1168 5305 1543 5374 Honoratum,
1578 5305 1647 5361 de
1670 5305 1923 5360 Utilitate
1949 5321 2067 5360 cre-

443 5428 515 5499 (a)
572 5430 876 5483 Auctorem
921 5426 1088 5485 Bibl.'
1123 5429 1327 5486 Siculae
1373 5445 1493 5484 non
1549 5430 1686 5484 satis
1726 5429 1947 5484 curiose
1975 5428 2070 5484 in-

370 5499 555 5572 spexit
574 5501 775 5572 auctor
796 5499 968 5570 hujus
997 5502 1221 5557 articuli
1247 5502 1307 5556 in
1344 5501 1484 5556 Bibl.
1543 5501 1698 5556 Eccl.
1747 5502 2064 5558 Coloniensi.

371 5569 509 5628 dum
558 5569 843 5642 duplicem
878 5569 890 5570 ί
918 5573 1089 5642 hujus
1137 5573 1390 5644 epistolas
1441 5572 1769 5640 editionem,
1829 5572 2066 5647 alteram

2139 503 2252 560 Cat.
2279 501 2419 556 Bibl.
2452 503 2586 568 Reg.
2633 501 2814 566 Paris,

2352 591 2440 644 IX.
2474 621 2541 628 —
2571 588 2684 660 (19)
2717 589 2796 643 De
2823 589 3072 645 Sermone
3111 587 3328 640 Christi
3350 588 3409 640 in
3429 589 3622 642 monte.

2216 681 2370 734 1683.
2430 679 2612 746 Paris,
2669 679 2793 732 chez
2846 676 3032 731 Andre
3077 675 3342 741 Pralard;
3415 677 3578 729 in-12.
3641 673 3690 742 αξ
3750 675 3850 728 Les

2142 767 2589 823 Commentaires
2610 767 2677 821 de
2699 766 2754 821 S.
2777 765 3060 836 Augustin
3113 780 3212 818 sur
3257 763 3311 818 le
3360 764 3599 818 Sermon
3655 763 3724 816 de
3777 764 3845 816 N.

2141 857 2196 912 S.
2229 873 2326 910 sur
2356 857 2412 910 la
2452 860 2784 926 montagne,
2831 853 2930 925 qui
2968 852 3338 907 contiennent
3380 857 3568 906 toutes
3626 851 3706 905 les
3757 853 3850 905 τέ-

2142 947 2260 1019 gles
2291 945 2359 999 de
2412 945 2466 1000 1a
2510 944 2725 998 morale
2774 942 3123 1008 chrétienne,
3174 941 3415 996 traduits
3473 957 3546 995 en
3597 940 3854 1008 francois

2143 1051 2248 1108 par
2274 1037 2456 1090 Pierre
2476 1032 2744 1088 Lombert.
2773 1051 2801 1084 »
2831 1031 3027 1103 Capita
3056 1030 3284 1101 singula
3333 1029 3684 1100 argumentis
3715 1033 3857 1082 sunt

2145 1123 2440 1178 instructa.
2493 1122 2572 1177 Cf.
2643 1122 2884 1176 Journal
2929 1121 3020 1175 des
3079 1121 3289 1176 Savans
3342 1121 3495 1185 1683,
3556 1134 3612 1172 n.
3658 1117 3850 1174 XXIII.

2145 1230 2202 1286 p.
2233 1215 2358 1267 273.

2222 1304 2376 1358 1767.
2409 1303 2695 1367 Mantova,
2726 1302 2882 1354 in—8°
2916 1320 2939 1348 ι
2970 1299 2990 1353 l
3019 1298 3128 1353 due
3164 1297 3297 1352 libri
3352 1296 3410 1352 di
3444 1297 3500 1352 S.
3549 1295 3853 1368 Agostino,

2149 1407 2252 1463 per
2301 1390 2582 1462 ispiegare
2639 1389 2680 1444 i1
2722 1390 3147 1458 Ragionamento
3194 1387 3280 1442 del
3331 1386 3625 1442 Redentore
3667 1386 3716 1439 a’
3748 1387 3855 1440 Di-

2149 1480 2348 1549 scepoli
2375 1481 2460 1534 sul
2489 1481 2684 1546 Monte,
2726 1483 2860 1543 etc.,
2907 1477 3054 1531 trad.
3117 1476 3173 1529 in
3220 1476 3368 1543 Ital.,
3416 1491 3526 1529 con
3573 1479 3704 1528 note
3761 1473 3854 1528 del

2149 1570 2212 1624 P.
2241 1570 2505 1636 Agostino
2532 1568 2718 1626 Nicolo
2746 1566 2999 1622 Bianchi.
3037 1584 3062 1616 ι)
3098 1566 3215 1621 Cat.
3247 1565 3390 1619 Bibl.
3411 1565 3580 1618 Firm.

2225 1657 2395 1712 Plura
2448 1656 2518 1711 de
2574 1655 2664 1710 his
2720 1654 2881 1709 libris
2933 1653 3224 1724 disputare
3256 1654 3409 1709 Rich.
3457 1653 3758 1708 Simonium
3795 1651 3860 1706 in

2152 1745 2470 1817 Hist.;C'rit.
2520 1745 2974 1800 Commentat.N.
3029 1744 3090 1797 T.
3122 1757 3246 1813 cap.
3284 1746 3343 1797 17
3397 1745 3634 1796 monent
3686 1741 3857 1795 Colo-

2156 1835 2557 1901 nienses;non
2593 1833 2735 1887 item
2772 1832 2927 1887 Balii
2980 1835 3111 1884 sunt
3165 1830 3225 1884 in
3271 1830 3484 1884 librum
3538 1830 3857 1896 observata,

2158 1939 2288 1996 qua:
2317 1923 2490 1978 iidem
2516 1922 2753 1978 laudant
2781 1938 2850 1975 ex
2900 1919 3247 1974 Dictionario
3302 1919 3426 1990 ejus
3478 1935 3530 1974 v.
3561 1919 3859 1989 Septimius

2157 2013 2506 2082 Acindynos;
2541 2011 2638 2065 sed
2667 2010 2746 2065 ibi
2786 2009 3123 2082 simpliciter
3179 2009 3486 2079 exponitur
3529 2007 3856 2076 historiola,

2159 2118 2330 2176 quam
2363 2099 2678 2157 Constantii
2704 2098 3059 2170 temporibus
3087 2098 3403 2155 Antiochiae
3450 2098 3556 2152 sub
3608 2097 3862 2168 Acindy-

2159 2209 2232 2246 no
2287 2190 2556 2263 praefecto
2625 2187 2892 2244 accidisse
2938 2187 3288 2260 Augustinus
3348 2189 3541 2241 narrat
3606 2201 3730 2257 cap.
3791 2186 3863 2240 50

2159 2280 2260 2336 lib.
2287 2297 2326 2334 ι.

2229 2370 2308 2424 X.
2342 2399 2410 2409 —
2435 2368 2545 2438 (23,
2578 2370 2664 2428 24,
2689 2366 2778 2438 25)
2804 2366 3147 2434 Augustinus
3205 2367 3265 2419 in
3300 2365 3576 2435 Epistolas
3603 2365 3783 2419 Pauli.

2235 2460 2388 2514 1499.
2443 2459 2691 2524 Parisiis,
2730 2472 2831 2526 per
2873 2456 3061 2511 Udalr.
3093 2455 3296 2523 Hering
3355 2459 3404 2509 et
3456 2453 3646 2508 Berth.
3694 2455 3860 2508 Rem-

2161 2549 2288 2603 bolt.
2358 2569 2384 2596 n
2448 2546 2569 2601 Divi
2631 2543 2938 2616 Augustini
2991 2545 3050 2598 in
3117 2559 3303 2598 sacras
3365 2542 3528 2597 Pauli
3587 2540 3864 2612 Epistolas

2161 2653 2306 2692 nova
2358 2640 2416 2691 et
2451 2637 2726 2690 hactenus
2779 2632 3105 2689 abscondita
3137 2630 3534 2703 interpretatio
3567 2648 3580 2686 :
3621 2646 3726 2702 per
3773 2645 3869 2685 ve-

2161 2724 2476 2780 nerabilem
2505 2723 2707 2779 Bedam
2736 2739 2803 2776 ex
2834 2721 3154 2776 innumeris
3180 2721 3336 2775 illius
3394 2718 3682 2774 codicibus
3714 2717 3868 2772 mira

2161 2811 2446 2868 industria
2483 2825 2824 2881 summoque
2868 2810 3063 2864 labore
3119 2809 3374 2873 collecta,
3404 2806 3504 2862 ubi
3559 2805 3696 2878 quid
3742 2804 3864 2876 pri-

2163 2917 2323 2956 mum
2350 2898 2643 2954 ammirari
2665 2898 2890 2965 debeas,
2941 2913 3057 2951 non
3094 2895 3256 2951 facile
3306 2893 3588 2966 judicabis
3647 2909 3659 2948 :
3711 2893 3865 2947 divi-

2089 3007 2130 3063 ε
2161 3005 2372 3045 numve
2401 2986 2728 3060 interpretis
2766 2985 3062 3057 ingenium
3099 2999 3114 3038 :
3149 2987 3243 3038 aut
3301 2983 3654 3054 singularem
3698 2981 3867 3036 Beda:

2161 3080 2221 3134 in
2282 3076 2631 3149 excerpendo
2703 3074 2920 3146 pariter
2989 3078 3045 3127 et
3105 3072 3465 3144 expingendo
3524 3070 3865 3126 sollertiam.

2164 3169 2481 3237 Utcumque
2528 3163 2600 3218 sit
2652 3179 2665 3216 :
2713 3161 3027 3218 Abissalem
3079 3159 3162 3214 ibi
3217 3159 3534 3230 comperies
3583 3158 3866 3212 eruditio-

2162 3273 2314 3312 nem.
2361 3256 2536 3310 Porro
2580 3249 3039 3323 interpretationi
3088 3249 3343 3322 prmfatae
3391 3252 3610 3320 septem
3659 3263 3866 3302 aureas

2162 3342 2550 3417 Cbrysostomi
2597 3339 2834 3396 omelias
2889 3339 3178 3410 sapientes
3241 3338 3453 3393 addere
3518 3342 3865 3392 curaverunt

2161 3433 2551 3506 impressores:
2611 3430 2819 3502 quibus
2858 3427 3199 3484 clarissimas
3254 3427 3416 3483 Pauli
3447 3426 3663 3493 laudes,
3701 3426 3865 3481 dotes

2161 3528 2217 3578 et
2237 3521 2544 3594 ’praaconia
2587 3536 2761 3592 parvo
2809 3519 3023 3585 labore,
3067 3518 3165 3573 sed
3217 3533 3335 3572 non
3363 3515 3634 3572 mediocri
3672 3515 3863 3570 fructu

2161 3613 2325 3668 facile
2362 3609 2755 3682 deprehendet
2800 3611 2978 3663 lector
3029 3607 3336 3662 studiosus.
3370 3626 3397 3657 »
3453 3607 3580 3660 Haec
3630 3605 3862 3672 titulus;

2161 3702 2255 3756 cui
2284 3701 2518 3772 insuper
2554 3699 2779 3769 insigne
2830 3696 3294 3752 Bemboltianum
3340 3699 3397 3749 et
3425 3695 3784 3766 epigramma
3806 3693 3867 3748 in

2164 3792 2352 3864 operis
2379 3788 2935 3845 commendationem
2965 3787 3262 3858 impressa.
3297 3787 3361 3840 In
3393 3784 3508 3839 ﬁne
3557 3784 3867 3840 Commen-

2162 3881 2436 3937 tariorum
2465 3879 2528 3933 in
2555 3879 2656 3949 Ep.
2691 3877 2761 3931 ad
2793 3877 3084 3945 Hebraeos,
3121 3879 3251 3946 post
3302 3874 3618 3946 epilogum,
3676 3873 3868 3945 operis

2163 3983 2450 4025 summam
2489 3967 2700 4022 iterum
2750 3965 2937 4020 verbis
2973 3965 3449 4034 complectentem
3483 3980 3495 4017 :
3541 3965 3869 4032 Impressum

2163 4064 2240 4114 est
2265 4063 2445 4113 autem
2484 4069 2718 4126 praesens
2759 4069 2892 4124 opus
2940 4054 3015 4126 ad
3057 4054 3437 4123 omnipotentis
3495 4054 3594 4106 Dei
3636 4052 3873 4120 gloriam

2164 4152 2215 4203 et
2265 4149 2507 4217 ﬁdelium
2567 4145 2865 4199 salutarem
2924 4142 3282 4198 eruditionem
3321 4156 3487 4210 opera
3540 4145 3591 4194 et
3626 4143 3876 4209 impensa

2168 4238 2411 4294 Udalrici
2465 4236 2668 4303 Hering
2710 4237 2762 4287 et
2818 4233 3074 4304 magistri
3118 4229 3398 4286 Bertholdi
3428 4229 3665 4285 Rembolt
3693 4230 3874 4284 socio-

2165 4343 2306 4381 rum.
2339 4325 2640 4380 Parrhisiis
2689 4324 2748 4376 in
2787 4322 2909 4376 Sole
2951 4323 3136 4374 Aureo
3185 4321 3295 4374 vici
3351 4319 3652 4375 Sorbonici.
3711 4318 3876 4372 Anno

2163 4415 2567 4471 Incarnationis
2639 4412 2930 4466 Ilominicz
3021 4408 3504 4464 MCCCCXCIX.
3584 4408 3683 4462 Die
3749 4422 3878 4461 vero

2163 4505 2393 4560 XXVIII
2447 4497 2780 4560 Novembris.
2835 4498 3174 4553 Prascedunt
3229 4513 3362 4552 cum
3412 4495 3601 4552 indice
3669 4495 3876 4566 alpha-

2167 4590 2353 4646 betico
2401 4594 2596 4644 rerum
2647 4603 2711 4642 ac
2753 4586 3061 4641 verborum
3109 4585 3419 4639 admodum
3478 4584 3733 4655 copioso,
3776 4580 3880 4654 qui

2167 4696 2362 4735 aversa
2399 4677 2593 4733 statim
2630 4675 2785 4730 tituli
2824 4674 3038 4745 pagina
3076 4674 3296 4745 incipit,
3325 4672 3694 4744 praefationes
3723 4672 3878 4729 Gau-

2164 4770 2309 4837 fridi
2350 4766 2648 4823 Boussardi
2695 4765 3056 4832 theologorum
3099 4763 3333 4833 minimi,
3389 4763 3464 4818 ad
3514 4765 3734 4818 Petrum
3781 4763 3875 4816 Se-

2165 4857 2461 4914 curabilem
2491 4852 3140 4926 (sacrarumglitterarum
3178 4855 3523 4924 interpretem
3566 4851 3872 4906 archidiac.

2166 4946 2512 5015 Rothomag.)
2553 4945 2731 5014 adque
2753 4959 2930 4999 omnes
2958 4945 3103 4998 viros
3133 4943 3402 4997 studiosos
3432 4948 3481 4998 et
3517 4943 3630 4997 litt.
3674 4956 3874 4995 aman-

2169 5043 2244 5094 tes
2284 5038 2342 5090 in
2380 5050 2604 5103 sequens
2639 5033 2794 5090 Beda“:
2821 5037 2872 5088 et
2912 5033 3213 5100 Augustini
3248 5046 3401 5102 opus,
3443 5035 3494 5085 et
3535 5033 3714 5084 sancti
3744 5032 3875 5085 Hie-

2168 5127 2384 5195 ronymi
2409 5126 2471 5179 in
2494 5139 2670 5178 omnes
2699 5122 2972 5192 Epistolas
3001 5122 3180 5177 Pauli.

2242 5217 2536 5271 Vetustam
2587 5213 2734 5268 hanc
2785 5211 2938 5268 Flori
3011 5209 3408 5282 Lugdunensis
3467 5210 3879 5278 Emoerptorum

2172 5307 2486 5363 editionem
2535 5317 2987 5359 commemorare
3018 5301 3204 5357 visum
3233 5304 3335 5369 est,
3361 5315 3479 5354 non
3506 5298 3709 5367 solum
3741 5297 3883 5370 quia

2173 5430 2412 5485 seorsim
2461 5445 2512 5483 a.
2576 5429 2711 5482 1700
2753 5428 2884 5484 Ven.
2936 5426 3168 5494 in—fol.,
3238 5425 3474 5479 alteram
3532 5423 3595 5477 in
3649 5423 3884 5478 laudato

2176 5505 2364 5556 Diario
2395 5499 2582 5573 ﬁngit,
2623 5514 2756 5573 cum
2785 5497 2970 5573 potius
2995 5495 3279 5573 hoc_i_pso_
3322 5511 3473 5573 anno
3521 5495 3742 5573 et__loco
3787 5511 3885 5573 ea-

2185 5589 2297 5646 que
2323 5565 2511 5628 forma
2533 5565 2766 5627 tertium
2785 5565 3064 5625 'volumen
3109 5565 3284 5623 Di’arii
3322 5566 3475 5622 illius
3523 5565 3742 5621 editum
3789 5565 3884 5620 sit.
