4044 6190
129 324 223 375 1‘29

1167 316 1440 373 NONITIA
1489 316 1915 372 LITTERARIA
1952 317 2022 373 IN
2063 319 2116 374 S.
2150 319 2616 375 AUGUSTINUM.

3560 331 3658 382 130

125 445 313 516 paucis
376 440 704 496 innotuisse
767 457 893 496 eam
972 440 1364 512 cognovimus,
1424 441 1525 496 sed
1607 440 1855 496 maxime
1885 446 1929 499 A
2035 442 2166 497 Sine
2194 458 2334 498 anno
2371 448 2420 498 et
2467 446 2594 513 loco,
2622 443 2773 499 ἐπι-8ο
2805 446 2938 515 maj.
2966 432 3034 503 Β.
3083 447 3476 518 Augustini....
3511 450 3659 505 liber

128 534 295 587 etiam
316 534 630 602 propterea
663 572 677 597 ,
713 531 865 601 quod
888 546 1022 583 mss.
1063 530 1185 600 ejus
1214 529 1566 585 collectionis
1624 530 1843 585 codices

130 622 279 678 haud
310 637 443 675 raro
478 637 612 674 cum
647 620 838 674 fructu
865 635 898 672 a
941 621 1044 672 PP.
1081 618 1352 673 Maurinis
1418 619 1662 674 consulti
1694 623 1845 684 sunt.

195 782 281 837 Ad
333 781 652 851 Epistolam
705 780 778 834 ad
836 781 1124 834 Romanos
1162 782 1377 849 spectat
1421 796 1566 849 opus
1612 797 1645 834 a
1691 780 1848 835 Colo-

130 870 428 926 niensibus
470 870 799 924 laudatum:
846 870 1212 935 Augustinus,
1254 870 1416 923 Pauli
1471 869 1545 923 ad
1586 872 1848 927 Romanos

130 964 403 1029 interpres
479 960 771 1029 apostolico
805 987 838 996 -
870 972 1090 1011 romano
1123 986 1156 996 -
1189 958 1503 1019 catholicus,
1576 973 1667 1012 seu
1743 961 1849 1013 Via

136 1054 402 1105 Veritatis
434 1053 485 1103 et
524 1052 678 1109 Vitae,
712 1051 771 1103 in
795 1050 1005 1102 unitate
1027 1048 1157 1116 ﬁdei
1219 1048 1492 1117 salvi/leae,
1534 1064 1635 1117 per
1663 1050 1849 1117 genui-

126 1157 255 1194 num
286 1140 794 1208 interpretationem
822 1138 877 1192 S.
906 1138 1208 1203 Augustini
1234 1151 1397 1204 super
1436 1138 1739 1205 Epistolam
1772 1137 1848 1190 ad

126 1231 423 1293 Romanos,
476 1242 678 1296 perque
738 1227 926 1280 varias
984 1224 1328 1279 deductiones
1405 1225 1844 1295 Theologico—po-

125 1318 375 1376 lemicas,
417 1320 607 1369 contra
664 1314 891 1382 Atheos,
948 1316 1216 1381 Paganos,
1274 1312 1519 1380 Judaeos,
1574 1315 1843 1369 Mahome-

127 1413 310 1471 tanos,
371 1406 662 1459 Hzreticos
733 1407 783 1456 et
838 1402 1083 1471 [nﬁdeles
1139 1417 1513 1472 quoscumque,
1564 1404 1846 1457 novissime

126 1512 190 1549 ac
265 1495 563 1564 perspicue
616 1493 984 1545 demonstrata
1048 1507 1144 1560 per
1202 1492 1473 1545 Bsnraon.
1523 1491 1684 1545 FIBUS
1718 1493 1840 1546 Doc.

125 1585 291 1650 Jesu,
325 1581 392 1637 S.
424 1583 583 1637 theol.
609 1581 861 1635 doctoris.
895 1579 1149 1637 Coloniae
1179 1579 1413 1650 Agripp.
1458 1580 1614 1647 1695,
1646 1580 1840 1646 in—fol.

608 1689 695 1741 XI.
721 1716 789 1726 —
815 1686 926 1755 (27)
946 1686 1011 1740 de
1033 1684 1397 1743 Continentia.

209 1779 531 1832 Versionem
570 1775 742 1845 hujus
771 1774 902 1827 libri
953 1775 1213 1830 Gallicam
1242 1789 1300 1827 v.
1338 1772 1486 1827 infra
1515 1788 1578 1826 n.
1645 1788 1774 1826 xvn.

132 1868 256 1921 XII.
288 1896 365 1905 —
396 1864 509 1935 (29)
557 1866 633 1918 De
686 1862 918 1917 diversis
970 1861 1365 1927 Quaestionibus
1402 1862 1524 1915 VII
1552 1861 1683 1915 libri
1719 1862 1846 1917 duo.

210 1954 369 2008 Editi
422 1956 556 2006 sunt
602 1951 659 2005 in
717 1949 1050 2006 collectione
1100 1951 1465 2016 ancstionum
1519 1950 1847 2019 Augustini,

135 2040 412 2112 Lugduni
465 2042 620 2107 149³1,
693 2038 910 2105 in-fol.,
978 2053 1153 2108 quam
1206 2037 1333 2092 vide
1386 2037 1537 2093 inter
1583 2038 1853 2108 Opuscula

146 2130 422 2201 ejusdem.

399 2219 542 2272 XIII.
576 2246 645 2257 —
690 2215 798 2284 (32)
864 2218 935 2269 De
993 2217 1249 2269 Doctrina
1281 2214 1613 2271 Christiana.

207 2308 351 2363 Sac.
388 2307 496 2361 XV.
540 2336 603 2346 —
658 2305 784 2360 Sine
826 2318 967 2358 anno
1006 2308 1056 2357 et
1110 2304 1239 2370 loco,
1299 2305 1491 2370 in-fol.
1543 2304 1596 2359 S.
1656 2306 1856 2376 Augu-

136 2397 275 2451 stini
338 2412 433 2466 ep.
498 2394 566 2449 de
618 2393 885 2447 Doctrina
937 2391 1260 2447 Christiana
1312 2392 1442 2446 libri
1492 2394 1578 2448 IV.
1634 2394 1856 2447 Profert

140 2488 238 2540 Ge.
270 2487 427 2552 Pray
460 2483 519 2537 in
558 2482 740 2536 Indice
797 2482 921 2537 libr.
978 2498 1095 2535 rar.
1150 2482 1288 2535 Bibl.
1340 2482 1603 2537 Budensis
1652 2487 1853 2553 typum

139 2572 600 2629 vetustissimum
630 2571 842 2638 dicens,
875 2570 1033 2642 quod
1063 2587 1131 2624 ex
1166 2570 1384 2625 defectu
1419 2572 1644 2626 numeri
1692 2573 1853 2643 pagi-

141 2679 376 2728 narum,
448 2662 581 2716 item
636 2659 884 2715 custodis
950 2664 1006 2714 et
1058 2659 1305 2713 aliorum
1362 2660 1658 2732 signorum
1705 2666 1855 2716 recte

142 2753 592 2822 conjectaverat.
643 2749 814 2804 Addit
894 2748 972 2803 ibi
1052 2748 1363 2802 sententias
1434 2750 1688 2820 singulas
1740 2766 1854 2803 uno

144 2845 360 2913 puncto
426 2855 550 2893 esse
623 2838 913 2905 discretas,
954 2837 1205 2891 litteram
1238 2840 1261 2890 i
1292 2836 1502 2908 ubique
1558 2838 1856 2893 caudatam

150 2945 454 3001 apparere,
480 2933 585 2982 etc.
614 2948 629 2994 ;
660 2932 937 2999 praeterea
971 2927 1190 2980 litteras
1218 2925 1467 2979 initiales
1514 2927 1855 2996 exemplaris

1961 530 2031 586 de
2055 533 2321 587 Doctrina
2343 534 2660 588 Christiana
2676 534 2883 588 divisus
2904 535 2961 587 in
2984 540 3249 606 quatuor,
3272 542 3477 608 partes.
3513 540 3655 593 Inci-

1960 620 2045 691 pit
2073 622 2264 676 statim
2295 640 2326 676 a
2370 622 2609 692 prologo
2643 623 2771 677 libri
2801 622 2992 693 primi.
3045 626 3108 677 In
3151 626 3264 680 line
3294 643 3306 679 :
3340 629 3486 681 Finit
3523 643 3656 696 opus

1958 711 2229 775 egregium
2252 712 2449 764 aurelii
2488 713 2768 777 augustini
2810 715 3118 781 ipponensis
3168 717 3257 783 epi
3291 715 3357 769 de
3405 716 3657 773 doctrina

1956 789 2181 852 arisiana
2232 801 2289 852 in
2344 804 2579 868 quatuor
2651 799 2815 853 libros
2858 800 3172 855 distinctum
3222 804 3405 857 valens
3453 796 3658 860 (nmode

1953 902 2058 957 pro
2114 877 2346 941 {tellecta
2401 878 2751 955 scripturarii
2799 892 2849 941 et
2906 891 3042 944 serie
3098 883 3382 958 profere-di
3441 895 3654 949 easdem

1958 976 2137 1044 quatis
2194 974 2317 1045 (sic)
2376 975 2642 1029 doctorem
2693 976 2840 1030 decet
2890 970 3222 1034 catholicum
3275 984 3378 1035 Deo
3410 987 3652 1051 gracias.

2028 1065 2373 1135 Impressum
2421 1068 2505 1117 est
2551 1064 2824 1119 volumen
2884 1065 3203 1121 charactere
3233 1070 3463 1125 Gothico
3496 1074 3653 1128 lucu-

1952 1157 2107 1209 lento
2135 1153 2194 1206 in
2218 1154 2413 1207 charta
2436 1169 2582 1223 pura
2629 1158 2685 1207 et
2714 1154 2907 1209 densa.
2944 1155 3010 1208 In
3065 1157 3347 1226 superiori
3393 1162 3651 1231 margine

1955 1242 2106 1307 libri,
2139 1241 2199 1295 in
2225 1240 2479 1295 inferiori
2498 1258 2631 1295 vero
2653 1243 2901 1313 plagulm
2933 1259 3207 1298 numerus
3252 1249 3498 1314 notatur,
3552 1250 3654 1305 sed

1954 1332 2212 1385 custodes
2242 1336 2299 1385 et
2318 1330 2588 1384 foliorum
2628 1332 2854 1385 numeri
2882 1333 3107 1388 desunt.

2023 1421 2150 1475 Sine
2180 1435 2320 1474 anno
2372 1425 2422 1475 et
2470 1421 2577 1475 loco
2632 1419 3017 1493 [Argentorati
3072 1422 3222 1492 apud
3273 1424 3368 1479 Jo.
3419 1428 3662 1483 Menteli-

1955 1505 2108 1579 num]
2137 1528 2148 1573 ;
2181 1508 2368 1574 in-fol.
2405 1509 2708 1579 Augustini
2736 1509 2880 1563 liber
2911 1510 2978 1564 de
3006 1512 3138 1565 Arte
3159 1513 3509 1582 praedicandi
3538 1516 3662 1587 (qui

1954 1603 2193 1668 quartus
2222 1601 2309 1650 est
2364 1596 2617 1667 ejusdem
2671 1598 2741 1651 de
2800 1599 3065 1652 Doctrina
3124 1600 3495 1671 Christiana).
3537 1604 3662 1659 Edi-

1960 1692 2049 1739 tor
2077 1701 2396 1755 anonymus
2425 1701 2555 1739 cum
2586 1686 2747 1739 valde
2779 1686 2978 1740 utilem
3033 1689 3479 1758 praedicantibus
3507 1693 3662 1746 hunc

1962 1774 2173 1828 librum
2205 1774 2326 1827 fore
2352 1774 2699 1828 existimaret
2731 1778 2786 1827 et
2816 1782 3054 1846 propter
3100 1776 3275 1831 totius
3322 1780 3513 1849 operis
3538 1797 3660 1835 ma-

1960 1862 2320 1934 gnitudinem
2386 1860 2479 1915 vix
2544 1862 2742 1932 paucis
2798 1862 3148 1918 innotescere
3232 1883 3363 1921 eum
3423 1868 3659 1937 videret,

1958 1952 2103 2006 bene
2130 1950 2337 2005 mereri
2366 1951 2435 2005 de
2485 1951 2731 2005 aliorum
2790 1951 2991 2005 studiis
3042 1953 3150 2006 hoc
3197 1954 3396 2021 voluit,
3448 1957 3601 2027 quod
3630 1974 3663 2011 a

1960 2040 2181 2111 reliquo
2254 2056 2489 2110 corpore
2543 2045 2907 2110 segregatum
2956 2042 3106 2111 typis
3160 2043 3661 2114 multiplicandum

1961 2129 2141 2184 daret.
2175 2129 2287 2183 Nec
2342 2128 2525 2183 levem
2570 2128 2765 2191 etiam,
2807 2129 2855 2182 si
2909 2128 3053 2184 ﬁdes
3107 2129 3217 2200 ipsi
3261 2132 3527 2187 habenda
3554 2140 3662 2202 est,

1962 2233 2197 2289 operam
2245 2217 2305 2271 in
2355 2215 2696 2287 corrigendo
2743 2229 2799 2271 et
2872 2218 3230 2273 emendando
3291 2237 3356 2275 ex
3404 2222 3666 2292 pluribus

1962 2306 2382 2377 exemplaribus
2421 2306 2635 2376 posuit,
2661 2322 2772 2377 qua
2804 2306 2874 2361 de
2907 2323 2969 2361 re
2993 2307 3115 2379 ipsa
3146 2309 3266 2378 ejus
3322 2311 3494 2365 verba
3547 2328 3667 2367 non

1961 2393 2200 2463 indigna
2224 2393 2570 2464 judicamus,
2631 2410 2761 2459 qua:
2823 2396 3119 2449 memoriae
3170 2403 3484 2467 serventur,
3531 2416 3663 2471 quia

1962 2482 2041 2535 sic
2065 2487 2301 2537 sonant:
2333 2484 2454 2536 Feci
2476 2497 2617 2549 ergo.
2644 2482 2737 2537 deo
2777 2487 2903 2537 teste
2950 2500 3203 2553 magnam
3242 2502 3342 2556 per
3384 2489 3498 2557 ejus
3543 2504 3665 2544 cor-

1961 2569 2244 2622 rectionem
2302 2568 2665 2635 diligenciam.
2716 2565 2826 2624 ita.
2890 2571 3035 2640 quod
3085 2575 3264 2626 omnia
3310 2577 3664 2644 exemplaria.

1964 2673 2082 2726 quae
2118 2660 2176 2712 in
2212 2658 2392 2712 studio
2445 2659 2868 2729 heidelbergensi
2921 2678 3014 2716 nec
3069 2678 3176 2716 non
3230 2665 3289 2717 in
3339 2667 3494 2733 spira
3530 2671 3581 2723 et
3611 2669 3668 2720 in

1962 2750 2272 2802 wormacia.
2324 2752 2486 2816 atque
2542 2749 2756 2803 tandem
2798 2753 2967 2804 eciam
3004 2753 3063 2805 in
3088 2752 3396 2819 Argentina
3425 2756 3483 2807 in
3534 2756 3667 2809 ullis

1964 2836 2209 2890 librariis
2273 2839 2510 2905 reperire
2566 2839 2739 2906 potui.
2794 2838 3085 2907 diligenter
3144 2840 3377 2908 proinde
3422 2844 3661 2911 respexi.

1961 2927 2053 2990 Et,
2081 2940 2199 2978 cum
2246 2927 2388 2979 inter
2432 2926 2541 2979 hec.
2602 2927 2963 2993 experimento
3003 2926 3280 2981 discerem.
3332 2930 3476 2996 quod
3523 2930 3666 2984 idem

154 3018 299 3071 illius
362 3017 677 3088 picturatas
730 3031 869 3069 esse.
923 3014 1080 3069 Adeo
1128 3017 1317 3067 autem
1363 3014 1596 3067 obtusus
1643 3019 1727 3068 est
1757 3031 1853 3071 vo-
1896 3025 1934 3081 (ς
1966 3014 2101 3068 liber
2129 3015 2430 3082 augustini.
2476 3029 2605 3068 raro
2634 3016 2907 3069 invenitur
2934 3018 3103 3069 eciam
3135 3018 3194 3069 in
3218 3019 3429 3085 magnis
3459 3024 3510 3072 et
3532 3034 3667 3088 pre—

154 3106 388 3160 luminis
457 3104 629 3175 hujus
687 3104 997 3172 character,
1066 3105 1127 3156 ut
1182 3101 1269 3156 vir
1328 3102 1591 3155 laudatus
1646 3103 1860 3159 litteras

146 3194 327 3266 magis
351 3193 426 3248 ad
460 3193 702 3264 ligneas,
735 3208 909 3263 quam
960 3208 1024 3246 ex
1066 3207 1179 3246 aare
1228 3190 1380 3245 fusas
1412 3191 1676 3247 accedere
1725 3209 1858 3264 pro-

144 3283 374 3338 diderit.
439 3283 701 3351 Insuper,
753 3279 907 3351 quod
964 3280 1134 3350 longe
1184 3278 1360 3333 etiam
1418 3284 1741 3335 memoratu
1781 3280 1861 3335 di-

144 3372 494 3443 gnissimum
524 3375 625 3437 est,
658 3369 945 3440 insignem
976 3368 1149 3438 hujus
1179 3366 1492 3422 voluminis
1540 3384 1573 3422 a
1600 3368 1855 3441 reliquis,

142 3478 270 3533 quae
314 3461 494 3532 vulgo
544 3463 836 3529 praestant,
868 3457 1022 3511 illius
1077 3457 1211 3512 libri
1257 3457 1602 3512 editionibus
1655 3459 1861 3515 discre-

142 3550 403 3622 pantiam
464 3547 680 3603 notavit
731 3546 1102 3618 ejusdemque
1161 3545 1474 3616 specimina
1512 3547 1732 3618 aliquot
1790 3549 1858 3604 ab

140 3639 308 3693 initio
344 3642 403 3692 et
430 3636 544 3691 ﬁne
576 3636 855 3691 librorum
903 3635 1207 3706 desumpta
1237 3634 1557 3705 proposuit,
1587 3652 1717 3706 quas
1753 3653 1859 3692 nec

141 3745 244 3783 nos
277 3725 607 3781 omittenda
632 3724 919 3779 duximus.
951 3724 1149 3794 Itaque
1181 3722 1414 3777 initium
1444 3723 1576 3777 libri
1622 3725 1645 3778 Ι
1674 3724 1753 3779 sic
1799 3742 1857 3781 se

142 3817 352 3871 habet:
410 3817 523 3869 Hoc
580 3829 713 3883 opus
767 3818 1031 3878 nostrum,
1074 3812 1217 3881 quod
1269 3812 1588 3867 inscribitur
1640 3813 1706 3867 de
1751 3816 1857 3869 Do-

142 3909 323 3960 ctrina
356 3905 695 3971 Christiana,
729 3904 787 3955 in
825 3901 931 3955 duo
985 3900 1216 3969 quedam
1268 3900 1485 3964 fueram
1529 3901 1715 3969 prima
1761 3901 1856 3955 di—

142 3994 476 4049 stribucione
522 3992 783 4061 partitus.
845 3990 985 4045 Nam
1035 3991 1159 4057 post
1210 3988 1551 4056 prohemium
1607 4004 1711 4057 quo
1768 4005 1856 4044 re-

142 4083 344 4154 spondi
365 4085 445 4136 eis
476 4082 573 4150 qui
615 4080 709 4135 hoc
734 4080 957 4145 fuerant
981 4077 1379 4146 reprehensuri.
1440 4076 1544 4130 due
1599 4082 1726 4131 sunt
1770 4094 1855 4133 res

144 4176 373 4241 inquam
414 4170 610 4239 quibus
656 4170 855 4223 nititur
905 4168 1075 4222 omnis
1129 4167 1385 4220 traetacio
1432 4168 1850 4235 scripturarum.

144 4262 335 4317 modus
365 4258 679 4315 inveniendi
698 4273 799 4326 que
822 4255 1171 4324 intelligenda
1206 4260 1354 4324 sunt,
1401 4258 1451 4309 et
1493 4256 1681 4311 modus
1722 4271 1851 4326 pro-

143 4350 360 4416 ferendi
390 4364 495 4418 que
542 4348 811 4402 intellecta
855 4349 1006 4401 sunt.
1070 4345 1155 4398 De
1207 4344 1528 4399 inveniendo
1580 4346 1738 4413 prius
1791 4345 1856 4400 de

141 4438 473 4509 proferendo
489 4440 680 4507 postea
706 4436 1047 4490 disseremus.
1084 4435 1215 4502 quia
1266 4446 1390 4499 ergo
1429 4432 1494 4485 de
1536 4432 1854 4488 inveniendo

146 4532 317 4582 multa
339 4529 465 4596 jam
493 4525 756 4593 diximus,
780 4527 829 4577 et
857 4526 966 4577 tria
988 4523 1053 4576 de
1104 4524 1204 4577 hac
1242 4536 1354 4575 una
1389 4526 1552 4591 parte
1578 4522 1855 4576 volumina

146 4618 507 4672 absolvimus.
557 4614 854 4683 adjuvante
907 4612 1122 4667 domino
1181 4611 1246 4665 de
1294 4609 1620 4680 proferendo
1668 4625 1854 4682 pauca

149 4706 404 4771 dicemus,
440 4708 501 4757 ut
525 4705 576 4757 si
605 4701 728 4773 ﬁeri
777 4702 1020 4771 potuerit
1075 4715 1181 4754 uno
1232 4700 1369 4753 libro
1415 4702 1609 4753 cuncta
1658 4700 1855 4753 clama—

149 4807 263 4847 mus
295 4789 716 4861 {claudamus):
765 4794 1039 4856 totumque
1092 4788 1185 4841 hoc
1250 4802 1383 4855 opus
1417 4790 1652 4856 quatuor
1696 4788 1852 4842 volu-

149 4881 384 4935 minibus
434 4879 771 4932 terminetur.
825 4876 978 4931 Finis
1044 4875 1176 4930 libri
1219 4891 1272 4928 1v
1330 4880 1560 4929 autem:
1615 4876 1853 4943 Longius

150 4971 319 5023 evasit
349 4968 485 5021 liber
507 4968 597 5020 hic
626 4982 790 5034 quam
816 4965 1075 5019 volebam.
1125 4978 1393 5033 quamque
1434 4966 1849 5032 putaveram...

150 5059 258 5124 Ego
308 5061 487 5110 tamen
536 5054 751 5108 domino
798 5056 980 5108 nostro
1032 5052 1185 5106 ihesu
1240 5052 1440 5106 christo
1484 5054 1697 5119 gratias
1727 5068 1848 5119 ago.

151 5144 289 5213 quod
322 5148 382 5198 in
432 5144 517 5197 his
563 5147 799 5213 quatuor
835 5142 1008 5196 libris.
1061 5156 1168 5196 non
1206 5140 1385 5209 qualis
1415 5156 1509 5208 ego
1557 5155 1721 5195 essem
1764 5142 1853 5194 cui

155 5234 321 5288 multa
345 5233 562 5288 desunt.
594 5230 689 5286 sed
719 5228 898 5299 qualis
953 5243 1063 5284 esse
1114 5228 1302 5283 debeat
1347 5230 1446 5297 qui
1494 5229 1553 5282 in
1604 5229 1852 5284 doctrina

155 5336 297 5377 sana.
331 5337 439 5377 non
467 5320 643 5376 solum
664 5319 774 5374 sibi
792 5318 887 5373 sed
941 5322 991 5372 et
1045 5317 1174 5371 aliis
1216 5319 1383 5371 eciam
1431 5316 1679 5370 laborare
1729 5321 1852 5371 stu-

157 5407 254 5463 det.
282 5409 783 5479 quantulacumque
804 5406 959 5475 potui
1008 5405 1273 5472 facultate
1326 5403 1580 5458 disserui.
1634 5403 1849 5473 Empti-

159 5498 223 5549 cit
248 5502 474 5566 quartus
496 5495 565 5551 de
593 5495 845 5549 doctrina
875 5494 1190 5549 Christiana
1220 5492 1363 5547 beati
1388 5494 1697 5560 Augustini
1734 5493 1848 5562 epi-

162 5589 307 5655 scopi.

1970 3105 2126 3158 ciosis
2157 3104 2422 3158 librariis.
2475 3106 2546 3158 Et
2602 3104 2780 3158 adhuc
2839 3106 3042 3159 rarius.
3093 3104 3158 3159 de
3195 3106 3304 3160 ullo
3355 3122 3422 3160 ea:
3471 3107 3669 3162 eisdem

1970 3192 2216 3247 librariis
2248 3192 2323 3247 ad
2336 3192 2737 3247 rescribendum
2760 3195 2966 3262 potuit.
3006 3194 3213 3248 haberi.
3269 3196 3456 3264 Atque
3500 3199 3669 3251 eciam

1970 3280 2114 3348 quod
2149 3280 2305 3349 pejus
2379 3284 2477 3334 est.
2531 3282 2813 3335 rarissime
2864 3284 3130 3335 correctus
3185 3284 3298 3336 sive
3356 3283 3669 3339 emendatus

1968 3368 2109 3421 inibi
2146 3373 2307 3438 queat
2336 3370 2584 3439 reperiri.
2615 3370 2834 3424 Idcirco
2854 3374 3129 3439 permotus
3155 3370 3368 3437 fui..ad
3424 3373 3518 3426 hoc
3547 3377 3671 3427 stu-

1968 3458 2115 3513 diose
2142 3458 2409 3525 laborare,
2459 3464 2519 3512 ut
2572 3459 2864 3513 secundum
2908 3461 3186 3529 exemplar
3264 3476 3457 3515 meum.
3521 3466 3672 3517 tanta

1966 3560 2107 3599 nunc
2127 3546 2307 3601 studio
2337 3551 2387 3601 et
2410 3547 2589 3601 labore
2633 3552 2898 3616 quantum
2935 3549 3125 3603 saltem
3149 3551 3308 3618 potui
3356 3556 3670 3606 correctum.

1967 3634 2144 3690 dictus
2196 3635 2405 3690 libellus
2465 3638 2648 3691 taliter
2699 3639 2756 3691 in
2821 3637 2970 3691 brevi
3027 3642 3260 3706 tempore
3313 3639 3676 3709 multiplicari

1961 3728 2167 3792 posset.
2215 3728 2275 3778 ut
2301 3723 2375 3777 ad
2399 3726 2800 3794 pluriumorum
2833 3740 2991 3781 usum
3021 3730 3072 3779 et
3118 3726 3193 3780 ad
3238 3742 3445 3782 omnem
3484 3729 3676 3800 profe-

1967 3817 2111 3867 ctum
2140 3814 2575 3868 ecclesiasticum.
2634 3816 2827 3881 faciles
2892 3818 2943 3868 et
2979 3817 3085 3869 cito
3136 3818 3464 3884 perveniret.
3523 3819 3672 3883 Qua-

1959 3906 2202 3971 propter.
2235 3918 2354 3957 cum
2396 3904 2544 3957 nullo
2587 3903 2697 3958 alio
2744 3903 2897 3957 modo
2945 3905 3057 3958 sive
3084 3904 3276 3958 medio.
3336 3903 3398 3958 id
3443 3905 3672 3975 expedi-

1964 3992 2077 4045 cius
2095 3993 2218 4059 ﬁeri
2270 4006 2426 4061 posse
2453 3992 2782 4060 judicarem.
2811 3991 3040 4045 discreto
3086 3994 3204 4045 viro
3232 3992 3479 4046 Iohanni
3511 4009 3672 4047 men-

1965 4077 2141 4131 telino
2169 4078 2341 4133 incole
2384 4081 2755 4147 argentinensi
2810 4081 3147 4148 impressorie
3197 4082 3336 4134 artis
3381 4084 3667 4149 magistro.

1964 4165 2135 4220 modis
2158 4166 2417 4221 ommibus
2436 4169 2716 4236 persuasi.
2747 4173 3011 4235 quatenus
3039 4169 3154 4236 ipse
3200 4183 3471 4222 assumere
3526 4170 3670 4224 desi-

1961 4260 2243 4323 gnaretur.
2300 4270 2434 4309 onus
2479 4259 2530 4309 et
2576 4254 2811 4309 laborem
2873 4256 3279 4325 multiplicandi
3326 4257 3467 4311 hunc
3523 4258 3673 4313 libel-

1893 4320 1937 4375 D
1965 4345 2093 4399 lum.
2123 4360 2224 4414 per
2252 4345 2401 4399 viam
2444 4346 2831 4415 impressionis.
2865 4345 3166 4413 exemplari
3203 4360 3314 4398 meo
3372 4350 3498 4400 ante
3552 4362 3673 4402 ocu-

1964 4434 2040 4489 los
2073 4434 2281 4501 habito,
2312 4438 2416 4487 etc.
2453 4433 2728 4506 Inscripta
2760 4439 2843 4488 est
2868 4434 2991 4487 haec
3020 4433 3277 4505 praefatio
3308 4449 3321 4487 :
3353 4435 3547 4490 Canon
3567 4451 3670 4505 pro

1961 4522 2419 4579 recomendatione
2448 4524 2611 4593 hujus
2648 4525 2850 4591 famosi
2878 4525 3055 4593 operis
3103 4525 3213 4578 sive
3243 4523 3414 4577 libelli
3452 4539 3676 4594 sequen-

1964 4614 2052 4666 tis.
2090 4612 2291 4667 dearte
2310 4612 2640 4682 predicandi
2691 4614 2747 4667 S.
2800 4628 2931 4679 aug.
2990 4612 3271 4666 Volumen
3326 4611 3674 4683 impressum

1963 4704 2047 4755 est
2100 4700 2247 4754 foliis
2292 4703 2353 4754 21
2411 4700 2737 4753 charactere
2790 4699 3026 4754 Gothico
3060 4699 3307 4769 minuto,
3360 4702 3564 4756 obtuso
3619 4708 3675 4755 et

1961 4788 2138 4842 oculis
2189 4785 2416 4855 ingrato
2469 4784 2637 4839 lineis
2693 4784 2843 4851 latis,
2885 4800 3132 4855 quarum
3180 4789 3248 4841 39
3301 4787 3575 4857 paginam
3600 4789 3675 4843 fa-

1960 4875 2135 4930 ciunt.
2186 4875 2409 4929 Absunt
2461 4889 2594 4928 vero
2670 4888 2867 4927 omnes
2938 4873 3346 4944 cujuscumque
3445 4872 3672 4943 generis

1960 4965 2287 5023 chartarum
2310 4966 2367 5016 et
2414 4962 2759 5032 paginarum
2784 4964 2950 5016 notae.
2984 4960 3177 5015 Prima
3222 4963 3393 5030 atque
3469 4960 3673 5014 ultima

1960 5052 2170 5124 pagina
2224 5051 2394 5106 nuda:
2435 5054 2569 5105 sunt
2617 5049 2830 5104 relictas
2872 5054 3045 5121 atque
3102 5048 3338 5104 seorsim
3408 5047 3673 5119 adjicitur

1963 5140 2184 5196 duabus
2238 5138 2485 5210 plagulis
2519 5154 2715 5193 rerum
2765 5138 3108 5193 notabilium
3162 5136 3335 5191 index
3392 5135 3540 5191 bene
3588 5136 3673 5192 in-

1961 5232 2226 5283 structus.
2280 5225 2559 5298 Dirigitur
2609 5225 2886 5280 nimirum
2954 5227 3116 5298 juxta
3157 5225 3394 5293 litteras,
3464 5225 3674 5297 quibus

1960 5317 2146 5372 omnis
2200 5318 2412 5382 textus,
2458 5314 2762 5369 continuus
2795 5312 3142 5384 ceteroquin,
3188 5311 3249 5366 in
3276 5312 3555 5384 plurimas
3583 5329 3672 5369 se-

1961 5406 2177 5461 ctiones
2202 5407 2369 5477 juxta
2416 5404 2706 5476 alphabeti
2732 5403 2995 5457 ordinem
3048 5400 3285 5473 (A-LL.)
3343 5406 3429 5456 est
3471 5401 3675 5456 descri-

1958 5497 2112 5564 ptus,
2144 5493 2225 5548 ita
2253 5492 2508 5565 quidem,
2554 5497 2621 5547 ut
2651 5490 2856 5547 mediis
2889 5489 3055 5544 lineis
3084 5489 3154 5545 ab
3208 5489 3375 5545 initio
3426 5490 3675 5560 particu-

1959 5574 2029 5634 lae
2060 5581 2307 5651 cujusvis
2340 5597 2421 5635 eae
2453 5581 2567 5634 sint
2595 5579 2841 5633 insertae.
2894 5577 3169 5641 Quocirca
3220 5576 3340 5648 ipse
3378 5576 3559 5631 editor
3615 5575 3675 5631 in
