  <div class='ocr_page' id='page_1' title='image "/cluster/home/n/w/nwhite01/storage/ocr_20150623/47/hvd.32044096580683/071.png"; bbox 0 0 4060 6194; ppageno 0'>
   <div class='ocr_carea' id='block_1_1' title="bbox 332 237 2822 312">
    <p class='ocr_par' dir='ltr' id='par_1_1' title="bbox 332 237 2822 312">
     <span class='ocr_line' id='line_1_1' title="bbox 332 237 2822 312; baseline -0.008 0"><span class='ocrx_word' id='word_1_1' title='bbox 332 262 424 312; x_wconf 85' lang='grc'><strong>131</strong></span> <span class='ocrx_word' id='word_1_2' title='bbox 1334 239 1894 304; x_wconf 83' lang='lat' dir='ltr'><strong><em>SUPPLEMENTUM</em></strong></span> <span class='ocrx_word' id='word_1_3' title='bbox 1938 239 2024 294; x_wconf 76' lang='lat' dir='ltr'><strong><em>AD</em></strong></span> <span class='ocrx_word' id='word_1_4' title='bbox 2062 237 2293 293; x_wconf 77' lang='lat' dir='ltr'><strong><em>OPEHA</em></strong></span> <span class='ocrx_word' id='word_1_5' title='bbox 2332 239 2386 291; x_wconf 89' lang='lat' dir='ltr'><strong><em>S.</em></strong></span> <span class='ocrx_word' id='word_1_6' title='bbox 2429 238 2822 294; x_wconf 73' lang='lat' dir='ltr'><strong><em>AUGUSTINI.</em></strong></span> 
     </span>
    </p>
   </div>
   <div class='ocr_carea' id='block_1_2' title="bbox 3733 239 3839 288">
    <p class='ocr_par' dir='ltr' id='par_1_2' title="bbox 3733 239 3839 288">
     <span class='ocr_line' id='line_1_2' title="bbox 3733 239 3839 288; baseline 0 -1"><span class='ocrx_word' id='word_1_7' title='bbox 3733 239 3839 288; x_wconf 63' lang='lat'><strong><em>{3‘2</em></strong></span> 
     </span>
    </p>
   </div>
   <div class='ocr_carea' id='block_1_3' title="bbox 325 361 3842 454">
    <p class='ocr_par' dir='ltr' id='par_1_3' title="bbox 325 361 3842 454">
     <span class='ocr_line' id='line_1_3' title="bbox 325 361 3842 454; baseline -0.006 -17"><span class='ocrx_word' id='word_1_8' title='bbox 325 379 688 454; x_wconf 65' lang='lat' dir='ltr'><strong><em>praefatione:</em></strong></span> <span class='ocrx_word' id='word_1_9' title='bbox 748 377 1090 432; x_wconf 67' lang='lat' dir='ltr'><strong><em>Intermimta</em></strong></span> <span class='ocrx_word' id='word_1_10' title='bbox 1143 377 1287 440; x_wconf 83' lang='lat' dir='ltr'><strong><em>sunt,</em></strong></span> <span class='ocrx_word' id='word_1_11' title='bbox 1368 369 1576 442; x_wconf 84' lang='lat' dir='ltr'><strong><em>inquit,</em></strong></span> <span class='ocrx_word' id='word_1_12' title='bbox 1621 368 1772 438; x_wconf 88' lang='lat' dir='ltr'><strong><em>operi</em></strong></span> <span class='ocrx_word' id='word_1_13' title='bbox 1827 366 2019 420; x_wconf 62' lang='lat' dir='ltr'><strong><em>littere</em></strong></span> <span class='ocrx_word' id='word_1_14' title='bbox 2061 365 2105 419; x_wconf 86' lang='lat' dir='ltr'><strong><em>A</em></strong></span> <span class='ocrx_word' id='word_1_15' title='bbox 2135 362 2277 454; x_wconf 12' lang='lat' dir='ltr'><strong><em>demi</em></strong></span> <span class='ocrx_word' id='word_1_16' title='bbox 2293 361 2584 454; x_wconf 82' lang='lat' dir='ltr'><strong><em>editionis,</em></strong></span> <span class='ocrx_word' id='word_1_17' title='bbox 2616 362 2795 434; x_wconf 82' lang='lat' dir='ltr'><strong><em>priori</em></strong></span> <span class='ocrx_word' id='word_1_18' title='bbox 2851 361 3030 454; x_wconf 81' lang='lat' dir='ltr'><strong><em>valde,</em></strong></span> <span class='ocrx_word' id='word_1_19' title='bbox 3085 378 3192 418; x_wconf 88' lang='lat' dir='ltr'><strong><em>nec</em></strong></span> <span class='ocrx_word' id='word_1_20' title='bbox 3243 366 3440 454; x_wconf 80' lang='lat' dir='ltr'><strong><em>tamen</em></strong></span> <span class='ocrx_word' id='word_1_21' title='bbox 3495 378 3602 434; x_wconf 91' lang='lat' dir='ltr'><strong><em>per</em></strong></span> <span class='ocrx_word' id='word_1_22' title='bbox 3641 361 3842 418; x_wconf 84' lang='lat' dir='ltr'><strong><em>omnia</em></strong></span> 
     </span>
    </p>
   </div>
   <div class='ocr_carea' id='block_1_4' title="bbox 323 456 2026 542">
    <p class='ocr_par' dir='ltr' id='par_1_4' title="bbox 323 456 2026 542">
     <span class='ocr_line' id='line_1_4' title="bbox 323 456 2026 542; baseline -0.011 -15"><span class='ocrx_word' id='word_1_23' title='bbox 323 469 640 542; x_wconf 67' lang='lat' dir='ltr'><strong><em>majusculz</em></strong></span> <span class='ocrx_word' id='word_1_24' title='bbox 667 473 778 523; x_wconf 88' lang='lat' dir='ltr'><strong><em>tam</em></strong></span> <span class='ocrx_word' id='word_1_25' title='bbox 823 467 1092 535; x_wconf 80' lang='lat' dir='ltr'><strong><em>simplices</em></strong></span> <span class='ocrx_word' id='word_1_26' title='bbox 1145 477 1309 530; x_wconf 87' lang='lat' dir='ltr'><strong><em>quam</em></strong></span> <span class='ocrx_word' id='word_1_27' title='bbox 1356 459 1664 529; x_wconf 79' lang='lat' dir='ltr'><strong><em>duplicatae.</em></strong></span> <span class='ocrx_word' id='word_1_28' title='bbox 1718 456 2026 511; x_wconf 82' lang='lat' dir='ltr'><strong><em>deserviunt</em></strong></span> 
     </span>
    </p>
   </div>
   <div class='ocr_carea' id='block_1_5' title="bbox 323 546 2026 632">
    <p class='ocr_par' dir='ltr' id='par_1_5' title="bbox 323 546 2026 632">
     <span class='ocr_line' id='line_1_5' title="bbox 323 546 2026 632; baseline -0.011 -16"><span class='ocrx_word' id='word_1_29' title='bbox 323 577 425 632; x_wconf 88' lang='lat' dir='ltr'><strong><em>pro</em></strong></span> <span class='ocrx_word' id='word_1_30' title='bbox 443 558 682 630; x_wconf 84' lang='lat' dir='ltr'><strong><em>ejusdem</em></strong></span> <span class='ocrx_word' id='word_1_31' title='bbox 715 557 889 612; x_wconf 85' lang='lat' dir='ltr'><strong><em>libelli</em></strong></span> <span class='ocrx_word' id='word_1_32' title='bbox 917 553 1103 608; x_wconf 88' lang='lat' dir='ltr'><strong><em>tabula</em></strong></span> <span class='ocrx_word' id='word_1_33' title='bbox 1132 549 1492 620; x_wconf 88' lang='lat' dir='ltr'><strong><em>alphabetica.</em></strong></span> <span class='ocrx_word' id='word_1_34' title='bbox 1529 549 1586 602; x_wconf 91' lang='lat' dir='ltr'><strong><em>in</em></strong></span> <span class='ocrx_word' id='word_1_35' title='bbox 1615 550 1720 616; x_wconf 84' lang='lat' dir='ltr'><strong><em>ﬁne</em></strong></span> <span class='ocrx_word' id='word_1_36' title='bbox 1773 546 1890 614; x_wconf 87' lang='lat' dir='ltr'><strong><em>ejus</em></strong></span> <span class='ocrx_word' id='word_1_37' title='bbox 1932 559 2026 613; x_wconf 81' lang='lat' dir='ltr'><strong><em>po-</em></strong></span> 
     </span>
    </p>
   </div>
   <div class='ocr_carea' id='block_1_6' title="bbox 325 633 2026 717">
    <p class='ocr_par' dir='ltr' id='par_1_6' title="bbox 325 633 2026 717">
     <span class='ocr_line' id='line_1_6' title="bbox 325 633 2026 717; baseline -0.012 -12"><span class='ocrx_word' id='word_1_38' title='bbox 325 652 452 706; x_wconf 85' lang='lat' dir='ltr'><strong><em>sita.</em></strong></span> <span class='ocrx_word' id='word_1_39' title='bbox 486 664 604 717; x_wconf 63' lang='lat' dir='ltr'><strong><em>qua</em></strong></span> <span class='ocrx_word' id='word_1_40' title='bbox 628 646 816 701; x_wconf 87' lang='lat' dir='ltr'><strong><em>tabula</em></strong></span> <span class='ocrx_word' id='word_1_41' title='bbox 844 642 920 696; x_wconf 85' lang='lat' dir='ltr'><strong><em>ad</em></strong></span> <span class='ocrx_word' id='word_1_42' title='bbox 945 640 1156 695; x_wconf 86' lang='lat' dir='ltr'><strong><em>easdem</em></strong></span> <span class='ocrx_word' id='word_1_43' title='bbox 1188 641 1396 693; x_wconf 82' lang='lat' dir='ltr'><strong><em>litteras</em></strong></span> <span class='ocrx_word' id='word_1_44' title='bbox 1417 637 1644 691; x_wconf 76' lang='lat' dir='ltr'><strong><em>remittit</em></strong></span> <span class='ocrx_word' id='word_1_45' title='bbox 1679 649 1779 704; x_wconf 91' lang='lat' dir='ltr'><strong><em>per</em></strong></span> <span class='ocrx_word' id='word_1_46' title='bbox 1807 633 2026 700; x_wconf 90' lang='lat' dir='ltr'><strong><em>singula</em></strong></span> 
     </span>
    </p>
   </div>
   <div class='ocr_carea' id='block_1_7' title="bbox 321 720 2025 808">
    <p class='ocr_par' dir='ltr' id='par_1_7' title="bbox 321 720 2025 808">
     <span class='ocr_line' id='line_1_7' title="bbox 321 720 2025 808; baseline -0.011 -16"><span class='ocrx_word' id='word_1_47' title='bbox 321 742 547 808; x_wconf 90' lang='lat' dir='ltr'><strong><em>puncta.</em></strong></span> <span class='ocrx_word' id='word_1_48' title='bbox 580 737 651 790; x_wconf 88' lang='lat' dir='ltr'><strong><em>Et</em></strong></span> <span class='ocrx_word' id='word_1_49' title='bbox 691 734 918 802; x_wconf 85' lang='lat' dir='ltr'><strong><em>quisque</em></strong></span> <span class='ocrx_word' id='word_1_50' title='bbox 945 727 1034 784; x_wconf 86' lang='lat' dir='ltr'><strong><em>cui</em></strong></span> <span class='ocrx_word' id='word_1_51' title='bbox 1073 729 1362 799; x_wconf 83' lang='lat' dir='ltr'><strong><em>placuerit.</em></strong></span> <span class='ocrx_word' id='word_1_52' title='bbox 1398 727 1601 796; x_wconf 87' lang='lat' dir='ltr'><strong><em>poterit</em></strong></span> <span class='ocrx_word' id='word_1_53' title='bbox 1639 738 1727 778; x_wconf 91' lang='lat' dir='ltr'><strong><em>eas</em></strong></span> <span class='ocrx_word' id='word_1_54' title='bbox 1780 720 2025 790; x_wconf 76' lang='lat' dir='ltr'><strong><em>facilitcr</em></strong></span> 
     </span>
    </p>
   </div>
   <div class='ocr_carea' id='block_1_8' title="bbox 321 809 2025 890">
    <p class='ocr_par' dir='ltr' id='par_1_8' title="bbox 321 809 2025 890">
     <span class='ocr_line' id='line_1_8' title="bbox 321 809 2025 890; baseline -0.011 -10"><span class='ocrx_word' id='word_1_55' title='bbox 321 841 488 880; x_wconf 90' lang='lat' dir='ltr'><strong><em>manu</em></strong></span> <span class='ocrx_word' id='word_1_56' title='bbox 517 839 617 878; x_wconf 90' lang='lat' dir='ltr'><strong><em>sua</em></strong></span> <span class='ocrx_word' id='word_1_57' title='bbox 644 836 739 890; x_wconf 88' lang='lat' dir='ltr'><strong><em>per</em></strong></span> <span class='ocrx_word' id='word_1_58' title='bbox 771 835 1024 889; x_wconf 84' lang='lat' dir='ltr'><strong><em>pennam.</em></strong></span> <span class='ocrx_word' id='word_1_59' title='bbox 1070 818 1242 872; x_wconf 91' lang='lat' dir='ltr'><strong><em>eciam</em></strong></span> <span class='ocrx_word' id='word_1_60' title='bbox 1271 818 1330 869; x_wconf 90' lang='lat' dir='ltr'><strong><em>in</em></strong></span> <span class='ocrx_word' id='word_1_61' title='bbox 1373 813 1713 881; x_wconf 82' lang='lat' dir='ltr'><strong><em>marginibus</em></strong></span> <span class='ocrx_word' id='word_1_62' title='bbox 1748 813 1907 877; x_wconf 91' lang='lat' dir='ltr'><strong><em>nigro</em></strong></span> <span class='ocrx_word' id='word_1_63' title='bbox 1943 809 2025 862; x_wconf 79' lang='lat' dir='ltr'><strong><em>vel</em></strong></span> 
     </span>
    </p>
   </div>
   <div class='ocr_carea' id='block_1_9' title="bbox 325 897 2026 974">
    <p class='ocr_par' dir='ltr' id='par_1_9' title="bbox 325 897 2026 974">
     <span class='ocr_line' id='line_1_9' title="bbox 325 897 2026 974; baseline -0.01 -9"><span class='ocrx_word' id='word_1_64' title='bbox 325 911 545 966; x_wconf 80' lang='lat' dir='ltr'><strong><em>rubrica</em></strong></span> <span class='ocrx_word' id='word_1_65' title='bbox 587 908 756 962; x_wconf 87' lang='lat' dir='ltr'><strong><em>colore</em></strong></span> <span class='ocrx_word' id='word_1_66' title='bbox 810 909 1048 974; x_wconf 88' lang='lat' dir='ltr'><strong><em>signare.</em></strong></span> <span class='ocrx_word' id='word_1_67' title='bbox 1099 901 1545 970; x_wconf 86' lang='lat' dir='ltr'><strong><em>correspondetur</em></strong></span> <span class='ocrx_word' id='word_1_68' title='bbox 1573 898 1647 952; x_wconf 89' lang='lat' dir='ltr'><strong><em>ad</em></strong></span> <span class='ocrx_word' id='word_1_69' title='bbox 1693 899 1827 952; x_wconf 89' lang='lat' dir='ltr'><strong><em>istas</em></strong></span> <span class='ocrx_word' id='word_1_70' title='bbox 1875 897 2026 949; x_wconf 84' lang='lat' dir='ltr'><strong><em>intra</em></strong></span> 
     </span>
    </p>
   </div>
   <div class='ocr_carea' id='block_1_10' title="bbox 327 986 2025 1066">
    <p class='ocr_par' dir='ltr' id='par_1_10' title="bbox 327 986 2025 1066">
     <span class='ocr_line' id='line_1_10' title="bbox 327 986 2025 1066; baseline -0.009 -13"><span class='ocrx_word' id='word_1_71' title='bbox 327 1001 563 1054; x_wconf 88' lang='lat' dir='ltr'><strong><em>litteram</em></strong></span> <span class='ocrx_word' id='word_1_72' title='bbox 588 996 812 1066; x_wconf 90' lang='lat' dir='ltr'><strong><em>positas.</em></strong></span> <span class='ocrx_word' id='word_1_73' title='bbox 847 993 992 1063; x_wconf 86' lang='lat' dir='ltr'><strong><em>quod</em></strong></span> <span class='ocrx_word' id='word_1_74' title='bbox 1037 1007 1142 1047; x_wconf 91' lang='lat' dir='ltr'><strong><em>non</em></strong></span> <span class='ocrx_word' id='word_1_75' title='bbox 1203 1005 1409 1061; x_wconf 81' lang='lat' dir='ltr'><strong><em>parum</em></strong></span> <span class='ocrx_word' id='word_1_76' title='bbox 1445 989 1578 1043; x_wconf 85' lang='lat' dir='ltr'><strong><em>utile</em></strong></span> <span class='ocrx_word' id='word_1_77' title='bbox 1624 989 1744 1041; x_wconf 90' lang='lat' dir='ltr'><strong><em>erit.</em></strong></span> <span class='ocrx_word' id='word_1_78' title='bbox 1780 987 1911 1054; x_wconf 88' lang='lat' dir='ltr'><strong><em>quia</em></strong></span> <span class='ocrx_word' id='word_1_79' title='bbox 1940 986 2025 1038; x_wconf 91' lang='lat' dir='ltr'><strong><em>ci-</em></strong></span> 
     </span>
    </p>
   </div>
   <div class='ocr_carea' id='block_1_11' title="bbox 327 1076 2022 1152">
    <p class='ocr_par' dir='ltr' id='par_1_11' title="bbox 327 1076 2022 1152">
     <span class='ocr_line' id='line_1_11' title="bbox 327 1076 2022 1152; baseline -0.008 -12"><span class='ocrx_word' id='word_1_80' title='bbox 327 1089 441 1141; x_wconf 90' lang='lat' dir='ltr'><strong><em>cius</em></strong></span> <span class='ocrx_word' id='word_1_81' title='bbox 494 1089 551 1139; x_wconf 89' lang='lat' dir='ltr'><strong><em>in</em></strong></span> <span class='ocrx_word' id='word_1_82' title='bbox 583 1085 827 1152; x_wconf 78' lang='lat' dir='ltr'><strong><em>margine</em></strong></span> <span class='ocrx_word' id='word_1_83' title='bbox 885 1083 1077 1151; x_wconf 59' lang='lat' dir='ltr'><strong><em>posita</em></strong></span> <span class='ocrx_word' id='word_1_84' title='bbox 1149 1083 1423 1134; x_wconf 81' lang='lat' dir='ltr'><strong><em>occurrent</em></strong></span> <span class='ocrx_word' id='word_1_85' title='bbox 1468 1078 1750 1146; x_wconf 58' lang='lat' dir='ltr'><strong><em>quaerenti.</em></strong></span> <span class='ocrx_word' id='word_1_86' title='bbox 1809 1077 1879 1128; x_wconf 89' lang='lat' dir='ltr'><strong><em>Et</em></strong></span> <span class='ocrx_word' id='word_1_87' title='bbox 1925 1076 2022 1127; x_wconf 92' lang='lat' dir='ltr'><strong><em>sic.</em></strong></span> 
     </span>
    </p>
   </div>
   <div class='ocr_carea' id='block_1_12' title="bbox 321 1167 2026 1245">
    <p class='ocr_par' dir='ltr' id='par_1_12' title="bbox 321 1167 2026 1245">
     <span class='ocr_line' id='line_1_12' title="bbox 321 1167 2026 1245; baseline -0.008 -16"><span class='ocrx_word' id='word_1_88' title='bbox 321 1191 422 1245; x_wconf 88' lang='lat' dir='ltr'><strong><em>per</em></strong></span> <span class='ocrx_word' id='word_1_89' title='bbox 450 1175 762 1228; x_wconf 85' lang='lat' dir='ltr'><strong><em>remisiones</em></strong></span> <span class='ocrx_word' id='word_1_90' title='bbox 807 1171 1001 1224; x_wconf 80' lang='lat' dir='ltr'><strong><em>tabulae</em></strong></span> <span class='ocrx_word' id='word_1_91' title='bbox 1030 1169 1104 1222; x_wconf 87' lang='lat' dir='ltr'><strong><em>ad</em></strong></span> <span class='ocrx_word' id='word_1_92' title='bbox 1131 1171 1280 1238; x_wconf 89' lang='lat' dir='ltr'><strong><em>ipsas</em></strong></span> <span class='ocrx_word' id='word_1_93' title='bbox 1313 1167 1525 1221; x_wconf 89' lang='lat' dir='ltr'><strong><em>easdem</em></strong></span> <span class='ocrx_word' id='word_1_94' title='bbox 1563 1167 1790 1220; x_wconf 77' lang='lat' dir='ltr'><strong><em>litteras.</em></strong></span> <span class='ocrx_word' id='word_1_95' title='bbox 1823 1177 2026 1216; x_wconf 89' lang='lat' dir='ltr'><strong><em>unum-</em></strong></span> 
     </span>
    </p>
   </div>
   <div class='ocr_carea' id='block_1_13' title="bbox 328 1251 2026 1332">
    <p class='ocr_par' dir='ltr' id='par_1_13' title="bbox 328 1251 2026 1332">
     <span class='ocr_line' id='line_1_13' title="bbox 328 1251 2026 1332; baseline -0.008 -15"><span class='ocrx_word' id='word_1_96' title='bbox 328 1262 577 1332; x_wconf 86' lang='lat' dir='ltr'><strong><em>quodque</em></strong></span> <span class='ocrx_word' id='word_1_97' title='bbox 601 1277 667 1316; x_wconf 65' lang='grc' dir='ltr'><strong><em>θα)</em></strong></span> <span class='ocrx_word' id='word_1_98' title='bbox 697 1262 792 1315; x_wconf 85' lang='lat' dir='ltr'><strong><em>hoc</em></strong></span> <span class='ocrx_word' id='word_1_99' title='bbox 838 1261 1010 1314; x_wconf 88' lang='lat' dir='ltr'><strong><em>libello</em></strong></span> <span class='ocrx_word' id='word_1_100' title='bbox 1042 1263 1424 1314; x_wconf 85' lang='lat' dir='ltr'><strong><em>contentorum.</em></strong></span> <span class='ocrx_word' id='word_1_101' title='bbox 1457 1259 1530 1309; x_wconf 86' lang='lat' dir='ltr'><strong><em>ad</em></strong></span> <span class='ocrx_word' id='word_1_102' title='bbox 1583 1258 1710 1309; x_wconf 81' lang='lat' dir='ltr'><strong><em>uota</em></strong></span> <span class='ocrx_word' id='word_1_103' title='bbox 1736 1267 1856 1306; x_wconf 89' lang='lat' dir='ltr'><strong><em>cum</em></strong></span> <span class='ocrx_word' id='word_1_104' title='bbox 1906 1251 2026 1320; x_wconf 86' lang='lat' dir='ltr'><strong><em>pla-</em></strong></span> 
     </span>
    </p>
   </div>
   <div class='ocr_carea' id='block_1_14' title="bbox 324 1343 2027 1422">
    <p class='ocr_par' dir='ltr' id='par_1_14' title="bbox 324 1343 2027 1422">
     <span class='ocr_line' id='line_1_14' title="bbox 324 1343 2027 1422; baseline -0.008 -16"><span class='ocrx_word' id='word_1_105' title='bbox 324 1354 516 1422; x_wconf 85' lang='lat' dir='ltr'><strong><em>cuerit,</em></strong></span> <span class='ocrx_word' id='word_1_106' title='bbox 570 1353 673 1406; x_wconf 88' lang='lat' dir='ltr'><strong><em>cito</em></strong></span> <span class='ocrx_word' id='word_1_107' title='bbox 709 1351 944 1420; x_wconf 83' lang='lat' dir='ltr'><strong><em>potuerit</em></strong></span> <span class='ocrx_word' id='word_1_108' title='bbox 987 1349 1235 1418; x_wconf 87' lang='lat' dir='ltr'><strong><em>reperiri.</em></strong></span> <span class='ocrx_word' id='word_1_109' title='bbox 1301 1347 1581 1401; x_wconf 60' lang='lat' dir='ltr'><strong><em>Caterum</em></strong></span> <span class='ocrx_word' id='word_1_110' title='bbox 1651 1345 1883 1413; x_wconf 86' lang='lat' dir='ltr'><strong><em>experta</em></strong></span> <span class='ocrx_word' id='word_1_111' title='bbox 1941 1343 2027 1392; x_wconf 90' lang='lat' dir='ltr'><strong><em>est</em></strong></span> 
     </span>
    </p>
   </div>
   <div class='ocr_carea' id='block_1_15' title="bbox 327 1428 2026 1508">
    <p class='ocr_par' dir='ltr' id='par_1_15' title="bbox 327 1428 2026 1508">
     <span class='ocr_line' id='line_1_15' title="bbox 327 1428 2026 1508; baseline -0.007 -15"><span class='ocrx_word' id='word_1_112' title='bbox 327 1440 449 1493; x_wconf 75' lang='lat' dir='ltr'><strong><em>haec</em></strong></span> <span class='ocrx_word' id='word_1_113' title='bbox 479 1439 656 1493; x_wconf 78' lang='lat' dir='ltr'><strong><em>editio</em></strong></span> <span class='ocrx_word' id='word_1_114' title='bbox 687 1437 1042 1508; x_wconf 80' lang='lat' dir='ltr'><strong><em>diligentiam</em></strong></span> <span class='ocrx_word' id='word_1_115' title='bbox 1093 1435 1620 1505; x_wconf 87' lang='lat' dir='ltr'><strong><em>bibliographorum</em></strong></span> <span class='ocrx_word' id='word_1_116' title='bbox 1674 1428 2026 1485; x_wconf 88' lang='lat' dir='ltr'><strong><em>doctissimo-</em></strong></span> 
     </span>
    </p>
   </div>
   <div class='ocr_carea' id='block_1_16' title="bbox 328 1520 2028 1591">
    <p class='ocr_par' dir='ltr' id='par_1_16' title="bbox 328 1520 2028 1591">
     <span class='ocr_line' id='line_1_16' title="bbox 328 1520 2028 1591; baseline -0.007 -10"><span class='ocrx_word' id='word_1_117' title='bbox 328 1544 458 1582; x_wconf 87' lang='lat' dir='ltr'><strong><em>rum</em></strong></span> <span class='ocrx_word' id='word_1_118' title='bbox 487 1528 556 1580; x_wconf 90' lang='lat' dir='ltr'><strong><em>cl.</em></strong></span> <span class='ocrx_word' id='word_1_119' title='bbox 581 1527 791 1582; x_wconf 87' lang='lat' dir='ltr'><strong><em>Morelli</em></strong></span> <span class='ocrx_word' id='word_1_120' title='bbox 813 1527 872 1579; x_wconf 90' lang='lat' dir='ltr'><strong><em>in</em></strong></span> <span class='ocrx_word' id='word_1_121' title='bbox 904 1525 1048 1579; x_wconf 87' lang='lat' dir='ltr'><strong><em>Bibl.</em></strong></span> <span class='ocrx_word' id='word_1_122' title='bbox 1087 1524 1277 1578; x_wconf 91' lang='lat' dir='ltr'><strong><em>Pinell.</em></strong></span> <span class='ocrx_word' id='word_1_123' title='bbox 1310 1525 1368 1577; x_wconf 89' lang='lat' dir='ltr'><strong><em>T.</em></strong></span> <span class='ocrx_word' id='word_1_124' title='bbox 1408 1522 1446 1576; x_wconf 94' lang='lat' dir='ltr'><strong><em>l.</em></strong></span> <span class='ocrx_word' id='word_1_125' title='bbox 1497 1537 1553 1591; x_wconf 90' lang='lat' dir='ltr'><strong><em>p.</em></strong></span> <span class='ocrx_word' id='word_1_126' title='bbox 1609 1522 1698 1586; x_wconf 88' lang='lat'><strong><em>87,</em></strong></span> <span class='ocrx_word' id='word_1_127' title='bbox 1745 1533 1939 1589; x_wconf 89' lang='lat' dir='ltr'><strong><em>seqq.,</em></strong></span> <span class='ocrx_word' id='word_1_128' title='bbox 1969 1520 2028 1570; x_wconf 89' lang='lat' dir='ltr'><strong><em>et</em></strong></span> 
     </span>
    </p>
   </div>
   <div class='ocr_carea' id='block_1_17' title="bbox 2134 451 3839 523">
    <p class='ocr_par' dir='ltr' id='par_1_17' title="bbox 2134 451 3839 523">
     <span class='ocr_line' id='line_1_17' title="bbox 2134 451 3839 523; baseline 0.001 -19"><span class='ocrx_word' id='word_1_129' title='bbox 2134 451 2355 505; x_wconf 86' lang='lat' dir='ltr'><strong><em>similis.</em></strong></span> <span class='ocrx_word' id='word_1_130' title='bbox 2391 482 2459 494; x_wconf 95' lang='lat'><strong>—</strong></span> <span class='ocrx_word' id='word_1_131' title='bbox 2483 454 2742 506; x_wconf 72' lang='lat' dir='ltr'><strong><em>Testatur</em></strong></span> <span class='ocrx_word' id='word_1_132' title='bbox 2773 468 2830 506; x_wconf 89' lang='lat' dir='ltr'><strong><em>se</em></strong></span> <span class='ocrx_word' id='word_1_133' title='bbox 2858 452 3066 506; x_wconf 89' lang='lat' dir='ltr'><strong><em>vidisse</em></strong></span> <span class='ocrx_word' id='word_1_134' title='bbox 3110 451 3261 523; x_wconf 91' lang='lat' dir='ltr'><strong><em>apud</em></strong></span> <span class='ocrx_word' id='word_1_135' title='bbox 3325 452 3573 506; x_wconf 87' lang='lat' dir='ltr'><strong><em>amicum</em></strong></span> <span class='ocrx_word' id='word_1_136' title='bbox 3631 469 3839 523; x_wconf 88' lang='lat' dir='ltr'><strong><em>quem-</em></strong></span> 
     </span>
    </p>
   </div>
   <div class='ocr_carea' id='block_1_18' title="bbox 2134 541 3836 613">
    <p class='ocr_par' dir='ltr' id='par_1_18' title="bbox 2134 541 3836 613">
     <span class='ocr_line' id='line_1_18' title="bbox 2134 541 3836 613; baseline 0.002 -20"><span class='ocrx_word' id='word_1_137' title='bbox 2134 541 2265 594; x_wconf 87' lang='lat' dir='ltr'><strong><em>dam</em></strong></span> <span class='ocrx_word' id='word_1_138' title='bbox 2289 541 2551 596; x_wconf 77' lang='lat' dir='ltr'><strong><em>Morellus</em></strong></span> <span class='ocrx_word' id='word_1_139' title='bbox 2584 542 2618 595; x_wconf 90' lang='grc' dir='ltr'><strong>Ι.</strong></span> <span class='ocrx_word' id='word_1_140' title='bbox 2654 559 2690 607; x_wconf 82' lang='grc' dir='ltr'><strong>ι,</strong></span> <span class='ocrx_word' id='word_1_141' title='bbox 2723 558 2780 612; x_wconf 93' lang='lat' dir='ltr'><strong><em>p.</em></strong></span> <span class='ocrx_word' id='word_1_142' title='bbox 2811 544 2868 605; x_wconf 92' lang='lat'><strong><em>9,</em></strong></span> <span class='ocrx_word' id='word_1_143' title='bbox 2924 546 3094 613; x_wconf 89' lang='lat' dir='ltr'><strong><em>atque</em></strong></span> <span class='ocrx_word' id='word_1_144' title='bbox 3125 541 3183 594; x_wconf 92' lang='lat' dir='ltr'><strong><em>in</em></strong></span> <span class='ocrx_word' id='word_1_145' title='bbox 3240 541 3587 595; x_wconf 85' lang='lat' dir='ltr'><strong><em>bibliotheca</em></strong></span> <span class='ocrx_word' id='word_1_146' title='bbox 3616 542 3836 596; x_wconf 90' lang='lat' dir='ltr'><strong><em>Canon.</em></strong></span> 
     </span>
    </p>
   </div>
   <div class='ocr_carea' id='block_1_19' title="bbox 2135 632 3838 704">
    <p class='ocr_par' dir='ltr' id='par_1_19' title="bbox 2135 632 3838 704">
     <span class='ocr_line' id='line_1_19' title="bbox 2135 632 3838 704; baseline 0 -18"><span class='ocrx_word' id='word_1_147' title='bbox 2135 632 2404 703; x_wconf 87' lang='lat' dir='ltr'><strong><em>Regular.</em></strong></span> <span class='ocrx_word' id='word_1_148' title='bbox 2455 633 2859 688; x_wconf 82' lang='lat' dir='ltr'><strong><em>Rottenbuchii</em></strong></span> <span class='ocrx_word' id='word_1_149' title='bbox 2890 632 3266 704; x_wconf 78' lang='lat' dir='ltr'><strong><em>deprehendit</em></strong></span> <span class='ocrx_word' id='word_1_150' title='bbox 3295 634 3375 688; x_wconf 89' lang='lat' dir='ltr'><strong><em>Cl.</em></strong></span> <span class='ocrx_word' id='word_1_151' title='bbox 3397 633 3639 686; x_wconf 83' lang='lat' dir='ltr'><strong><em>Gerhoh.</em></strong></span> <span class='ocrx_word' id='word_1_152' title='bbox 3693 633 3838 688; x_wconf 83' lang='lat' dir='ltr'><strong><em>Stei-</em></strong></span> 
     </span>
    </p>
   </div>
   <div class='ocr_carea' id='block_1_20' title="bbox 2133 721 3842 790">
    <p class='ocr_par' dir='ltr' id='par_1_20' title="bbox 2133 721 3842 790">
     <span class='ocr_line' id='line_1_20' title="bbox 2133 721 3842 790; baseline 0.001 -18"><span class='ocrx_word' id='word_1_153' title='bbox 2133 721 2422 790; x_wconf 72' lang='lat' dir='ltr'><strong><em>grnberger</em></strong></span> <span class='ocrx_word' id='word_1_154' title='bbox 2458 722 2518 777; x_wconf 93' lang='lat' dir='ltr'><strong><em>in</em></strong></span> <span class='ocrx_word' id='word_1_155' title='bbox 2547 726 2618 776; x_wconf 88' lang='lat' dir='ltr'><strong><em>tr.</em></strong></span> <span class='ocrx_word' id='word_1_156' title='bbox 2649 723 2717 776; x_wconf 84' lang='lat' dir='ltr'><strong><em>ub</em></strong></span> <span class='ocrx_word' id='word_1_157' title='bbox 2743 723 2830 777; x_wconf 88' lang='lat' dir='ltr'><strong><em>die</em></strong></span> <span class='ocrx_word' id='word_1_158' title='bbox 2857 739 2966 777; x_wconf 86' lang='lat' dir='ltr'><strong><em>zwo</em></strong></span> <span class='ocrx_word' id='word_1_159' title='bbox 2997 722 3351 777; x_wconf 84' lang='lat' dir='ltr'><strong><em>alleraelteste</em></strong></span> <span class='ocrx_word' id='word_1_160' title='bbox 3378 722 3530 790; x_wconf 89' lang='lat' dir='ltr'><strong><em>gedr.</em></strong></span> <span class='ocrx_word' id='word_1_161' title='bbox 3585 721 3842 776; x_wconf 86' lang='lat' dir='ltr'><strong><em>deutsche</em></strong></span> 
     </span>
    </p>
   </div>
   <div class='ocr_carea' id='block_1_21' title="bbox 2132 810 3264 883">
    <p class='ocr_par' dir='ltr' id='par_1_21' title="bbox 2132 810 3264 883">
     <span class='ocr_line' id='line_1_21' title="bbox 2132 810 3264 883; baseline 0.002 -19"><span class='ocrx_word' id='word_1_162' title='bbox 2132 810 2345 864; x_wconf 88' lang='lat' dir='ltr'><strong><em>Bibeln.</em></strong></span> <span class='ocrx_word' id='word_1_163' title='bbox 2380 811 2627 881; x_wconf 82' lang='lat' dir='ltr'><strong><em>(Munch.</em></strong></span> <span class='ocrx_word' id='word_1_164' title='bbox 2659 815 2815 879; x_wconf 88' lang='grc'><strong>1787,</strong></span> <span class='ocrx_word' id='word_1_165' title='bbox 2848 813 3052 883; x_wconf 69' lang='lat' dir='ltr'><strong><em>iii-4°),</em></strong></span> <span class='ocrx_word' id='word_1_166' title='bbox 3074 828 3139 881; x_wconf 91' lang='lat' dir='ltr'><strong><em>p.</em></strong></span> <span class='ocrx_word' id='word_1_167' title='bbox 3175 811 3264 866; x_wconf 87' lang='grc'><strong>48.</strong></span> 
     </span>
    </p>
   </div>
   <div class='ocr_carea' id='block_1_22' title="bbox 2201 899 3842 969">
    <p class='ocr_par' dir='ltr' id='par_1_22' title="bbox 2201 899 3842 969">
     <span class='ocr_line' id='line_1_22' title="bbox 2201 899 3842 969; baseline -0.001 -15"><span class='ocrx_word' id='word_1_168' title='bbox 2201 899 2335 954; x_wconf 64' lang='grc' dir='ltr'><strong><em>δερ.</em></strong></span> <span class='ocrx_word' id='word_1_169' title='bbox 2367 901 2504 956; x_wconf 83' lang='lat' dir='ltr'><strong>XVI.</strong></span> <span class='ocrx_word' id='word_1_170' title='bbox 2555 931 2628 940; x_wconf 98' lang='lat'><strong>—</strong></span> <span class='ocrx_word' id='word_1_171' title='bbox 2665 903 2821 956; x_wconf 78' lang='grc'><strong>1527.</strong></span> <span class='ocrx_word' id='word_1_172' title='bbox 2879 901 3137 966; x_wconf 57' lang='lat' dir='ltr'><strong><em>Colonia,</em></strong></span> <span class='ocrx_word' id='word_1_173' title='bbox 3191 899 3343 969; x_wconf 86' lang='lat' dir='ltr'><strong><em>apud</em></strong></span> <span class='ocrx_word' id='word_1_174' title='bbox 3399 901 3655 954; x_wconf 83' lang='lat' dir='ltr'><strong><em>Heronem</em></strong></span> <span class='ocrx_word' id='word_1_175' title='bbox 3711 899 3842 954; x_wconf 86' lang='lat' dir='ltr'><strong><em>Alo-</em></strong></span> 
     </span>
    </p>
   </div>
   <div class='ocr_carea' id='block_1_23' title="bbox 2126 987 3802 1059">
    <p class='ocr_par' dir='ltr' id='par_1_23' title="bbox 2126 987 3802 1059">
     <span class='ocr_line' id='line_1_23' title="bbox 2126 987 3802 1059; baseline 0.001 -18"><span class='ocrx_word' id='word_1_176' title='bbox 2126 990 2339 1058; x_wconf 90' lang='lat' dir='ltr'><strong><em>pecium</em></strong></span> <span class='ocrx_word' id='word_1_177' title='bbox 2396 988 2674 1059; x_wconf 87' lang='lat' dir='ltr'><strong><em>(impensis</em></strong></span> <span class='ocrx_word' id='word_1_178' title='bbox 2747 988 2974 1056; x_wconf 82' lang='lat' dir='ltr'><strong><em>Godefr.</em></strong></span> <span class='ocrx_word' id='word_1_179' title='bbox 3059 987 3372 1058; x_wconf 85' lang='lat' dir='ltr'><strong><em>Hittorpii),</em></strong></span> <span class='ocrx_word' id='word_1_180' title='bbox 3430 1003 3606 1044; x_wconf 88' lang='lat' dir='ltr'><strong><em>mense</em></strong></span> <span class='ocrx_word' id='word_1_181' title='bbox 3652 990 3802 1042; x_wconf 87' lang='lat' dir='ltr'><strong><em>Julio</em></strong></span> 
     </span>
    </p>
   </div>
   <div class='ocr_carea' id='block_1_24' title="bbox 2131 1077 3840 1149">
    <p class='ocr_par' dir='ltr' id='par_1_24' title="bbox 2131 1077 3840 1149">
     <span class='ocr_line' id='line_1_24' title="bbox 2131 1077 3840 1149; baseline 0.001 -19"><span class='ocrx_word' id='word_1_182' title='bbox 2131 1079 2304 1131; x_wconf 80' lang='lat' dir='ltr'><strong><em>in-80.</em></strong></span> <span class='ocrx_word' id='word_1_183' title='bbox 2344 1078 2406 1132; x_wconf 94' lang='lat' dir='ltr'><strong><em>D.</em></strong></span> <span class='ocrx_word' id='word_1_184' title='bbox 2430 1079 2565 1132; x_wconf 92' lang='lat' dir='ltr'><strong><em>Aur.</em></strong></span> <span class='ocrx_word' id='word_1_185' title='bbox 2598 1081 2742 1148; x_wconf 88' lang='lat' dir='ltr'><strong><em>Aug.</em></strong></span> <span class='ocrx_word' id='word_1_186' title='bbox 2785 1077 2854 1132; x_wconf 90' lang='lat' dir='ltr'><strong><em>de</em></strong></span> <span class='ocrx_word' id='word_1_187' title='bbox 2895 1077 3163 1132; x_wconf 85' lang='lat' dir='ltr'><strong><em>Doctrina</em></strong></span> <span class='ocrx_word' id='word_1_188' title='bbox 3188 1077 3507 1132; x_wconf 81' lang='lat' dir='ltr'><strong><em>Christiana</em></strong></span> <span class='ocrx_word' id='word_1_189' title='bbox 3536 1077 3667 1134; x_wconf 85' lang='lat' dir='ltr'><strong><em>libri</em></strong></span> <span class='ocrx_word' id='word_1_190' title='bbox 3696 1093 3840 1149; x_wconf 87' lang='lat' dir='ltr'><strong><em>qua-</em></strong></span> 
     </span>
    </p>
   </div>
   <div class='ocr_carea' id='block_1_25' title="bbox 2132 1165 3839 1238">
    <p class='ocr_par' dir='ltr' id='par_1_25' title="bbox 2132 1165 3839 1238">
     <span class='ocr_line' id='line_1_25' title="bbox 2132 1165 3839 1238; baseline 0 -18"><span class='ocrx_word' id='word_1_191' title='bbox 2132 1170 2282 1233; x_wconf 88' lang='lat' dir='ltr'><strong><em>tuor,</em></strong></span> <span class='ocrx_word' id='word_1_192' title='bbox 2315 1165 2585 1220; x_wconf 88' lang='lat' dir='ltr'><strong><em>omnibus</em></strong></span> <span class='ocrx_word' id='word_1_193' title='bbox 2613 1183 2830 1220; x_wconf 84' lang='lat' dir='ltr'><strong><em>sacram</em></strong></span> <span class='ocrx_word' id='word_1_194' title='bbox 2875 1166 3228 1238; x_wconf 89' lang='lat' dir='ltr'><strong><em>Scripturam</em></strong></span> <span class='ocrx_word' id='word_1_195' title='bbox 3277 1168 3365 1221; x_wconf 85' lang='lat' dir='ltr'><strong><em>vel</em></strong></span> <span class='ocrx_word' id='word_1_196' title='bbox 3419 1173 3571 1221; x_wconf 90' lang='lat' dir='ltr'><strong><em>recte</em></strong></span> <span class='ocrx_word' id='word_1_197' title='bbox 3623 1167 3839 1222; x_wconf 82' lang='lat' dir='ltr'><strong><em>intelli-</em></strong></span> 
     </span>
    </p>
   </div>
   <div class='ocr_carea' id='block_1_26' title="bbox 2134 1257 3837 1330">
    <p class='ocr_par' dir='ltr' id='par_1_26' title="bbox 2134 1257 3837 1330">
     <span class='ocr_line' id='line_1_26' title="bbox 2134 1257 3837 1330; baseline 0 -21"><span class='ocrx_word' id='word_1_198' title='bbox 2134 1273 2286 1328; x_wconf 90' lang='lat' dir='ltr'><strong><em>gere,</em></strong></span> <span class='ocrx_word' id='word_1_199' title='bbox 2329 1258 2416 1310; x_wconf 87' lang='lat' dir='ltr'><strong><em>vel</em></strong></span> <span class='ocrx_word' id='word_1_200' title='bbox 2500 1257 2787 1312; x_wconf 85' lang='lat' dir='ltr'><strong><em>fructuose</em></strong></span> <span class='ocrx_word' id='word_1_201' title='bbox 2835 1258 3048 1330; x_wconf 91' lang='lat' dir='ltr'><strong><em>populo</em></strong></span> <span class='ocrx_word' id='word_1_202' title='bbox 3114 1273 3434 1328; x_wconf 86' lang='lat' dir='ltr'><strong><em>proponere</em></strong></span> <span class='ocrx_word' id='word_1_203' title='bbox 3491 1257 3837 1323; x_wconf 86' lang='lat' dir='ltr'><strong><em>volentibus,</em></strong></span> 
     </span>
    </p>
   </div>
   <div class='ocr_carea' id='block_1_27' title="bbox 2132 1347 3122 1417">
    <p class='ocr_par' dir='ltr' id='par_1_27' title="bbox 2132 1347 3122 1417">
     <span class='ocr_line' id='line_1_27' title="bbox 2132 1347 3122 1417; baseline 0.002 -17"><span class='ocrx_word' id='word_1_204' title='bbox 2132 1362 2412 1417; x_wconf 87' lang='lat' dir='ltr'><strong><em>perquam</em></strong></span> <span class='ocrx_word' id='word_1_205' title='bbox 2442 1351 2498 1400; x_wconf 92' lang='lat' dir='ltr'><strong><em>et</em></strong></span> <span class='ocrx_word' id='word_1_206' title='bbox 2517 1347 2683 1400; x_wconf 87' lang='lat' dir='ltr'><strong><em>utiles</em></strong></span> <span class='ocrx_word' id='word_1_207' title='bbox 2709 1353 2767 1401; x_wconf 88' lang='lat' dir='ltr'><strong><em>et</em></strong></span> <span class='ocrx_word' id='word_1_208' title='bbox 2796 1347 3122 1402; x_wconf 87' lang='lat' dir='ltr'><strong><em>necessarii.</em></strong></span> 
     </span>
    </p>
   </div>
   <div class='ocr_carea' id='block_1_28' title="bbox 2209 1439 3841 1506">
    <p class='ocr_par' dir='ltr' id='par_1_28' title="bbox 2209 1439 3841 1506">
     <span class='ocr_line' id='line_1_28' title="bbox 2209 1439 3841 1506; baseline -0.001 -15"><span class='ocrx_word' id='word_1_209' title='bbox 2209 1439 2365 1493; x_wconf 85' lang='grc'><strong>1534.</strong></span> <span class='ocrx_word' id='word_1_210' title='bbox 2407 1439 2662 1504; x_wconf 84' lang='lat' dir='ltr'><strong><em>Venetiis,</em></strong></span> <span class='ocrx_word' id='word_1_211' title='bbox 2691 1453 2790 1506; x_wconf 87' lang='lat' dir='ltr'><strong><em>per</em></strong></span> <span class='ocrx_word' id='word_1_212' title='bbox 2840 1439 2957 1492; x_wconf 82' lang='lat' dir='ltr'><strong><em>Joa.</em></strong></span> <span class='ocrx_word' id='word_1_213' title='bbox 3009 1439 3337 1491; x_wconf 70' lang='lat' dir='ltr'><strong><em>Patauinum</em></strong></span> <span class='ocrx_word' id='word_1_214' title='bbox 3379 1442 3429 1490; x_wconf 87' lang='lat' dir='ltr'><strong><em>et</em></strong></span> <span class='ocrx_word' id='word_1_215' title='bbox 3483 1439 3841 1491; x_wconf 83' lang='lat' dir='ltr'><strong><em>Venturinum</em></strong></span> 
     </span>
    </p>
   </div>
   <div class='ocr_carea' id='block_1_29' title="bbox 2133 1525 3839 1596">
    <p class='ocr_par' dir='ltr' id='par_1_29' title="bbox 2133 1525 3839 1596">
     <span class='ocr_line' id='line_1_29' title="bbox 2133 1525 3839 1596; baseline -0.001 -17"><span class='ocrx_word' id='word_1_216' title='bbox 2133 1525 2199 1579; x_wconf 83' lang='lat' dir='ltr'><strong><em>de</em></strong></span> <span class='ocrx_word' id='word_1_217' title='bbox 2236 1525 2586 1594; x_wconf 79' lang='lat' dir='ltr'><strong><em>Bu/ﬁnellis;</em></strong></span> <span class='ocrx_word' id='word_1_218' title='bbox 2620 1529 2794 1580; x_wconf 73' lang='lat' dir='ltr'><strong><em>iri-8°.</em></strong></span> <span class='ocrx_word' id='word_1_219' title='bbox 2829 1527 2896 1582; x_wconf 93' lang='lat' dir='ltr'><strong><em>D.</em></strong></span> <span class='ocrx_word' id='word_1_220' title='bbox 2939 1529 3075 1580; x_wconf 85' lang='lat' dir='ltr'><strong><em>Aur.</em></strong></span> <span class='ocrx_word' id='word_1_221' title='bbox 3108 1530 3252 1596; x_wconf 90' lang='lat' dir='ltr'><strong><em>Aug.</em></strong></span> <span class='ocrx_word' id='word_1_222' title='bbox 3287 1526 3356 1580; x_wconf 92' lang='lat' dir='ltr'><strong><em>de</em></strong></span> <span class='ocrx_word' id='word_1_223' title='bbox 3388 1525 3653 1581; x_wconf 86' lang='lat' dir='ltr'><strong><em>Doctrina</em></strong></span> <span class='ocrx_word' id='word_1_224' title='bbox 3683 1525 3839 1580; x_wconf 87' lang='lat' dir='ltr'><strong><em>Chri-</em></strong></span> 
     </span>
    </p>
   </div>
   <div class='ocr_carea' id='block_1_30' title="bbox 329 1609 3334 1711">
    <p class='ocr_par' dir='ltr' id='par_1_30' title="bbox 329 1609 3334 1711">
     <span class='ocr_line' id='line_1_30' title="bbox 329 1609 3334 1711; baseline -0.004 -41"><span class='ocrx_word' id='word_1_225' title='bbox 329 1615 542 1670; x_wconf 85' lang='lat' dir='ltr'><strong><em>Placidi</em></strong></span> <span class='ocrx_word' id='word_1_226' title='bbox 571 1617 756 1670; x_wconf 89' lang='lat' dir='ltr'><strong><em>Braun</em></strong></span> <span class='ocrx_word' id='word_1_227' title='bbox 803 1613 862 1667; x_wconf 90' lang='lat' dir='ltr'><strong><em>in</em></strong></span> <span class='ocrx_word' id='word_1_228' title='bbox 895 1615 1105 1669; x_wconf 85' lang='lat' dir='ltr'><strong><em>Notitia</em></strong></span> <span class='ocrx_word' id='word_1_229' title='bbox 1133 1615 1276 1668; x_wconf 84' lang='lat' dir='ltr'><strong><em>Hist.</em></strong></span> <span class='ocrx_word' id='word_1_230' title='bbox 1311 1613 1442 1666; x_wconf 88' lang='lat' dir='ltr'><strong><em>Litt.</em></strong></span> <span class='ocrx_word' id='word_1_231' title='bbox 1476 1610 1601 1664; x_wconf 88' lang='lat' dir='ltr'><strong><em>libr.</em></strong></span> <span class='ocrx_word' id='word_1_232' title='bbox 1634 1609 1706 1711; x_wconf 75' lang='lat' dir='ltr'><strong><em>ab</em></strong></span> <span class='ocrx_word' id='word_1_233' title='bbox 1726 1611 1886 1711; x_wconf 48' lang='lat' dir='ltr'><strong><em>‘artis</em></strong></span> <span class='ocrx_word' id='word_1_234' title='bbox 1936 1615 2024 1675; x_wconf 69' lang='grc' dir='ltr'><strong><em>τῃ·</em></strong></span> <span class='ocrx_word' id='word_1_235' title='bbox 2063 1655 2107 1711; x_wconf 74' lang='grc' dir='ltr'>Β</span> <span class='ocrx_word' id='word_1_236' title='bbox 2135 1613 2321 1668; x_wconf 63' lang='lat' dir='ltr'><strong><em>suam;</em></strong></span> <span class='ocrx_word' id='word_1_237' title='bbox 2345 1613 2474 1667; x_wconf 74' lang='lat' dir='ltr'><strong><em>libri</em></strong></span> <span class='ocrx_word' id='word_1_238' title='bbox 2508 1615 2751 1682; x_wconf 57' lang='lat' dir='ltr'><strong><em>1V,etc.,</em></strong></span> <span class='ocrx_word' id='word_1_239' title='bbox 2783 1620 2847 1668; x_wconf 71' lang='grc' dir='ltr'><strong><em>ιιι</em></strong></span> <span class='ocrx_word' id='word_1_240' title='bbox 2874 1614 2934 1668; x_wconf 79' lang='lat' dir='ltr'><strong><em>in</em></strong></span> <span class='ocrx_word' id='word_1_241' title='bbox 2964 1613 3334 1684; x_wconf 52' lang='lat' dir='ltr'><strong><em>prandenti,</em></strong></span> 
     </span>
    </p>
   </div>
   <div class='ocr_carea' id='block_1_31' title="bbox 322 1697 2021 1774">
    <p class='ocr_par' dir='ltr' id='par_1_31' title="bbox 322 1697 2021 1774">
     <span class='ocr_line' id='line_1_31' title="bbox 322 1697 2021 1774; baseline -0.007 -16"><span class='ocrx_word' id='word_1_242' title='bbox 322 1720 482 1774; x_wconf 84' lang='lat' dir='ltr'><strong><em>pogr.</em></strong></span> <span class='ocrx_word' id='word_1_243' title='bbox 512 1706 820 1758; x_wconf 84' lang='lat' dir='ltr'><strong><em>inventione</em></strong></span> <span class='ocrx_word' id='word_1_244' title='bbox 849 1703 922 1756; x_wconf 85' lang='lat' dir='ltr'><strong><em>ad</em></strong></span> <span class='ocrx_word' id='word_1_245' title='bbox 963 1717 1016 1755; x_wconf 93' lang='lat' dir='ltr'><strong><em>a.</em></strong></span> <span class='ocrx_word' id='word_1_246' title='bbox 1055 1702 1188 1755; x_wconf 86' lang='grc'><strong>1479</strong></span> <span class='ocrx_word' id='word_1_247' title='bbox 1218 1699 1467 1770; x_wconf 84' lang='lat' dir='ltr'><strong><em>impress.</em></strong></span> <span class='ocrx_word' id='word_1_248' title='bbox 1510 1701 1568 1752; x_wconf 88' lang='lat' dir='ltr'><strong><em>in</em></strong></span> <span class='ocrx_word' id='word_1_249' title='bbox 1621 1697 1758 1752; x_wconf 89' lang='lat' dir='ltr'><strong><em>Bibl.</em></strong></span> <span class='ocrx_word' id='word_1_250' title='bbox 1794 1699 2021 1752; x_wconf 79' lang='lat' dir='ltr'><strong><em>Monast.</em></strong></span> 
     </span>
    </p>
   </div>
   <div class='ocr_carea' id='block_1_32' title="bbox 326 1789 1542 1859">
    <p class='ocr_par' dir='ltr' id='par_1_32' title="bbox 326 1789 1542 1859">
     <span class='ocr_line' id='line_1_32' title="bbox 326 1789 1542 1859; baseline -0.003 -12"><span class='ocrx_word' id='word_1_251' title='bbox 326 1793 401 1847; x_wconf 86' lang='lat' dir='ltr'><strong><em>ad</em></strong></span> <span class='ocrx_word' id='word_1_252' title='bbox 423 1795 479 1849; x_wconf 94' lang='lat' dir='ltr'><strong><em>S.</em></strong></span> <span class='ocrx_word' id='word_1_253' title='bbox 509 1792 698 1848; x_wconf 87' lang='lat' dir='ltr'><strong><em>Udalr.</em></strong></span> <span class='ocrx_word' id='word_1_254' title='bbox 724 1796 774 1846; x_wconf 87' lang='lat' dir='ltr'><strong><em>et</em></strong></span> <span class='ocrx_word' id='word_1_255' title='bbox 805 1793 1008 1858; x_wconf 81' lang='lat' dir='ltr'><strong><em>Afrum</em></strong></span> <span class='ocrx_word' id='word_1_256' title='bbox 1030 1792 1176 1858; x_wconf 86' lang='lat' dir='ltr'><strong><em>Aug.</em></strong></span> <span class='ocrx_word' id='word_1_257' title='bbox 1211 1789 1373 1844; x_wconf 86' lang='lat' dir='ltr'><strong><em>Vind.</em></strong></span> <span class='ocrx_word' id='word_1_258' title='bbox 1396 1805 1456 1859; x_wconf 91' lang='lat' dir='ltr'><strong><em>p.</em></strong></span> <span class='ocrx_word' id='word_1_259' title='bbox 1490 1791 1542 1843; x_wconf 90' lang='lat'><strong><em>3.</em></strong></span> 
     </span>
    </p>
   </div>
   <div class='ocr_carea' id='block_1_33' title="bbox 398 1873 2024 1951">
    <p class='ocr_par' dir='ltr' id='par_1_33' title="bbox 398 1873 2024 1951">
     <span class='ocr_line' id='line_1_33' title="bbox 398 1873 2024 1951; baseline -0.006 -15"><span class='ocrx_word' id='word_1_260' title='bbox 398 1910 466 1922; x_wconf 96' lang='lat'><strong>—</strong></span> <span class='ocrx_word' id='word_1_261' title='bbox 496 1880 812 1951; x_wconf 74' lang='lat' dir='ltr'><strong><em>[Moguntiae</em></strong></span> <span class='ocrx_word' id='word_1_262' title='bbox 855 1895 953 1948; x_wconf 90' lang='lat' dir='ltr'><strong><em>per</em></strong></span> <span class='ocrx_word' id='word_1_263' title='bbox 977 1880 1073 1933; x_wconf 88' lang='lat' dir='ltr'><strong><em>Jo.</em></strong></span> <span class='ocrx_word' id='word_1_264' title='bbox 1119 1875 1298 1949; x_wconf 78' lang='lat' dir='ltr'><strong><em>Fust.j</em></strong></span> <span class='ocrx_word' id='word_1_265' title='bbox 1330 1878 1524 1944; x_wconf 83' lang='lat' dir='ltr'><strong><em>in-fol.</em></strong></span> <span class='ocrx_word' id='word_1_266' title='bbox 1577 1875 1734 1930; x_wconf 89' lang='lat' dir='ltr'><strong><em>Idem</em></strong></span> <span class='ocrx_word' id='word_1_267' title='bbox 1784 1873 1929 1928; x_wconf 89' lang='lat' dir='ltr'><strong><em>liber</em></strong></span> <span class='ocrx_word' id='word_1_268' title='bbox 1958 1889 2024 1928; x_wconf 86' lang='lat' dir='ltr'><strong><em>ex</em></strong></span> 
     </span>
    </p>
   </div>
   <div class='ocr_carea' id='block_1_34' title="bbox 326 1961 2025 2042">
    <p class='ocr_par' dir='ltr' id='par_1_34' title="bbox 326 1961 2025 2042">
     <span class='ocr_line' id='line_1_34' title="bbox 326 1961 2025 2042; baseline -0.005 -19"><span class='ocrx_word' id='word_1_269' title='bbox 326 1969 673 2042; x_wconf 74' lang='lat' dir='ltr'><strong><em>praecedenti</em></strong></span> <span class='ocrx_word' id='word_1_270' title='bbox 704 1967 950 2022; x_wconf 85' lang='lat' dir='ltr'><strong><em>editione</em></strong></span> <span class='ocrx_word' id='word_1_271' title='bbox 993 1965 1240 2021; x_wconf 85' lang='lat' dir='ltr'><strong><em>ﬁdeliter</em></strong></span> <span class='ocrx_word' id='word_1_272' title='bbox 1301 1980 1621 2036; x_wconf 85' lang='lat' dir='ltr'><strong><em>expressus,</em></strong></span> <span class='ocrx_word' id='word_1_273' title='bbox 1678 1963 1818 2017; x_wconf 90' lang='lat' dir='ltr'><strong><em>adeo</em></strong></span> <span class='ocrx_word' id='word_1_274' title='bbox 1873 1965 1937 2016; x_wconf 90' lang='lat' dir='ltr'><strong><em>ut</em></strong></span> <span class='ocrx_word' id='word_1_275' title='bbox 1965 1961 2025 2014; x_wconf 92' lang='lat' dir='ltr'><strong><em>in</em></strong></span> 
     </span>
    </p>
   </div>
   <div class='ocr_carea' id='block_1_35' title="bbox 324 2053 2024 2130">
    <p class='ocr_par' dir='ltr' id='par_1_35' title="bbox 324 2053 2024 2130">
     <span class='ocr_line' id='line_1_35' title="bbox 324 2053 2024 2130; baseline -0.006 -16"><span class='ocrx_word' id='word_1_276' title='bbox 324 2057 769 2130; x_wconf 58' lang='lat' dir='ltr'><strong><em>praemonitione</em></strong></span> <span class='ocrx_word' id='word_1_277' title='bbox 813 2053 1171 2126; x_wconf 89' lang='lat' dir='ltr'><strong><em>impressoris</em></strong></span> <span class='ocrx_word' id='word_1_278' title='bbox 1207 2059 1432 2107; x_wconf 90' lang='lat' dir='ltr'><strong><em>tantum</em></strong></span> <span class='ocrx_word' id='word_1_279' title='bbox 1491 2067 1704 2106; x_wconf 92' lang='lat' dir='ltr'><strong><em>nomen</em></strong></span> <span class='ocrx_word' id='word_1_280' title='bbox 1743 2055 2024 2104; x_wconf 88' lang='lat' dir='ltr'><strong><em>mutatum</em></strong></span> 
     </span>
    </p>
   </div>
   <div class='ocr_carea' id='block_1_36' title="bbox 327 2141 2024 2218">
    <p class='ocr_par' dir='ltr' id='par_1_36' title="bbox 327 2141 2024 2218">
     <span class='ocr_line' id='line_1_36' title="bbox 327 2141 2024 2218; baseline -0.005 -18"><span class='ocrx_word' id='word_1_281' title='bbox 327 2148 400 2202; x_wconf 89' lang='lat' dir='ltr'><strong><em>sit</em></strong></span> <span class='ocrx_word' id='word_1_282' title='bbox 428 2152 600 2218; x_wconf 90' lang='lat' dir='ltr'><strong><em>atque</em></strong></span> <span class='ocrx_word' id='word_1_283' title='bbox 633 2145 726 2199; x_wconf 89' lang='lat' dir='ltr'><strong><em>hic</em></strong></span> <span class='ocrx_word' id='word_1_284' title='bbox 757 2146 1006 2215; x_wconf 86' lang='lat' dir='ltr'><strong><em>legatur:</em></strong></span> <span class='ocrx_word' id='word_1_285' title='bbox 1050 2146 1286 2198; x_wconf 82' lang='lat' dir='ltr'><strong><em>Discreto</em></strong></span> <span class='ocrx_word' id='word_1_286' title='bbox 1322 2145 1440 2197; x_wconf 86' lang='lat' dir='ltr'><strong><em>viro</em></strong></span> <span class='ocrx_word' id='word_1_287' title='bbox 1497 2141 1738 2196; x_wconf 87' lang='lat' dir='ltr'><strong><em>Johanni</em></strong></span> <span class='ocrx_word' id='word_1_288' title='bbox 1780 2143 1909 2195; x_wconf 89' lang='lat' dir='ltr'><strong><em>Fust</em></strong></span> <span class='ocrx_word' id='word_1_289' title='bbox 1938 2142 2024 2192; x_wconf 86' lang='lat' dir='ltr'><strong><em>in-</em></strong></span> 
     </span>
    </p>
   </div>
   <div class='ocr_carea' id='block_1_37' title="bbox 327 2229 2026 2301">
    <p class='ocr_par' dir='ltr' id='par_1_37' title="bbox 327 2229 2026 2301">
     <span class='ocr_line' id='line_1_37' title="bbox 327 2229 2026 2301; baseline -0.004 -14"><span class='ocrx_word' id='word_1_290' title='bbox 327 2237 437 2288; x_wconf 92' lang='lat' dir='ltr'><strong><em>cole</em></strong></span> <span class='ocrx_word' id='word_1_291' title='bbox 467 2234 871 2300; x_wconf 87' lang='lat' dir='ltr'><strong><em>maguntinensi</em></strong></span> <span class='ocrx_word' id='word_1_292' title='bbox 899 2234 1242 2301; x_wconf 88' lang='lat' dir='ltr'><strong><em>impressorio</em></strong></span> <span class='ocrx_word' id='word_1_293' title='bbox 1270 2233 1410 2285; x_wconf 87' lang='lat' dir='ltr'><strong><em>artis</em></strong></span> <span class='ocrx_word' id='word_1_294' title='bbox 1449 2247 1620 2299; x_wconf 90' lang='lat' dir='ltr'><strong><em>mgro.</em></strong></span> <span class='ocrx_word' id='word_1_295' title='bbox 1652 2229 1824 2284; x_wconf 84' lang='lat' dir='ltr'><strong><em>modis</em></strong></span> <span class='ocrx_word' id='word_1_296' title='bbox 1855 2230 2026 2283; x_wconf 89' lang='lat' dir='ltr'><strong><em>omni-</em></strong></span> 
     </span>
    </p>
   </div>
   <div class='ocr_carea' id='block_1_38' title="bbox 330 2317 2028 2391">
    <p class='ocr_par' dir='ltr' id='par_1_38' title="bbox 330 2317 2028 2391">
     <span class='ocr_line' id='line_1_38' title="bbox 330 2317 2028 2391; baseline -0.003 -16"><span class='ocrx_word' id='word_1_297' title='bbox 330 2322 426 2376; x_wconf 87' lang='lat' dir='ltr'><strong><em>bus</em></strong></span> <span class='ocrx_word' id='word_1_298' title='bbox 456 2323 732 2391; x_wconf 81' lang='lat' dir='ltr'><strong><em>persuasi,</em></strong></span> <span class='ocrx_word' id='word_1_299' title='bbox 763 2325 866 2376; x_wconf 90' lang='lat' dir='ltr'><strong><em>etc.</em></strong></span> <span class='ocrx_word' id='word_1_300' title='bbox 899 2321 1180 2375; x_wconf 69' lang='lat' dir='ltr'><strong><em>Caeterum</em></strong></span> <span class='ocrx_word' id='word_1_301' title='bbox 1211 2323 1429 2374; x_wconf 88' lang='lat' dir='ltr'><strong><em>constat</em></strong></span> <span class='ocrx_word' id='word_1_302' title='bbox 1474 2319 1581 2372; x_wconf 94' lang='lat' dir='ltr'><strong><em>hoc</em></strong></span> <span class='ocrx_word' id='word_1_303' title='bbox 1632 2319 1901 2372; x_wconf 89' lang='lat' dir='ltr'><strong><em>volumen</em></strong></span> <span class='ocrx_word' id='word_1_304' title='bbox 1947 2317 2028 2371; x_wconf 86' lang='lat' dir='ltr'><strong><em>fo-</em></strong></span> 
     </span>
    </p>
   </div>
   <div class='ocr_carea' id='block_1_39' title="bbox 332 2405 2024 2480">
    <p class='ocr_par' dir='ltr' id='par_1_39' title="bbox 332 2405 2024 2480">
     <span class='ocr_line' id='line_1_39' title="bbox 332 2405 2024 2480; baseline -0.003 -16"><span class='ocrx_word' id='word_1_305' title='bbox 332 2409 423 2464; x_wconf 88' lang='lat' dir='ltr'><strong><em>liis</em></strong></span> <span class='ocrx_word' id='word_1_306' title='bbox 465 2412 554 2477; x_wconf 70' lang='grc'><strong><em>22,</em></strong></span> <span class='ocrx_word' id='word_1_307' title='bbox 616 2424 862 2480; x_wconf 90' lang='lat' dir='ltr'><strong><em>quorum</em></strong></span> <span class='ocrx_word' id='word_1_308' title='bbox 918 2409 1032 2464; x_wconf 90' lang='lat' dir='ltr'><strong><em>duo</em></strong></span> <span class='ocrx_word' id='word_1_309' title='bbox 1087 2408 1278 2479; x_wconf 90' lang='lat' dir='ltr'><strong><em>priora</em></strong></span> <span class='ocrx_word' id='word_1_310' title='bbox 1337 2412 1577 2478; x_wconf 90' lang='lat' dir='ltr'><strong><em>occupat</em></strong></span> <span class='ocrx_word' id='word_1_311' title='bbox 1618 2405 2024 2478; x_wconf 69' lang='lat' dir='ltr'><strong><em>prazfatio,de-</em></strong></span> 
     </span>
    </p>
   </div>
   <div class='ocr_carea' id='block_1_40' title="bbox 324 2495 2022 2569">
    <p class='ocr_par' dir='ltr' id='par_1_40' title="bbox 324 2495 2022 2569">
     <span class='ocr_line' id='line_1_40' title="bbox 324 2495 2022 2569; baseline -0.004 -15"><span class='ocrx_word' id='word_1_312' title='bbox 324 2499 458 2554; x_wconf 86' lang='lat' dir='ltr'><strong><em>hinc</em></strong></span> <span class='ocrx_word' id='word_1_313' title='bbox 482 2503 664 2554; x_wconf 84' lang='lat' dir='ltr'><strong><em>textus</em></strong></span> <span class='ocrx_word' id='word_1_314' title='bbox 692 2498 1053 2569; x_wconf 88' lang='lat' dir='ltr'><strong><em>protenditur</em></strong></span> <span class='ocrx_word' id='word_1_315' title='bbox 1093 2497 1161 2552; x_wconf 90' lang='lat' dir='ltr'><strong><em>ad</em></strong></span> <span class='ocrx_word' id='word_1_316' title='bbox 1212 2497 1467 2552; x_wconf 88' lang='lat' dir='ltr'><strong><em>medium</em></strong></span> <span class='ocrx_word' id='word_1_317' title='bbox 1521 2495 1724 2550; x_wconf 86' lang='lat' dir='ltr'><strong><em>folium</em></strong></span> <span class='ocrx_word' id='word_1_318' title='bbox 1775 2499 1860 2563; x_wconf 90' lang='grc'><strong><em>17,</em></strong></span> <span class='ocrx_word' id='word_1_319' title='bbox 1891 2498 2022 2548; x_wconf 89' lang='lat' dir='ltr'><strong><em>tan-</em></strong></span> 
     </span>
    </p>
   </div>
   <div class='ocr_carea' id='block_1_41' title="bbox 326 2583 2026 2658">
    <p class='ocr_par' dir='ltr' id='par_1_41' title="bbox 326 2583 2026 2658">
     <span class='ocr_line' id='line_1_41' title="bbox 326 2583 2026 2658; baseline -0.003 -16"><span class='ocrx_word' id='word_1_320' title='bbox 326 2588 457 2642; x_wconf 89' lang='lat' dir='ltr'><strong><em>dem</em></strong></span> <span class='ocrx_word' id='word_1_321' title='bbox 487 2587 680 2642; x_wconf 88' lang='lat' dir='ltr'><strong><em>tabula</em></strong></span> <span class='ocrx_word' id='word_1_322' title='bbox 712 2587 1084 2642; x_wconf 88' lang='lat' dir='ltr'><strong><em>materiarum</em></strong></span> <span class='ocrx_word' id='word_1_323' title='bbox 1124 2587 1401 2658; x_wconf 87' lang='lat' dir='ltr'><strong><em>sequitur,</em></strong></span> <span class='ocrx_word' id='word_1_324' title='bbox 1434 2590 1728 2656; x_wconf 88' lang='lat' dir='ltr'><strong><em>postremo</em></strong></span> <span class='ocrx_word' id='word_1_325' title='bbox 1780 2583 2026 2654; x_wconf 91' lang='lat' dir='ltr'><strong><em>denique</em></strong></span> 
     </span>
    </p>
   </div>
   <div class='ocr_carea' id='block_1_42' title="bbox 325 2672 2028 2743">
    <p class='ocr_par' dir='ltr' id='par_1_42' title="bbox 325 2672 2028 2743">
     <span class='ocr_line' id='line_1_42' title="bbox 325 2672 2028 2743; baseline -0.003 -13"><span class='ocrx_word' id='word_1_326' title='bbox 325 2677 477 2731; x_wconf 89' lang='lat' dir='ltr'><strong><em>foliis</em></strong></span> <span class='ocrx_word' id='word_1_327' title='bbox 506 2676 747 2742; x_wconf 92' lang='lat' dir='ltr'><strong><em>duobus,</em></strong></span> <span class='ocrx_word' id='word_1_328' title='bbox 795 2676 975 2729; x_wconf 90' lang='lat' dir='ltr'><strong><em>altero</em></strong></span> <span class='ocrx_word' id='word_1_329' title='bbox 1029 2692 1247 2740; x_wconf 89' lang='lat' dir='ltr'><strong><em>aversa,</em></strong></span> <span class='ocrx_word' id='word_1_330' title='bbox 1301 2675 1480 2728; x_wconf 87' lang='lat' dir='ltr'><strong><em>altero</em></strong></span> <span class='ocrx_word' id='word_1_331' title='bbox 1525 2673 1757 2728; x_wconf 86' lang='lat' dir='ltr'><strong><em>adversa</em></strong></span> <span class='ocrx_word' id='word_1_332' title='bbox 1817 2672 2028 2743; x_wconf 85' lang='lat' dir='ltr'><strong><em>pagina</em></strong></span> 
     </span>
    </p>
   </div>
   <div class='ocr_carea' id='block_1_43' title="bbox 326 2761 2026 2836">
    <p class='ocr_par' dir='ltr' id='par_1_43' title="bbox 326 2761 2026 2836">
     <span class='ocr_line' id='line_1_43' title="bbox 326 2761 2026 2836; baseline -0.001 -18"><span class='ocrx_word' id='word_1_333' title='bbox 326 2763 622 2836; x_wconf 87' lang='lat' dir='ltr'><strong><em>impressis</em></strong></span> <span class='ocrx_word' id='word_1_334' title='bbox 654 2763 942 2818; x_wconf 89' lang='lat' dir='ltr'><strong><em>tractatuli</em></strong></span> <span class='ocrx_word' id='word_1_335' title='bbox 984 2764 1097 2819; x_wconf 91' lang='lat' dir='ltr'><strong><em>duo</em></strong></span> <span class='ocrx_word' id='word_1_336' title='bbox 1123 2781 1135 2819; x_wconf 93' lang='lat'>:</span> <span class='ocrx_word' id='word_1_337' title='bbox 1166 2767 1238 2818; x_wconf 89' lang='lat' dir='ltr'><strong><em>De</em></strong></span> <span class='ocrx_word' id='word_1_338' title='bbox 1269 2763 1441 2818; x_wconf 87' lang='lat' dir='ltr'><strong><em>tribus</em></strong></span> <span class='ocrx_word' id='word_1_339' title='bbox 1469 2765 1744 2833; x_wconf 83' lang='lat' dir='ltr'><strong><em>precipuis</em></strong></span> <span class='ocrx_word' id='word_1_340' title='bbox 1773 2761 2026 2832; x_wconf 82' lang='lat' dir='ltr'><strong><em>operibus</em></strong></span> 
     </span>
    </p>
   </div>
   <div class='ocr_carea' id='block_1_44' title="bbox 326 2849 2027 2923">
    <p class='ocr_par' dir='ltr' id='par_1_44' title="bbox 326 2849 2027 2923">
     <span class='ocr_line' id='line_1_44' title="bbox 326 2849 2027 2923; baseline -0.002 -16"><span class='ocrx_word' id='word_1_341' title='bbox 326 2853 709 2923; x_wconf 84' lang='lat' dir='ltr'><strong><em>predicatoris,</em></strong></span> <span class='ocrx_word' id='word_1_342' title='bbox 791 2857 848 2908; x_wconf 90' lang='lat' dir='ltr'><strong><em>et</em></strong></span> <span class='ocrx_word' id='word_1_343' title='bbox 889 2853 972 2907; x_wconf 91' lang='lat' dir='ltr'><strong><em>De</em></strong></span> <span class='ocrx_word' id='word_1_344' title='bbox 1021 2853 1195 2908; x_wconf 90' lang='lat' dir='ltr'><strong><em>tribus</em></strong></span> <span class='ocrx_word' id='word_1_345' title='bbox 1233 2852 1511 2921; x_wconf 83' lang='lat' dir='ltr'><strong><em>generibus</em></strong></span> <span class='ocrx_word' id='word_1_346' title='bbox 1571 2849 1807 2911; x_wconf 86' lang='lat' dir='ltr'><strong><em>dicendi,</em></strong></span> <span class='ocrx_word' id='word_1_347' title='bbox 1831 2850 2027 2920; x_wconf 88' lang='lat' dir='ltr'><strong><em>quibus</em></strong></span> 
     </span>
    </p>
   </div>
   <div class='ocr_carea' id='block_1_45' title="bbox 2207 1701 3844 1774">
    <p class='ocr_par' dir='ltr' id='par_1_45' title="bbox 2207 1701 3844 1774">
     <span class='ocr_line' id='line_1_45' title="bbox 2207 1701 3844 1774; baseline -0.001 -16"><span class='ocrx_word' id='word_1_348' title='bbox 2207 1701 2338 1758; x_wconf 85' lang='lat' dir='ltr'><strong><em>Sine</em></strong></span> <span class='ocrx_word' id='word_1_349' title='bbox 2355 1718 2526 1758; x_wconf 89' lang='lat' dir='ltr'><strong><em>anno.</em></strong></span> <span class='ocrx_word' id='word_1_350' title='bbox 2558 1703 2816 1772; x_wconf 63' lang='lat' dir='ltr'><strong><em>Coloniae,</em></strong></span> <span class='ocrx_word' id='word_1_351' title='bbox 2837 1705 2998 1758; x_wconf 84' lang='lat' dir='ltr'><strong><em>in-80.</em></strong></span> <span class='ocrx_word' id='word_1_352' title='bbox 3019 1703 3074 1758; x_wconf 92' lang='lat' dir='ltr'><strong><em>S.</em></strong></span> <span class='ocrx_word' id='word_1_353' title='bbox 3099 1701 3448 1774; x_wconf 88' lang='lat' dir='ltr'><strong><em>Augustinus</em></strong></span> <span class='ocrx_word' id='word_1_354' title='bbox 3468 1702 3538 1758; x_wconf 89' lang='lat' dir='ltr'><strong><em>de</em></strong></span> <span class='ocrx_word' id='word_1_355' title='bbox 3572 1703 3844 1757; x_wconf 88' lang='lat' dir='ltr'><strong><em>Doctrina</em></strong></span> 
     </span>
    </p>
   </div>
   <div class='ocr_carea' id='block_1_46' title="bbox 2134 1790 3831 1860">
    <p class='ocr_par' dir='ltr' id='par_1_46' title="bbox 2134 1790 3831 1860">
     <span class='ocr_line' id='line_1_46' title="bbox 2134 1790 3831 1860; baseline -0.001 -16"><span class='ocrx_word' id='word_1_356' title='bbox 2134 1790 2469 1845; x_wconf 90' lang='lat' dir='ltr'><strong><em>Christiana.</em></strong></span> <span class='ocrx_word' id='word_1_357' title='bbox 2513 1793 2630 1849; x_wconf 88' lang='lat' dir='ltr'><strong><em>Cat.</em></strong></span> <span class='ocrx_word' id='word_1_358' title='bbox 2674 1791 2820 1846; x_wconf 89' lang='lat' dir='ltr'><strong><em>Bibl.</em></strong></span> <span class='ocrx_word' id='word_1_359' title='bbox 2874 1792 2937 1848; x_wconf 90' lang='lat' dir='ltr'><strong><em>S.</em></strong></span> <span class='ocrx_word' id='word_1_360' title='bbox 2989 1792 3140 1860; x_wconf 85' lang='lat' dir='ltr'><strong><em>Aug.</em></strong></span> <span class='ocrx_word' id='word_1_361' title='bbox 3199 1791 3273 1845; x_wconf 87' lang='lat' dir='ltr'><strong><em>ad</em></strong></span> <span class='ocrx_word' id='word_1_362' title='bbox 3327 1791 3533 1846; x_wconf 89' lang='lat' dir='ltr'><strong><em>Nidum</em></strong></span> <span class='ocrx_word' id='word_1_363' title='bbox 3580 1791 3831 1860; x_wconf 85' lang='lat' dir='ltr'><strong><em>Neapoli.</em></strong></span> 
     </span>
    </p>
   </div>
   <div class='ocr_carea' id='block_1_47' title="bbox 2205 1879 3842 1950">
    <p class='ocr_par' dir='ltr' id='par_1_47' title="bbox 2205 1879 3842 1950">
     <span class='ocr_line' id='line_1_47' title="bbox 2205 1879 3842 1950; baseline 0 -16"><span class='ocrx_word' id='word_1_364' title='bbox 2205 1879 2338 1934; x_wconf 58' lang='lat' dir='ltr'><strong><em>Sac.</em></strong></span> <span class='ocrx_word' id='word_1_365' title='bbox 2397 1881 2557 1935; x_wconf 85' lang='lat' dir='ltr'><strong>XVII.</strong></span> <span class='ocrx_word' id='word_1_366' title='bbox 2618 1910 2685 1921; x_wconf 87' lang='lat'><strong>—-</strong></span> <span class='ocrx_word' id='word_1_367' title='bbox 2738 1881 2895 1934; x_wconf 88' lang='grc'><strong>1601.</strong></span> <span class='ocrx_word' id='word_1_368' title='bbox 2955 1880 3293 1950; x_wconf 71' lang='lat' dir='ltr'><strong><em>Antuerpias,</em></strong></span> <span class='ocrx_word' id='word_1_369' title='bbox 3354 1882 3528 1935; x_wconf 87' lang='lat' dir='ltr'><strong><em>in-8°.</em></strong></span> <span class='ocrx_word' id='word_1_370' title='bbox 3585 1879 3842 1934; x_wconf 84' lang='lat' dir='ltr'><strong><em>Laudant</em></strong></span> 
     </span>
    </p>
   </div>
   <div class='ocr_carea' id='block_1_48' title="bbox 2136 1967 2525 2023">
    <p class='ocr_par' dir='ltr' id='par_1_48' title="bbox 2136 1967 2525 2023">
     <span class='ocr_line' id='line_1_48' title="bbox 2136 1967 2525 2023; baseline -0.003 0"><span class='ocrx_word' id='word_1_371' title='bbox 2136 1967 2525 2023; x_wconf 89' lang='lat' dir='ltr'><strong><em>Colonienses.</em></strong></span> 
     </span>
    </p>
   </div>
   <div class='ocr_carea' id='block_1_49' title="bbox 2211 2055 3835 2126">
    <p class='ocr_par' dir='ltr' id='par_1_49' title="bbox 2211 2055 3835 2126">
     <span class='ocr_line' id='line_1_49' title="bbox 2211 2055 3835 2126; baseline -0.001 -16"><span class='ocrx_word' id='word_1_372' title='bbox 2211 2057 2363 2110; x_wconf 72' lang='grc'><strong>1604.</strong></span> <span class='ocrx_word' id='word_1_373' title='bbox 2395 2056 2812 2124; x_wconf 77' lang='lat' dir='ltr'><strong><em>Wittembergae,</em></strong></span> <span class='ocrx_word' id='word_1_374' title='bbox 2841 2059 2988 2126; x_wconf 83' lang='lat' dir='ltr'><strong><em>typis</em></strong></span> <span class='ocrx_word' id='word_1_375' title='bbox 3011 2057 3393 2124; x_wconf 88' lang='lat' dir='ltr'><strong><em>Cratonianis;</em></strong></span> <span class='ocrx_word' id='word_1_376' title='bbox 3417 2059 3585 2110; x_wconf 85' lang='lat' dir='ltr'><strong><em>in-8°.</em></strong></span> <span class='ocrx_word' id='word_1_377' title='bbox 3613 2055 3666 2110; x_wconf 91' lang='lat' dir='ltr'><strong><em>S.</em></strong></span> <span class='ocrx_word' id='word_1_378' title='bbox 3697 2059 3835 2110; x_wconf 92' lang='lat' dir='ltr'><strong><em>Aur.</em></strong></span> 
     </span>
    </p>
   </div>
   <div class='ocr_carea' id='block_1_50' title="bbox 2133 2143 3838 2216">
    <p class='ocr_par' dir='ltr' id='par_1_50' title="bbox 2133 2143 3838 2216">
     <span class='ocr_line' id='line_1_50' title="bbox 2133 2143 3838 2216; baseline 0 -18"><span class='ocrx_word' id='word_1_379' title='bbox 2133 2143 2439 2214; x_wconf 89' lang='lat' dir='ltr'><strong><em>Augustini</em></strong></span> <span class='ocrx_word' id='word_1_380' title='bbox 2473 2144 2543 2199; x_wconf 92' lang='lat' dir='ltr'><strong><em>de</em></strong></span> <span class='ocrx_word' id='word_1_381' title='bbox 2567 2144 2834 2200; x_wconf 89' lang='lat' dir='ltr'><strong><em>Doctrina</em></strong></span> <span class='ocrx_word' id='word_1_382' title='bbox 2865 2145 3184 2200; x_wconf 88' lang='lat' dir='ltr'><strong><em>Christiana</em></strong></span> <span class='ocrx_word' id='word_1_383' title='bbox 3222 2146 3258 2201; x_wconf 94' lang='lat' dir='ltr'><strong><em>l.</em></strong></span> <span class='ocrx_word' id='word_1_384' title='bbox 3296 2146 3386 2200; x_wconf 91' lang='lat' dir='ltr'><strong><em>IV.</em></strong></span> <span class='ocrx_word' id='word_1_385' title='bbox 3420 2145 3500 2200; x_wconf 85' lang='lat' dir='ltr'><strong><em>Cf.</em></strong></span> <span class='ocrx_word' id='word_1_386' title='bbox 3530 2145 3692 2216; x_wconf 83' lang='lat' dir='ltr'><strong><em>praef.</em></strong></span> <span class='ocrx_word' id='word_1_387' title='bbox 3719 2146 3838 2200; x_wconf 90' lang='lat' dir='ltr'><strong><em>Sal.</em></strong></span> 
     </span>
    </p>
   </div>
   <div class='ocr_carea' id='block_1_51' title="bbox 2137 2233 3838 2291">
    <p class='ocr_par' dir='ltr' id='par_1_51' title="bbox 2137 2233 3838 2291">
     <span class='ocr_line' id='line_1_51' title="bbox 2137 2233 3838 2291; baseline -0.001 -2"><span class='ocrx_word' id='word_1_388' title='bbox 2137 2234 2376 2289; x_wconf 84' lang='lat' dir='ltr'><strong><em>Gesneri.</em></strong></span> <span class='ocrx_word' id='word_1_389' title='bbox 2405 2233 2491 2288; x_wconf 84' lang='lat' dir='ltr'><strong><em>Cf.</em></strong></span> <span class='ocrx_word' id='word_1_390' title='bbox 2522 2236 2599 2288; x_wconf 86' lang='lat' dir='ltr'><strong><em>M.</em></strong></span> <span class='ocrx_word' id='word_1_391' title='bbox 2633 2235 2774 2288; x_wconf 86' lang='lat' dir='ltr'><strong><em>Bibl.</em></strong></span> <span class='ocrx_word' id='word_1_392' title='bbox 2806 2235 3014 2289; x_wconf 88' lang='lat' dir='ltr'><strong><em>Eccles.</em></strong></span> <span class='ocrx_word' id='word_1_393' title='bbox 3051 2235 3229 2291; x_wconf 85' lang='lat' dir='ltr'><strong><em>Colon.</em></strong></span> <span class='ocrx_word' id='word_1_394' title='bbox 3288 2236 3410 2291; x_wconf 87' lang='lat' dir='ltr'><strong><em>Cat.</em></strong></span> <span class='ocrx_word' id='word_1_395' title='bbox 3465 2234 3615 2288; x_wconf 89' lang='lat' dir='ltr'><strong><em>Bibl.</em></strong></span> <span class='ocrx_word' id='word_1_396' title='bbox 3656 2235 3838 2287; x_wconf 85' lang='lat' dir='ltr'><strong><em>Thott.</em></strong></span> 
     </span>
    </p>
   </div>
   <div class='ocr_carea' id='block_1_52' title="bbox 2211 2322 3841 2393">
    <p class='ocr_par' dir='ltr' id='par_1_52' title="bbox 2211 2322 3841 2393">
     <span class='ocr_line' id='line_1_52' title="bbox 2211 2322 3841 2393; baseline 0.001 -18"><span class='ocrx_word' id='word_1_397' title='bbox 2211 2322 2363 2376; x_wconf 79' lang='grc'><strong>1629.</strong></span> <span class='ocrx_word' id='word_1_398' title='bbox 2400 2322 2752 2388; x_wconf 87' lang='lat' dir='ltr'><strong><em>Helmstadii;</em></strong></span> <span class='ocrx_word' id='word_1_399' title='bbox 2793 2325 2852 2376; x_wconf 87' lang='lat' dir='ltr'><strong><em>in</em></strong></span> <span class='ocrx_word' id='word_1_400' title='bbox 2909 2323 3190 2377; x_wconf 87' lang='lat' dir='ltr'><strong><em>academia</em></strong></span> <span class='ocrx_word' id='word_1_401' title='bbox 3243 2324 3411 2388; x_wconf 86' lang='lat' dir='ltr'><strong><em>Julia,</em></strong></span> <span class='ocrx_word' id='word_1_402' title='bbox 3471 2324 3841 2393; x_wconf 77' lang='lat' dir='ltr'><strong><em>typograple</em></strong></span> 
     </span>
    </p>
   </div>
   <div class='ocr_carea' id='block_1_53' title="bbox 2136 2411 3839 2479">
    <p class='ocr_par' dir='ltr' id='par_1_53' title="bbox 2136 2411 3839 2479">
     <span class='ocr_line' id='line_1_53' title="bbox 2136 2411 3839 2479; baseline 0.001 -14"><span class='ocrx_word' id='word_1_403' title='bbox 2136 2415 2314 2465; x_wconf 91' lang='lat' dir='ltr'><strong><em>autem</em></strong></span> <span class='ocrx_word' id='word_1_404' title='bbox 2369 2411 2663 2478; x_wconf 68' lang='lat' dir='ltr'><strong><em>Calixtino,</em></strong></span> <span class='ocrx_word' id='word_1_405' title='bbox 2711 2411 2929 2466; x_wconf 68' lang='lat' dir='ltr'><strong><em>excudit</em></strong></span> <span class='ocrx_word' id='word_1_406' title='bbox 2971 2414 3284 2479; x_wconf 87' lang='lat' dir='ltr'><strong><em>Henningus</em></strong></span> <span class='ocrx_word' id='word_1_407' title='bbox 3337 2413 3625 2478; x_wconf 88' lang='lat' dir='ltr'><strong><em>Mullerus;</em></strong></span> <span class='ocrx_word' id='word_1_408' title='bbox 3657 2414 3839 2466; x_wconf 83' lang='lat' dir='ltr'><strong><em>in-8o.</em></strong></span> 
     </span>
    </p>
   </div>
   <div class='ocr_carea' id='block_1_54' title="bbox 2135 2498 3838 2572">
    <p class='ocr_par' dir='ltr' id='par_1_54' title="bbox 2135 2498 3838 2572">
     <span class='ocr_line' id='line_1_54' title="bbox 2135 2498 3838 2572; baseline 0.001 -18"><span class='ocrx_word' id='word_1_409' title='bbox 2135 2498 2326 2554; x_wconf 87' lang='lat' dir='ltr'><strong><em>Sancti</em></strong></span> <span class='ocrx_word' id='word_1_410' title='bbox 2356 2499 2537 2554; x_wconf 90' lang='lat' dir='ltr'><strong><em>Patris</em></strong></span> <span class='ocrx_word' id='word_1_411' title='bbox 2568 2504 2623 2554; x_wconf 88' lang='lat' dir='ltr'><strong><em>et</em></strong></span> <span class='ocrx_word' id='word_1_412' title='bbox 2654 2501 2905 2554; x_wconf 91' lang='lat' dir='ltr'><strong><em>Doctoris</em></strong></span> <span class='ocrx_word' id='word_1_413' title='bbox 2935 2500 3153 2555; x_wconf 88' lang='lat' dir='ltr'><strong><em>Aurelii</em></strong></span> <span class='ocrx_word' id='word_1_414' title='bbox 3179 2499 3504 2572; x_wconf 86' lang='lat' dir='ltr'><strong><em>Augustini,</em></strong></span> <span class='ocrx_word' id='word_1_415' title='bbox 3537 2516 3626 2572; x_wconf 90' lang='lat' dir='ltr'><strong><em>ep.</em></strong></span> <span class='ocrx_word' id='word_1_416' title='bbox 3663 2500 3838 2572; x_wconf 86' lang='lat' dir='ltr'><strong><em>Hipp.</em></strong></span> 
     </span>
    </p>
   </div>
   <div class='ocr_carea' id='block_1_55' title="bbox 2138 2587 3843 2659">
    <p class='ocr_par' dir='ltr' id='par_1_55' title="bbox 2138 2587 3843 2659">
     <span class='ocr_line' id='line_1_55' title="bbox 2138 2587 3843 2659; baseline 0.001 -17"><span class='ocrx_word' id='word_1_417' title='bbox 2138 2588 2206 2642; x_wconf 91' lang='lat' dir='ltr'><strong><em>de</em></strong></span> <span class='ocrx_word' id='word_1_418' title='bbox 2230 2587 2500 2642; x_wconf 87' lang='lat' dir='ltr'><strong><em>Doctrina</em></strong></span> <span class='ocrx_word' id='word_1_419' title='bbox 2529 2587 2850 2642; x_wconf 88' lang='lat' dir='ltr'><strong><em>Christiana</em></strong></span> <span class='ocrx_word' id='word_1_420' title='bbox 2890 2588 3022 2644; x_wconf 85' lang='lat' dir='ltr'><strong><em>libri</em></strong></span> <span class='ocrx_word' id='word_1_421' title='bbox 3065 2590 3156 2658; x_wconf 91' lang='lat' dir='ltr'><strong>IV,</strong></span> <span class='ocrx_word' id='word_1_422' title='bbox 3203 2589 3274 2644; x_wconf 91' lang='lat' dir='ltr'><strong><em>de</em></strong></span> <span class='ocrx_word' id='word_1_423' title='bbox 3306 2589 3441 2644; x_wconf 87' lang='lat' dir='ltr'><strong><em>Fide</em></strong></span> <span class='ocrx_word' id='word_1_424' title='bbox 3485 2593 3540 2643; x_wconf 90' lang='lat' dir='ltr'><strong><em>et</em></strong></span> <span class='ocrx_word' id='word_1_425' title='bbox 3569 2589 3843 2659; x_wconf 87' lang='lat' dir='ltr'><strong><em>Symbolo</em></strong></span> 
     </span>
    </p>
   </div>
   <div class='ocr_carea' id='block_1_56' title="bbox 2135 2676 3840 2734">
    <p class='ocr_par' dir='ltr' id='par_1_56' title="bbox 2135 2676 3840 2734">
     <span class='ocr_line' id='line_1_56' title="bbox 2135 2676 3840 2734; baseline 0.002 -4"><span class='ocrx_word' id='word_1_426' title='bbox 2135 2676 2281 2730; x_wconf 91' lang='lat' dir='ltr'><strong><em>liber</em></strong></span> <span class='ocrx_word' id='word_1_427' title='bbox 2331 2693 2525 2731; x_wconf 88' lang='lat' dir='ltr'><strong><em>unus:</em></strong></span> <span class='ocrx_word' id='word_1_428' title='bbox 2577 2677 2855 2732; x_wconf 89' lang='lat' dir='ltr'><strong><em>Vincentii</em></strong></span> <span class='ocrx_word' id='word_1_429' title='bbox 2911 2677 3232 2732; x_wconf 89' lang='lat' dir='ltr'><strong><em>Lerinensis</em></strong></span> <span class='ocrx_word' id='word_1_430' title='bbox 3311 2678 3840 2734; x_wconf 87' lang='lat' dir='ltr'><strong><em>commonitorium.</em></strong></span> 
     </span>
    </p>
   </div>
   <div class='ocr_carea' id='block_1_57' title="bbox 2136 2765 3841 2834">
    <p class='ocr_par' dir='ltr' id='par_1_57' title="bbox 2136 2765 3841 2834">
     <span class='ocr_line' id='line_1_57' title="bbox 2136 2765 3841 2834; baseline -0.001 -12"><span class='ocrx_word' id='word_1_431' title='bbox 2136 2765 2396 2834; x_wconf 84' lang='lat' dir='ltr'><strong><em>Georgius</em></strong></span> <span class='ocrx_word' id='word_1_432' title='bbox 2427 2766 2689 2821; x_wconf 71' lang='lat' dir='ltr'><strong><em>Calimtus</em></strong></span> <span class='ocrx_word' id='word_1_433' title='bbox 2717 2766 3003 2820; x_wconf 88' lang='lat' dir='ltr'><strong><em>recensuit</em></strong></span> <span class='ocrx_word' id='word_1_434' title='bbox 3036 2771 3094 2820; x_wconf 89' lang='lat' dir='ltr'><strong><em>et</em></strong></span> <span class='ocrx_word' id='word_1_435' title='bbox 3129 2766 3334 2821; x_wconf 89' lang='lat' dir='ltr'><strong><em>edidit.</em></strong></span> <span class='ocrx_word' id='word_1_436' title='bbox 3374 2797 3440 2807; x_wconf 89' lang='lat'>—</span> <span class='ocrx_word' id='word_1_437' title='bbox 3493 2767 3841 2821; x_wconf 89' lang='lat' dir='ltr'><strong><em>Laudatissi-</em></strong></span> 
     </span>
    </p>
   </div>
   <div class='ocr_carea' id='block_1_58' title="bbox 2136 2854 3842 2927">
    <p class='ocr_par' dir='ltr' id='par_1_58' title="bbox 2136 2854 3842 2927">
     <span class='ocr_line' id='line_1_58' title="bbox 2136 2854 3842 2927; baseline 0.001 -19"><span class='ocrx_word' id='word_1_438' title='bbox 2136 2870 2264 2908; x_wconf 88' lang='lat' dir='ltr'><strong><em>mus</em></strong></span> <span class='ocrx_word' id='word_1_439' title='bbox 2290 2854 2386 2908; x_wconf 89' lang='lat' dir='ltr'><strong><em>ille</em></strong></span> <span class='ocrx_word' id='word_1_440' title='bbox 2416 2855 2715 2927; x_wconf 88' lang='lat' dir='ltr'><strong><em>theologus</em></strong></span> <span class='ocrx_word' id='word_1_441' title='bbox 2757 2871 2887 2909; x_wconf 91' lang='lat' dir='ltr'><strong><em>cum</em></strong></span> <span class='ocrx_word' id='word_1_442' title='bbox 2937 2855 3083 2909; x_wconf 89' lang='lat' dir='ltr'><strong><em>forte</em></strong></span> <span class='ocrx_word' id='word_1_443' title='bbox 3117 2855 3433 2918; x_wconf 89' lang='lat' dir='ltr'><strong><em>occasione,</em></strong></span> <span class='ocrx_word' id='word_1_444' title='bbox 3482 2872 3654 2926; x_wconf 85' lang='lat' dir='ltr'><strong><em>quam</em></strong></span> <span class='ocrx_word' id='word_1_445' title='bbox 3683 2871 3842 2909; x_wconf 84' lang='lat' dir='ltr'><strong><em>recu-</em></strong></span> 
     </span>
    </p>
   </div>
   <div class='ocr_carea' id='block_1_59' title="bbox 324 2937 3841 3015">
    <p class='ocr_par' dir='ltr' id='par_1_59' title="bbox 324 2937 3841 3015">
     <span class='ocr_line' id='line_1_59' title="bbox 324 2937 3841 3015; baseline -0.001 -20"><span class='ocrx_word' id='word_1_446' title='bbox 324 2944 408 2996; x_wconf 86' lang='lat' dir='ltr'><strong><em>uti</em></strong></span> <span class='ocrx_word' id='word_1_447' title='bbox 424 2941 577 2996; x_wconf 83' lang='lat' dir='ltr'><strong><em>debet</em></strong></span> <span class='ocrx_word' id='word_1_448' title='bbox 601 2941 916 3012; x_wconf 82' lang='lat' dir='ltr'><strong><em>predicator</em></strong></span> <span class='ocrx_word' id='word_1_449' title='bbox 944 2940 1233 2995; x_wconf 90' lang='lat' dir='ltr'><strong><em>claudunt.</em></strong></span> <span class='ocrx_word' id='word_1_450' title='bbox 1269 2941 1439 2994; x_wconf 89' lang='lat' dir='ltr'><strong><em>Plura</em></strong></span> <span class='ocrx_word' id='word_1_451' title='bbox 1489 2939 1616 2994; x_wconf 87' lang='lat' dir='ltr'><strong><em>vide</em></strong></span> <span class='ocrx_word' id='word_1_452' title='bbox 1669 2937 1818 3009; x_wconf 86' lang='lat' dir='ltr'><strong><em>apud</em></strong></span> <span class='ocrx_word' id='word_1_453' title='bbox 1846 2938 2028 2992; x_wconf 92' lang='lat' dir='ltr'><strong><em>Debu-</em></strong></span> <span class='ocrx_word' id='word_1_454' title='bbox 2065 2949 2105 3005; x_wconf 70' lang='grc' dir='ltr'><strong><em>(ζ</em></strong></span> <span class='ocrx_word' id='word_1_455' title='bbox 2137 2959 2260 2998; x_wconf 76' lang='lat' dir='ltr'><strong><em>gare</em></strong></span> <span class='ocrx_word' id='word_1_456' title='bbox 2291 2959 2441 3015; x_wconf 56' lang='lat' dir='ltr'><strong><em>agre</em></strong></span> <span class='ocrx_word' id='word_1_457' title='bbox 2470 2948 2716 3015; x_wconf 73' lang='lat' dir='ltr'><strong><em>poterat,</em></strong></span> <span class='ocrx_word' id='word_1_458' title='bbox 2749 2943 2855 2998; x_wconf 87' lang='lat' dir='ltr'><strong><em>sibi</em></strong></span> <span class='ocrx_word' id='word_1_459' title='bbox 2882 2944 3072 2999; x_wconf 78' lang='lat' dir='ltr'><strong><em>oblata</em></strong></span> <span class='ocrx_word' id='word_1_460' title='bbox 3115 2948 3279 3015; x_wconf 76' lang='lat' dir='ltr'><strong><em>typos</em></strong></span> <span class='ocrx_word' id='word_1_461' title='bbox 3309 2945 3532 2999; x_wconf 60' lang='lat' dir='ltr'><strong><em>Graecos</em></strong></span> <span class='ocrx_word' id='word_1_462' title='bbox 3587 2950 3644 2998; x_wconf 82' lang='lat' dir='ltr'><strong><em>et</em></strong></span> <span class='ocrx_word' id='word_1_463' title='bbox 3695 2944 3841 2999; x_wconf 76' lang='lat' dir='ltr'><strong><em>Lati-</em></strong></span> 
     </span>
    </p>
   </div>
   <div class='ocr_carea' id='block_1_60' title="bbox 324 3024 2026 3097">
    <p class='ocr_par' dir='ltr' id='par_1_60' title="bbox 324 3024 2026 3097">
     <span class='ocr_line' id='line_1_60' title="bbox 324 3024 2026 3097; baseline -0.004 -12"><span class='ocrx_word' id='word_1_464' title='bbox 324 3034 472 3085; x_wconf 85' lang='lat' dir='ltr'><strong><em>rium</em></strong></span> <span class='ocrx_word' id='word_1_465' title='bbox 502 3031 563 3085; x_wconf 92' lang='lat' dir='ltr'><strong><em>in</em></strong></span> <span class='ocrx_word' id='word_1_466' title='bbox 589 3033 724 3086; x_wconf 89' lang='lat' dir='ltr'><strong><em>Cat.</em></strong></span> <span class='ocrx_word' id='word_1_467' title='bbox 761 3030 902 3085; x_wconf 91' lang='lat' dir='ltr'><strong><em>Bibl.</em></strong></span> <span class='ocrx_word' id='word_1_468' title='bbox 929 3031 1069 3084; x_wconf 86' lang='lat' dir='ltr'><strong><em>Duc.</em></strong></span> <span class='ocrx_word' id='word_1_469' title='bbox 1100 3029 1167 3084; x_wconf 87' lang='lat' dir='ltr'><strong><em>de</em></strong></span> <span class='ocrx_word' id='word_1_470' title='bbox 1197 3029 1252 3081; x_wconf 90' lang='lat' dir='ltr'><strong><em>la</em></strong></span> <span class='ocrx_word' id='word_1_471' title='bbox 1295 3028 1416 3083; x_wconf 88' lang='lat' dir='ltr'><strong><em>Val.</em></strong></span> <span class='ocrx_word' id='word_1_472' title='bbox 1452 3029 1520 3083; x_wconf 89' lang='lat' dir='ltr'><strong><em>T.</em></strong></span> <span class='ocrx_word' id='word_1_473' title='bbox 1561 3028 1604 3093; x_wconf 90' lang='grc' dir='ltr'><strong>ῐ,</strong></span> <span class='ocrx_word' id='word_1_474' title='bbox 1638 3043 1693 3097; x_wconf 91' lang='lat' dir='ltr'><strong><em>p.</em></strong></span> <span class='ocrx_word' id='word_1_475' title='bbox 1745 3027 1863 3082; x_wconf 89' lang='grc'><strong>174.</strong></span> <span class='ocrx_word' id='word_1_476' title='bbox 1899 3024 2026 3079; x_wconf 86' lang='lat' dir='ltr'><strong><em>Obi-</em></strong></span> 
     </span>
    </p>
   </div>
   <div class='ocr_carea' id='block_1_61' title="bbox 323 3113 2024 3172">
    <p class='ocr_par' dir='ltr' id='par_1_61' title="bbox 323 3113 2024 3172">
     <span class='ocr_line' id='line_1_61' title="bbox 323 3113 2024 3172; baseline -0.003 0"><span class='ocrx_word' id='word_1_477' title='bbox 323 3122 411 3172; x_wconf 87' lang='lat' dir='ltr'><strong><em>ter</em></strong></span> <span class='ocrx_word' id='word_1_478' title='bbox 439 3117 704 3172; x_wconf 90' lang='lat' dir='ltr'><strong><em>eumdem</em></strong></span> <span class='ocrx_word' id='word_1_479' title='bbox 733 3119 1144 3170; x_wconf 86' lang='lat' dir='ltr'><strong><em>commemorat</em></strong></span> <span class='ocrx_word' id='word_1_480' title='bbox 1173 3116 1290 3170; x_wconf 84' lang='lat' dir='ltr'><strong><em>Cat.</em></strong></span> <span class='ocrx_word' id='word_1_481' title='bbox 1323 3114 1464 3168; x_wconf 87' lang='lat' dir='ltr'><strong><em>Bibl.</em></strong></span> <span class='ocrx_word' id='word_1_482' title='bbox 1517 3117 1726 3168; x_wconf 86' lang='lat' dir='ltr'><strong><em>Bunav.</em></strong></span> <span class='ocrx_word' id='word_1_483' title='bbox 1780 3113 1862 3168; x_wconf 85' lang='lat' dir='ltr'><strong><em>Cf.</em></strong></span> <span class='ocrx_word' id='word_1_484' title='bbox 1913 3115 2024 3169; x_wconf 79' lang='lat' dir='ltr'><strong><em>Me-</em></strong></span> 
     </span>
    </p>
   </div>
   <div class='ocr_carea' id='block_1_62' title="bbox 322 3202 2026 3273">
    <p class='ocr_par' dir='ltr' id='par_1_62' title="bbox 322 3202 2026 3273">
     <span class='ocr_line' id='line_1_62' title="bbox 322 3202 2026 3273; baseline -0.002 -16"><span class='ocrx_word' id='word_1_485' title='bbox 322 3205 519 3257; x_wconf 88' lang='lat' dir='ltr'><strong><em>moires</em></strong></span> <span class='ocrx_word' id='word_1_486' title='bbox 541 3203 608 3258; x_wconf 86' lang='lat' dir='ltr'><strong><em>de</em></strong></span> <span class='ocrx_word' id='word_1_487' title='bbox 643 3205 892 3258; x_wconf 70' lang='lat' dir='ltr'><strong><em>Tre’voum</em></strong></span> <span class='ocrx_word' id='word_1_488' title='bbox 932 3205 1082 3271; x_wconf 88' lang='grc'><strong>1765,</strong></span> <span class='ocrx_word' id='word_1_489' title='bbox 1107 3203 1250 3256; x_wconf 86' lang='lat' dir='ltr'><strong><em>Juin</em></strong></span> <span class='ocrx_word' id='word_1_490' title='bbox 1289 3218 1350 3273; x_wconf 91' lang='lat' dir='ltr'><strong><em>p.</em></strong></span> <span class='ocrx_word' id='word_1_491' title='bbox 1414 3202 1572 3267; x_wconf 80' lang='grc'><strong>1454,</strong></span> <span class='ocrx_word' id='word_1_492' title='bbox 1619 3205 1676 3255; x_wconf 90' lang='lat' dir='ltr'><strong><em>et</em></strong></span> <span class='ocrx_word' id='word_1_493' title='bbox 1699 3202 1768 3256; x_wconf 92' lang='lat' dir='ltr'><strong><em>cl.</em></strong></span> <span class='ocrx_word' id='word_1_494' title='bbox 1790 3203 2026 3270; x_wconf 82' lang='lat' dir='ltr'><strong><em>Steigen-</em></strong></span> 
     </span>
    </p>
   </div>
   <div class='ocr_carea' id='block_1_63' title="bbox 325 3288 2026 3361">
    <p class='ocr_par' dir='ltr' id='par_1_63' title="bbox 325 3288 2026 3361">
     <span class='ocr_line' id='line_1_63' title="bbox 325 3288 2026 3361; baseline -0.001 -18"><span class='ocrx_word' id='word_1_495' title='bbox 325 3290 575 3357; x_wconf 87' lang='lat' dir='ltr'><strong><em>bergerl.</em></strong></span> <span class='ocrx_word' id='word_1_496' title='bbox 610 3290 654 3344; x_wconf 92' lang='grc' dir='ltr'><strong><em>Ι.</em></strong></span> <span class='ocrx_word' id='word_1_497' title='bbox 687 3307 743 3361; x_wconf 90' lang='lat' dir='ltr'><strong><em>p.</em></strong></span> <span class='ocrx_word' id='word_1_498' title='bbox 772 3292 860 3344; x_wconf 84' lang='grc'><strong><em>47.</em></strong></span> <span class='ocrx_word' id='word_1_499' title='bbox 889 3289 1047 3354; x_wconf 85' lang='lat' dir='ltr'><strong><em>Quod</em></strong></span> <span class='ocrx_word' id='word_1_500' title='bbox 1096 3293 1324 3344; x_wconf 65' lang='lat' dir='ltr'><strong><em>etatem</em></strong></span> <span class='ocrx_word' id='word_1_501' title='bbox 1383 3288 1556 3360; x_wconf 89' lang='lat' dir='ltr'><strong><em>hujus</em></strong></span> <span class='ocrx_word' id='word_1_502' title='bbox 1606 3293 1662 3343; x_wconf 92' lang='lat' dir='ltr'><strong><em>et</em></strong></span> <span class='ocrx_word' id='word_1_503' title='bbox 1719 3288 2026 3360; x_wconf 89' lang='lat' dir='ltr'><strong><em>superioris</em></strong></span> 
     </span>
    </p>
   </div>
   <div class='ocr_carea' id='block_1_64' title="bbox 323 3377 2024 3449">
    <p class='ocr_par' dir='ltr' id='par_1_64' title="bbox 323 3377 2024 3449">
     <span class='ocr_line' id='line_1_64' title="bbox 323 3377 2024 3449; baseline 0 -17"><span class='ocrx_word' id='word_1_504' title='bbox 323 3378 590 3434; x_wconf 89' lang='lat' dir='ltr'><strong><em>editionis</em></strong></span> <span class='ocrx_word' id='word_1_505' title='bbox 647 3378 874 3446; x_wconf 88' lang='lat' dir='ltr'><strong><em>attinet,</em></strong></span> <span class='ocrx_word' id='word_1_506' title='bbox 925 3377 1172 3432; x_wconf 91' lang='lat' dir='ltr'><strong><em>Deburio</em></strong></span> <span class='ocrx_word' id='word_1_507' title='bbox 1218 3378 1341 3449; x_wconf 90' lang='lat' dir='ltr'><strong><em>jam</em></strong></span> <span class='ocrx_word' id='word_1_508' title='bbox 1408 3377 1865 3433; x_wconf 89' lang='lat' dir='ltr'><strong><em>animadversum</em></strong></span> <span class='ocrx_word' id='word_1_509' title='bbox 1917 3383 2024 3442; x_wconf 81' lang='lat' dir='ltr'><strong><em>est,</em></strong></span> 
     </span>
    </p>
   </div>
   <div class='ocr_carea' id='block_1_65' title="bbox 320 3467 2025 3538">
    <p class='ocr_par' dir='ltr' id='par_1_65' title="bbox 320 3467 2025 3538">
     <span class='ocr_line' id='line_1_65' title="bbox 320 3467 2025 3538; baseline -0.001 -16"><span class='ocrx_word' id='word_1_510' title='bbox 320 3469 601 3522; x_wconf 85' lang='lat' dir='ltr'><strong><em>Fustinam</em></strong></span> <span class='ocrx_word' id='word_1_511' title='bbox 653 3468 740 3521; x_wconf 89' lang='lat' dir='ltr'><strong><em>vel</em></strong></span> <span class='ocrx_word' id='word_1_512' title='bbox 795 3467 922 3538; x_wconf 91' lang='lat' dir='ltr'><strong><em>ipso</em></strong></span> <span class='ocrx_word' id='word_1_513' title='bbox 971 3483 1120 3521; x_wconf 92' lang='lat' dir='ltr'><strong><em>anno</em></strong></span> <span class='ocrx_word' id='word_1_514' title='bbox 1182 3469 1338 3534; x_wconf 81' lang='grc'><strong>1466,</strong></span> <span class='ocrx_word' id='word_1_515' title='bbox 1421 3471 1554 3521; x_wconf 89' lang='lat' dir='ltr'><strong><em>ante</em></strong></span> <span class='ocrx_word' id='word_1_516' title='bbox 1612 3483 1744 3522; x_wconf 90' lang='lat' dir='ltr'><strong><em>eum</em></strong></span> <span class='ocrx_word' id='word_1_517' title='bbox 1803 3482 2025 3538; x_wconf 87' lang='lat' dir='ltr'><strong><em>expres-</em></strong></span> 
     </span>
    </p>
   </div>
   <div class='ocr_carea' id='block_1_66' title="bbox 322 3555 2020 3627">
    <p class='ocr_par' dir='ltr' id='par_1_66' title="bbox 322 3555 2020 3627">
     <span class='ocr_line' id='line_1_66' title="bbox 322 3555 2020 3627; baseline 0 -17"><span class='ocrx_word' id='word_1_518' title='bbox 322 3571 444 3610; x_wconf 91' lang='lat' dir='ltr'><strong><em>sam</em></strong></span> <span class='ocrx_word' id='word_1_519' title='bbox 491 3572 614 3610; x_wconf 89' lang='lat' dir='ltr'><strong><em>esse</em></strong></span> <span class='ocrx_word' id='word_1_520' title='bbox 670 3555 952 3623; x_wconf 89' lang='lat' dir='ltr'><strong><em>debuisse,</em></strong></span> <span class='ocrx_word' id='word_1_521' title='bbox 1019 3557 1294 3627; x_wconf 88' lang='lat' dir='ltr'><strong><em>quoniam</em></strong></span> <span class='ocrx_word' id='word_1_522' title='bbox 1352 3559 1708 3627; x_wconf 88' lang='lat' dir='ltr'><strong><em>compertum</em></strong></span> <span class='ocrx_word' id='word_1_523' title='bbox 1765 3560 1866 3626; x_wconf 92' lang='lat' dir='ltr'><strong><em>est,</em></strong></span> <span class='ocrx_word' id='word_1_524' title='bbox 1925 3557 2020 3611; x_wconf 89' lang='lat' dir='ltr'><strong><em>Jo.</em></strong></span> 
     </span>
    </p>
   </div>
   <div class='ocr_carea' id='block_1_67' title="bbox 319 3645 2026 3716">
    <p class='ocr_par' dir='ltr' id='par_1_67' title="bbox 319 3645 2026 3716">
     <span class='ocr_line' id='line_1_67' title="bbox 319 3645 2026 3716; baseline -0.001 -16"><span class='ocrx_word' id='word_1_525' title='bbox 319 3647 544 3700; x_wconf 75' lang='lat' dir='ltr'><strong><em>Fusium</em></strong></span> <span class='ocrx_word' id='word_1_526' title='bbox 581 3648 713 3716; x_wconf 92' lang='lat' dir='ltr'><strong><em>post</em></strong></span> <span class='ocrx_word' id='word_1_527' title='bbox 741 3645 896 3700; x_wconf 90' lang='lat' dir='ltr'><strong><em>hunc</em></strong></span> <span class='ocrx_word' id='word_1_528' title='bbox 928 3661 1142 3700; x_wconf 90' lang='lat' dir='ltr'><strong><em>annum</em></strong></span> <span class='ocrx_word' id='word_1_529' title='bbox 1191 3649 1373 3698; x_wconf 89' lang='lat' dir='ltr'><strong><em>artem</em></strong></span> <span class='ocrx_word' id='word_1_530' title='bbox 1429 3660 1590 3698; x_wconf 90' lang='lat' dir='ltr'><strong><em>suam</em></strong></span> <span class='ocrx_word' id='word_1_531' title='bbox 1638 3660 1898 3699; x_wconf 85' lang='lat' dir='ltr'><strong><em>exercere</em></strong></span> <span class='ocrx_word' id='word_1_532' title='bbox 1932 3645 2026 3700; x_wconf 93' lang='lat' dir='ltr'><strong><em>de-</em></strong></span> 
     </span>
    </p>
   </div>
   <div class='ocr_carea' id='block_1_68' title="bbox 322 3733 2020 3806">
    <p class='ocr_par' dir='ltr' id='par_1_68' title="bbox 322 3733 2020 3806">
     <span class='ocr_line' id='line_1_68' title="bbox 322 3733 2020 3806; baseline -0.001 -18"><span class='ocrx_word' id='word_1_533' title='bbox 322 3733 504 3789; x_wconf 91' lang='lat' dir='ltr'><strong><em>siisse.</em></strong></span> <span class='ocrx_word' id='word_1_534' title='bbox 540 3735 675 3789; x_wconf 89' lang='lat' dir='ltr'><strong><em>Utra</em></strong></span> <span class='ocrx_word' id='word_1_535' title='bbox 703 3751 838 3788; x_wconf 91' lang='lat' dir='ltr'><strong><em>vero</em></strong></span> <span class='ocrx_word' id='word_1_536' title='bbox 898 3734 1196 3806; x_wconf 89' lang='lat' dir='ltr'><strong><em>antiquior</em></strong></span> <span class='ocrx_word' id='word_1_537' title='bbox 1248 3733 1336 3800; x_wconf 88' lang='lat' dir='ltr'><strong><em>sit,</em></strong></span> <span class='ocrx_word' id='word_1_538' title='bbox 1394 3735 1539 3804; x_wconf 73' lang='lat' dir='ltr'><strong><em>haec,</em></strong></span> <span class='ocrx_word' id='word_1_539' title='bbox 1573 3750 1645 3788; x_wconf 91' lang='lat' dir='ltr'><strong><em>an</em></strong></span> <span class='ocrx_word' id='word_1_540' title='bbox 1674 3737 2020 3805; x_wconf 84' lang='lat' dir='ltr'><strong><em>Argentora-</em></strong></span> 
     </span>
    </p>
   </div>
   <div class='ocr_carea' id='block_1_69' title="bbox 319 3822 2014 3894">
    <p class='ocr_par' dir='ltr' id='par_1_69' title="bbox 319 3822 2014 3894">
     <span class='ocr_line' id='line_1_69' title="bbox 319 3822 2014 3894; baseline -0.001 -17"><span class='ocrx_word' id='word_1_541' title='bbox 319 3822 518 3892; x_wconf 88' lang='lat' dir='ltr'><strong><em>tensis,</em></strong></span> <span class='ocrx_word' id='word_1_542' title='bbox 547 3823 619 3878; x_wconf 90' lang='lat' dir='ltr'><strong><em>de</em></strong></span> <span class='ocrx_word' id='word_1_543' title='bbox 649 3839 717 3877; x_wconf 88' lang='lat' dir='ltr'><strong><em>eo</em></strong></span> <span class='ocrx_word' id='word_1_544' title='bbox 749 3822 976 3878; x_wconf 87' lang='lat' dir='ltr'><strong><em>dubitat</em></strong></span> <span class='ocrx_word' id='word_1_545' title='bbox 1001 3824 1283 3890; x_wconf 82' lang='lat' dir='ltr'><strong><em>Morellus,</em></strong></span> <span class='ocrx_word' id='word_1_546' title='bbox 1339 3823 1528 3878; x_wconf 92' lang='lat' dir='ltr'><strong><em>minus</em></strong></span> <span class='ocrx_word' id='word_1_547' title='bbox 1561 3824 1802 3894; x_wconf 90' lang='lat' dir='ltr'><strong><em>ambigit</em></strong></span> <span class='ocrx_word' id='word_1_548' title='bbox 1847 3824 2014 3880; x_wconf 83' lang='lat' dir='ltr'><strong><em>Gerh.</em></strong></span> 
     </span>
    </p>
   </div>
   <div class='ocr_carea' id='block_1_70' title="bbox 320 3910 2021 3983">
    <p class='ocr_par' dir='ltr' id='par_1_70' title="bbox 320 3910 2021 3983">
     <span class='ocr_line' id='line_1_70' title="bbox 320 3910 2021 3983; baseline -0.001 -16"><span class='ocrx_word' id='word_1_549' title='bbox 320 3912 751 3981; x_wconf 86' lang='lat' dir='ltr'><strong><em>Steigenberger,</em></strong></span> <span class='ocrx_word' id='word_1_550' title='bbox 785 3910 1190 3982; x_wconf 84' lang='lat' dir='ltr'><strong><em>Argentinensi</em></strong></span> <span class='ocrx_word' id='word_1_551' title='bbox 1219 3911 1476 3983; x_wconf 90' lang='lat' dir='ltr'><strong><em>primum</em></strong></span> <span class='ocrx_word' id='word_1_552' title='bbox 1512 3911 1701 3967; x_wconf 91' lang='lat' dir='ltr'><strong><em>locum</em></strong></span> <span class='ocrx_word' id='word_1_553' title='bbox 1731 3912 2021 3982; x_wconf 88' lang='lat' dir='ltr'><strong><em>assignare</em></strong></span> 
     </span>
    </p>
   </div>
   <div class='ocr_carea' id='block_1_71' title="bbox 319 4000 2019 4072">
    <p class='ocr_par' dir='ltr' id='par_1_71' title="bbox 319 4000 2019 4072">
     <span class='ocr_line' id='line_1_71' title="bbox 319 4000 2019 4072; baseline 0 -18"><span class='ocrx_word' id='word_1_554' title='bbox 319 4000 606 4066; x_wconf 91' lang='lat' dir='ltr'><strong><em>inductus,</em></strong></span> <span class='ocrx_word' id='word_1_555' title='bbox 633 4000 912 4071; x_wconf 90' lang='lat' dir='ltr'><strong><em>primum,</em></strong></span> <span class='ocrx_word' id='word_1_556' title='bbox 945 4009 1288 4071; x_wconf 90' lang='lat' dir='ltr'><strong><em>argumento</em></strong></span> <span class='ocrx_word' id='word_1_557' title='bbox 1316 4002 1559 4055; x_wconf 89' lang='lat' dir='ltr'><strong><em>duorum</em></strong></span> <span class='ocrx_word' id='word_1_558' title='bbox 1592 4001 2019 4072; x_wconf 84' lang='lat' dir='ltr'><strong><em>opusculorum,</em></strong></span> 
     </span>
    </p>
   </div>
   <div class='ocr_carea' id='block_1_72' title="bbox 316 4087 2022 4162">
    <p class='ocr_par' dir='ltr' id='par_1_72' title="bbox 316 4087 2022 4162">
     <span class='ocr_line' id='line_1_72' title="bbox 316 4087 2022 4162; baseline 0.001 -20"><span class='ocrx_word' id='word_1_559' title='bbox 316 4087 528 4160; x_wconf 88' lang='lat' dir='ltr'><strong><em>quibus</em></strong></span> <span class='ocrx_word' id='word_1_560' title='bbox 560 4089 891 4161; x_wconf 83' lang='lat' dir='ltr'><strong><em>Moguntina</em></strong></span> <span class='ocrx_word' id='word_1_561' title='bbox 921 4089 1329 4160; x_wconf 88' lang='lat' dir='ltr'><strong><em>Argentinensi</em></strong></span> <span class='ocrx_word' id='word_1_562' title='bbox 1371 4094 1456 4144; x_wconf 89' lang='lat' dir='ltr'><strong><em>est</em></strong></span> <span class='ocrx_word' id='word_1_563' title='bbox 1503 4089 1859 4161; x_wconf 87' lang='lat' dir='ltr'><strong><em>locupletior,</em></strong></span> <span class='ocrx_word' id='word_1_564' title='bbox 1892 4107 2022 4162; x_wconf 68' lang='lat' dir='ltr'><strong><em>qua:</em></strong></span> 
     </span>
    </p>
   </div>
   <div class='ocr_carea' id='block_1_73' title="bbox 317 4177 2021 4250">
    <p class='ocr_par' dir='ltr' id='par_1_73' title="bbox 317 4177 2021 4250">
     <span class='ocr_line' id='line_1_73' title="bbox 317 4177 2021 4250; baseline 0.001 -20"><span class='ocrx_word' id='word_1_565' title='bbox 317 4177 554 4248; x_wconf 90' lang='lat' dir='ltr'><strong><em>quidem</em></strong></span> <span class='ocrx_word' id='word_1_566' title='bbox 610 4179 680 4233; x_wconf 90' lang='lat' dir='ltr'><strong><em>de</em></strong></span> <span class='ocrx_word' id='word_1_567' title='bbox 737 4193 884 4232; x_wconf 92' lang='lat' dir='ltr'><strong><em>novo</em></strong></span> <span class='ocrx_word' id='word_1_568' title='bbox 942 4179 1136 4250; x_wconf 88' lang='lat' dir='ltr'><strong><em>potius</em></strong></span> <span class='ocrx_word' id='word_1_569' title='bbox 1185 4178 1271 4233; x_wconf 91' lang='lat' dir='ltr'><strong><em>illi</em></strong></span> <span class='ocrx_word' id='word_1_570' title='bbox 1344 4178 1662 4242; x_wconf 87' lang='lat' dir='ltr'><strong><em>accessisse,</em></strong></span> <span class='ocrx_word' id='word_1_571' title='bbox 1730 4194 1904 4250; x_wconf 90' lang='lat' dir='ltr'><strong><em>quam</em></strong></span> <span class='ocrx_word' id='word_1_572' title='bbox 1961 4179 2021 4233; x_wconf 91' lang='lat' dir='ltr'><strong><em>in</em></strong></span> 
     </span>
    </p>
   </div>
   <div class='ocr_carea' id='block_1_74' title="bbox 320 4265 2018 4339">
    <p class='ocr_par' dir='ltr' id='par_1_74' title="bbox 320 4265 2018 4339">
     <span class='ocr_line' id='line_1_74' title="bbox 320 4265 2018 4339; baseline 0.002 -20"><span class='ocrx_word' id='word_1_573' title='bbox 320 4266 428 4319; x_wconf 84' lang='lat' dir='ltr'><strong><em>hac</em></strong></span> <span class='ocrx_word' id='word_1_574' title='bbox 461 4265 636 4320; x_wconf 85' lang='lat' dir='ltr'><strong><em>fuisse</em></strong></span> <span class='ocrx_word' id='word_1_575' title='bbox 666 4267 875 4322; x_wconf 90' lang='lat' dir='ltr'><strong><em>omissa</em></strong></span> <span class='ocrx_word' id='word_1_576' title='bbox 900 4272 1124 4335; x_wconf 91' lang='lat' dir='ltr'><strong><em>censet;</em></strong></span> <span class='ocrx_word' id='word_1_577' title='bbox 1175 4267 1382 4322; x_wconf 92' lang='lat' dir='ltr'><strong><em>deinde</em></strong></span> <span class='ocrx_word' id='word_1_578' title='bbox 1431 4267 1624 4335; x_wconf 90' lang='lat' dir='ltr'><strong><em>etiam,</em></strong></span> <span class='ocrx_word' id='word_1_579' title='bbox 1658 4268 1814 4339; x_wconf 89' lang='lat' dir='ltr'><strong><em>quod</em></strong></span> <span class='ocrx_word' id='word_1_580' title='bbox 1865 4283 2018 4339; x_wconf 61' lang='lat' dir='ltr'><strong><em>prai-</em></strong></span> 
     </span>
    </p>
   </div>
   <div class='ocr_carea' id='block_1_75' title="bbox 319 4353 2022 4426">
    <p class='ocr_par' dir='ltr' id='par_1_75' title="bbox 319 4353 2022 4426">
     <span class='ocr_line' id='line_1_75' title="bbox 319 4353 2022 4426; baseline 0.002 -20"><span class='ocrx_word' id='word_1_581' title='bbox 319 4353 459 4406; x_wconf 85' lang='lat' dir='ltr'><strong><em>fatio</em></strong></span> <span class='ocrx_word' id='word_1_582' title='bbox 505 4353 854 4423; x_wconf 64' lang='lat' dir='ltr'><strong><em>Moguntina:</em></strong></span> <span class='ocrx_word' id='word_1_583' title='bbox 913 4354 1188 4424; x_wconf 68' lang='lat' dir='ltr'><strong><em>quatuor}</em></strong></span> <span class='ocrx_word' id='word_1_584' title='bbox 1213 4353 1402 4420; x_wconf 90' lang='lat' dir='ltr'><strong><em>lineis,</em></strong></span> <span class='ocrx_word' id='word_1_585' title='bbox 1451 4371 1578 4425; x_wconf 75' lang='lat' dir='ltr'><strong><em>quae</em></strong></span> <span class='ocrx_word' id='word_1_586' title='bbox 1607 4371 1755 4409; x_wconf 91' lang='lat' dir='ltr'><strong><em>nova</em></strong></span> <span class='ocrx_word' id='word_1_587' title='bbox 1785 4360 1870 4410; x_wconf 91' lang='lat' dir='ltr'><strong><em>est</em></strong></span> <span class='ocrx_word' id='word_1_588' title='bbox 1899 4357 2022 4426; x_wconf 90' lang='lat' dir='ltr'><strong><em>ejus</em></strong></span> 
     </span>
    </p>
   </div>
   <div class='ocr_carea' id='block_1_76' title="bbox 326 4440 2017 4513">
    <p class='ocr_par' dir='ltr' id='par_1_76' title="bbox 326 4440 2017 4513">
     <span class='ocr_line' id='line_1_76' title="bbox 326 4440 2017 4513; baseline 0.003 -19"><span class='ocrx_word' id='word_1_589' title='bbox 326 4440 668 4506; x_wconf 79' lang='lat' dir='ltr'><strong><em>observatio,</em></strong></span> <span class='ocrx_word' id='word_1_590' title='bbox 716 4441 789 4495; x_wconf 88' lang='lat' dir='ltr'><strong><em>sit</em></strong></span> <span class='ocrx_word' id='word_1_591' title='bbox 840 4441 1138 4512; x_wconf 85' lang='lat' dir='ltr'><strong><em>prolixior.</em></strong></span> <span class='ocrx_word' id='word_1_592' title='bbox 1184 4441 1402 4505; x_wconf 87' lang='lat' dir='ltr'><strong><em>Quibus</em></strong></span> <span class='ocrx_word' id='word_1_593' title='bbox 1450 4442 1710 4497; x_wconf 89' lang='lat' dir='ltr'><strong><em>addimus</em></strong></span> <span class='ocrx_word' id='word_1_594' title='bbox 1764 4445 2017 4513; x_wconf 88' lang='lat' dir='ltr'><strong><em>tertium,</em></strong></span> 
     </span>
    </p>
   </div>
   <div class='ocr_carea' id='block_1_77' title="bbox 320 4527 2016 4604">
    <p class='ocr_par' dir='ltr' id='par_1_77' title="bbox 320 4527 2016 4604">
     <span class='ocr_line' id='line_1_77' title="bbox 320 4527 2016 4604; baseline 0.003 -22"><span class='ocrx_word' id='word_1_595' title='bbox 320 4529 476 4599; x_wconf 91' lang='lat' dir='ltr'><strong><em>quod</em></strong></span> <span class='ocrx_word' id='word_1_596' title='bbox 502 4527 727 4597; x_wconf 65' lang='lat' dir='ltr'><strong><em>litterae,</em></strong></span> <span class='ocrx_word' id='word_1_597' title='bbox 783 4529 991 4601; x_wconf 88' lang='lat' dir='ltr'><strong><em>quibus</em></strong></span> <span class='ocrx_word' id='word_1_598' title='bbox 1019 4533 1204 4584; x_wconf 86' lang='lat' dir='ltr'><strong><em>textus</em></strong></span> <span class='ocrx_word' id='word_1_599' title='bbox 1233 4529 1295 4584; x_wconf 92' lang='lat' dir='ltr'><strong><em>in</em></strong></span> <span class='ocrx_word' id='word_1_600' title='bbox 1326 4530 1601 4585; x_wconf 87' lang='lat' dir='ltr'><strong><em>sectiones</em></strong></span> <span class='ocrx_word' id='word_1_601' title='bbox 1625 4531 2016 4604; x_wconf 88' lang='lat' dir='ltr'><strong><em>distinguitur,</em></strong></span> 
     </span>
    </p>
   </div>
   <div class='ocr_carea' id='block_1_78' title="bbox 317 4615 2017 4692">
    <p class='ocr_par' dir='ltr' id='par_1_78' title="bbox 317 4615 2017 4692">
     <span class='ocr_line' id='line_1_78' title="bbox 317 4615 2017 4692; baseline 0.005 -23"><span class='ocrx_word' id='word_1_602' title='bbox 317 4615 378 4670; x_wconf 90' lang='lat' dir='ltr'><strong><em>in</em></strong></span> <span class='ocrx_word' id='word_1_603' title='bbox 411 4616 744 4686; x_wconf 83' lang='lat' dir='ltr'><strong><em>Moguntina</em></strong></span> <span class='ocrx_word' id='word_1_604' title='bbox 773 4634 892 4672; x_wconf 90' lang='lat' dir='ltr'><strong><em>non</em></strong></span> <span class='ocrx_word' id='word_1_605' title='bbox 915 4618 1037 4688; x_wconf 88' lang='lat' dir='ltr'><strong><em>jam</em></strong></span> <span class='ocrx_word' id='word_1_606' title='bbox 1068 4618 1272 4672; x_wconf 89' lang='lat' dir='ltr'><strong><em>mediis</em></strong></span> <span class='ocrx_word' id='word_1_607' title='bbox 1302 4618 1471 4673; x_wconf 90' lang='lat' dir='ltr'><strong><em>lineis</em></strong></span> <span class='ocrx_word' id='word_1_608' title='bbox 1508 4619 1802 4692; x_wconf 71' lang='lat' dir='ltr'><strong><em>inspersae,</em></strong></span> <span class='ocrx_word' id='word_1_609' title='bbox 1837 4622 1932 4677; x_wconf 90' lang='lat' dir='ltr'><strong><em>sed</em></strong></span> <span class='ocrx_word' id='word_1_610' title='bbox 1960 4623 2017 4676; x_wconf 91' lang='lat' dir='ltr'><strong><em>in</em></strong></span> 
     </span>
    </p>
   </div>
   <div class='ocr_carea' id='block_1_79' title="bbox 317 4703 2017 4782">
    <p class='ocr_par' dir='ltr' id='par_1_79' title="bbox 317 4703 2017 4782">
     <span class='ocr_line' id='line_1_79' title="bbox 317 4703 2017 4782; baseline 0.004 -24"><span class='ocrx_word' id='word_1_611' title='bbox 317 4703 580 4773; x_wconf 88' lang='lat' dir='ltr'><strong><em>margine</em></strong></span> <span class='ocrx_word' id='word_1_612' title='bbox 608 4703 868 4760; x_wconf 90' lang='lat' dir='ltr'><strong><em>interiori</em></strong></span> <span class='ocrx_word' id='word_1_613' title='bbox 898 4705 1185 4761; x_wconf 81' lang='lat' dir='ltr'><strong><em>collocatae</em></strong></span> <span class='ocrx_word' id='word_1_614' title='bbox 1238 4707 1685 4779; x_wconf 88' lang='lat' dir='ltr'><strong><em>conspiciantur,</em></strong></span> <span class='ocrx_word' id='word_1_615' title='bbox 1739 4725 1852 4782; x_wconf 91' lang='lat' dir='ltr'><strong><em>quo</em></strong></span> <span class='ocrx_word' id='word_1_616' title='bbox 1882 4710 2017 4765; x_wconf 87' lang='lat' dir='ltr'><strong><em>arti-</em></strong></span> 
     </span>
    </p>
   </div>
   <div class='ocr_carea' id='block_1_80' title="bbox 317 4791 2019 4867">
    <p class='ocr_par' dir='ltr' id='par_1_80' title="bbox 317 4791 2019 4867">
     <span class='ocr_line' id='line_1_80' title="bbox 317 4791 2019 4867; baseline 0.005 -21"><span class='ocrx_word' id='word_1_617' title='bbox 317 4791 432 4847; x_wconf 80' lang='lat' dir='ltr'><strong><em>ﬁcii</em></strong></span> <span class='ocrx_word' id='word_1_618' title='bbox 458 4791 712 4864; x_wconf 89' lang='lat' dir='ltr'><strong><em>aliquem</em></strong></span> <span class='ocrx_word' id='word_1_619' title='bbox 742 4810 1108 4866; x_wconf 86' lang='lat' dir='ltr'><strong><em>progressum</em></strong></span> <span class='ocrx_word' id='word_1_620' title='bbox 1131 4811 1438 4867; x_wconf 87' lang='lat' dir='ltr'><strong><em>agnoscere</em></strong></span> <span class='ocrx_word' id='word_1_621' title='bbox 1470 4797 1612 4852; x_wconf 89' lang='lat' dir='ltr'><strong><em>mihi</em></strong></span> <span class='ocrx_word' id='word_1_622' title='bbox 1643 4797 1862 4854; x_wconf 86' lang='lat' dir='ltr'><strong><em>videor.</em></strong></span> <span class='ocrx_word' id='word_1_623' title='bbox 1894 4800 2019 4855; x_wconf 82' lang='lat' dir='ltr'><strong><em>lam</em></strong></span> 
     </span>
    </p>
   </div>
   <div class='ocr_carea' id='block_1_81' title="bbox 316 4882 2017 4958">
    <p class='ocr_par' dir='ltr' id='par_1_81' title="bbox 316 4882 2017 4958">
     <span class='ocr_line' id='line_1_81' title="bbox 316 4882 2017 4958; baseline 0.005 -24"><span class='ocrx_word' id='word_1_624' title='bbox 316 4896 450 4936; x_wconf 86' lang='lat' dir='ltr'><strong><em>vero</em></strong></span> <span class='ocrx_word' id='word_1_625' title='bbox 479 4882 816 4952; x_wconf 87' lang='lat' dir='ltr'><strong><em>optaverim,</em></strong></span> <span class='ocrx_word' id='word_1_626' title='bbox 858 4887 924 4937; x_wconf 90' lang='lat' dir='ltr'><strong><em>ut</em></strong></span> <span class='ocrx_word' id='word_1_627' title='bbox 980 4883 1068 4937; x_wconf 90' lang='lat' dir='ltr'><strong><em>vir</em></strong></span> <span class='ocrx_word' id='word_1_628' title='bbox 1096 4884 1295 4940; x_wconf 91' lang='lat' dir='ltr'><strong><em>doctus</em></strong></span> <span class='ocrx_word' id='word_1_629' title='bbox 1349 4885 1574 4958; x_wconf 88' lang='lat' dir='ltr'><strong><em>aliquis,</em></strong></span> <span class='ocrx_word' id='word_1_630' title='bbox 1633 4887 1724 4942; x_wconf 92' lang='lat' dir='ltr'><strong><em>cui</em></strong></span> <span class='ocrx_word' id='word_1_631' title='bbox 1771 4888 2017 4943; x_wconf 67' lang='lat' dir='ltr'><strong><em>Fustinaa</em></strong></span> 
     </span>
    </p>
   </div>
   <div class='ocr_carea' id='block_1_82' title="bbox 317 4967 2018 5043">
    <p class='ocr_par' dir='ltr' id='par_1_82' title="bbox 317 4967 2018 5043">
     <span class='ocr_line' id='line_1_82' title="bbox 317 4967 2018 5043; baseline 0.006 -21"><span class='ocrx_word' id='word_1_632' title='bbox 317 4967 584 5024; x_wconf 89' lang='lat' dir='ltr'><strong><em>editionis</em></strong></span> <span class='ocrx_word' id='word_1_633' title='bbox 612 4970 687 5025; x_wconf 89' lang='lat' dir='ltr'><strong><em>sit</em></strong></span> <span class='ocrx_word' id='word_1_634' title='bbox 738 4971 922 5043; x_wconf 90' lang='lat' dir='ltr'><strong><em>copia,</em></strong></span> <span class='ocrx_word' id='word_1_635' title='bbox 969 4973 1363 5043; x_wconf 66' lang='lat' dir='ltr'><strong><em>praefationem</em></strong></span> <span class='ocrx_word' id='word_1_636' title='bbox 1414 4975 1680 5042; x_wconf 81' lang='lat' dir='ltr'><strong><em>excutiat,</em></strong></span> <span class='ocrx_word' id='word_1_637' title='bbox 1736 4977 2018 5032; x_wconf 64' lang='lat' dir='ltr'><strong><em>animum-</em></strong></span> 
     </span>
    </p>
   </div>
   <div class='ocr_carea' id='block_1_83' title="bbox 320 5057 2014 5137">
    <p class='ocr_par' dir='ltr' id='par_1_83' title="bbox 320 5057 2014 5137">
     <span class='ocr_line' id='line_1_83' title="bbox 320 5057 2014 5137; baseline 0.006 -28"><span class='ocrx_word' id='word_1_638' title='bbox 320 5071 432 5126; x_wconf 90' lang='lat' dir='ltr'><strong><em>que</em></strong></span> <span class='ocrx_word' id='word_1_639' title='bbox 452 5057 711 5114; x_wconf 89' lang='lat' dir='ltr'><strong><em>intendat</em></strong></span> <span class='ocrx_word' id='word_1_640' title='bbox 733 5060 803 5114; x_wconf 92' lang='lat' dir='ltr'><strong><em>ad</em></strong></span> <span class='ocrx_word' id='word_1_641' title='bbox 844 5060 969 5127; x_wconf 91' lang='lat' dir='ltr'><strong><em>hoc,</em></strong></span> <span class='ocrx_word' id='word_1_642' title='bbox 1001 5077 1142 5116; x_wconf 91' lang='lat' dir='ltr'><strong><em>num</em></strong></span> <span class='ocrx_word' id='word_1_643' title='bbox 1171 5062 1376 5118; x_wconf 89' lang='lat' dir='ltr'><strong><em>iisdem</em></strong></span> <span class='ocrx_word' id='word_1_644' title='bbox 1407 5064 1593 5119; x_wconf 84' lang='lat' dir='ltr'><strong><em>verbis</em></strong></span> <span class='ocrx_word' id='word_1_645' title='bbox 1620 5064 1702 5119; x_wconf 92' lang='lat' dir='ltr'><strong><em>ibi</em></strong></span> <span class='ocrx_word' id='word_1_646' title='bbox 1731 5065 2014 5137; x_wconf 88' lang='lat' dir='ltr'><strong><em>legantur,</em></strong></span> 
     </span>
    </p>
   </div>
   <div class='ocr_carea' id='block_1_84' title="bbox 321 5144 2015 5218">
    <p class='ocr_par' dir='ltr' id='par_1_84' title="bbox 321 5144 2015 5218">
     <span class='ocr_line' id='line_1_84' title="bbox 321 5144 2015 5218; baseline 0.008 -21"><span class='ocrx_word' id='word_1_647' title='bbox 321 5158 453 5213; x_wconf 70' lang='lat' dir='ltr'><strong><em>qua:</em></strong></span> <span class='ocrx_word' id='word_1_648' title='bbox 482 5144 540 5198; x_wconf 92' lang='lat' dir='ltr'><strong><em>in</em></strong></span> <span class='ocrx_word' id='word_1_649' title='bbox 566 5147 968 5218; x_wconf 83' lang='lat' dir='ltr'><strong><em>Argentinensi</em></strong></span> <span class='ocrx_word' id='word_1_650' title='bbox 997 5149 1066 5204; x_wconf 88' lang='lat' dir='ltr'><strong><em>de</em></strong></span> <span class='ocrx_word' id='word_1_651' title='bbox 1099 5151 1302 5206; x_wconf 89' lang='lat' dir='ltr'><strong><em>litteris</em></strong></span> <span class='ocrx_word' id='word_1_652' title='bbox 1329 5151 1443 5206; x_wconf 90' lang='lat' dir='ltr'><strong><em>illis</em></strong></span> <span class='ocrx_word' id='word_1_653' title='bbox 1485 5153 1701 5208; x_wconf 90' lang='lat' dir='ltr'><strong><em>calamo</em></strong></span> <span class='ocrx_word' id='word_1_654' title='bbox 1752 5154 1814 5209; x_wconf 93' lang='lat' dir='ltr'><strong><em>in</em></strong></span> <span class='ocrx_word' id='word_1_655' title='bbox 1865 5172 2015 5210; x_wconf 90' lang='lat' dir='ltr'><strong><em>mar-</em></strong></span> 
     </span>
    </p>
   </div>
   <div class='ocr_carea' id='block_1_85' title="bbox 321 5229 2015 5310">
    <p class='ocr_par' dir='ltr' id='par_1_85' title="bbox 321 5229 2015 5310">
     <span class='ocr_line' id='line_1_85' title="bbox 321 5229 2015 5310; baseline 0.009 -28"><span class='ocrx_word' id='word_1_656' title='bbox 321 5229 456 5301; x_wconf 88' lang='lat' dir='ltr'><strong><em>gine</em></strong></span> <span class='ocrx_word' id='word_1_657' title='bbox 483 5232 706 5301; x_wconf 90' lang='lat' dir='ltr'><strong><em>privato</em></strong></span> <span class='ocrx_word' id='word_1_658' title='bbox 746 5237 932 5292; x_wconf 90' lang='lat' dir='ltr'><strong><em>studio</em></strong></span> <span class='ocrx_word' id='word_1_659' title='bbox 961 5237 1265 5310; x_wconf 90' lang='lat' dir='ltr'><strong><em>pingendis</em></strong></span> <span class='ocrx_word' id='word_1_660' title='bbox 1294 5244 1457 5294; x_wconf 89' lang='lat' dir='ltr'><strong><em>erant</em></strong></span> <span class='ocrx_word' id='word_1_661' title='bbox 1507 5241 1747 5296; x_wconf 90' lang='lat' dir='ltr'><strong><em>monita.</em></strong></span> <span class='ocrx_word' id='word_1_662' title='bbox 1777 5242 1940 5306; x_wconf 86' lang='lat' dir='ltr'><strong><em>Quod</em></strong></span> <span class='ocrx_word' id='word_1_663' title='bbox 1970 5244 2015 5298; x_wconf 89' lang='lat' dir='ltr'><strong><em>si</em></strong></span> 
     </span>
    </p>
   </div>
   <div class='ocr_carea' id='block_1_86' title="bbox 321 5317 2016 5400">
    <p class='ocr_par' dir='ltr' id='par_1_86' title="bbox 321 5317 2016 5400">
     <span class='ocr_line' id='line_1_86' title="bbox 321 5317 2016 5400; baseline 0.008 -28"><span class='ocrx_word' id='word_1_664' title='bbox 321 5317 695 5375; x_wconf 90' lang='lat' dir='ltr'><strong><em>nihilominus</em></strong></span> <span class='ocrx_word' id='word_1_665' title='bbox 738 5324 950 5380; x_wconf 85' lang='lat' dir='ltr'><strong><em>factum</em></strong></span> <span class='ocrx_word' id='word_1_666' title='bbox 1005 5331 1328 5398; x_wconf 89' lang='lat' dir='ltr'><strong><em>cognoscet,</em></strong></span> <span class='ocrx_word' id='word_1_667' title='bbox 1383 5328 1736 5400; x_wconf 89' lang='lat' dir='ltr'><strong><em>negligentia</em></strong></span> <span class='ocrx_word' id='word_1_668' title='bbox 1763 5330 1825 5384; x_wconf 91' lang='lat' dir='ltr'><strong><em>in</em></strong></span> <span class='ocrx_word' id='word_1_669' title='bbox 1854 5331 2016 5386; x_wconf 87' lang='lat' dir='ltr'><strong><em>istius</em></strong></span> 
     </span>
    </p>
   </div>
   <div class='ocr_carea' id='block_1_87' title="bbox 318 5405 2010 5488">
    <p class='ocr_par' dir='ltr' id='par_1_87' title="bbox 318 5405 2010 5488">
     <span class='ocr_line' id='line_1_87' title="bbox 318 5405 2010 5488; baseline 0.009 -28"><span class='ocrx_word' id='word_1_670' title='bbox 318 5405 595 5478; x_wconf 84' lang='lat' dir='ltr'><strong><em>temporis</em></strong></span> <span class='ocrx_word' id='word_1_671' title='bbox 623 5408 972 5468; x_wconf 87' lang='lat' dir='ltr'><strong><em>editionibns</em></strong></span> <span class='ocrx_word' id='word_1_672' title='bbox 1000 5430 1115 5470; x_wconf 90' lang='lat' dir='ltr'><strong><em>non</em></strong></span> <span class='ocrx_word' id='word_1_673' title='bbox 1154 5413 1295 5470; x_wconf 90' lang='lat' dir='ltr'><strong><em>adeo</em></strong></span> <span class='ocrx_word' id='word_1_674' title='bbox 1314 5429 1445 5468; x_wconf 88' lang='lat' dir='ltr'><strong><em>rara</em></strong></span> <span class='ocrx_word' id='word_1_675' title='bbox 1465 5414 1734 5470; x_wconf 87' lang='lat' dir='ltr'><strong><em>accidisse</em></strong></span> <span class='ocrx_word' id='word_1_676' title='bbox 1767 5422 2010 5488; x_wconf 89' lang='lat' dir='ltr'><strong><em>oportet.</em></strong></span> 
     </span>
    </p>
   </div>
   <div class='ocr_carea' id='block_1_88' title="bbox 393 5496 2012 5577">
    <p class='ocr_par' dir='ltr' id='par_1_88' title="bbox 393 5496 2012 5577">
     <span class='ocr_line' id='line_1_88' title="bbox 393 5496 2012 5577; baseline 0.008 -28"><span class='ocrx_word' id='word_1_677' title='bbox 393 5527 460 5535; x_wconf 93' lang='lat'><strong><em>—</em></strong></span> <span class='ocrx_word' id='word_1_678' title='bbox 491 5496 713 5560; x_wconf 84' lang='lat' dir='ltr'><strong><em>Ibidem,</em></strong></span> <span class='ocrx_word' id='word_1_679' title='bbox 759 5515 858 5568; x_wconf 89' lang='lat' dir='ltr'><strong><em>per</em></strong></span> <span class='ocrx_word' id='word_1_680' title='bbox 907 5503 1174 5568; x_wconf 84' lang='lat' dir='ltr'><strong><em>eumdem;</em></strong></span> <span class='ocrx_word' id='word_1_681' title='bbox 1230 5504 1422 5568; x_wconf 82' lang='lat' dir='ltr'><strong><em>in-fol.</em></strong></span> <span class='ocrx_word' id='word_1_682' title='bbox 1471 5503 1627 5561; x_wconf 84' lang='lat' dir='ltr'><strong><em>Idem</em></strong></span> <span class='ocrx_word' id='word_1_683' title='bbox 1677 5504 1823 5562; x_wconf 88' lang='lat' dir='ltr'><strong><em>liber</em></strong></span> <span class='ocrx_word' id='word_1_684' title='bbox 1863 5507 2012 5577; x_wconf 58' lang='lat' dir='ltr'><strong><em>ejus.</em></strong></span> 
     </span>
    </p>
   </div>
   <div class='ocr_carea' id='block_1_89' title="bbox 2133 3033 3840 3104">
    <p class='ocr_par' dir='ltr' id='par_1_89' title="bbox 2133 3033 3840 3104">
     <span class='ocr_line' id='line_1_89' title="bbox 2133 3033 3840 3104; baseline 0 -17"><span class='ocrx_word' id='word_1_685' title='bbox 2133 3049 2236 3087; x_wconf 91' lang='lat' dir='ltr'><strong><em>nos</em></strong></span> <span class='ocrx_word' id='word_1_686' title='bbox 2281 3049 2394 3089; x_wconf 91' lang='lat' dir='ltr'><strong><em>una</em></strong></span> <span class='ocrx_word' id='word_1_687' title='bbox 2423 3049 2555 3088; x_wconf 92' lang='lat' dir='ltr'><strong><em>cum</em></strong></span> <span class='ocrx_word' id='word_1_688' title='bbox 2593 3034 2754 3104; x_wconf 89' lang='lat' dir='ltr'><strong><em>prelo</em></strong></span> <span class='ocrx_word' id='word_1_689' title='bbox 2785 3037 2841 3088; x_wconf 90' lang='lat' dir='ltr'><strong><em>et</em></strong></span> <span class='ocrx_word' id='word_1_690' title='bbox 2870 3033 3104 3104; x_wconf 89' lang='lat' dir='ltr'><strong><em>reliquis</em></strong></span> <span class='ocrx_word' id='word_1_691' title='bbox 3140 3033 3212 3087; x_wconf 91' lang='lat' dir='ltr'><strong><em>ad</em></strong></span> <span class='ocrx_word' id='word_1_692' title='bbox 3242 3033 3378 3088; x_wconf 81' lang='lat' dir='ltr'><strong><em>artis</em></strong></span> <span class='ocrx_word' id='word_1_693' title='bbox 3410 3033 3840 3104; x_wconf 76' lang='lat' dir='ltr'><strong><em>typographicse</em></strong></span> 
     </span>
    </p>
   </div>
   <div class='ocr_carea' id='block_1_90' title="bbox 2133 3121 3841 3192">
    <p class='ocr_par' dir='ltr' id='par_1_90' title="bbox 2133 3121 3841 3192">
     <span class='ocr_line' id='line_1_90' title="bbox 2133 3121 3841 3192; baseline 0 -16"><span class='ocrx_word' id='word_1_694' title='bbox 2133 3121 2469 3177; x_wconf 84' lang='lat' dir='ltr'><strong><em>exercitium</em></strong></span> <span class='ocrx_word' id='word_1_695' title='bbox 2516 3121 2848 3176; x_wconf 89' lang='lat' dir='ltr'><strong><em>necessariis</em></strong></span> <span class='ocrx_word' id='word_1_696' title='bbox 2898 3121 3074 3176; x_wconf 89' lang='lat' dir='ltr'><strong><em>armis</em></strong></span> <span class='ocrx_word' id='word_1_697' title='bbox 3122 3122 3368 3183; x_wconf 87' lang='lat' dir='ltr'><strong><em>emisset,</em></strong></span> <span class='ocrx_word' id='word_1_698' title='bbox 3411 3122 3630 3192; x_wconf 89' lang='lat' dir='ltr'><strong><em>justam</em></strong></span> <span class='ocrx_word' id='word_1_699' title='bbox 3679 3122 3841 3177; x_wconf 87' lang='lat' dir='ltr'><strong><em>domi</em></strong></span> 
     </span>
    </p>
   </div>
   <div class='ocr_carea' id='block_1_91' title="bbox 2133 3210 3840 3282">
    <p class='ocr_par' dir='ltr' id='par_1_91' title="bbox 2133 3210 3840 3282">
     <span class='ocr_line' id='line_1_91' title="bbox 2133 3210 3840 3282; baseline 0.001 -17"><span class='ocrx_word' id='word_1_700' title='bbox 2133 3210 2418 3266; x_wconf 83' lang='lat' dir='ltr'><strong><em>ofﬁcinam</em></strong></span> <span class='ocrx_word' id='word_1_701' title='bbox 2449 3211 2813 3278; x_wconf 86' lang='lat' dir='ltr'><strong><em>instruxerat,</em></strong></span> <span class='ocrx_word' id='word_1_702' title='bbox 2843 3227 2909 3266; x_wconf 85' lang='lat' dir='ltr'><strong><em>ex</em></strong></span> <span class='ocrx_word' id='word_1_703' title='bbox 2935 3227 3048 3282; x_wconf 88' lang='lat' dir='ltr'><strong><em>qua</em></strong></span> <span class='ocrx_word' id='word_1_704' title='bbox 3079 3214 3136 3265; x_wconf 91' lang='lat' dir='ltr'><strong><em>et</em></strong></span> <span class='ocrx_word' id='word_1_705' title='bbox 3155 3211 3408 3282; x_wconf 70' lang='lat' dir='ltr'><strong><em>propriae</em></strong></span> <span class='ocrx_word' id='word_1_706' title='bbox 3439 3211 3840 3266; x_wconf 86' lang='lat' dir='ltr'><strong><em>delectationis</em></strong></span> 
     </span>
    </p>
   </div>
   <div class='ocr_carea' id='block_1_92' title="bbox 2132 3299 3841 3355">
    <p class='ocr_par' dir='ltr' id='par_1_92' title="bbox 2132 3299 3841 3355">
     <span class='ocr_line' id='line_1_92' title="bbox 2132 3299 3841 3355; baseline -0.001 -1"><span class='ocrx_word' id='word_1_707' title='bbox 2132 3304 2189 3354; x_wconf 90' lang='lat' dir='ltr'><strong><em>et</em></strong></span> <span class='ocrx_word' id='word_1_708' title='bbox 2215 3316 2248 3354; x_wconf 92' lang='lat' dir='ltr'><strong><em>a</em></strong></span> <span class='ocrx_word' id='word_1_709' title='bbox 2303 3299 2612 3354; x_wconf 90' lang='lat' dir='ltr'><strong><em>serioribus</em></strong></span> <span class='ocrx_word' id='word_1_710' title='bbox 2641 3299 2842 3354; x_wconf 91' lang='lat' dir='ltr'><strong><em>studiis</em></strong></span> <span class='ocrx_word' id='word_1_711' title='bbox 2888 3300 3253 3354; x_wconf 88' lang='lat' dir='ltr'><strong><em>relaxationis</em></strong></span> <span class='ocrx_word' id='word_1_712' title='bbox 3306 3317 3472 3355; x_wconf 90' lang='lat' dir='ltr'><strong><em>causa</em></strong></span> <span class='ocrx_word' id='word_1_713' title='bbox 3521 3304 3577 3355; x_wconf 89' lang='lat' dir='ltr'><strong><em>et</em></strong></span> <span class='ocrx_word' id='word_1_714' title='bbox 3618 3300 3679 3354; x_wconf 94' lang='lat' dir='ltr'><strong><em>in</em></strong></span> <span class='ocrx_word' id='word_1_715' title='bbox 3728 3304 3841 3354; x_wconf 85' lang='lat' dir='ltr'><strong><em>stu-</em></strong></span> 
     </span>
    </p>
   </div>
   <div class='ocr_carea' id='block_1_93' title="bbox 2132 3387 3834 3459">
    <p class='ocr_par' dir='ltr' id='par_1_93' title="bbox 2132 3387 3834 3459">
     <span class='ocr_line' id='line_1_93' title="bbox 2132 3387 3834 3459; baseline -0.001 -15"><span class='ocrx_word' id='word_1_716' title='bbox 2132 3388 2446 3454; x_wconf 92' lang='lat' dir='ltr'><strong><em>diosorum,</em></strong></span> <span class='ocrx_word' id='word_1_717' title='bbox 2479 3387 2687 3459; x_wconf 89' lang='lat' dir='ltr'><strong><em>quibus</em></strong></span> <span class='ocrx_word' id='word_1_718' title='bbox 2718 3392 2962 3459; x_wconf 89' lang='lat' dir='ltr'><strong><em>angusta</em></strong></span> <span class='ocrx_word' id='word_1_719' title='bbox 3009 3388 3166 3443; x_wconf 91' lang='lat' dir='ltr'><strong><em>domi</em></strong></span> <span class='ocrx_word' id='word_1_720' title='bbox 3219 3404 3309 3443; x_wconf 90' lang='lat' dir='ltr'><strong><em>res</em></strong></span> <span class='ocrx_word' id='word_1_721' title='bbox 3340 3393 3510 3458; x_wconf 90' lang='lat' dir='ltr'><strong><em>esset,</em></strong></span> <span class='ocrx_word' id='word_1_722' title='bbox 3565 3388 3834 3459; x_wconf 87' lang='lat' dir='ltr'><strong><em>gratiam,</em></strong></span> 
     </span>
    </p>
   </div>
   <div class='ocr_carea' id='block_1_94' title="bbox 2131 3477 3841 3549">
    <p class='ocr_par' dir='ltr' id='par_1_94' title="bbox 2131 3477 3841 3549">
     <span class='ocr_line' id='line_1_94' title="bbox 2131 3477 3841 3549; baseline 0 -18"><span class='ocrx_word' id='word_1_723' title='bbox 2131 3485 2422 3532; x_wconf 87' lang='lat' dir='ltr'><strong><em>annuente</em></strong></span> <span class='ocrx_word' id='word_1_724' title='bbox 2471 3477 2730 3549; x_wconf 86' lang='lat' dir='ltr'><strong><em>principe</em></strong></span> <span class='ocrx_word' id='word_1_725' title='bbox 2786 3477 3204 3545; x_wconf 86' lang='lat' dir='ltr'><strong><em>Brunsvicensi,</em></strong></span> <span class='ocrx_word' id='word_1_726' title='bbox 3251 3479 3576 3549; x_wconf 89' lang='lat' dir='ltr'><strong><em>complures</em></strong></span> <span class='ocrx_word' id='word_1_727' title='bbox 3628 3478 3698 3532; x_wconf 89' lang='lat' dir='ltr'><strong><em>ab</em></strong></span> <span class='ocrx_word' id='word_1_728' title='bbox 3727 3477 3841 3532; x_wconf 88' lang='lat' dir='ltr'><strong><em>hoc</em></strong></span> 
     </span>
    </p>
   </div>
   <div class='ocr_carea' id='block_1_95' title="bbox 2131 3566 3842 3640">
    <p class='ocr_par' dir='ltr' id='par_1_95' title="bbox 2131 3566 3842 3640">
     <span class='ocr_line' id='line_1_95' title="bbox 2131 3566 3842 3640; baseline 0.001 -20"><span class='ocrx_word' id='word_1_729' title='bbox 2131 3566 2264 3622; x_wconf 90' lang='lat' dir='ltr'><strong><em>inde</em></strong></span> <span class='ocrx_word' id='word_1_730' title='bbox 2291 3583 2440 3621; x_wconf 92' lang='lat' dir='ltr'><strong><em>anno</em></strong></span> <span class='ocrx_word' id='word_1_731' title='bbox 2471 3566 2641 3621; x_wconf 89' lang='lat' dir='ltr'><strong><em>utiles</em></strong></span> <span class='ocrx_word' id='word_1_732' title='bbox 2678 3566 2904 3622; x_wconf 91' lang='lat' dir='ltr'><strong><em>libellos</em></strong></span> <span class='ocrx_word' id='word_1_733' title='bbox 2935 3567 3110 3638; x_wconf 90' lang='lat' dir='ltr'><strong><em>inque</em></strong></span> <span class='ocrx_word' id='word_1_734' title='bbox 3161 3567 3232 3621; x_wconf 87' lang='lat' dir='ltr'><strong><em>iis</em></strong></span> <span class='ocrx_word' id='word_1_735' title='bbox 3256 3568 3440 3640; x_wconf 88' lang='lat' dir='ltr'><strong><em>prima</em></strong></span> <span class='ocrx_word' id='word_1_736' title='bbox 3496 3567 3619 3622; x_wconf 64' lang='lat' dir='ltr'><strong><em>haec</em></strong></span> <span class='ocrx_word' id='word_1_737' title='bbox 3645 3570 3842 3638; x_wconf 80' lang='lat' dir='ltr'><strong><em>Augu-</em></strong></span> 
     </span>
    </p>
   </div>
   <div class='ocr_carea' id='block_1_96' title="bbox 2130 3655 3841 3728">
    <p class='ocr_par' dir='ltr' id='par_1_96' title="bbox 2130 3655 3841 3728">
     <span class='ocr_line' id='line_1_96' title="bbox 2130 3655 3841 3728; baseline 0 -18"><span class='ocrx_word' id='word_1_738' title='bbox 2130 3656 2266 3711; x_wconf 90' lang='lat' dir='ltr'><strong><em>stini</em></strong></span> <span class='ocrx_word' id='word_1_739' title='bbox 2294 3659 2350 3711; x_wconf 91' lang='lat' dir='ltr'><strong><em>et</em></strong></span> <span class='ocrx_word' id='word_1_740' title='bbox 2386 3655 2668 3710; x_wconf 87' lang='lat' dir='ltr'><strong><em>Vincentii</em></strong></span> <span class='ocrx_word' id='word_1_741' title='bbox 2699 3656 2992 3710; x_wconf 89' lang='lat' dir='ltr'><strong><em>volumina</em></strong></span> <span class='ocrx_word' id='word_1_742' title='bbox 3021 3656 3173 3711; x_wconf 85' lang='lat' dir='ltr'><strong><em>foras</em></strong></span> <span class='ocrx_word' id='word_1_743' title='bbox 3205 3656 3380 3711; x_wconf 84' lang='lat' dir='ltr'><strong><em>dedit.</em></strong></span> <span class='ocrx_word' id='word_1_744' title='bbox 3415 3657 3541 3728; x_wconf 89' lang='lat' dir='ltr'><strong><em>Ipse</em></strong></span> <span class='ocrx_word' id='word_1_745' title='bbox 3587 3655 3841 3711; x_wconf 86' lang='lat' dir='ltr'><strong><em>instituti</em></strong></span> 
     </span>
    </p>
   </div>
   <div class='ocr_carea' id='block_1_97' title="bbox 2130 3744 3841 3816">
    <p class='ocr_par' dir='ltr' id='par_1_97' title="bbox 2130 3744 3841 3816">
     <span class='ocr_line' id='line_1_97' title="bbox 2130 3744 3841 3816; baseline -0.001 -17"><span class='ocrx_word' id='word_1_746' title='bbox 2130 3745 2303 3814; x_wconf 88' lang='lat' dir='ltr'><strong><em>hujus</em></strong></span> <span class='ocrx_word' id='word_1_747' title='bbox 2327 3744 2607 3799; x_wconf 89' lang='lat' dir='ltr'><strong><em>rationem</em></strong></span> <span class='ocrx_word' id='word_1_748' title='bbox 2639 3745 2697 3799; x_wconf 91' lang='lat' dir='ltr'><strong><em>in</em></strong></span> <span class='ocrx_word' id='word_1_749' title='bbox 2727 3745 2968 3816; x_wconf 89' lang='lat' dir='ltr'><strong><em>epistola</em></strong></span> <span class='ocrx_word' id='word_1_750' title='bbox 3001 3745 3089 3800; x_wconf 87' lang='lat' dir='ltr'><strong><em>his</em></strong></span> <span class='ocrx_word' id='word_1_751' title='bbox 3142 3745 3440 3816; x_wconf 55' lang='lat' dir='ltr'><strong><em>praemissa</em></strong></span> <span class='ocrx_word' id='word_1_752' title='bbox 3479 3745 3548 3800; x_wconf 90' lang='lat' dir='ltr'><strong><em>ad</em></strong></span> <span class='ocrx_word' id='word_1_753' title='bbox 3602 3747 3841 3800; x_wconf 87' lang='lat' dir='ltr'><strong><em>Petrum</em></strong></span> 
     </span>
    </p>
   </div>
   <div class='ocr_carea' id='block_1_98' title="bbox 2129 3833 3843 3902">
    <p class='ocr_par' dir='ltr' id='par_1_98' title="bbox 2129 3833 3843 3902">
     <span class='ocr_line' id='line_1_98' title="bbox 2129 3833 3843 3902; baseline 0 -14"><span class='ocrx_word' id='word_1_754' title='bbox 2129 3833 2628 3888; x_wconf 83' lang='lat' dir='ltr'><strong><em>Tuckermannum</em></strong></span> <span class='ocrx_word' id='word_1_755' title='bbox 2658 3834 2874 3902; x_wconf 87' lang='lat' dir='ltr'><strong><em>(Theol.</em></strong></span> <span class='ocrx_word' id='word_1_756' title='bbox 2910 3835 3069 3889; x_wconf 91' lang='lat' dir='ltr'><strong><em>Doct.</em></strong></span> <span class='ocrx_word' id='word_1_757' title='bbox 3103 3835 3259 3890; x_wconf 56' lang='lat' dir='ltr'><strong><em>Aula:</em></strong></span> <span class='ocrx_word' id='word_1_758' title='bbox 3289 3839 3346 3889; x_wconf 91' lang='lat' dir='ltr'><strong><em>et</em></strong></span> <span class='ocrx_word' id='word_1_759' title='bbox 3375 3834 3620 3889; x_wconf 90' lang='lat' dir='ltr'><strong><em>Ditionis</em></strong></span> <span class='ocrx_word' id='word_1_760' title='bbox 3661 3835 3843 3889; x_wconf 85' lang='lat' dir='ltr'><strong><em>Brun-</em></strong></span> 
     </span>
    </p>
   </div>
   <div class='ocr_carea' id='block_1_99' title="bbox 2129 3921 3842 3995">
    <p class='ocr_par' dir='ltr' id='par_1_99' title="bbox 2129 3921 3842 3995">
     <span class='ocr_line' id='line_1_99' title="bbox 2129 3921 3842 3995; baseline 0.001 -18"><span class='ocrx_word' id='word_1_761' title='bbox 2129 3921 2398 3977; x_wconf 74' lang='lat' dir='ltr'><strong><em>svicensis</em></strong></span> <span class='ocrx_word' id='word_1_762' title='bbox 2451 3923 3038 3992; x_wconf 91' lang='lat' dir='ltr'><strong><em>protoecclesiasticen</em></strong></span> <span class='ocrx_word' id='word_1_763' title='bbox 3087 3928 3142 3978; x_wconf 91' lang='lat' dir='ltr'><strong><em>et</em></strong></span> <span class='ocrx_word' id='word_1_764' title='bbox 3193 3923 3321 3979; x_wconf 89' lang='lat' dir='ltr'><strong><em>abb.</em></strong></span> <span class='ocrx_word' id='word_1_765' title='bbox 3383 3923 3842 3995; x_wconf 84' lang='lat' dir='ltr'><strong><em>Riddageshusa-</em></strong></span> 
     </span>
    </p>
   </div>
   <div class='ocr_carea' id='block_1_100' title="bbox 2129 4010 3836 4081">
    <p class='ocr_par' dir='ltr' id='par_1_100' title="bbox 2129 4010 3836 4081">
     <span class='ocr_line' id='line_1_100' title="bbox 2129 4010 3836 4081; baseline 0.001 -16"><span class='ocrx_word' id='word_1_766' title='bbox 2129 4011 2289 4080; x_wconf 92' lang='lat' dir='ltr'><strong><em>num)</em></strong></span> <span class='ocrx_word' id='word_1_767' title='bbox 2319 4010 2549 4065; x_wconf 89' lang='lat' dir='ltr'><strong><em>uberius</em></strong></span> <span class='ocrx_word' id='word_1_768' title='bbox 2579 4011 2897 4081; x_wconf 85' lang='lat' dir='ltr'><strong><em>explicavit.</em></strong></span> <span class='ocrx_word' id='word_1_769' title='bbox 2933 4011 3096 4076; x_wconf 93' lang='lat' dir='ltr'><strong><em>Quod</em></strong></span> <span class='ocrx_word' id='word_1_770' title='bbox 3132 4012 3415 4067; x_wconf 90' lang='lat' dir='ltr'><strong><em>librorum</em></strong></span> <span class='ocrx_word' id='word_1_771' title='bbox 3461 4028 3593 4067; x_wconf 90' lang='lat' dir='ltr'><strong><em>vero</em></strong></span> <span class='ocrx_word' id='word_1_772' title='bbox 3624 4012 3836 4066; x_wconf 91' lang='lat' dir='ltr'><strong><em>horum</em></strong></span> 
     </span>
    </p>
   </div>
   <div class='ocr_carea' id='block_1_101' title="bbox 2130 4099 3837 4171">
    <p class='ocr_par' dir='ltr' id='par_1_101' title="bbox 2130 4099 3837 4171">
     <span class='ocr_line' id='line_1_101' title="bbox 2130 4099 3837 4171; baseline 0 -17"><span class='ocrx_word' id='word_1_773' title='bbox 2130 4099 2482 4155; x_wconf 90' lang='lat' dir='ltr'><strong><em>edendorum</em></strong></span> <span class='ocrx_word' id='word_1_774' title='bbox 2512 4099 2806 4154; x_wconf 89' lang='lat' dir='ltr'><strong><em>concernit</em></strong></span> <span class='ocrx_word' id='word_1_775' title='bbox 2825 4099 3150 4169; x_wconf 91' lang='lat' dir='ltr'><strong><em>consilium,</em></strong></span> <span class='ocrx_word' id='word_1_776' title='bbox 3183 4101 3254 4156; x_wconf 91' lang='lat' dir='ltr'><strong><em>de</em></strong></span> <span class='ocrx_word' id='word_1_777' title='bbox 3283 4117 3350 4156; x_wconf 92' lang='lat' dir='ltr'><strong><em>eo</em></strong></span> <span class='ocrx_word' id='word_1_778' title='bbox 3381 4101 3460 4155; x_wconf 91' lang='lat' dir='ltr'><strong><em>ita</em></strong></span> <span class='ocrx_word' id='word_1_779' title='bbox 3484 4100 3544 4154; x_wconf 91' lang='lat' dir='ltr'><strong><em>in</em></strong></span> <span class='ocrx_word' id='word_1_780' title='bbox 3575 4101 3837 4171; x_wconf 86' lang='lat' dir='ltr'><strong><em>subjecto</em></strong></span> 
     </span>
    </p>
   </div>
   <div class='ocr_carea' id='block_1_102' title="bbox 2131 4188 3838 4260">
    <p class='ocr_par' dir='ltr' id='par_1_102' title="bbox 2131 4188 3838 4260">
     <span class='ocr_line' id='line_1_102' title="bbox 2131 4188 3838 4260; baseline 0.002 -18"><span class='ocrx_word' id='word_1_781' title='bbox 2131 4189 2203 4243; x_wconf 89' lang='lat' dir='ltr'><strong><em>ad</em></strong></span> <span class='ocrx_word' id='word_1_782' title='bbox 2235 4189 2505 4242; x_wconf 88' lang='lat' dir='ltr'><strong><em>lectorem</em></strong></span> <span class='ocrx_word' id='word_1_783' title='bbox 2535 4188 2816 4259; x_wconf 75' lang='lat' dir='ltr'><strong><em>prooemio</em></strong></span> <span class='ocrx_word' id='word_1_784' title='bbox 2863 4191 3158 4260; x_wconf 86' lang='lat' dir='ltr'><strong><em>praecepit,</em></strong></span> <span class='ocrx_word' id='word_1_785' title='bbox 3196 4194 3262 4244; x_wconf 88' lang='lat' dir='ltr'><strong><em>ut</em></strong></span> <span class='ocrx_word' id='word_1_786' title='bbox 3305 4189 3476 4244; x_wconf 90' lang='lat' dir='ltr'><strong><em>simul</em></strong></span> <span class='ocrx_word' id='word_1_787' title='bbox 3506 4188 3838 4246; x_wconf 86' lang='lat' dir='ltr'><strong><em>universam</em></strong></span> 
     </span>
    </p>
   </div>
   <div class='ocr_carea' id='block_1_103' title="bbox 2073 4276 3835 4349">
    <p class='ocr_par' dir='ltr' id='par_1_103' title="bbox 2073 4276 3835 4349">
     <span class='ocr_line' id='line_1_103' title="bbox 2073 4276 3835 4349; baseline 0.001 -17"><span class='ocrx_word' id='word_1_788' title='bbox 2073 4276 2102 4308; x_wconf 54' lang='grc' dir='ltr'><em>ν</em></span> <span class='ocrx_word' id='word_1_789' title='bbox 2133 4293 2332 4332; x_wconf 91' lang='lat' dir='ltr'><strong><em>eorum</em></strong></span> <span class='ocrx_word' id='word_1_790' title='bbox 2365 4276 2620 4331; x_wconf 90' lang='lat' dir='ltr'><strong><em>indolem</em></strong></span> <span class='ocrx_word' id='word_1_791' title='bbox 2648 4282 2704 4332; x_wconf 90' lang='lat' dir='ltr'><strong><em>et</em></strong></span> <span class='ocrx_word' id='word_1_792' title='bbox 2727 4277 3171 4349; x_wconf 88' lang='lat' dir='ltr'><strong><em>descriptionem</em></strong></span> <span class='ocrx_word' id='word_1_793' title='bbox 3201 4279 3550 4349; x_wconf 89' lang='lat' dir='ltr'><strong><em>patefaceret</em></strong></span> <span class='ocrx_word' id='word_1_794' title='bbox 3601 4283 3657 4332; x_wconf 89' lang='lat' dir='ltr'><strong><em>et</em></strong></span> <span class='ocrx_word' id='word_1_795' title='bbox 3705 4279 3835 4334; x_wconf 87' lang='lat' dir='ltr'><strong><em>lau-</em></strong></span> 
     </span>
    </p>
   </div>
   <div class='ocr_carea' id='block_1_104' title="bbox 2128 4365 3838 4438">
    <p class='ocr_par' dir='ltr' id='par_1_104' title="bbox 2128 4365 3838 4438">
     <span class='ocr_line' id='line_1_104' title="bbox 2128 4365 3838 4438; baseline 0.001 -18"><span class='ocrx_word' id='word_1_796' title='bbox 2128 4366 2306 4420; x_wconf 88' lang='lat' dir='ltr'><strong><em>daret.</em></strong></span> <span class='ocrx_word' id='word_1_797' title='bbox 2343 4367 2456 4419; x_wconf 87' lang='lat' dir='ltr'><strong><em>Nec</em></strong></span> <span class='ocrx_word' id='word_1_798' title='bbox 2483 4381 2617 4420; x_wconf 88' lang='lat' dir='ltr'><strong><em>vero</em></strong></span> <span class='ocrx_word' id='word_1_799' title='bbox 2639 4382 2833 4421; x_wconf 89' lang='lat' dir='ltr'><strong><em>cavere</em></strong></span> <span class='ocrx_word' id='word_1_800' title='bbox 2867 4365 2974 4421; x_wconf 86' lang='lat' dir='ltr'><strong><em>sibi</em></strong></span> <span class='ocrx_word' id='word_1_801' title='bbox 3002 4366 3212 4438; x_wconf 90' lang='lat' dir='ltr'><strong><em>potuit,</em></strong></span> <span class='ocrx_word' id='word_1_802' title='bbox 3243 4367 3386 4438; x_wconf 89' lang='lat' dir='ltr'><strong><em>quin</em></strong></span> <span class='ocrx_word' id='word_1_803' title='bbox 3429 4366 3581 4437; x_wconf 89' lang='lat' dir='ltr'><strong><em>apud</em></strong></span> <span class='ocrx_word' id='word_1_804' title='bbox 3625 4367 3838 4422; x_wconf 84' lang='lat' dir='ltr'><strong><em>multos</em></strong></span> 
     </span>
    </p>
   </div>
   <div class='ocr_carea' id='block_1_105' title="bbox 2126 4454 3838 4526">
    <p class='ocr_par' dir='ltr' id='par_1_105' title="bbox 2126 4454 3838 4526">
     <span class='ocr_line' id='line_1_105' title="bbox 2126 4454 3838 4526; baseline 0.001 -17"><span class='ocrx_word' id='word_1_805' title='bbox 2126 4458 2263 4509; x_wconf 87' lang='lat' dir='ltr'><strong><em>tunc</em></strong></span> <span class='ocrx_word' id='word_1_806' title='bbox 2301 4454 2578 4526; x_wconf 88' lang='lat' dir='ltr'><strong><em>temporis</em></strong></span> <span class='ocrx_word' id='word_1_807' title='bbox 2622 4455 2908 4526; x_wconf 70' lang='lat' dir='ltr'><strong><em>religiosae</em></strong></span> <span class='ocrx_word' id='word_1_808' title='bbox 2965 4455 3260 4526; x_wconf 90' lang='lat' dir='ltr'><strong><em>opinionis</em></strong></span> <span class='ocrx_word' id='word_1_809' title='bbox 3313 4455 3575 4510; x_wconf 91' lang='lat' dir='ltr'><strong><em>homines</em></strong></span> <span class='ocrx_word' id='word_1_810' title='bbox 3606 4456 3678 4510; x_wconf 95' lang='lat' dir='ltr'><strong><em>ob</em></strong></span> <span class='ocrx_word' id='word_1_811' title='bbox 3708 4456 3838 4511; x_wconf 85' lang='lat' dir='ltr'><strong><em>Vin-</em></strong></span> 
     </span>
    </p>
   </div>
   <div class='ocr_carea' id='block_1_106' title="bbox 2128 4543 3842 4616">
    <p class='ocr_par' dir='ltr' id='par_1_106' title="bbox 2128 4543 3842 4616">
     <span class='ocr_line' id='line_1_106' title="bbox 2128 4543 3842 4616; baseline 0.001 -19"><span class='ocrx_word' id='word_1_812' title='bbox 2128 4543 2297 4598; x_wconf 90' lang='lat' dir='ltr'><strong><em>centii</em></strong></span> <span class='ocrx_word' id='word_1_813' title='bbox 2352 4543 2421 4598; x_wconf 91' lang='lat' dir='ltr'><strong><em>de</em></strong></span> <span class='ocrx_word' id='word_1_814' title='bbox 2471 4543 2729 4598; x_wconf 66' lang='lat' dir='ltr'><strong><em>Ecclesiae</em></strong></span> <span class='ocrx_word' id='word_1_815' title='bbox 2781 4543 3088 4599; x_wconf 90' lang='lat' dir='ltr'><strong><em>traditione</em></strong></span> <span class='ocrx_word' id='word_1_816' title='bbox 3129 4543 3412 4616; x_wconf 88' lang='lat' dir='ltr'><strong><em>dogmatis</em></strong></span> <span class='ocrx_word' id='word_1_817' title='bbox 3471 4545 3842 4600; x_wconf 89' lang='lat' dir='ltr'><strong><em>commenda-</em></strong></span> 
     </span>
    </p>
   </div>
   <div class='ocr_carea' id='block_1_107' title="bbox 2127 4631 3840 4703">
    <p class='ocr_par' dir='ltr' id='par_1_107' title="bbox 2127 4631 3840 4703">
     <span class='ocr_line' id='line_1_107' title="bbox 2127 4631 3840 4703; baseline 0.002 -18"><span class='ocrx_word' id='word_1_818' title='bbox 2127 4631 2346 4686; x_wconf 86' lang='lat' dir='ltr'><strong><em>tionem</em></strong></span> <span class='ocrx_word' id='word_1_819' title='bbox 2372 4633 2521 4686; x_wconf 88' lang='lat' dir='ltr'><strong><em>male</em></strong></span> <span class='ocrx_word' id='word_1_820' title='bbox 2552 4631 2964 4689; x_wconf 84' lang='lat' dir='ltr'><strong><em>traduceretur.</em></strong></span> <span class='ocrx_word' id='word_1_821' title='bbox 3025 4633 3168 4687; x_wconf 88' lang='lat' dir='ltr'><strong><em>Cum</em></strong></span> <span class='ocrx_word' id='word_1_822' title='bbox 3218 4632 3469 4703; x_wconf 88' lang='lat' dir='ltr'><strong><em>reliquas</em></strong></span> <span class='ocrx_word' id='word_1_823' title='bbox 3525 4632 3743 4703; x_wconf 91' lang='lat' dir='ltr'><strong><em>aliquot</em></strong></span> <span class='ocrx_word' id='word_1_824' title='bbox 3772 4634 3840 4688; x_wconf 91' lang='lat' dir='ltr'><strong><em>in</em></strong></span> 
     </span>
    </p>
   </div>
   <div class='ocr_carea' id='block_1_108' title="bbox 2127 4719 3842 4792">
    <p class='ocr_par' dir='ltr' id='par_1_108' title="bbox 2127 4719 3842 4792">
     <span class='ocr_line' id='line_1_108' title="bbox 2127 4719 3842 4792; baseline 0.001 -18"><span class='ocrx_word' id='word_1_825' title='bbox 2127 4721 2276 4774; x_wconf 92' lang='lat' dir='ltr'><strong><em>calce</em></strong></span> <span class='ocrx_word' id='word_1_826' title='bbox 2330 4719 2464 4775; x_wconf 93' lang='lat' dir='ltr'><strong><em>libri</em></strong></span> <span class='ocrx_word' id='word_1_827' title='bbox 2517 4721 2924 4791; x_wconf 86' lang='lat' dir='ltr'><strong><em>superfuturas</em></strong></span> <span class='ocrx_word' id='word_1_828' title='bbox 2974 4726 3231 4776; x_wconf 89' lang='lat' dir='ltr'><strong><em>cerneret</em></strong></span> <span class='ocrx_word' id='word_1_829' title='bbox 3292 4721 3566 4792; x_wconf 89' lang='lat' dir='ltr'><strong><em>plagellas</em></strong></span> <span class='ocrx_word' id='word_1_830' title='bbox 3608 4721 3842 4775; x_wconf 83' lang='lat' dir='ltr'><strong><em>Paciani</em></strong></span> 
     </span>
    </p>
   </div>
   <div class='ocr_carea' id='block_1_109' title="bbox 2127 4809 3842 4880">
    <p class='ocr_par' dir='ltr' id='par_1_109' title="bbox 2127 4809 3842 4880">
     <span class='ocr_line' id='line_1_109' title="bbox 2127 4809 3842 4880; baseline 0.002 -18"><span class='ocrx_word' id='word_1_831' title='bbox 2127 4811 2229 4878; x_wconf 87' lang='lat' dir='ltr'><strong><em>Ep.</em></strong></span> <span class='ocrx_word' id='word_1_832' title='bbox 2285 4809 2360 4862; x_wconf 89' lang='lat' dir='ltr'><strong><em>ad</em></strong></span> <span class='ocrx_word' id='word_1_833' title='bbox 2407 4809 2868 4878; x_wconf 84' lang='lat' dir='ltr'><strong><em>Sympronianum</em></strong></span> <span class='ocrx_word' id='word_1_834' title='bbox 2909 4812 3143 4876; x_wconf 82' lang='lat' dir='ltr'><strong><em>fratrem</em></strong></span> <span class='ocrx_word' id='word_1_835' title='bbox 3180 4811 3462 4880; x_wconf 86' lang='lat' dir='ltr'><strong><em>epistolam</em></strong></span> <span class='ocrx_word' id='word_1_836' title='bbox 3511 4813 3725 4864; x_wconf 84' lang='lat' dir='ltr'><strong><em>tertiam</em></strong></span> <span class='ocrx_word' id='word_1_837' title='bbox 3766 4811 3842 4865; x_wconf 92' lang='lat' dir='ltr'><strong><em>iis</em></strong></span> 
     </span>
    </p>
   </div>
   <div class='ocr_carea' id='block_1_110' title="bbox 2127 4897 2699 4968">
    <p class='ocr_par' dir='ltr' id='par_1_110' title="bbox 2127 4897 2699 4968">
     <span class='ocr_line' id='line_1_110' title="bbox 2127 4897 2699 4968; baseline 0.003 -18"><span class='ocrx_word' id='word_1_838' title='bbox 2127 4897 2440 4951; x_wconf 91' lang='lat' dir='ltr'><strong><em>inscribere</em></strong></span> <span class='ocrx_word' id='word_1_839' title='bbox 2468 4897 2699 4968; x_wconf 89' lang='lat' dir='ltr'><strong><em>placuit.</em></strong></span> 
     </span>
    </p>
   </div>
   <div class='ocr_carea' id='block_1_111' title="bbox 2201 4970 3841 5058">
    <p class='ocr_par' dir='ltr' id='par_1_111' title="bbox 2201 4970 3841 5058">
     <span class='ocr_line' id='line_1_111' title="bbox 2201 4970 3841 5058; baseline 0.004 -20"><span class='ocrx_word' id='word_1_840' title='bbox 2201 4988 2355 5040; x_wconf 76' lang='lat'><strong><em>1643.</em></strong></span> <span class='ocrx_word' id='word_1_841' title='bbox 2385 4987 2447 5039; x_wconf 87' lang='lat' dir='ltr'><strong><em>In</em></strong></span> <span class='ocrx_word' id='word_1_842' title='bbox 2497 4987 2746 5053; x_wconf 64' lang='lat' dir='ltr'><strong><em>Venetia,</em></strong></span> <span class='ocrx_word' id='word_1_843' title='bbox 2803 4989 2976 5042; x_wconf 61' lang='lat' dir='ltr'><strong><em>inut&quot;.</em></strong></span> <span class='ocrx_word' id='word_1_844' title='bbox 3026 4987 3082 5042; x_wconf 92' lang='lat' dir='ltr'><strong><em>S.</em></strong></span> <span class='ocrx_word' id='word_1_845' title='bbox 3135 4987 3488 5058; x_wconf 80' lang='lat' dir='ltr'><strong><em>Augustinus</em></strong></span> <span class='ocrx_word' id='word_1_846' title='bbox 3531 4970 3602 5044; x_wconf 82' lang='lat' dir='ltr'><strong><em>de</em></strong></span> <span class='ocrx_word' id='word_1_847' title='bbox 3634 4988 3841 5045; x_wconf 81' lang='lat' dir='ltr'><strong><em>Rheto-</em></strong></span> 
     </span>
    </p>
   </div>
   <div class='ocr_carea' id='block_1_112' title="bbox 2126 5072 3844 5144">
    <p class='ocr_par' dir='ltr' id='par_1_112' title="bbox 2126 5072 3844 5144">
     <span class='ocr_line' id='line_1_112' title="bbox 2126 5072 3844 5144; baseline 0.003 -18"><span class='ocrx_word' id='word_1_848' title='bbox 2126 5072 2242 5127; x_wconf 89' lang='lat' dir='ltr'><strong><em>rica</em></strong></span> <span class='ocrx_word' id='word_1_849' title='bbox 2271 5072 2651 5127; x_wconf 89' lang='lat' dir='ltr'><strong><em>ecclesiastica</em></strong></span> <span class='ocrx_word' id='word_1_850' title='bbox 2691 5073 2813 5144; x_wconf 92' lang='lat' dir='ltr'><strong><em>(qui</em></strong></span> <span class='ocrx_word' id='word_1_851' title='bbox 2843 5078 2926 5128; x_wconf 90' lang='lat' dir='ltr'><strong><em>est</em></strong></span> <span class='ocrx_word' id='word_1_852' title='bbox 2961 5073 3104 5129; x_wconf 89' lang='lat' dir='ltr'><strong><em>liber</em></strong></span> <span class='ocrx_word' id='word_1_853' title='bbox 3141 5076 3213 5128; x_wconf 88' lang='lat' dir='ltr'><strong>1V</strong></span> <span class='ocrx_word' id='word_1_854' title='bbox 3259 5076 3329 5131; x_wconf 90' lang='lat' dir='ltr'><strong><em>de</em></strong></span> <span class='ocrx_word' id='word_1_855' title='bbox 3383 5075 3649 5131; x_wconf 88' lang='lat' dir='ltr'><strong><em>Doctrina</em></strong></span> <span class='ocrx_word' id='word_1_856' title='bbox 3679 5077 3844 5132; x_wconf 86' lang='lat' dir='ltr'><strong><em>Chri-</em></strong></span> 
     </span>
    </p>
   </div>
   <div class='ocr_carea' id='block_1_113' title="bbox 2125 5161 3835 5237">
    <p class='ocr_par' dir='ltr' id='par_1_113' title="bbox 2125 5161 3835 5237">
     <span class='ocr_line' id='line_1_113' title="bbox 2125 5161 3835 5237; baseline 0.003 -21"><span class='ocrx_word' id='word_1_857' title='bbox 2125 5161 2352 5232; x_wconf 89' lang='lat' dir='ltr'><strong><em>stiana).</em></strong></span> <span class='ocrx_word' id='word_1_858' title='bbox 2384 5162 2537 5217; x_wconf 84' lang='lat' dir='ltr'><strong><em>Exst.</em></strong></span> <span class='ocrx_word' id='word_1_859' title='bbox 2577 5162 2638 5217; x_wconf 92' lang='lat' dir='ltr'><strong><em>in</em></strong></span> <span class='ocrx_word' id='word_1_860' title='bbox 2660 5163 2862 5218; x_wconf 85' lang='lat' dir='ltr'><strong><em>Autori</em></strong></span> <span class='ocrx_word' id='word_1_861' title='bbox 2889 5162 2955 5218; x_wconf 83' lang='lat' dir='ltr'><strong><em>de</em></strong></span> <span class='ocrx_word' id='word_1_862' title='bbox 2993 5163 3090 5218; x_wconf 87' lang='lat' dir='ltr'><strong><em>ben</em></strong></span> <span class='ocrx_word' id='word_1_863' title='bbox 3115 5165 3357 5235; x_wconf 86' lang='lat' dir='ltr'><strong><em>parlare,</em></strong></span> <span class='ocrx_word' id='word_1_864' title='bbox 3390 5165 3502 5220; x_wconf 89' lang='lat' dir='ltr'><strong><em>vol.</em></strong></span> <span class='ocrx_word' id='word_1_865' title='bbox 3537 5165 3651 5234; x_wconf 79' lang='lat' dir='ltr'><strong><em>XII,</em></strong></span> <span class='ocrx_word' id='word_1_866' title='bbox 3679 5172 3835 5237; x_wconf 87' lang='lat' dir='ltr'><strong><em>part.</em></strong></span> 
     </span>
    </p>
   </div>
   <div class='ocr_carea' id='block_1_114' title="bbox 2124 5247 2478 5318">
    <p class='ocr_par' dir='ltr' id='par_1_114' title="bbox 2124 5247 2478 5318">
     <span class='ocr_line' id='line_1_114' title="bbox 2124 5247 2478 5318; baseline -0.003 -16"><span class='ocrx_word' id='word_1_867' title='bbox 2124 5247 2264 5313; x_wconf 92' lang='lat' dir='ltr'><strong><em>ult.,</em></strong></span> <span class='ocrx_word' id='word_1_868' title='bbox 2297 5263 2354 5318; x_wconf 91' lang='lat' dir='ltr'><strong><em>p.</em></strong></span> <span class='ocrx_word' id='word_1_869' title='bbox 2391 5250 2478 5301; x_wconf 87' lang='lat'><strong><em>57.</em></strong></span> 
     </span>
    </p>
   </div>
   <div class='ocr_carea' id='block_1_115' title="bbox 2198 5334 3840 5410">
    <p class='ocr_par' dir='ltr' id='par_1_115' title="bbox 2198 5334 3840 5410">
     <span class='ocr_line' id='line_1_115' title="bbox 2198 5334 3840 5410; baseline 0.004 -20"><span class='ocrx_word' id='word_1_870' title='bbox 2198 5338 2352 5391; x_wconf 88' lang='grc'><strong>1655.</strong></span> <span class='ocrx_word' id='word_1_871' title='bbox 2392 5334 2738 5406; x_wconf 86' lang='lat' dir='ltr'><strong><em>Helmstadii,</em></strong></span> <span class='ocrx_word' id='word_1_872' title='bbox 2768 5352 2835 5391; x_wconf 75' lang='lat' dir='ltr'><strong><em>ea:</em></strong></span> <span class='ocrx_word' id='word_1_873' title='bbox 2876 5335 3420 5408; x_wconf 55' lang='lat' dir='ltr'><strong><em>typogr.&#39;Calimtino,</em></strong></span> <span class='ocrx_word' id='word_1_874' title='bbox 3471 5353 3634 5410; x_wconf 84' lang='lat' dir='ltr'><strong><em>opera</em></strong></span> <span class='ocrx_word' id='word_1_875' title='bbox 3683 5342 3840 5397; x_wconf 86' lang='lat' dir='ltr'><strong><em>Hen-</em></strong></span> 
     </span>
    </p>
   </div>
   <div class='ocr_carea' id='block_1_116' title="bbox 2122 5423 3830 5498">
    <p class='ocr_par' dir='ltr' id='par_1_116' title="bbox 2122 5423 3830 5498">
     <span class='ocr_line' id='line_1_116' title="bbox 2122 5423 3830 5498; baseline 0.005 -20"><span class='ocrx_word' id='word_1_876' title='bbox 2122 5425 2282 5492; x_wconf 86' lang='lat' dir='ltr'><strong><em>ningi</em></strong></span> <span class='ocrx_word' id='word_1_877' title='bbox 2308 5423 2557 5490; x_wconf 76' lang='lat' dir='ltr'><strong><em>Mulieri,</em></strong></span> <span class='ocrx_word' id='word_1_878' title='bbox 2587 5424 2753 5480; x_wconf 84' lang='lat' dir='ltr'><strong><em>in-4°.</em></strong></span> <span class='ocrx_word' id='word_1_879' title='bbox 2789 5443 2818 5473; x_wconf 74' lang='grc' dir='ltr'>ι</span> <span class='ocrx_word' id='word_1_880' title='bbox 2839 5426 2978 5482; x_wconf 86' lang='lat' dir='ltr'><strong><em>Aur.</em></strong></span> <span class='ocrx_word' id='word_1_881' title='bbox 3004 5427 3150 5498; x_wconf 87' lang='lat' dir='ltr'><strong><em>Aug.</em></strong></span> <span class='ocrx_word' id='word_1_882' title='bbox 3196 5427 3266 5483; x_wconf 89' lang='lat' dir='ltr'><strong><em>de</em></strong></span> <span class='ocrx_word' id='word_1_883' title='bbox 3295 5427 3562 5483; x_wconf 88' lang='lat' dir='ltr'><strong><em>Doctrina</em></strong></span> <span class='ocrx_word' id='word_1_884' title='bbox 3609 5428 3830 5488; x_wconf 86' lang='lat' dir='ltr'><strong><em>Christ.</em></strong></span> 
     </span>
    </p>
   </div>
   <div class='ocr_carea' id='block_1_117' title="bbox 2124 5511 3838 5573">
    <p class='ocr_par' dir='ltr' id='par_1_117' title="bbox 2124 5511 3838 5573">
     <span class='ocr_line' id='line_1_117' title="bbox 2124 5511 3838 5573; baseline 0.004 -8"><span class='ocrx_word' id='word_1_885' title='bbox 2124 5511 2254 5565; x_wconf 88' lang='lat' dir='ltr'><strong><em>libri</em></strong></span> <span class='ocrx_word' id='word_1_886' title='bbox 2288 5511 2374 5573; x_wconf 84' lang='lat' dir='ltr'><strong>IV,</strong></span> <span class='ocrx_word' id='word_1_887' title='bbox 2407 5516 2512 5566; x_wconf 83' lang='lat' dir='ltr'><strong><em>etc.</em></strong></span> <span class='ocrx_word' id='word_1_888' title='bbox 2546 5511 2644 5568; x_wconf 87' lang='lat' dir='ltr'><strong><em>Ge.</em></strong></span> <span class='ocrx_word' id='word_1_889' title='bbox 2676 5511 2932 5570; x_wconf 88' lang='lat' dir='ltr'><strong><em>Calixtus</em></strong></span> <span class='ocrx_word' id='word_1_890' title='bbox 2968 5515 3252 5570; x_wconf 88' lang='lat' dir='ltr'><strong><em>recensuit</em></strong></span> <span class='ocrx_word' id='word_1_891' title='bbox 3305 5520 3362 5569; x_wconf 89' lang='lat' dir='ltr'><strong><em>et</em></strong></span> <span class='ocrx_word' id='word_1_892' title='bbox 3399 5515 3594 5571; x_wconf 89' lang='lat' dir='ltr'><strong><em>edidit.</em></strong></span> <span class='ocrx_word' id='word_1_893' title='bbox 3647 5517 3838 5573; x_wconf 83' lang='lat' dir='ltr'><strong><em>Editio</em></strong></span> 
     </span>
    </p>
   </div>
  </div>
