4044 6190
164 258 261 309 133

1192 258 1474 314 NOTITIA
1514 260 1937 316 LITTERARIA
1978 262 2046 316 ΙΝ
2090 264 2149 317 S.
2190 262 2658 320 AUGUSTINUM.

3578 272 3675 324 134

155 380 350 451 prima
378 380 593 452 prodiit
612 396 765 436 anno
791 381 1131 438 cIoIoCXXIX
1156 398 1169 450 ;
1204 398 1356 438 nunc
1401 384 1651 439 succedit
1696 384 1870 439 altera
1906 394 1952 448 Α
1980 385 2136 441 haud
2168 385 2481 442 inceleber.
2520 386 2634 441 Nec
2662 402 2755 440 me
2775 386 2924 457 fugit
2951 402 3163 443 nomen
3190 388 3313 459 ejus
3343 390 3677 446 ementitam

159 485 310 523 anno
340 470 641 524 cIoInCLV.
676 491 703 517 »
737 471 985 525 Accessit
1010 470 1070 524 in
1099 472 1203 525 hac
1233 473 1412 526 altera
1432 472 1684 528 editione
1702 474 1867 528 titulo

159 558 448 613 Admoniti
498 559 574 612 ad
612 560 855 613 lectorem
888 558 1199 630 disputatio
1250 560 1449 615 Calixti
1504 561 1571 615 de
1600 562 1865 631 Symbolis

158 653 204 700 et
233 648 679 713 Confessionibus
707 654 946 702 veterum
975 649 1430 716 Christianorum,
1494 650 1585 704 cui
1637 655 1865 721 tempo—

156 753 280 789 rum
320 737 539 807 injuria
569 736 797 808 insigne
826 737 1057 808 aliquod
1089 743 1447 793 momentum
1505 739 1863 794 conciliabat.

218 825 357 879 Sac.
418 826 589 880 XVIII
646 855 717 865 —
777 829 931 881 I769.
1009 827 1228 895 Lipsiae,
1281 833 1501 898 sumptu
1557 827 1642 881 Jo.
1703 828 1860 881 Frid.

150 914 592 981 Langenhemii;
648 917 807 969 in-8°.
861 918 998 968 Aur.
1048 915 1378 985 Augustini,
1436 916 1602 986 Hipp.
1662 932 1753 986 ep.
1796 916 1865 970 de

150 1001 427 1055 Doctrina
468 1002 789 1057 Christiana
834 1002 967 1057 libri
1014 1003 1105 1072 IV,
1146 1020 1175 1056 e
1232 1003 1561 1058 recensione
1621 1004 1865 1059 Benedi-

145 1090 448 1145 ctinorum
482 1108 512 1145 e
567 1091 1012 1162 congregatione
1041 1092 1093 1147 S.
1129 1092 1327 1147 Mauri.
1362 1093 1637 1147 Varietate
1667 1092 1862 1147 lectio-

146 1195 290 1232 num
379 1180 1090 1251 animadversionibusque
1195 1181 1463 1235 brevibus
1538 1182 1859 1249 illustravit,

146 1274 323 1338 atque
358 1284 495 1322 cum
541 1269 876 1339 praefatione
908 1270 961 1323 S.
1014 1270 1079 1325 Β.
1109 1271 1241 1323 Joh.
1302 1271 1519 1324 Frider.
1552 1271 1861 1337 Burscheri,

149 1360 252 1411 Th.
278 1360 348 1411 D.
384 1362 437 1411 et
484 1361 546 1413 P.
577 1360 637 1413 P.
671 1358 755 1424 0.,
811 1363 915 1412 etc.
965 1357 1144 1412 edidit
1194 1360 1312 1414 Joh.
1367 1360 1566 1415 Christ.
1607 1359 1856 1414 Beniam.

150 1446 405 1513 Teegius,
458 1446 638 1499 Schol.
698 1445 1031 1513 Sangerhus.
1084 1446 1279 1514 Colleg.
1330 1448 1430 1502 ΠΙ.
1480 1476 1549 1486 -
1603 1447 1690 1501 Ad
1745 1448 1859 1501 ele-

146 1533 414 1602 gantiam
447 1533 621 1602 hujus
659 1533 1058 1605 descriptionis
1087 1535 1303 1587 accedit
1330 1533 1572 1604 insignis
1602 1552 1634 1589 a
1684 1552 1859 1590 mun-

146 1622 285 1673 ditie
318 1622 538 1675 charta
570 1638 632 1674 ac
664 1626 929 1692 typorum
987 1623 1426 1690 commendatio,
1477 1639 1607 1693 qua
1659 1630 1857 1694 optare

141 1710 299 1775 facit,
337 1716 403 1763 ut
430 1710 602 1780 plura
633 1712 985 1781 optimorum
1020 1712 1253 1766 Patrum
1294 1713 1501 1767 Graca
1555 1730 1617 1767 ac
1670 1714 1859 1767 latinae

144 1799 418 1852 Ecclesia
445 1798 790 1870 scriptorum
822 1800 1171 1870 exemplaria
1220 1801 1344 1871 pari
1390 1817 1527 1855 cura
1583 1802 1861 1857 instructa

140 1894 197 1941 et
264 1904 439 1959 aque
492 1890 813 1943 luculenter
884 1906 1086 1943 excusa
1166 1891 1387 1945 venalia
1460 1892 1854 1947 redderentur.

139 1980 474 2049 Theologus
520 1979 826 2049 Lipsiensis
857 1980 1225 2051 interpretem
1246 1982 1493 2051 suscepti
1520 1982 1591 2036 ab
1639 1983 1857 2037 editore

141 2066 367 2135 negotii
392 2082 595 2137 agens,
628 2066 877 2137 ipsuma
933 2068 1213 2137 prafandi
1262 2069 1595 2123 necessitate
1644 2069 1856 2123 libera-

144 2152 240 2206 vit.
292 2152 541 2207 Secutus
586 2170 719 2207 vero
768 2158 853 2207 est
914 2157 1133 2221 Teegius
1186 2159 1407 2209 textum
1457 2155 1857 2209 Benedictino-

145 2257 274 2295 rum
304 2258 375 2297 ex
408 2243 807 2313 Antuerpiana
834 2243 1031 2297 Clerici
1080 2243 1383 2298 iteratione
1414 2244 1763 2315 descriptum
1801 2250 1859 2298 et

147 2331 423 2385 varietate
486 2332 935 2387 Amerbachiana
982 2336 1038 2385 et
1096 2334 1435 2387 E-rasmianaz
1502 2334 1638 2387 anni
1698 2336 1852 2398 1569,

147 2436 249 2474 nec
280 2436 406 2473 non
463 2419 767 2491 utriusque
824 2420 1290 2475 Helmstadiensis
1321 2426 1654 2475 mactatum.
1697 2421 1857 2475 Com-

150 2510 314 2563 mode
349 2509 528 2563 etiam
558 2509 764 2563 harum
797 2514 852 2563 et
882 2508 1264 2564 Benedictina
1296 2510 1467 2564 simul
1504 2510 1855 2564 recensionis

148 2598 491 2669 partitiones
538 2598 773 2652 diversis
828 2598 1082 2652 numeris
1154 2604 1288 2652 sunt
1351 2615 1649 2670 expressa,
1700 2597 1855 2653 addi-

147 2692 354 2757 tusque
384 2691 473 2740 est
498 2685 668 2741 index
696 2702 815 2741 non
835 2686 1307 2741 contemnendus.

860 2778 1161 2832 Versiones.

212 2866 357 2919 Dua
388 2865 648 2919 Gallicae:
676 2866 947 2919 Colletetii
974 2867 1167 2927 altera,
1209 2866 1387 2920 altera
1440 2880 1473 2917 a
1530 2864 1849 2935 Villefortio,

154 2968 377 3023 unaque
432 2954 754 3009 Germanica
794 2954 1057 3010 Hedionis
1084 2955 1153 3009 de
1184 2970 1298 3026 qua
1354 2969 1528 3023 supra
1582 2952 1640 3006 in
1684 2953 1850 3009 Colle-
1882 2978 1921 3033 ρ

154 3042 413 3096 itionibus
445 3045 670 3109 egimus.

216 3131 376 3183 l636.
405 3130 589 3194 Paris,
631 3131 757 3183 che:
798 3131 944 3184 Jean
997 3131 1273 3197 Camusat,
1325 3132 1494 3184 in-t2.
1561 3150 1583 3178 ι
1622 3130 1698 3183 La
1742 3130 1850 3182 Do-

147 3218 323 3271 ctrine
386 3217 757 3273 Chrestienne
823 3218 893 3273 de
950 3218 1002 3280 S,
1054 3218 1341 3290 Augustin
1397 3218 1607 3273 divisée
1662 3233 1735 3273 en
1784 3218 1850 3271 IV

147 3307 339 3373 livres,
369 3322 506 3360 avec
536 3307 587 3361 le
636 3308 867 3362 manuel
896 3308 1123 3362 adressé
1152 3313 1185 3361 a
1233 3307 1590 3369 Laurentius,
1646 3307 1697 3361 le
1727 3310 1854 3361 tout

147 3394 365 3449 traduit
389 3412 464 3449 en
486 3395 732 3451 francois
759 3413 865 3468 par
894 3397 1199 3453 Guillaume
1226 3398 1462 3453 Colletet.
1489 3418 1508 3444 ι

218 3487 377 3538 1701.
430 3486 609 3551 Paris,
666 3487 791 3540 chez
851 3487 1175 3554 Jean-Bapt.
1236 3484 1529 3553 Coignard,
1588 3486 1745 3551 iri-8°,
1801 3488 1850 3539 Ιι

146 3574 265 3625 coll.
306 3594 332 3621 ι
372 3574 478 3627 Les
526 3574 694 3628 livres
741 3574 811 3627 de
864 3575 920 3628 la
950 3573 1212 3629 Doctrine
1267 3573 1610 3627 Chrétienne
1667 3574 1737 3628 de
1793 3574 1848 3629 S.

145 3660 431 3731 Augustin
459 3666 515 3715 et
544 3661 622 3714 les
647 3661 815 3716 livres
840 3661 909 3716 de
939 3661 1158 3716 l'Ordre
1190 3665 1247 3716 et
1274 3660 1351 3715 du
1383 3660 1546 3715 Libre
1600 3662 1849 3727 Arbitre,

144 3750 217 3803 du
246 3752 462 3804 meme.
492 3750 753 3805 Traduits
807 3767 879 3805 en
931 3750 1177 3818 francois
1207 3766 1304 3805 sur
1332 3751 1387 3804 la
1427 3751 1693 3805 nouvelle
1724 3751 1852 3805 édi-

146 3840 265 3895 tion
294 3842 477 3895 latine
508 3841 605 3895 des
626 3842 732 3895 PP.
768 3840 1126 3895 Bénédictins
1150 3841 1217 3895 de
1249 3842 1302 3895 la
1330 3839 1753 3911 Congrégation
1782 3840 1851 3894 de

142 3930 194 3984 S.
258 3932 442 3985 Maur.
477 3952 504 3980 »
562 3934 772 3986 Auctor
818 3934 902 3985 est
931 3932 1035 3985 Dn.
1067 3930 1137 3985 de
1170 3932 1444 3999 Villefort,
1509 3930 1609 4002 qui
1656 3931 1851 4000 plures

142 4019 454 4090 Augustini
481 4019 656 4074 libros
706 4019 920 4092 insigni
945 4035 1075 4074 cum
1124 4019 1293 4074 laude
1330 4019 1391 4073 in
1438 4018 1697 4090 linguam
1731 4019 1853 4074 Gal-

143 4109 310 4163 licam
339 4108 652 4163 transtulit.
688 4109 767 4163 De
796 4108 1067 4179 praesenti
1087 4108 1242 4163 enim
1271 4107 1627 4162 traductione
1659 4112 1850 4162 aucto-

145 4215 229 4252 res
268 4201 456 4253 Diarii
496 4199 853 4253 Eruditorum
900 4200 1079 4254 Paris.
1144 4200 1299 4266 I702,
1351 4214 1406 4268 p.
1471 4200 1592 4264 195,
1641 4197 1722 4251 sic
1767 4201 1849 4251 te-

1976 489 2099 528 esse
2120 474 2440 528 versionem
2467 473 2658 539 aliam,
2708 490 2915 544 nempe
2949 473 3078 528 libri
3130 475 3310 546 spurii
3356 476 3677 547 Soliloquio-
3706 506 3711 509 -

1973 577 2115 620 rum,
2150 566 2211 615 ut
2239 577 2512 631 suspenso
2556 560 2664 614 hoc
2722 560 2886 631 signo
2934 577 3090 615 merx
3121 569 3269 616 esset
3318 563 3675 620 vendibilior.

1972 651 2076 706 Sed
2105 651 2275 722 hujus
2297 654 2491 704 auctor
2537 666 2637 703 nec
2666 650 2849 717 latuit,
2886 666 2989 704 nec
3017 651 3193 706 latere
3248 652 3445 716 voluit,
3494 653 3674 709 immo

1973 740 2366 809 maximopere
2415 739 2583 792 fama
2635 738 2997 792 traducendis
3052 740 3313 809 pluribus
3362 741 3669 811 Augustini

1973 826 2134 882 libris
2165 827 2401 882 studuit.
2451 826 2722 891 Quocirca
2749 828 3011 897 equidem
3044 829 3113 883 de
3144 845 3335 883 errore
3390 831 3677 885 confecto-

1972 916 2050 970 ris
2082 916 2243 987 Regii
2274 915 2527 985 Catalogi
2558 916 2678 985 jam
2703 916 2796 969 vix
2823 916 3037 971 dubito.

2044 1094 2427 1163 Compendium
2456 1096 2721 1149 Doctrina
2779 1095 3103 1150 Christianae
3157 1111 3223 1148 ea:
3273 1098 3587 1163 Augustini
3614 1099 3678 1152 li-

1974 1182 2085 1237 bris
2135 1189 2465 1254 excerptum
2520 1183 2695 1237 edidit
2754 1183 2951 1237 Theod.
3002 1184 3319 1237 Bibtiander
3370 1185 3674 1256 episcopo-

1971 1271 2253 1337 cellensis,
2305 1273 2485 1326 Theol.
2540 1274 2695 1338 Pref.
2761 1274 3076 1339 Tigurinus.
3130 1272 3293 1326 Basil.
3332 1276 3489 1341 1550,
3524 1276 3675 1328 in-80

1969 1362 2160 1429 Lipen.
2194 1366 2249 1415 et
2279 1377 2342 1414 ex
2374 1377 2441 1415 eo
2491 1362 2843 1417 Colonienses.
2898 1361 3075 1414 Juxta
3116 1360 3346 1414 eosdem
3404 1367 3672 1432 quartum

1968 1448 2139 1519 hujus
2170 1450 2359 1520 operis
2388 1449 2623 1518 librum,
2651 1449 2749 1520 qui
2780 1450 2849 1503 de
2879 1449 3206 1518 eloquentia
3252 1465 3409 1502 sacra
3437 1450 3669 1520 potissi-

1968 1553 2128 1591 mum
2185 1543 2410 1600 tractat,
2456 1538 2762 1608 diligenter
2814 1538 3079 1603 excussit,
3139 1539 3377 1608 ejusque
3442 1543 3672 1592 senten-

1965 1627 2107 1680 tiam
2138 1643 2252 1679 non
2284 1626 2394 1680 alia
2422 1643 2542 1681 esse
2576 1626 2918 1697 eloquentia
2970 1625 3306 1680 Christiana
3363 1631 3672 1697 praecepta,

1969 1729 2143 1784 quam
2174 1713 2383 1779 Civilis,
2423 1713 2683 1783 pluribus
2716 1712 2955 1766 astruxit
2984 1714 3164 1767 Balth.
3220 1714 3423 1779 Gibert,
3482 1714 3671 1769 rheto-

1969 1801 2111 1855 rices
2184 1801 2476 1871 quondam
2534 1800 2594 1853 in
2643 1799 2881 1870 collegio
2935 1800 3315 1854 Mazariniano
3355 1802 3667 1872 professor,

1968 1890 2027 1943 in
2085 1894 2366 1955 Jugemens
2413 1890 2505 1943 des
2553 1890 2791 1954 Scavans
2822 1903 2917 1942 sur
2968 1890 3039 1943 tes
3116 1890 3354 1943 Auteurs
3415 1894 3513 1959 qui
3576 1900 3669 1947 ont

1967 1981 2129 2032 traite
2189 1978 2253 2031 de
2306 1979 2360 2031 la
2407 1979 2751 2045 Rhétorique.
2811 1977 2871 2030 Τ.
2935 1977 3009 2044 ΙΙ,
3060 1992 3117 2045 p.
3180 1979 3436 2032 115-135.
3488 1980 3666 2035 Paris.

1970 2070 2126 2133 1716,
2192 2082 2364 2137 quem
2411 2066 2623 2120 librum
2668 2064 2992 2118 indicarunt
3037 2066 3181 2118 Acta
3236 2066 3449 2120 Erudit.
3512 2070 3665 2139 Lips.

1970 2159 2127 2223 1721,
2164 2172 2218 2225 p.
2244 2158 2368 2209 257.

2034 2264 2177 2318 XIV.
2213 2290 2282 2302 —
2313 2263 2416 2331 (35)
2449 2263 2751 2327 Augustini
2782 2261 3185 2327 Confessionum
3235 2261 3367 2315 libri
3396 2264 3665 2319 tredecim.

2036 2352 2172 2405 Sac.
2226 2351 2314 2406 XV
2365 2379 2437 2391 —
2484 2338 2639 2404 1475.
2692 2350 3002 2417 Mediolani,
3073 2350 3238 2403 in-4°.
3324 2350 3378 2405 S.
3454 2354 3672 2408 Aurelii

1960 2440 2266 2511 Augustini
2316 2438 2748 2493 Confessionum
2807 2438 2938 2492 libri
2994 2439 3132 2492 XIII.
3171 2439 3309 2492 Folii
3346 2441 3538 2496 ultimi
3568 2458 3668 2513 pa-

1961 2528 2096 2599 gina
2128 2529 2360 2583 adversa
2411 2526 2674 2598 impressi
2712 2526 2974 2581 versiculi
3025 2543 3157 2580 cum
3209 2528 3657 2600 subscriptione:

2088 2633 2256 2691 Quam
2286 2632 2468 2681 latum
2500 2631 2780 2694 augustina
2810 2630 2944 2679 ferat
2968 2630 3227 2680 confessio
3257 2631 3424 2682 fetum

2150 2696 2386 2743 Prasens
2416 2693 2751 2743 fratre’refert
2774 2694 2967 2755 pagina
3000 2707 3179 2755 pressa
3208 2708 3323 2743 suo.

2085 2757 2423 2805 Theutonicis
2454 2756 2659 2804 delatus
2688 2756 2830 2803 enim
2854 2756 3029 2803 bonus
3057 2768 3159 2803 are
3188 2756 3420 2805 Joannes

2149 2820 2257 2867 Hoc
2287 2818 2572 2867 mediolani
2602 2816 2769 2865 fertile
2804 2817 2991 2879 pressit
3016 2830 3167 2926 0%us.

2149 2894 2227 2926 mo
2257 2882 2632 2926 INCARNATIONIS
2662 2879 2845 2926 Deum
2880 2879 2955 2926 Μο
2979 2878 3053 2926 CC
3096 2878 3156 2926 C°

2086 2882 2227 2929 Auito
2257 2882 2632 2929 INCARNA‘I'IONIS
2662 2878 2845 2926 Deum
2880 2879 2955 2926 Μο
2979 2878 3156 2926 CCCC°
3186 2879 3387 2929 LXXV0
3412 2895 3421 2928 :

2086 2942 2209 2991 Xll°
2240 2943 2503 2991 KALENDAS
2531 2942 2747 2989 Avovsrl
2775 2955 2787 2988 :

2033 3041 2335 3097 Character
2362 3040 2642 3095 rotundus
2684 3042 2785 3106 est,
2842 3038 3091 3110 elegans,
3135 3039 3301 3094 linea
3357 3055 3462 3110 per
3496 3043 3663 3113 pagi-

1960 3146 2093 3183 nam
2123 3130 2252 3184 lata
2306 3132 2393 3185 26.
2452 3129 2667 3182 Desunt
2696 3127 2943 3196 numeri,
2976 3126 3307 3197 signatura,
3365 3130 3649 3184 custodes.

1957 3220 2166 3273 Samius
2217 3218 2422 3273 tribuit
2450 3219 2663 3272 Joanni
2728 3218 2975 3271 Wurster
3020 3216 3087 3270 de
3133 3216 3509 3286 Campidonia.
3570 3219 3654 3273 Cf.

1962 3307 2548 3364 Cat.Bibl.Crevenna
2592 3308 2793 3361 noviss.
2851 3305 2971 3359 Duo
3026 3304 3287 3376 exempla
3343 3306 3496 3361 illius
3548 3324 3663 3362 ser-

1961 3396 2131 3451 vabat
2156 3395 2296 3450 Bibl.
2326 3396 2650 3450 Pinetliana.

2036 3487 2192 3539 1482.
2235 3485 2291 3540 S.
2353 3486 2388 3539 ι.
2431 3486 2573 3539 in-8°
2629 3486 2768 3537 min.
2836 3482 3273 3538 Confessionum
3330 3483 3462 3538 libri
3517 3486 3657 3540 XIII.

1962 3574 2171 3628 Eadem
2228 3573 2538 3627 voluminis
2570 3570 2875 3642 descriptio
2906 3577 2991 3625 est
3044 3572 3312 3644 idemque
3343 3572 3654 3641 character,

1959 3678 2133 3733 quem
2163 3661 2415 3716 inlibris
2469 3661 2534 3715 de
2580 3662 2836 3715 Doctrina
2886 3661 3201 3717 Christiana
3248 3660 3423 3715 simili
3474 3661 3660 3721 forma

1958 3752 2080 3805 sine
2110 3752 2157 3808 l.
2195 3754 2251 3805 et
2300 3767 2351 3805 a.
2412 3749 2627 3804 excusis
2656 3749 2998 3817 notavimus,
3053 3750 3173 3804 solo
3231 3748 3362 3804 libri
3415 3766 3659 3807 numero

1957 3839 2017 3893 in
2046 3839 2330 3910 superiori
2380 3837 2639 3908 margine
2694 3837 3008 3891 deﬁciente.
3065 3837 3272 3907 Incipit
3326 3853 3357 3889 a
3405 3837 3659 3891 locorum

1959 3928 2339 3999 quorumdam
2370 3928 2746 3981 obscurorum
2784 3925 2845 3979 in
2890 3925 2979 3979 his
3017 3924 3324 3995 Augustini
3362 3924 3522 3980 libris
3562 3942 3659 3980 an-

1959 4016 2273 4082 notatione,
2306 4032 2437 4086 qua
2484 4014 2721 4068 alteram
2752 4013 2874 4068 folii
2925 4013 3097 4084 primi
3144 4014 3415 4083 paginam
3446 4014 3651 4084 replet,

1957 4103 2147 4157 drima
2171 4120 2347 4157 vacua
2374 4102 2587 4157 relicta.
2620 4102 2685 4154 In
2709 4101 2822 4154 line
2857 4116 2869 4153 :
2912 4102 3158 4170 Emplicit
3195 4093 3465 4167 ofessionu
3507 4102 3652 4157 beati

1958 4195 2240 4261 augustini
2292 4192 2426 4246 liber
2485 4192 2635 4246 XIII.
2694 4192 2858 4244 Anno
2905 4182 3003 4244 dni
3054 4190 3532 4255 MCCCCLXXXII,
3590 4184 3650 4245 in

144 4293 409 4343 stantur:
446 4307 474 4339 α
500 4289 599 4343 Les
626 4289 892 4343 matiéres
923 4305 1033 4359 que
1063 4288 1119 4343 S.
1166 4286 1451 4358 Augustin
1497 4286 1665 4341 traite
1708 4286 1851 4340 dans
1888 4272 1934 4327 D
1960 4283 2138 4350 presio
2170 4272 2410 4350 laure—tij.

143 4393 230 4431 ces
260 4377 409 4432 trois
439 4393 738 4448 ouvrages,
774 4380 828 4431 et
864 4375 1390 4447 particuliérement
1436 4375 1576 4429 dans
1626 4375 1680 4428 le
1710 4374 1850 4428 livre

142 4465 208 4519 de
253 4465 505 4531 l’Ordre,
564 4467 724 4520 étant
772 4465 1085 4519 abstraites.
1132 4464 1201 4519 ils
1246 4464 1461 4518 étoient
1498 4462 1851 4517 tres-difﬁci-

144 4556 220 4609 les
250 4557 286 4607 a
314 4554 574 4609 traduire
606 4556 776 4609 d'une
796 4555 1050 4609 maniére
1098 4552 1435 4623 intelligible
1474 4557 1530 4607 et
1559 4552 1844 4623 agréable.

143 4644 289 4697 C'est
306 4644 631 4714 cependant
663 4660 724 4698 ce
754 4659 866 4714 que
890 4646 965 4698 M.
996 4644 1061 4697 de
1112 4644 1366 4709 Villefort
1424 4657 1457 4695 a
1511 4640 1637 4707 fait,
1679 4644 1849 4711 ayant

144 4734 345 4786 trouvé
374 4732 430 4785 le
459 4748 683 4803 moyen,
713 4748 782 4786 en
806 4732 1409 4787 rendantexactement
1428 4729 1480 4783 le
1502 4745 1632 4783 sens
1662 4729 1732 4783 de
1744 4745 1847 4783 son

144 4824 349 4874 auteur
377 4826 437 4874 et
466 4819 800 4875 s’attachant
836 4822 871 4873 ἐι
891 4821 945 4874 la
974 4820 1176 4889 pureté
1208 4819 1306 4873 des
1337 4822 1568 4884 termes,
1600 4817 1848 4888 d’égaler

142 4909 196 4962 la
222 4909 432 4964 beauté
461 4914 518 4965 et
536 4910 592 4963 la
620 4910 821 4963 liberté
852 4909 922 4964 de
954 4908 1263 4980 l’Original.
1293 4928 1315 4956 ι
1336 4908 1622 4962 Praterea
1650 4912 1847 4963 tenen-

142 4999 278 5053 dum
311 5004 416 5065 est,
447 5004 759 5070 utrumque
786 4998 956 5070 hujus
985 4996 1262 5052 versionis
1293 5000 1516 5050 tomum
1551 4996 1723 5050 etiam
1753 5012 1844 5065 se-

139 5088 383 5158 paratim
412 5088 631 5151 haberi,
664 5088 826 5147 adeo,
859 5092 924 5142 ut
950 5088 1019 5142 de
1067 5085 1333 5141 Doctrina
1362 5084 1679 5140 Christiana
1716 5083 1845 5138 libri

142 5177 227 5244 IV,
262 5176 517 5248 itemque
546 5176 773 5247 reliqua
800 5175 1077 5246 peculiari
1101 5172 1391 5229 volumine
1422 5176 1699 5228 constent.
1760 5172 1840 5225 Cf.

147 5266 256 5320 Cat.
290 5267 431 5321 Bibl.
461 5268 591 5332 Reg.
653 5266 831 5320 Paris.
892 5265 953 5317 T.
1011 5264 1056 5333 l,
1102 5280 1161 5334 p.
1225 5265 1328 5317 379
1378 5277 1489 5332 sq.,
1536 5277 1593 5314 n.
1654 5260 1761 5314 724
1790 5263 1846 5313 et

144 5358 257 5411 7‘27.
301 5356 500 5411 Nescio
530 5371 686 5421 vero,
717 5353 856 5426 quid
906 5353 998 5419 sit,
1044 5368 1146 5407 cur
1196 5350 1418 5405 ibidem
1482 5348 1666 5404 versio
1722 5348 1845 5403 hac

154 5458 355 5500 nomen
400 5446 666 5514 Philippi
721 5442 970 5500 Goibaud
1021 5442 1097 5497 du
1150 5443 1274 5496 Bois
1325 5440 1489 5494 ferat.
1550 5440 1753 5493 Fuerat
1797 5437 1846 5491 is

155 5534 449 5589 Academia
484 5532 818 5588 Parisiensis
846 5530 1031 5586 socius
1077 5544 1232 5585 anno
1289 5531 1425 5583 1694
1475 5526 1592 5583 vita
1618 5526 1846 5583 functus

2026 4371 2211 4426 Editio
2268 4372 2486 4437 Veneta,
2541 4386 2591 4424 a.
2650 4369 2807 4436 1484,
2866 4369 3032 4438 ἰηο4ο,
3085 4383 3261 4439 quam
3316 4368 3645 4425 Colonienses

1954 4459 2212 4527 laudant,
2237 4475 2356 4514 non
2381 4463 2467 4514 est
2498 4457 2664 4512 unius
2692 4458 2864 4529 hujus
2892 4457 3048 4527 libri,
3081 4456 3181 4511 sed
3237 4458 3647 4528 opusculorum

1952 4548 2230 4619 plurium,
2258 4565 2432 4620 quam
2462 4564 2563 4601 suo
2587 4548 2709 4601 loco
2739 4546 2911 4601 latius
2942 4545 3374 4617 descripsimus.

2023 4637 2149 4693 Sine
2173 4653 2314 4691 anno
2343 4642 2392 4691 et
2429 4638 2558 4703 loco,
2588 4636 2776 4701 in-fol.
2808 4638 2949 4690 min.
2988 4636 3047 4690 Β.
3105 4635 3409 4706 Augustini
3462 4636 3639 4707 episc.
3670 4634 3673 4635 ⁷

1952 4725 2086 4780 libri
2115 4723 2569 4779 Confessionum.
2603 4724 2885 4777 Volumen
2916 4728 3000 4778 est
3029 4724 3295 4778 foliorum
3346 4724 3649 4796 impresso-

1951 4829 2082 4868 rum
2141 4816 2257 4879 152,
2322 4811 2531 4883 quibus
2568 4810 2627 4864 in
2678 4810 2805 4865 aliis
2858 4812 3303 4882 exemplaribus,
3352 4817 3418 4867 ut
3466 4813 3529 4866 in
3558 4830 3646 4879 eo,

1952 4902 2109 4974 quod
2136 4902 2213 4957 cl.
2262 4903 2449 4956 Braun
2479 4915 2656 4954 manu
2684 4899 2946 4966 versavit,
2978 4900 3247 4970 pracedit
3301 4916 3484 4954 unum
3531 4916 3649 4956 non

1950 4992 2315 5061 impressum,
2348 4989 2410 5044 in
2464 4993 2662 5043 nostro
2710 4988 3091 5060 deperditum.
3145 4988 3352 5059 Incipit
3393 5004 3427 5041 a
3470 4990 3648 5059 parti-

1949 5080 2077 5134 cula
2113 5081 2202 5134 Ea:
2246 5078 2383 5132 libro
2434 5079 2899 5134 Retractationum
2952 5078 3129 5130 sancti
3194 5078 3477 5142 augustini
3539 5079 3651 5145 epi-

1949 5170 2117 5239 scopi.
2152 5168 2419 5222 Formula
2466 5166 2655 5221 ﬁnalis
2710 5165 3086 5233 desideratur,
3145 5164 3439 5219 miniatori
3482 5166 3649 5220 ascri-

1951 5258 2140 5313 benda
2169 5257 2381 5323 relicta,
2412 5256 2471 5311 id
2519 5256 2674 5327 quod
2727 5254 2786 5309 in
2833 5258 3029 5309 nostro
3061 5254 3375 5324 exemplari
3431 5258 3551 5308 tam
3585 5253 3648 5307 in

1934 5349 2066 5403 ‘tine
2094 5347 2293 5414 totius,
2325 5362 2498 5417 quam
2531 5344 2888 5415 singulorum
2928 5343 3227 5410 librorum,
3274 5343 3488 5398 factum
3541 5345 3645 5408 est,

1954 5437 2067 5491 Nec
2095 5436 2261 5491 initia
2290 5435 2573 5490 librorum
2593 5432 2819 5504 magnis
2843 5431 3041 5503 spatiis
3071 5448 3104 5486 a
3150 5431 3266 5488 ﬁne
3320 5431 3646 5504 praeceden-

1956 5524 2119 5591 tium,
2153 5525 2253 5581 sed
2282 5539 2399 5579 una
2426 5527 2651 5580 tantum
2678 5522 2851 5589 linea,
2879 5522 3071 5578 Sancti
3097 5524 3403 5591 Augustini
3421 5523 3643 5577 liber....
