4044 6190
182 274 281 323 I37

1263 272 1540 330 NOTITIA
1578 275 1996 332 LITTERARIA
2031 278 2097 332 IN
2137 279 2193 333 S.
2234 258 2699 334 AUGUSTINUM.

3595 282 3694 335 I38

170 393 307 447 aliis
331 392 520 446 multis
549 406 679 447 mss.
720 392 991 449 codicibus
1018 395 1078 449 in
1107 394 1203 449 hoc
1230 395 1581 454 Ptaniiniano
1621 404 1872 468 typogra-
1906 401 1953 455 A
1980 403 2069 454 ria
2095 417 2319 457 summa
2348 419 2485 457 cura
2513 402 2790 469 confecta,
2824 407 2889 456 ut
2915 407 2971 457 et
2996 401 3066 456 ab
3087 402 3252 457 initio
3292 405 3693 472 Augustiniani

162 481 334 549 pheio
370 487 703 535 asservatur.
740 483 899 536 Hunc
931 482 1183 538 codicem
1226 483 1621 540 fidelissimum
1671 503 1877 557 exper-

171 575 285 634 tus,
341 586 409 622 ex
454 570 580 639 ejus
627 571 968 625 auctoritate
1015 573 1338 627 emendavit
1367 577 1658 646 exemplar
1685 576 1882 632 aSom-

170 658 343 711 mulio
395 659 764 724 recensitum,
822 660 997 731 idque
1054 662 1281 731 gaudet,
1350 664 1504 734 quod
1549 664 1651 718 viri
1705 665 1877 733 docti,

172 745 389 815 quibus
441 747 819 802 correctiones
872 765 1001 803 suas
1030 750 1364 821 ostenderit,
1420 768 1536 806 non
1584 752 1876 824 improba-

171 846 377 891 vennt.
413 856 435 882 ο

244 926 407 977 1652.
451 925 642 991 Duaci,
687 926 855 979 in-l2.
908 924 1089 981 Iidem
1133 926 1265 982 libri
1315 944 1385 983 ex
1439 930 1527 985 ed.
1561 930 1874 985 Sommalii.

170 1012 287 1066 Cat.
321 1011 469 1066 Bibl.
508 1013 796 1067 Thuanea.

240 1102 404 1155 1661.
438 1101 667 1157 Colonia
694 1104 853 1156 iii-I2
882 1102 1060 1157 Iidem
1106 1103 1257 1159 libri.
1306 1106 1627 1161 Hendreich.

240 1191 407 1243 1665.
468 1189 743 1257 Lugduni,
778 1193 956 1246 ἐτι-24.
1008 1192 1188 1247 Iidem
1214 1192 1367 1249 libri.
1401 1196 1518 1251 Cat.
1562 1196 1702 1252 Bibl.
1754 1199 1873 1254 Nic.

166 1279 371 1332 Rossii.

236 1370 403 1421 16⁸75.
439 1367 616 1433 Lugd.
647 1370 796 1435 Bat.,
832 1385 922 1438 ap.
964 1371 1183 1445 Blzevir
1235 1374 1418 1426 in-IQ.
1468 1371 1523 1427 S.
1572 1373 1875 1443 Augustini

161 1454 609 1510 Confessionum
639 1456 791 1511 libri.
830 1458 1051 1512 Profert
1080 1459 1282 1513 Debure
1318 1462 1374 1513 in
1419 1460 1680 1529 Bibliogr.
1713 1464 1873 1517 instr.

160 1544 221 1596 Τ.
258 1543 300 1609 l,
342 1559 399 1613 p.
435 1546 558 1597 249.
591 1544 749 1598 Adde
779 1546 897 1601 Cat.
930 1549 1091 1600 Ducis
1120 1546 1185 1601 de
1206 1548 1260 1601 la
1304 1549 1534 1604 Valiére.

235 1635 399 1686 1679.
462 1634 755 1698 Brumeliis,
816 1636 986 1689 iii—8°.
1040 1634 1220 1690 Iidem
1276 1636 1409 1690 libri
1463 1652 1567 1707 per
1608 1638 1873 1694 eumdem

159 1720 549 1775 Sommalium
580 1721 846 1775 recensiti

236 1812 397 1863 1685.
442 1811 707 1878 Augustae
743 1811 1253 1867 Vindelicorum.....
1295 1813 1350 1867 S.
1387 1814 1694 1886 Augustini
1724 1816 1871 1870 Con-

162 1897 491 1952 fessionum
546 1898 693 1952 liber
748 1905 976 1953 octavus
1030 1917 1099 1954 ex
1157 1901 1454 1956 Sommalii
1515 1904 1868 1959 recensione.

163 1989 313 2042 Exst.
344 1988 405 2041 in
436 1988 535 2058 pio
562 1989 799 2044 litterati
836 1990 1085 2045 hominis
1116 2007 1339 2046 secessu
1371 1994 1604 2063 Theoph.
1640 1995 1872 2064 Spizelii

158 2093 193 2130 a
220 2093 361 2147 pag.
392 2079 485 2131 42.

238 2166 403 2220 1687.
463 2167 715 2234 Parisiis,
767 2183 857 2236 ap.
907 2170 988 2222 Jo.
1044 2170 1203 2238 Bapt.
1256 2170 1529 2239 Coignard
1573 2174 1751 2225 ἑνὶ-12.
1811 2172 1865 2227 8.

159 2258 300 2309 Aur.
343 2253 653 2325 Augustini
687 2255 818 2310 libri
864 2257 991 2310 XIII
1038 2257 1470 2312 Confessionum
1519 2259 1869 2314 emendatis-

162 2342 295 2397 simi
328 2349 388 2397 et
424 2342 578 2397 notis
605 2342 895 2412 illustrati,
935 2360 1066 2398 cum
1119 2344 1279 2399 novis
1313 2345 1371 2400 in
1412 2347 1635 2417 singula
1683 2346 1870 2418 capita

162 2432 546 2503 argumentis.

236 2523 399 2574 1699.
433 2521 773 2590 Antuerpiz,
842 2523 925 2576 vel
959 2522 1198 2578 Coloniae
1242 2525 1377 2592 Agr.
1411 2524 1561 2594 apud
1609 2526 1765 2582 Corn.
1800 2525 1867 2578 ab

164 2608 437 2677 Egmond,
472 2609 652 2665 in-24.
692 2609 869 2665 Iidem
901 2610 1054 2666 libri.
1087 2612 1172 2665 Ita
1220 2612 1390 2682 plane
1442 2612 1743 2683 proferunt
1770 2614 1869 2668 ϐο-

160 2697 474 2753 lonienses.

228 2787 367 2841 Sac.
420 2787 607 2841 XVIII.
668 2817 739 2828 —
796 2789 948 2843 1740.
1006 2790 1343 2859 Antuerpiae,
1396 2790 1549 2861 apud
1576 2790 1864 2847 Gotthard.

160 2876 315 2929 Joan.
351 2877 691 2943 Puttnerum,
747 2878 915 2930 in-8°.
947 2877 1012 2930 D.
1042 2879 1106 2931 A.
1156 2878 1302 2947 Aug.
1338 2875 1587 2931 Confess.
1645 2878 1687 2931 Ι.
1721 2878 1863 2942 XIII,

1987 490 2246 558 Annales,
2277 492 2389 545 sive
2418 490 2820 559 Compendiosa
2853 491 2922 545 D.
2953 490 3254 559 Augustini
3276 493 3405 548 Vita
3430 508 3547 547 cum
3576 495 3690 547 suis

1986 594 2251 633 annorum
2280 581 2439 633 notis.
2479 578 2633 633 Idem
2670 582 3062 650 typographus
3089 580 3375 651 pollicitus
3428 588 3568 648 erat,
3609 598 3689 647 se,

1986 667 2033 720 si
2060 666 2296 721 lectores
2323 668 2457 721 huic
2509 669 2631 738 ejus
2678 676 2937 740 suscepto
2971 674 3026 723 et
3074 669 3377 740 specimini
3412 670 3692 737 faverent,

1986 754 2057 809 ad
2085 755 2198 809 alia
2233 756 2467 809 Patrum
2498 756 2825 810 Latinorum
2870 757 3082 826 scripta
3120 757 3347 813 minora
3396 758 3570 813 simili
3601 760 3690 813 ni-

1984 849 2107 897 tore
2137 860 2202 897 ac
2248 842 2618 913 castigatione
2648 843 2799 897 foras
2830 845 3017 899 danda
3061 851 3455 917 perrecturum
3486 865 3499 902 :
3539 847 3690 918 quod

1984 929 2106 999 ejus
2135 929 2485 1000 promissum
2516 945 2837 984 successum
2869 931 3156 998 habuerit,
3204 949 3405 1000 necne,
3461 934 3684 1004 ignoro.

1983 1017 2255 1071 Codicum
2286 1034 2439 1084 vero,
2472 1018 2572 1088 qui
2602 1018 2710 1073 hoc
2738 1019 2861 1074 loco
2892 1035 3061 1075 usum
3090 1021 3503 1091 praestiterunt,
3536 1024 3690 1077 elen-

1986 1104 2156 1159 chum
2187 1106 2335 1160 infra
2364 1104 2646 1160 dabimus.

2690 1220 2987 1274 Versiones.

2057 1338 2285 1392 Exstant
2350 1339 2574 1407 Italicae,
2640 1340 2970 1409 Hispanicae,
3031 1343 3377 1413 Lusitaniae,
3438 1348 3682 1415 Gallicae,

1986 1427 2243 1495 Anglice,
2297 1430 2648 1482 Germanice.
2696 1430 2807 1483 Nec
2846 1446 2980 1485 vero
3036 1431 3341 1487 mirabitur
3397 1436 3683 1507 quispiam

1982 1513 2090 1567 viri
2109 1520 2225 1568 tam
2257 1514 2483 1581 eximie,
2508 1531 2578 1569 ne
2607 1516 2790 1570 dicam
2812 1521 2970 1572 tanta
2992 1520 3324 1575 adoratione
3348 1523 3488 1577 culti
3510 1524 3683 1579 vitam

1983 1603 2054 1657 ab
2086 1603 2209 1673 ipso
2232 1608 2346 1657 tam
2394 1603 2609 1674 insigni
2640 1609 2760 1659 arte
2804 1605 3154 1678 ingenioque
3213 1616 3519 1679 superante
3549 1629 3685 1683 per-

1914 1689 1955 1744 B
1984 1690 2253 1760 scriptam
2301 1708 2334 1744 a
2384 1692 2577 1745 multis
2635 1709 2766 1746 cum
2823 1695 3113 1764 voluptate
3158 1712 3280 1751 esse
3348 1698 3682 1755 lectitatam.

1980 1778 2162 1832 Immo
2193 1779 2431 1833 summis
2480 1780 2647 1835 etiam
2706 1798 2810 1852 per
2855 1782 3116 1853 proxima
3165 1784 3372 1840 abhinc
3422 1792 3685 1858 tempora

1980 1864 2115 1918 viris
2145 1867 2284 1921 adeo
2316 1867 2529 1937 placuit
2555 1869 2735 1923 sancti
2760 1870 3005 1924 doctoris
3038 1871 3386 1941 institutum,
3430 1879 3493 1929 ut
3542 1875 3679 1929 imi-

1979 1954 2091 2009 tari
2114 1971 2227 2010 non
2253 1954 2556 2027 indignum
2580 1957 2867 2023 ducerent,
2900 1957 2961 2012 id
2983 1959 3139 2029 quod
3168 1962 3493 2029 Petrarcha,
3530 1964 3681 2018 Hue-

1980 2042 2112 2110 tius,
2143 2048 2200 2099 et
2224 2043 2576 2114 nuperrime,
2607 2044 2707 2116 qui
2726 2062 2939 2100 nomen
2977 2046 3150 2101 etiam
3201 2049 3474 2117 traduxit,
3535 2052 3683 2106 Rus-

1979 2133 2185 2203 savius,
2211 2132 2453 2205 quisque
2472 2150 2577 2204 pro
2600 2134 2832 2205 ingenio
2860 2151 2986 2202 suo,
3010 2136 3184 2190 modo
3216 2139 3489 2207 pressius,
3515 2140 3684 2195 modo

1978 2240 2047 2278 ex
2077 2224 2392 2296 longinquo
2418 2225 2799 2296 Augustinum
2831 2227 3025 2293 secuti,
3089 2227 3418 2298 effecerunt,
3470 2229 3679 2301 Singu-

1978 2312 2061 2366 las
2092 2329 2228 2384 ergo
2262 2312 2460 2368 ordine
2490 2313 2738 2369 indicato
2781 2315 3267 2371 enumerabimus.

2049 2403 2270 2457 Italicae.
2304 2431 2375 2444 —
2406 2404 2561 2457 1564,
2602 2405 2667 2458 1η
2699 2405 2941 2470 Venetia,
2992 2420 3180 2474 presso
3225 2405 3528 2475 Bolognino
3560 2408 3683 2462 Zal-

1980 2491 2119 2557 tieri,
2153 2492 2314 2545 ἑνί-4ο.
2350 2509 2379 2542 α
2411 2492 2485 2546 Le
2508 2491 2696 2546 divote
2727 2492 3085 2547 Confessioni
3121 2493 3217 2549 del
3258 2494 3459 2550 Divino
3508 2496 3686 2551 Padre

1978 2578 2031 2633 S.
2106 2579 2375 2650 Agostino
2431 2580 2654 2635 tradote
2711 2582 2825 2652 (sic)
2895 2598 2999 2653 per
3065 2583 3415 2639 l’eccellente
3465 2584 3687 2639 medico

1977 2667 2046 2723 Μ.
2097 2669 2361 2723 νὶποθηιο
2395 2668 2625 2724 Buondi.
2676 2688 2704 2721 ιο
2738 2669 2818 2725 Cf.
2875 2671 3003 2725 Cat.
3061 2670 3213 2726 Bibl.
3266 2673 3548 2729 Crevennze
3582 2689 3681 2727 no—

1975 2771 2086 2811 vlSS
2100 2798 2112 2812 .

2054 2856 2205 2909 I595.
2275 2856 2475 2920 Roma,
2537 2855 2681 2909 uella
2746 2856 3040 2924 tipograﬁa
3102 2856 3358 2925 Medicea,
3422 2874 3681 2928 oppresso

162 2963 347 3017 studio
385 2941 704 3019 Sommalii.
754 2963 909 3018 Binis
953 2941 1518 3037 columnis'paginaa
1570 2965 1865 3037 impressae
1904 2984 1943 3040 ο
1978 2941 2231 3040 @090???
2270 2943 2460 3040 {fu'nag
2487 2943 2711 3040 in‘émf
2748 2942 3126 3040 ,{30‘1‘055‘029
3142 2944 3679 3040 _di~_S'__A_3_°5ti‘_1°

164 3056 311 3107 sunt.

234 3143 397 3196 1743.
431 3144 865 3212 Ληίτιδι-μέλη..
897 3144 1076 3209 in-fol.
1104 3143 1162 3197 S.
1191 3143 1495 3214 Augustini
1516 3145 1654 3198 Acta
1674 3142 1869 3215 priora

160 3230 276 3284 sive
308 3230 502 3300 prima
527 3230 657 3285 vitae
687 3247 819 3302 pars
847 3231 902 3286 S.
928 3231 1185 3286 Doctoris
1214 3232 1283 3286 ab
1305 3232 1549 3287 infantia
1589 3248 1766 3303 usqae
1797 3233 1866 3287 ad

162 3320 229 3372 33
261 3322 357 3372 tet.
392 3335 574 3374 annos
604 3326 869 3392 excerpta
899 3338 967 3376 ex
996 3323 1063 3377 IX
1101 3321 1387 3393 prioribus
1425 3322 1587 3377 libris
1630 3322 1867 3377 Confes-

161 3406 418 3462 sionum.
479 3409 629 3463 Exst.
678 3409 741 3464 in
786 3410 937 3466 Actis
982 3410 1074 3467 SS.
1133 3410 1439 3481 Augustini
1470 3416 1627 3466 tomo
1681 3412 1770 3478 VI,
1808 3427 1864 3482 p.

161 3497 262 3550 387
296 3512 425 3567 sqq.

236 3589 396 3639 I757.
430 3586 735 3655 Florentia,
777 3602 844 3641 ea:
887 3589 1247 3659 typographio
1294 3589 1441 3643 Petri
1480 3590 1731 3658 Cajetani
1764 3590 1867 3644 Vi-

162 3676 337 3742 viani,
368 3674 445 3727 ad
468 3677 681 3743 insigne
730 3674 883 3729 Jani.
916 3676 967 3730 S.
1004 3681 1136 3731 Aur.
1196 3674 1521 3746 Augustini,
1564 3676 1728 3747 Hipp.
1772 3692 1864 3746 ep.

163 3762 591 3817 confessionum
622 3763 754 3817 libri
785 3764 1056 3818 tredecim
1096 3764 1249 3818 vario
1308 3764 1866 3819 Commentariorum

166 3864 377 3918 genere
420 3850 710 3917 illustrati,
753 3851 820 3905 ab
874 3851 1217 3905 temulorum
1274 3850 1718 3905 obtrectatorum
1778 3851 1867 3904 vel

165 3937 335 4005 datis,
391 3939 481 3992 vel
534 3938 734 3994 dandis
798 3956 899 3994 seu
944 3938 1233 4005 conviciis,
1267 3954 1368 3992 seu
1437 3938 1709 4004 censuris,
1767 3955 1865 3994 seu

164 4026 339 4080 etiam
389 4027 846 4082 cavillationibus
875 4027 1143 4082 vindicati
1185 4032 1242 4082 et
1297 4028 1563 4097 expediti,
1610 4045 1783 4099 opera
1812 4032 1868 4083 et

164 4115 359 4169 studio
380 4118 469 4170 Fr.
516 4117 855 4185 Archangeli
904 4134 937 4171 a
992 4119 1422 4181 Przsentatione,
1487 4117 1700 4170 sacerd.
1734 4133 1865 4187 pro-

164 4199 299 4254 fessi
358 4200 681 4256 Carmelita:
726 4202 1038 4256 Excalceati
1088 4202 1283 4256 Theol.
1321 4206 1377 4255 et
1412 4200 1467 4255 S.
1516 4200 1572 4255 S.
1614 4202 1861 4256 lectoris.

238 4290 396 4341 I776.
436 4290 688 4353 Parisiis,
730 4293 877 4361 typis
934 4291 1457 4360 Philippi-Dionysii
1503 4292 1733 4359 Pierres,
1774 4293 1868 4345 via

164 4377 591 4445 Sun-Jacobaaa,
624 4382 801 4433 in-l6.
848 4379 969 4434 Divi
1014 4379 1228 4434 Aurelii
1266 4378 1592 4450 Augustini,
1646 4379 1867 4450 Hippo-

164 4465 362 4519 nensis
394 4465 664 4537 episcOpi,
699 4467 1130 4522 Confessionum
1157 4467 1287 4521 libri
1316 4467 1608 4521 tredecim.
1636 4468 1722 4522 Ad
1751 4469 1869 4522 cal-

164 4571 290 4609 cem
318 4554 526 4608 additae
545 4560 677 4609 sunt
714 4556 886 4609 variae
942 4556 1232 4610 lectiones.
1270 4556 1454 4610 Editio
1505 4556 1866 4624 nitidissima,

167 4643 593 4698 accuratissima
651 4649 823 4717 atque
884 4644 1369 4712 emendatissima,
1444 4644 1504 4699 in
1557 4661 1669 4714 qua
1725 4645 1871 4699 nihil

171 4731 469 4799 omissum,
508 4732 660 4803 quod
691 4733 759 4787 ad
790 4738 982 4804 partes
1034 4733 1472 4805 typographicas
1517 4737 1573 4786 et
1603 4733 1869 4787 emenda-

170 4819 386 4875 tionem
418 4822 689 4891 pertinet.
725 4822 947 4893 Quippe
972 4838 1089 4876 non
1119 4822 1303 4876 solum
1331 4822 1399 4876 ad
1440 4821 1715 4892 impressa
1744 4837 1871 4877 me-

169 4906 328 4961 lioris
349 4914 504 4963 notae
530 4914 721 4962 exacta
749 4908 874 4974 fuit,
908 4909 1004 4963 sed
1026 4909 1231 4963 collata
1256 4912 1340 4963 est
1383 4909 1556 4963 etiam
1611 4927 1740 4965 cum
1773 4927 1870 4965 co-

170 4994 392 5050 dicibus
423 4996 824 5068 manuscriptis
853 4995 1348 5059 bibliothecarum,
1380 4997 1573 5068 Regius
1614 5014 1689 5058 ac,
1730 4998 1871 5053 San-

169 5084 569 5154 Genovel‘anse,
598 5101 844 5156 quorum
870 5085 1131 5140 omnium
1159 5088 1439 5141 variantes
1463 5087 1873 5157 copiosissima}

170 5173 472 5245 diligentia
523 5173 900 5245 insuperabili
950 5174 1060 5229 viri
1114 5175 1410 5247 cujusdam
1481 5175 1629 5231 docti
1670 5176 1733 5230 L.
1789 5174 1868 5229 St.

170 5262 399 5331 Bandet,
450 5262 614 5334 cujus
671 5263 906 5319 eximias
949 5262 1012 5318 in
1084 5264 1193 5318 hoc
1251 5280 1459 5335 genere
1528 5263 1764 5317 virtutes
1813 5262 1875 5315 in

170 5352 509 5422 praefamine
565 5351 757 5406 debita
820 5352 988 5407 laude
1042 5354 1413 5424 prosequitur
1461 5352 1873 5425 typographus,

175 5447 453 5513 excerpta
483 5440 556 5495 ad
584 5441 795 5495 calcem
834 5444 1072 5497 exstant.
1124 5441 1491 5513 Interspersaa
1539 5439 1712 5494 etiam
1742 5443 1878 5495 sunt

176 5531 387 5585 notnlaa
412 5527 678 5601 quaedam
717 5545 730 5583 :
762 5528 956 5584 addita
983 5528 1248 5584 librorum
1272 5534 1323 5584 et
1356 5531 1595 5601 capitum
1631 5544 1876 5584 summa-

445 5634 727 5699 ΡΑΤιιοι..
780 5635 1018 5702 XLVII.

1976 3029 2211 3085 tradotti
2260 3029 2318 3084 di
2346 3029 2541 3083 Latino
2569 3029 2631 3084 in
2660 3030 2899 3085 Italiano
2929 3047 3033 3101 per
3061 3030 3104 3086 il
3138 3033 3192 3088 S.
3225 3034 3409 3088 Giulio
3440 3036 3686 3089 Mazzini

1975 3117 2166 3172 nobile
2188 3117 2514 3173 Bresciano.
2546 3118 2624 3173 Ed
2661 3135 2768 3173 con
2788 3119 2989 3174 alcune
3019 3121 3387 3177 annotazioni
3418 3122 3511 3177 dal
3550 3139 3677 3179 me-

1974 3207 2191 3261 desimo
2234 3206 2500 3261 illustrati
2538 3207 2656 3262 cosi
2705 3208 2855 3263 nelle
2904 3209 3174 3280 margini,
3222 3226 3384 3265 come
3415 3211 3507 3266 nel
3563 3212 3679 3267 ﬁne

1977 3296 2063 3351 de’
2104 3295 2358 3367 capitoli,
2412 3301 2518 3351 etc.
2563 3315 2592 3349 ››
2626 3297 2744 3353 Cat.
2775 3297 2917 3352 Bibl.
2971 3298 3229 3354 Casanat.
3289 3303 3347 3354 et
3390 3300 3682 3356 Crevennae

1972 3400 2154 3440 ηουιεε
2162 3429 2173 3439 .

2049 3483 2204 3536 1620.
2254 3483 2476 3549 Milano,
2509 3497 2609 3552 per
2659 3482 2757 3539 Gio
2805 3485 2952 3538 Bait.
2982 3484 3183 3539 Bidelli
3220 3486 3378 3540 in-4°.
3412 3502 3442 3536 α
3470 3486 3505 3556 |I
3559 3489 3679 3541 tre-

1976 3567 2088 3623 dici
2115 3566 2266 3633 libri,
2315 3573 2445 3635 etc.,
2497 3588 2524 3621 ι)
2577 3569 2835 3639 ejusdem
2881 3570 3177 3626 versionis.
3214 3571 3296 3626 Cf.
3350 3572 3489 3627 Bibl.
3537 3572 3682 3639 degli

1978 3661 2112 3711 Aut.
2138 3658 2280 3724 volg.
2316 3658 2525 3727 sepius
2551 3674 2583 3711 a
2602 3658 2769 3713 nobis
2796 3659 3043 3713 laudata.

2051 3758 2201 3811 I760.
2233 3757 2298 3809 In
2324 3757 2574 3823 Venezia,
2607 3770 2864 3825 appresso
2910 3756 3230 3812 Μανιιείιίηο
3280 3759 3475 3824 Piotto,
3507 3758 3675 3811 ἰη-4ο.

1980 3865 2000 3891 σι
2032 3844 2187 3898 Delle
2227 3842 2582 3899 Confessioni
2628 3843 2686 3898 di
2733 3844 2888 3899 Sant’
2933 3848 3068 3899 Aur.
3114 3846 3386 3916 Agostino
3432 3846 3588 3900 Vesc.
3620 3844 3679 3900 di

1977 3932 2147 3998 Bona,
2180 3931 2311 3986 libri
2334 3931 2549 3987 tredeci
2580 3932 2653 3986 da
2681 3932 2898 4003 copiosi
2929 3934 3309 4004 Commentarj
3347 3933 3617 3987 illustrati
3646 3949 3677 3987 e

1973 4020 2119 4074 dalle
2148 4036 2383 4074 censure
2411 4020 2564 4090 dein
2606 4021 2854 4074 aversari
2896 4020 3061 4075 difesi
3091 4037 3104 4073 :
3136 4037 3166 4074 e
3191 4018 3558 4089 volgarizzati
3587 4019 3679 4074 del

1974 4109 2035 4164 P.
2067 4110 2466 4178 Giangiuseppe
2491 4108 2566 4161 da
2596 4109 2651 4164 S.
2679 4109 2863 4175 Anna,
2901 4107 3280 4163 Carmelitano
3316 4107 3497 4161 scalzo
3529 4107 3679 4162 della

1973 4196 2265 4268 provincia
2293 4196 2351 4250 di
2380 4196 2641 4251 Venezia.
2681 4217 2703 4245 ι
2738 4197 3024 4249 Immensa
3072 4198 3339 4249 notarum
3398 4210 3467 4249 ex
3519 4196 3678 4249 omni

1904 4272 2505 4339 DCommentatorum
2541 4283 2756 4354 populo
2810 4282 3099 4337 colluvies.
3154 4281 3444 4353 Imprimis
3507 4281 3678 4337 Colo-

1977 4372 2239 4428 niensem
2324 4372 2703 4444 interpretem
2756 4372 2929 4427 Henr.
3012 4371 3361 4442 Wagnereck
3425 4370 3678 4426 studiose

1979 4461 2272 4532 excerpsit.
3004 4526 3005 4529 η

2048 4552 2338 4622 Philippus
2392 4552 2742 4621 Alegambius
2808 4567 2873 4605 ex
2914 4551 2969 4606 S.
3019 4552 3064 4604 Ι.
3119 4549 3181 4605 in
3221 4551 3360 4606 Bibl.
3411 4550 3508 4606 SS.
3575 4549 3675 4605 Soc

1976 4642 2115 4696 Jesu
2163 4640 2471 4695 novissime
2518 4641 2718 4695 Romae
2769 4642 2924 4704 1676,
2970 4656 3004 4692 a
3044 4639 3383 4697 Nathanaele
3425 4638 3671 4703 Solvello,

1979 4730 2130 4785 edita
2155 4747 2210 4801 p.
2259 4731 2384 4794 830,
2412 4728 2473 4782 in
2516 4743 2753 4785 recensu
2812 4727 3094 4781 librorum
3150 4728 3335 4782 tacitis
3381 4730 3680 4780 auctorum

1978 4816 2310 4873 nominibus
2336 4832 2369 4869 a
2392 4815 2879 4871 commilitonibus
2906 4815 2960 4870 8.
3012 4816 3052 4869 Ι.
3103 4816 3270 4869 editis
3325 4818 3483 4868 notat
3506 4814 3678 4867 etiam

1981 4907 2345 4972 Confessiones
2375 4907 2669 4973 Augustini
2697 4905 2883 4958 Italice
2913 4901 3178 4969 redditas,
3222 4888 3680 4956 auctore°Jacobo

1980 4996 2255 5063 Fatigato,
2330 4991 2504 5065 idque
2572 4992 3053 5061 transcripserunt
3133 4989 3542 5046 Hendreichius
3618 4989 3679 5044 in

1984 5084 2294 5140 Pandectas
2348 5082 2627 5149 Brandeb,
2660 5086 2717 5136 et
2745 5080 3108 5136 Colonienses
3136 5080 3196 5133 in
3243 5080 3312 5134 M.
3368 5077 3679 5132 Bibliothe-

1983 5187 2106 5226 cam
2151 5170 2628 5237 Ecclesiasticam;
2668 5169 2766 5225 sed
2817 5174 3020 5224 neuter
3072 5169 3231 5222 illam
3279 5166 3444 5236 vidit,
3494 5181 3681 5239 neque

1985 5276 2091 5331 ego
2137 5260 2369 5331 quidem
2426 5258 2705 5329 ejusmodi
2743 5259 3085 5324 versionem,
3129 5272 3260 5328 qua:
3297 5255 3448 5310 intra
3502 5272 3682 5311 annos

1990 5351 2292 5405 1624-1653
2365 5347 2596 5419 prodire
2669 5347 2974 5413 debuisset,
3036 5346 3263 5418 uspiam
3303 5347 3682 5401 memoratam

1987 5436 2198 5493 inveni.

2056 5528 2419 5596 Hispanicum
2451 5528 2747 5581 versionem
2796 5525 3203 5591 Confessionum
3247 5523 3680 5586 Meditationum,
