3926 6192
166 363 227 414 Ml

1109 350 1377 407 ΝΟΤῙΤΙΑ
1418 350 1837 407 LITTEBARIA
1877 350 1945 404 ΙΝ
1988 350 2042 402 S.
2085 348 2545 405 AUGUSTINUM.

3474 352 3571 405 142

158 476 432 548 perirentur,
483 485 553 523 ex
610 468 811 524 iisdem
878 468 1191 539 singularia
1245 469 1508 541 quaedam
1558 468 1787 525 haurire
1825 491 1869 545 Α
1897 468 2167 523 LXXXIX.
2221 468 2492 539 Sequitur
2541 468 2799 540 proxime
2855 469 3043 526 tabula
3088 470 3148 525 in
3192 471 3369 527 libros
3398 488 3583 544 prece

161 564 287 620 licuit.
317 558 590 615 Tribuitnr
634 574 759 612 saec.
810 574 921 612 xiv.
957 588 1026 598 —-
1058 558 1202 625 XIII,
1238 574 1400 613 num.
1438 560 1593 613 1948.
1624 557 1779 613 Libri

156 651 361 708 tredecim
402 648 459 702 in
499 648 615 701 ﬁne
663 647 871 712 mutili,
908 647 968 701 in
998 663 1122 717 cap.
1159 650 1224 702 36
1256 647 1387 701 libri
1419 647 1622 701 ultimi.
1654 647 1776 701 Tri-

154 741 299 797 buitur
333 754 446 791 saec.
498 752 608 789 xw.
652 765 721 775 —
760 736 898 802 XIII,
953 751 1115 790 num.
1163 738 1324 792 2375.
1366 735 1518 791 Libri
1545 736 1664 790 XIII
1695 736 1778 789 in-

151 829 270 899 tegri.
312 825 586 879 Tribuitur
631 840 756 879 saec.
815 840 925 879 xiv.
958 853 1031 866 —
1070 825 1198 878 XIV.
1251 840 1409 878 num.
1441 826 1599 878 2694.
1626 822 1779 877 Libri

150 919 250 982 Xlll,
292 914 377 968 sed
406 914 473 967 ab
512 912 679 967 initio
710 919 767 968 et
791 913 851 967 in
884 914 996 968 ﬁne
1029 913 1295 967 truncati.
1327 912 1619 968 Tribuitur
1647 927 1775 967 sine.

148 1004 344 1061 xm.XV.
374 1019 527 1056 num.
562 1005 723 1070 5296,
759 1003 1120 1058 Colberlinus.
1177 1002 1583 1072 Fragmentum
1610 1002 1777 1055 libri:

147 1095 197 1147 ab
219 1092 356 1146 initio
382 1106 561 1161 usque
591 1091 661 1145 ad
692 1107 813 1161 cap.
853 1094 938 1157 II,
972 1107 1029 1145 n.
1069 1094 1117 1145 I.
1144 1090 1380 1145 Videtur
1408 1089 1779 1145 tribuendum

144 1198 236 1236 5830.
264 1197 328 1235 IX.

194 1271 341 1326 Codex
394 1271 805 1335 Genofevanus:
856 1297 929 1309 —
972 1270 1106 1334 XVI,
1168 1285 1328 1324 num.
1369 1269 1455 1323 34.
1490 1268 1643 1322 Libri
1671 1272 1779 1322 tre-

144 1358 303 1426 decim,
346 1357 436 1411 sed
484 1357 703 1411 lacunis
746 1357 1089 1427 quibusdam
1112 1357 1256 1412 libro
1289 1373 1339 1423 x,
1373 1373 1447 1423 xx,
1476 1374 1573 1425 xu,
1604 1372 1692 1422 xv,
1724 1361 1780 1410 et

140 1447 319 1513 ultimo,
366 1445 566 1500 aﬁ‘ecti.
633 1445 993 1500 Tribuendus
1053 1462 1179 1499 saec.
1228 1462 1339 1500 xw.
1399 1445 1579 1499 Etiam
1626 1446 1779 1500 hunc

140 1540 282 1589 totum
302 1533 497 1605 legisse
510 1534 759 1587 afﬁrmat
778 1534 1002 1590 Rondet.

188 1625 239 1678 S.
262 1624 557 1689 Augustini
589 1621 1020 1676 Confessionum
1053 1622 1293 1677 Flosculi
1324 1621 1556 1677 resectis
1583 1637 1778 1676 rerum

138 1711 404 1766 difﬁcilium
429 1709 615 1781 spinis
657 1716 715 1764 et
757 1709 816 1762 in
869 1726 964 1763 sex
1012 1712 1230 1764 areolas
1275 1710 1584 1765 distributi.
1631 1710 1777 1780 Lug-

136 1799 405 1866 duniI6I8,
435 1798 619 1865 1η-24,
658 1802 714 1851 et
761 1798 1012 1852 Coloniae
1062 1802 1212 1865 I620,
1265 1801 1445 1855 111-12.
1479 1800 1775 1857 Coloniens.
1820 1783 1860 1837 Β

137 1892 179 1943 et
202 1887 522 1942 Heindreich.

387 1978 514 2031 XV.
551 2006 619 2015 —
652 1976 762 2045 (38)
793 1976 877 2029 De
909 1978 1121 2031 Natura
1152 1977 1276 2030 boni
1306 1978 1461 2033 liber.

185 2066 357 2121 Gallice
402 2081 606 2119 versus
676 2065 834 2135 juxta
913 2065 1407 2120 Benedictinorum
1469 2064 1778 2120 editionem

132 2152 329 2207 insertus
357 2158 439 2208 est
466 2153 535 2207 in
562 2153 731 2229 libro,
763 2152 855 2207 cui
892 2154 1129 2207 titulus:
1155 2154 1235 2208 La
1280 2155 1601 2207 Distinction
1648 2157 1699 2207 et
1727 2154 1782 2207 la

130 2247 285 2295 nature
318 2243 388 2296 du
441 2243 569 2296 bien
628 2246 679 2295 et
719 2242 794 2295 du
849 2244 979 2309 mal,
1011 2246 1115 2296 etc.
1176 2242 1351 2309 Paris,
1412 2243 1565 2305 1704,
1604 2241 1778 2296 iri-l2.

134 2328 236 2385 Vide
262 2333 620 2397 Colonienses,
656 2330 755 2401 qui
793 2331 863 2385 de
893 2331 1093 2385 eodem
1144 2330 1289 2384 libro
1318 2330 1553 2384 lectores
1593 2330 1663 2383 ad
1694 2345 1781 2383 se-

132 2424 353 2488 quentem
407 2419 777 2475 bibliothecae
830 2436 971 2485 suae,
1019 2420 1118 2490 qui
1174 2434 1493 2490 numquam
1546 2418 1780 2489 prodiit,

132 2511 307 2560 tomum
328 2508 657 2561 remittunt.

131 2597 238 2650 XVI.
266 2626 327 2636 -—
388 2597 508 2667 (41)
578 2597 938 2662 Quaestionum
1009 2595 1471 2663 Evangelicarum
1539 2596 1779 2657 XCVIII,

792 2685 921 2739 libri
958 2685 1083 2739 duo.

180 2773 353 2828 Insunt
407 2774 466 2828 in
535 2789 705 2844 opere
752 2774 1114 2839 Questionum
1168 2777 1232 2828 D.
1286 2775 1594 2843 Augustini
1632 2773 1783 2827 edito

129 2862 337 2929 Lugduni
380 2880 431 2918 a.
490 2865 656 2930 1497,
706 2863 774 2917 de
820 2879 933 2934 quo
958 2878 1149 2932 supra.
1184 2865 1231 2917 Α
1260 2863 1673 2918 Coloniensibus
1702 2861 1783 2915 af-

128 2950 266 3005 fertur
293 2954 392 3007 hoc
436 2955 571 3008 loco
629 2955 971 3019 Augustinus
1015 2955 1074 3006 in
1116 2954 1320 3008 Novum
1371 2955 1781 3018 Testamentum,

130 3040 248 3093 Paris
277 3045 425 3105 I6I9,
452 3058 570 3096 nec
600 3058 714 3096 non
741 3041 950 3096 Gallica
980 3041 1238 3111 ejusdem
1264 3040 1443 3095 versio
1480 3040 1539 3095 in
1586 3041 1788 3110 Empli-
1825 3078 1863 3133 ε

127 3130 265 3182 cotton
309 3128 372 3182 de
417 3129 505 3185 St.
557 3130 835 3196 Augustin
863 3133 914 3183 et
970 3128 1062 3182 des
1091 3133 1272 3182 autres
1302 3130 1456 3182 Péres
1477 3130 1665 3183 Latins
1692 3143 1790 3183 sur

128 3215 160 3266 le
182 3217 411 3272 Nouveau
444 3221 778 3272 Testament.
815 3216 972 3270 Paris
1006 3219 1162 3283 I675,
1195 3216 1345 3270 in—8o
1364 3233 1470 3271 nec
1506 3233 1621 3271 non
1652 3216 1783 3283 alia,

126 3305 255 3361 modo
296 3311 443 3361 recte
495 3312 759 3361 mentem
802 3322 1000 3361 eorum
1048 3305 1319 3377 ceperim,
1374 3306 1557 3360 versio
1586 3305 1789 3377 gallica

128 3393 246 3448 edita
268 3394 530 3464 Lugduni
554 3395 708 3465 apud
735 3394 1039 3462 Plaignard
1070 3394 1387 3462 1694,111-8.
1424 3396 1490 3449 IV
1511 3395 1642 3451 voll.

321 3487 493 3541 XVII.
527 3514 607 3526 —
636 3486 743 3554 (43)
774 3487 849 3538 De
883 3484 1294 3540 Catechizandis
1323 3484 1572 3539 rudibus.

182 3577 313 3630 I678.
358 3578 542 3643 Paris,
594 3574 720 3629 chez
762 3574 948 3629 Andre
998 3574 1250 3641 Pralard,
1297 3574 1493 3635 in-I2.
1528 3592 1556 3625 α
1591 3574 1691 3627 Les
1719 3573 1787 3628 li-

127 3676 220 3716 vres
246 3664 308 3718 de
356 3664 418 3719 S.
480 3663 791 3734 Augustin,
841 3662 908 3717 de
936 3663 991 3717 Ia
1034 3662 1288 3717 maniére
1321 3662 1680 3734 d’enseigner
1710 3663 1790 3717 les

124 3752 367 3825 principes
405 3754 476 3808 de
522 3756 578 3807 la
628 3752 872 3822 religion
920 3751 1248 3806 chrétienne
1274 3754 1308 3805 ἐι
1353 3767 1493 3806 ceux
1532 3752 1632 3822 qui
1660 3753 1790 3806 n’en

126 3846 223 3895 sont
248 3859 339 3913 pas
384 3858 599 3898 encore
643 3840 899 3895 instruits
929 3858 943 3905 ;
990 3840 1059 3894 de
1084 3840 1139 3895 la
1169 3844 1329 3895 vertu
1358 3840 1427 3895 de
1456 3840 1790 3894 continence

124 3934 166 3981 et
187 3929 245 3984 de
289 3933 664 4002 temperance
684 3948 705 3994 ;
746 3929 815 3983 de
859 3929 912 3982 Ia
946 3929 1207 3999 patience
1237 3934 1294 3984 et
1320 3934 1513 3984 contra
1543 3931 1596 3983 Ie
1624 3946 1791 3985 men—

124 4032 301 4089 songe:
331 4020 587 4075 traduits
616 4035 687 4072 en
712 4018 974 4085 francais.
1010 4037 1038 4069 π

264 4112 462 4166 XVIII.
499 4140 573 4150 —
602 4108 705 4177 (44)
743 4108 819 4163 De
870 4108 1135 4161 Trinitate
1165 4105 1297 4160 libri
1321 4106 1646 4175 quindecim.

177 4198 313 4253 1489.
357 4198 686 4257 Mediolani,
728 4212 826 4265 per
880 4196 1021 4250 Leon
1079 4195 1296 4263 Pachel,
1348 4196 1535 4261 in-fol.
1577 4194 1633 4249 S.
1678 4197 1792 4249 Au-

119 4288 298 4355 gustini
330 4289 463 4344 libri
495 4288 591 4343 XV
625 4286 693 4340 de
730 4285 831 4342 SS.
887 4284 1185 4339 Trinitate.
1233 4284 1297 4337 In
1317 4283 1431 4337 ﬁne
1457 4300 1470 4338 :
1500 4283 1796 4337 Mediolani

1888 557 2104 625 dentes,
2138 559 2198 611 in
2245 559 2408 628 cujus
2454 558 2606 613 calce
2648 560 2845 613 decem
2893 559 3156 631 disticha,
3204 562 3585 633 quorumini-

1885 646 2033 700 tium
2056 662 2069 698 :

2010 732 2239 796 Equora
2266 734 2309 783 si
2339 739 2581 798 penetrat
2610 735 2850 800 Cyclops,
2876 739 2976 787 elc.

1890 829 2249 885 Postremum
2276 832 2356 886 ita
2387 838 2553 888 sonat
2587 849 2599 888 :

2012 926 2236 995 Nu_mine
2266 934 2444 995 sancte
2469 934 2579 987 tuo,
2610 936 2758 995 pater
2791 946 2841 989 ο,
2873 936 3049 984 tueare
3080 935 3339 987 Joannem

2072 991 2145 1038 De
2174 992 2496 1052 Amerbach;
2529 991 2745 1057 presens
2774 995 2864 1059 qui
2894 997 2991 1045 tibi
3019 999 3209 1061 pressit
3237 1014 3389 1063 opus.

1959 1087 2295 1144 Charactere
2326 1090 2561 1146 Gothico
2594 1093 2746 1148 binis
2774 1094 3058 1150 columnis
3086 1096 3440 1168 impressum
3482 1101 3588 1165 est,

1887 1179 1952 1228 ut
1993 1175 2264 1248 pleraque
2308 1180 2690 1236 Amerbachii.
2748 1183 3093 1255 Plerumque
3126 1201 3239 1239 una
3267 1202 3395 1240 cum
3428 1184 3593 1239 libris

1888 1263 1959 1317 de
2005 1264 2241 1319 Civitate
2294 1268 2395 1321 Dei
2430 1284 2534 1338 per
2557 1270 2826 1325 eumdem
2858 1271 2916 1325 h.
2955 1288 3007 1326 a.
3039 1271 3329 1344 impressis
3353 1287 3589 1341 compa-

1888 1355 2043 1407 ctum
2070 1353 2343 1409 cernitur.

1964 1442 2115 1496 1490.
2168 1444 2360 1510 Basil.,
2390 1460 2489 1513 per
2515 1447 2596 1500 Jo.
2643 1447 2993 1518 Amerbach.,
3019 1451 3205 1516 in-fol.
3236 1452 3589 1523 Augustinus

1887 1530 1955 1584 de
2009 1530 2303 1586 Trinitate.
2347 1534 2706 1589 Concordant
2736 1536 2929 1591 omnia
2955 1555 3084 1594 cum
3106 1541 3466 1610 praecedente
3492 1559 3591 1598 ac-

1888 1619 2264 1676 curatissime.
2308 1622 2610 1677 Character
2638 1624 2981 1681 luculentior
3008 1633 3063 1681 et
3091 1629 3387 1700 aequalior.
3421 1632 3590 1687 Com-

1887 1714 2211 1763 memorant
2258 1712 2519 1765 eamdem
2566 1713 2737 1768 Denis
2792 1716 2999 1770 Garell.
3050 1718 3190 1771 Bibl.
3254 1736 3311 1789 p.
3371 1724 3490 1788 135,
3539 1726 3593 1776 et

1894 1796 2175 1850 Gemeiner
2214 1799 2473 1865 Regensb.
2521 1800 2819 1855 Stadtbibl.
2856 1818 2914 1872 p.
2978 1807 3097 1871 I97,
3133 1807 3336 1860 Gesner
3359 1809 3587 1865 Lubeck.

1890 1884 2204 1953 Stadtbibl.,
2265 1902 2323 1956 p.
2375 1890 2467 1941 51.
2523 1889 2761 1942 Uberius
2811 1891 3113 1962 descripsit
3143 1895 3341 1949 Masch
3372 1897 3586 1965 Beytrr.

1888 1990 1937 2027 ι.
1975 1975 2167 2030 Gesch.
2201 1976 2420 2030 merhw.
2455 1977 2550 2031 Bb.
2577 1977 2655 2033 St.
2691 1979 2761 2044 Il,
2804 1996 2861 2050 p.
2894 1984 2963 2035 73
3006 1997 3090 2052 sq.

1964 2064 2118 2117 1494.
2168 2063 2225 2119 S.
2295 2065 2424 2133 loco,
2488 2068 2681 2132 in-fol.
2750 2068 3104 2139 Augustinus
3166 2071 3233 2125 de
3293 2072 3587 2130 Trinitate.

1890 2151 2206 2205 Editionem
2240 2153 2752 2209 Amerbachianam
2794 2158 2987 2224 refert,
3029 2159 3127 2213 sed
3168 2176 3361 2214 versus
3391 2161 3452 2217 in
3478 2163 3592 2218 ﬁne

1889 2239 2099 2294 tabulae
2148 2240 2371 2296 desunt.
2421 2242 2539 2297 Nisi
2586 2260 2676 2298 me
2720 2245 3171 2317 fallitjudicium
3216 2250 3502 2322 Friburgi,
3532 2252 3594 2306 hi

1891 2328 2021 2383 libri
2066 2330 2255 2383 excusi
2299 2335 2435 2386 sunt
2469 2348 2574 2402 per
2617 2334 2848 2389 eosdem
2891 2338 3301 2408 typographos,
3353 2340 3453 2410 qui
3486 2340 3593 2395 hoc

1889 2434 2039 2472 anno
2063 2434 2291 2491 quoque
2324 2437 2469 2491 opus
2494 2421 2560 2475 de
2584 2425 2816 2478 Civitate
2849 2428 2947 2479 Dei
2967 2426 3272 2481 dederunt.

1962 2508 2089 2563 Sine
2139 2525 2297 2575 anno,
2356 2511 2484 2579 loco,
2544 2513 2723 2579 in-fol.
2786 2535 2807 2561 α
2866 2514 3221 2584 Augustinus
3278 2516 3347 2571 de
3406 2516 3592 2571 Trini-

1890 2599 2026 2650 tate.
2056 2616 2080 2646 ι
2116 2597 2321 2667 Incipit
2348 2600 2538 2653 statim
2571 2617 2604 2654 a
2630 2601 2910 2656 Sententia
2939 2605 2998 2658 B.
3036 2607 3337 2670 Augustini
3364 2605 3429 2659 de
3458 2607 3594 2661 libro

1890 2686 2373 2739 Retractationum.
2400 2687 2461 2740 In
2494 2688 2607 2741 ﬁne
2635 2704 2648 2742 :
2680 2690 2824 2743 Aur.
2852 2692 3157 2759 Augustini
3178 2694 3416 2761 episcopi
3464 2693 3598 2747 liber

1892 2772 1959 2826 de
1990 2774 2255 2828 Trinitate
2286 2776 2409 2842 finit
2430 2777 2683 2843 feliciter.
2735 2779 3015 2833 Volumen
3050 2780 3372 2834 charactere
3403 2781 3592 2851 gothi-

1892 2876 1956 2913 co
2001 2876 2212 2933 magno
2259 2863 2574 2919 admodum
2622 2866 2869 2936 eleganti
2917 2883 2982 2921 ac
3010 2867 3219 2933 nitido,
3252 2868 3417 2922 lineis
3456 2869 3592 2936 late,

1893 2949 2190 3019 aequaliter
2226 2955 2417 3005 tamen
2474 2953 2818 3009 distantibus
2866 2954 3213 3026 impressum
3254 2960 3357 3012 est.
3392 2956 3599 3012 Charta

1894 3037 2137 3091 candida
2160 3054 2224 3092 ac
2253 3039 2448 3107 densa,
2481 3040 2613 3095 folia
2648 3042 2883 3097 maximi
2914 3044 3131 3099 moduli
3171 3050 3322 3110 sunt,
3375 3046 3597 3100 colum-

1897 3142 1986 3180 nas
2031 3124 2204 3194 binae,
2253 3128 2543 3198 margines
2588 3130 2709 3186 lati.
2756 3131 2978 3187 Absnnt
3030 3148 3231 3188 omnes
3284 3133 3593 3206 signatura:

1896 3231 1959 3269 8C
1980 3230 2227 3270 numeri.

1967 3306 2095 3360 Sine
2150 3321 2312 3374 anno,
2362 3307 2475 3361 loco
2509 3310 2561 3361 et
2592 3310 2952 3379 typographo,
2984 3311 3180 3377 in-fol.
3214 3327 3362 3367 mar.
3384 3315 3447 3368 B.
3480 3316 3597 3368 Au-

1898 3395 2113 3467 gustini
2134 3396 2201 3451 de
2232 3396 2505 3452 Trinitate
2537 3398 2683 3453 liber
2714 3400 2869 3468 (libri
2917 3401 3048 3469 XV).
3082 3403 3145 3455 In
3189 3401 3341 3457 ﬁne:
3383 3405 3601 3459 Aurelii

1897 3487 2203 3553 Augustini
2266 3488 2504 3556 episcopi
2565 3488 2699 3542 liber
2738 3489 2805 3543 de
2856 3492 3127 3545 Trinitate
3173 3493 3298 3559 ﬁnit
3343 3493 3593 3559 feliciter.

1896 3573 2276 3627 Vetustissimi
2303 3575 2475 3645 hujus
2494 3575 2657 3645 juxta
2689 3593 2863 3648 quam
2895 3578 3173 3632 rarissimi
3202 3579 3333 3634 libri
3384 3580 3598 3635 descri-

1896 3660 2210 3731 ptionibus,
2263 3678 2403 3732 quas
2459 3663 2682 3733 primus
2731 3665 2991 3719 omnium
3050 3669 3301 3722 Denisius
3349 3668 3411 3722 in
3456 3670 3598 3725 Bibl.

1900 3749 2105 3803 Garell.
2146 3765 2201 3819 p.
2238 3751 2326 3814 37,
2358 3753 2416 3802 et
2467 3753 2598 3820 post
2643 3766 2776 3806 eum
2824 3753 3161 3808 Seemillerus
3210 3758 3270 3810 in
3303 3757 3597 3811 Incunabb.

1900 3840 2017 3906 typ.
2058 3838 2277 3903 Ingolst.
2322 3838 2473 3892 Fasc.
2524 3839 2568 3908 Ι,
2615 3855 2674 3909 p.
2726 3842 2816 3909 34,
2855 3840 3062 3897 harum
3093 3842 3425 3898 deliciarum
3449 3860 3603 3900 ama-

1898 3924 2115 3979 toribus
2144 3925 2495 3989 obtulerunt,
2530 3927 2669 3982 adeo
2699 3928 3054 3985 satisfactum
3100 3933 3478 4002 cognoscendi
3505 3949 3601 3987 eo-

1808 4016 1815 4023 '
1900 4029 2030 4067 rum
2064 4013 2252 4068 studio
2279 4014 2544 4081 vidimus,
2578 4020 2642 4070 ut
2678 4017 2815 4089 quid
2864 4034 2897 4072 a
2927 4019 3093 4073 nobis
3124 4020 3259 4075 addi
3286 4021 3441 4075 ultra
3469 4037 3603 4092 pos-

1900 4106 2005 4168 set,
2030 4102 2413 4173 quantumvis,
2448 4103 2673 4158 curiosa
2700 4106 3134 4176 comparatione
3179 4108 3271 4161 vix
3315 4107 3604 4163 invenire-

1902 4206 2050 4245 mus.
2101 4191 2331 4246 Constat
2369 4196 2563 4247 autem
2610 4194 2881 4250 volumen
2923 4195 3035 4249 hoc
3065 4195 3216 4250 foliis
3245 4198 3343 4251 I05
3370 4196 3605 4251 maximi

1902 4279 2144 4348 moduli,
2203 4279 2548 4351 impressum
2602 4282 2827 4353 paginis
2882 4283 3067 4351 sectis,
3126 4283 3297 4339 lineis
3346 4286 3413 4340 47
3463 4301 3606 4357 quas

118 4377 380 4444 impressus
425 4395 533 4448 per
574 4377 898 4444 magistrum
932 4373 1273 4429 Leonardum
1311 4373 1528 4428 Pachel.
1573 4374 1733 4427 Anno
1761 4390 1796 4426 a
1834 4367 1877 4421 D
1906 4370 2196 4441 margines
2230 4370 2570 4441 amplissimi
2623 4376 2679 4425 et
2718 4371 2832 4425 lata
2864 4371 3171 4427 interstitia
3199 4372 3601 4430 condecorant.

118 4468 370 4523 nativitate
394 4468 616 4521 domini
646 4468 817 4519 nostri
844 4466 967 4518 Jesu
986 4464 1191 4520 Christi
1217 4464 1478 4516 milesimo
1528 4461 1793 4530 quadrin-

120 4560 372 4620 gentesimo
398 4556 771 4621 octuagesimo
797 4569 932 4607 nono
962 4555 1183 4622 septimo
1206 4551 1481 4606 Kalendas
1498 4552 1665 4619 junii.

173 4645 353 4700 Excnsi
400 4650 546 4700 sunt
575 4644 638 4697 hi
679 4642 812 4697 libri
851 4658 965 4696 una
1008 4658 1138 4695 cum
1188 4640 1399 4694 Hilario
1422 4640 1493 4693 de
1521 4638 1795 4693 Trinitate

116 4747 313 4806 unoque
356 4737 716 4807 plerumque
763 4731 1053 4785 volumine
1100 4730 1304 4784 inclusi
1348 4732 1671 4783 occurrunt.
1713 4728 1791 4782 Cf.

120 4820 167 4877 Τ.
216 4829 259 4892 1,
294 4841 351 4895 p.
394 4826 529 4879 269.
584 4824 794 4876 Aversa
831 4836 1038 4889 nempe
1077 4818 1263 4872 ultimi
1328 4818 1448 4888 ejus
1492 4815 1797 4871 voluminis

120 4914 243 4979 quod
272 4914 563 4968 Hilarium
594 4910 1011 4980 complectitur,
1042 4907 1251 4979 pagina
1280 4907 1589 4977 registrum
1634 4906 1795 4959 char-

116 5001 274 5055 tarum
319 5002 636 5070 utriusque
686 4997 875 5069 operis
916 4997 1151 5068 praebet.
1186 4997 1469 5065 Impressa
1504 5011 1638 5049 vero
1666 4998 1799 5047 sunt

117 5087 408 5144 charactere
465 5088 712 5145 Gothico
767 5085 1088 5141 minusculo
1145 5083 1366 5138 duabus
1414 5082 1695 5136 columnis
1738 5081 1797 5134 in

118 5174 281 5232 charta
323 5179 521 5233 nitida.
574 5193 635 5229 ac
666 5176 847 5230 ﬁrma.
882 5174 1137 5229 lnitiales
1159 5172 1364 5227 litterae
1395 5187 1601 5242 parvae.
1632 5168 1796 5240 Pagi-

118 5279 291 5321 narum
338 5268 693 5321 foliorumve
736 5270 883 5319 notae
932 5264 1151 5319 desunt.
1200 5261 1475 5316 Describit
1522 5258 1799 5313 Braunius

118 5351 148 5404 l.
173 5356 208 5409 1.
237 5358 296 5410 Τ.
329 5358 407 5422 II,
441 5373 503 5427 p.
548 5356 667 5408 I87.

177 5446 317 5499 1489.
352 5445 562 5510 BasiL,
600 5458 696 5512 per
723 5444 803 5497 Jo.
843 5441 1191 5503 Amerbach.,
1224 5439 1416 5506 in-fol.
1450 5436 1799 5507 Augustinus

124 5528 175 5582 de
196 5533 489 5587 Trinitate.
525 5532 595 5585 In
638 5532 753 5586 ﬁne
781 5530 914 5586 libri
951 5531 1038 5585 XV
1079 5546 1092 5585 :
1134 5529 1356 5585 Aurelii
1399 5527 1706 5594 Augustini
1734 5526 1801 5582 de

130 5619 364 5677 Trinitate
431 5622 577 5676 liber
636 5620 923 5689 explicitus
983 5622 1077 5674 est.
1124 5619 1290 5672 Anno
1337 5616 1545 5671 domini
1583 5615 1802 5672 MCCCC

1905 4460 2125 4514 Charta:
2182 4459 2373 4515 densm
2401 4465 2553 4529 sant,
2589 4460 2688 4515 sed
2718 4461 2891 4531 paulo
2921 4461 3233 4526 crudiores,
3269 4478 3373 4517 nec
3408 4463 3605 4517 candi-

1906 4548 1992 4603 dae
2040 4548 2194 4603 satis.
2236 4548 2539 4605 Character
2585 4548 2852 4605 Gothicus
2896 4550 3126 4621 grandis
3193 4556 3250 4605 et
3312 4551 3606 4623 aliquanto

1905 4637 2187 4707 pinguior.
2226 4638 2439 4692 Desunt
2469 4636 2717 4704 numeri,
2765 4637 3093 4708 signaturaa,
3143 4640 3422 4707 custodes,
3469 4641 3609 4695 item

1904 4724 2110 4777 litterae
2162 4723 2413 4777 initiales
2460 4725 2743 4779 librorum
2788 4732 2844 4779 et
2888 4729 3158 4796 capitum,
3204 4744 3345 4799 quas
3376 4730 3609 4799 quidem

1905 4817 2166 4866 nostrum
2215 4813 2511 4882 exemplar
2554 4813 2734 4867 minio
2776 4814 2946 4869 habet
2992 4815 3265 4885 appictas.
3299 4817 3496 4886 Capita
3524 4822 3607 4872 ta-

1905 4916 2039 4954 men
2085 4900 2258 4954 unius
2307 4906 2408 4954 aut
2448 4902 2691 4955 duarum
2724 4902 3007 4956 linearum
3039 4903 3237 4974 spatiis
3265 4904 3416 4957 inter
3444 4921 3501 4959 se
3531 4905 3612 4959 di-

1905 4993 2074 5056 stant,
2124 5006 2438 5060 eorumque
2488 4994 2825 5060 argumenta
2853 4995 2982 5045 ante
3014 4992 3145 5045 libri
3191 4993 3466 5063 cujusque
3497 4993 3611 5046 ini-

1904 5078 2050 5132 tium
2078 5081 2408 5132 summatim
2439 5078 2778 5131 indicantur.
2811 5078 3018 5148 Incipit
3045 5083 3228 5132 totum
3256 5096 3289 5132 a
3329 5079 3611 5135 Sentencia

1908 5168 2052 5222 beali
2076 5170 2359 5237 augustini
2386 5168 2451 5221 de
2488 5167 2624 5221 libro
2665 5169 3047 5221 retractionum
3090 5166 3227 5237 (sic),
3263 5184 3436 5238 quam
3474 5171 3610 5238 Epi-

1905 5258 2043 5312 stola
2089 5260 2369 5326 augustini
2408 5258 2606 5311 aurelii
2653 5259 2905 5327 yponesis
2953 5258 3190 5325 episcopi
3225 5256 3303 5311 ad
3344 5259 3612 5313 aurelium

1908 5349 2215 5416 episcopum
2260 5348 2657 5414 cartaginensis
2704 5346 2933 5411 ecclesie,
2978 5360 3106 5397 mox
3169 5348 3421 5416 capitulis
3470 5363 3615 5417 pras-

1910 5436 2119 5501 missis,
2153 5434 2331 5506 ipsius
2376 5435 2509 5489 libri
2542 5434 2711 5504 primi
2741 5433 2967 5487 initium
3005 5433 3283 5504 sequitur.
3319 5436 3609 5508 Exemplo,

1910 5525 2062 5595 quod
2093 5525 2270 5579 celeb.
2320 5523 2580 5579 Denisius
2624 5521 3125 5590 describit,‘coa3vi
3164 5523 3460 5595 cujusdam
3499 5542 3618 5581 ma-

1912 5628 2020 5666 nus
2058 5616 2398 5683 apposuerat
2451 5628 2667 5666 annum
2718 5613 2844 5666 1471
2873 5628 2887 5666 :
2920 5612 3063 5667 illud
3113 5628 3265 5681 vero,
3299 5613 3455 5684 quod
3483 5614 3616 5673 See-
