4044 6190
422 296 522 384 143

1426 315 1977 379 8ῐΞΡΡιΙῖΣΜΕΝΤΟΜ
2016 324 2108 379 AD
2143 324 2376 380 OPERA
2413 325 2468 378 S.
2511 323 2895 378 AUGUSTINI.

3820 324 3918 375 144

411 447 669 504 millerus
710 446 970 502 manibus
1018 445 1262 500 versavit
1315 460 1466 499 anno
1509 449 1663 501 1478.
1701 448 1902 502 Doctos
1931 449 2110 504 Geor-
2147 450 2190 504 A
2215 453 2273 502 et
2300 448 2496 508 densa,
2527 446 2678 502 binis
2717 445 3002 500 columnis
3051 444 3242 516 amplo
3299 445 3482 516 spatio
3530 445 3764 500 secretis
3814 447 3917 500 im-

415 537 542 609 gius
584 538 798 606 Fiugel.
857 535 1000 607 prof.
1048 535 1216 587 tlieol.
1253 533 1488 602 lngolst.
1525 543 1652 589 octo
1685 537 1915 590 tlorenis
1946 555 2105 591 com-

411 633 726 698 paraverat.
780 626 1052 678 (iu-tntum
1096 640 1280 690 putre»
1327 635 1404 674 Iec
1437 641 1590 676 mna-5
1631 625 1698 676 ab
1731 625 1978 678 editione
2015 629 2107 678 lle-

413 718 696 769 nedictum
744 725 800 766 o-t
841 714 1239 781 Antii-i'piulhi
1291 713 1675 780 discii'pmtes
1718 715 1864 767 hanc
1913 715 2108 767 editio-

415 821 545 858 nem
602 803 867 856 exhibere
920 801 1178 854 Denisius
1224 802 1644 870 signiticavitet
1674 803 1946 872 exemplis
1976 803 2107 873 qui-

415 893 654 946 busdam
702 890 906 944 additis
951 889 1361 958 Comprobavit,
1403 906 1502 942 nec
1541 906 1655 942 non
1699 892 2109 960 prooemiorum

414 980 632 1034 ratione
681 983 738 1032 et
781 978 1182 1032 distributione
1227 978 1478 1048 capitum
1537 979 1764 1032 ditferre
1809 985 2110 1050 utramque

414 1068 752 1134 observavit,
801 1067 976 1137 quod,
1032 1065 1303 1136 quoniam
1363 1082 1562 1120 omnes
1619 1067 1894 1121 hactenus
1920 1068 2112 1122 biblio~

413 1156 664 1227 graphos
719 1154 947 1225 fugerit,
1004 1170 1122 1209 non
1180 1153 1593 1225 negligendum
1645 1159 1746 1210 est.
1786 1156 1858 1221 Cf
1889 1154 2108 1210 Braun.

413 1248 542 1302 Not.
578 1247 642 1298 II.
666 1247 774 1299 Lit.
800 1260 856 1314 p.
887 1246 973 1298 82.

485 1333 617 1386 Sine
645 1348 804 1386 anno.
854 1332 1110 1397 Venetiis,
1157 1346 1258 1400 per
1295 1333 1640 1400 Paganinum
1673 1331 1738 1385 de
1786 1334 2107 1400 Paganinis,

415 1423 577 1475 ἐτι-4ο.
614 1421 671 1475 8.
724 1419 1031 1490 Augustini
1081 1419 1151 1474 de
1201 1419 1474 1474 Trinitate
1524 1419 1656 1474 libri
1698 1420 1806 1486 XV,
1880 1421 2112 1490 adjectis

413 1511 669 1582 ejusdem
695 1507 1162 1582 argumentilibri
1183 1508 1398 1564 Hilarii.
1423 1509 1511 1565 Cf.
1550 1509 1612 1562 T.
1641 1509 1684 1574 Ι,
1719 1525 1776 1578 p.
1807 1511 1930 1564 280.

483 1600 618 1654 Sac.
668 1599 813 1654 XVI.
840 1629 910 1637 —
944 1601 1097 1652 1515.
1153 1597 1357 1662 Basil.,
1400 1614 1497 1666 per
1514 1600 1595 1651 Jo.
1630 1597 1727 1650 Ad
1781 1597 1847 1651 de
1871 1599 2114 1666 Langen-

415 1689 588 1756 dor/f;
636 1688 816 1754 in-fol.
868 1705 896 1737 ς(
926 1687 990 1740 D.
1038 1689 1184 1755 Aug.
1239 1685 1407 1756 Hipp.
1458 1702 1550 1755 ep.
1582 1685 1652 1739 de
1683 1702 1908 1739 summa
1931 1687 2111 1741 Trini-

413 1782 527 1831 tate
571 1793 672 1845 que
717 1776 846 1828 deus
891 1773 1045 1844 (sic):
1106 1773 1198 1827 Ad
1235 1774 1540 1839 Aurelium,
1581 1773 2110 1842 Carthaginiensem

413 1863 781 1933 episcopum:
814 1863 969 1916 Libri
996 1862 1302 1932 quindecim
1332 1880 1348 1916 :
1380 1879 1524 1932 opus
1553 1878 1786 1933 prorsus
1807 1861 2066 1916 divinum
2091 1879 2104 1915 :

411 1957 462 2007 et
489 1954 577 2006 cui
605 1953 724 2006 laus
764 1952 933 2005 omnis
970 1952 1222 2019 inferior,
1256 1950 1354 2004 ubi
1384 1966 1650 2020 perversa
1675 1949 2108 2004 hmrecticorum

409 2041 666 2109 dogmata
703 2039 1188 2110 disputationibus
1227 2040 1572 2094 doctissimis
1620 2041 1930 2106 confutans,
1972 2056 2104 2110 pro-

411 2130 584 2184 funda
638 2129 910 2199 mysteria
958 2128 1348 2196 inattingibilis
1379 2128 1687 2182 divinitatis
1713 2127 1859 2182 mira
1889 2128 2108 2199 ingenii

411 2217 665 2272 claritate
706 2215 951 2286 aperuit.
998 2215 1100 2269 Cui
1150 2215 1462 2284 Theologice
1499 2217 1754 2270 veritates
1799 2213 2106 2268 illuminati

413 2307 644 2360 doctoris
673 2307 952 2359 Francisci
990 2306 1232 2359 Maronis
1273 2304 1564 2375 aptissime
1605 2308 2044 2358 connectuntur.
2079 2325 2102 2352 ι

407 2396 574 2450 Juxta
622 2395 845 2464 insigne
885 2393 1266 2464 typographi:
1321 2394 1481 2448 Anno
1531 2395 1727 2449 M.D.X
1744 2395 1800 2447 V.
1836 2392 1990 2446 Infra
2017 2395 2105 2447 Di-

408 2486 716 2538 rectorium.
746 2483 885 2538 Vide
914 2483 1003 2537 ed.
1040 2482 1318 2537 librorum
1348 2483 1413 2537 de
1438 2484 1788 2538 Civitate—Dei
1814 2497 1917 2552 per
1944 2497 2105 2535 eum-

411 2571 543 2625 dem
600 2569 1042 2641 typographum,
1110 2569 1208 2623 ubi
1271 2585 1401 2640 quas
1459 2569 1608 2623 dicta
1663 2573 1815 2635 sunt,
1875 2568 1945 2623 de
2001 2568 2107 2622 hac

410 2659 583 2715 etiam
627 2660 774 2714 dicta
818 2663 1002 2729 putes.
1059 2659 1124 2712 In
1164 2657 1582 2729 subscriptione
1627 2661 1854 2711 notatus
1923 2672 2107 2710 annus

408 2750 726 2806 M.D.XHII.
781 2748 1036 2802 Calendae
1073 2749 1269 2802 Junia’.
1324 2749 1388 2801 In
1423 2761 1616 2800 aversa
1684 2745 1840 2799 tituli
1894 2744 2107 2815 pagina

406 2836 594 2891 brevis
618 2838 700 2891 Jo.
749 2836 1112 2890 Amerbachii
1163 2835 1233 2890 ad
1280 2836 1550 2890 lectorem
1595 2833 1857 2905 praefatio
1901 2837 2103 2901 exstat,

407 2925 507 2980 sed
533 2941 664 2996 quae
693 2925 838 2978 solas
863 2923 1146 2978 librorum
1165 2923 1679 2994 Augustinilaudcs
1704 2926 1924 2977 tractat.

2218 555 2496 607 pressum,
2560 537 2708 605 quod
2774 535 2827 588 in
2879 536 3052 605 duplo
3110 539 3291 588 servat
3342 534 3688 588 bibliotheca
3740 535 3916 605 Regia

2221 634 2274 679 Λα
2303 631 2534 676 iii-mur
2572 649 2636 670 ··-ι
2699 644 2791 680 γ’-ιι,
2830 641 2857 676 ll
2885 645 2935 674 ιιι
2964 630 2972 672 1
3001 626 3031 676 (1
3062 643 3171 674 mle.
3209 625 3424 675 Itiliam
3460 624 3702 691 putrium
3735 641 3909 692 agno-

2219 731 2319 768 scit
2374 719 2572 784 Incipit.
2618 737 2686 764 ,ιη
2722 731 2894 782 ipsius
2950 715 3251 782 Augu~tiui
3300 730 3471 782 super
3519 715 3621 766 lim:
3655 731 3828 782 apere
3859 716 3914 768 in

2220 806 2377 856 lllll'lS
2430 803 2910 857 iii-tractationum
2962 801 3308 869 testimonio,
3348 803 3499 872 quod
3549 804 3742 856 statim
3785 803 3916 856 libri

2218 893 2390 962 primi
2415 891 2637 944 initium
2673 890 3056 959 subsequitur.
3105 890 3368 944 Secundo
3413 896 3626 952 autem.
3662 891 3834 944 tertio
3863 898 3917 946 et

2219 988 2422 1052 quarto
2449 980 2594 1033 libro
2621 978 3049 1050 praemittuntur
3089 981 3354 1047 capitula,
3387 978 3441 1031 id
3477 984 3564 1032 est
3603 981 3919 1033 summaria

2218 1068 2464 1140 cujusvis
2493 1068 2713 1138 capitis.
2749 1069 2814 1121 In
2840 1068 2953 1121 tine
2984 1083 2996 1120 :
3030 1068 3275 1136 Emplicit
3299 1068 3531 1134 feliciter
3578 1068 3712 1122 liber
3751 1084 3918 1137 quar-

2219 1164 2305 1212 tus
2344 1157 2898 1223 Aurelii-Augustini
2961 1157 3268 1224 yponiensis
3312 1157 3550 1225 episcopi
3582 1159 3656 1210 De
3701 1172 3919 1212 cosensu

2218 1251 2525 1302 sanctorum
2555 1253 2787 1314 quatuor
2828 1245 3333 1310 Evangelistarum.
3369 1244 3486 1299 Deo
3522 1247 3759 1313 gratias.
3797 1245 3917 1300 Pla-

2219 1337 2381 1405 gulas
2427 1339 2734 1405 quaternas
2782 1339 3050 1387 numerat
3111 1333 3205 1387 a-l.
3267 1333 3406 1387 Aliae
3484 1337 3635 1388 notas
3691 1335 3917 1388 desunt.

2222 1423 2774 1480 Litterisinitialibus
2786 1421 3034 1492 spatium
3058 1422 3228 1492 plane
3253 1437 3492 1475 vacuum
3526 1427 3610 1476 est
3633 1423 3915 1493 religtum.

2294 1514 2450 1566 1473.
2482 1513 2739 1578 Lavingae
2768 1511 2970 1579 absque
3002 1515 3221 1580 typogr.
3267 1510 3493 1578 indicio,
3535 1512 3718 1577 in-fol.
3764 1512 3923 1566 Liber

2222 1601 2365 1654 beati
2410 1601 2695 1669 yponensis
2742 1601 2980 1668 episcopi
3011 1601 3313 1667 Augustini
3341 1599 3406 1652 de
3429 1600 3706 1652 Consensu
3736 1602 3918 1654 Evan-

2220 1690 2538 1755 gelistarum
2578 1690 2637 1742 in
2689 1693 2922 1757 quatuor
2969 1687 3136 1741 libros
3186 1689 3382 1757 incipit
3423 1689 3676 1753 feliciter.
3728 1688 3824 1741 Sic
3862 1687 3921 1740 in

2220 1778 2344 1848 ipsa
2372 1777 2504 1831 libri
2527 1776 2712 1831 fronte
2743 1776 2969 1846 legitur.
3006 1777 3071 1830 In
3100 1775 3214 1830 ﬁne
3242 1793 3254 1829 :
3287 1777 3465 1830 Liber.
3507 1775 3688 1830 Beati.
3720 1778 3921 1843 Augu-

2217 1869 2374 1921 stini.
2417 1867 2713 1934 Yponensis
2757 1867 2994 1934 episcopi
3023 1865 3088 1918 de
3126 1867 3393 1922 Consensu
3421 1866 3921 1931 Evangelistarum.

2217 1955 2440 2024 emplicit
2507 1955 2759 2020 feliciter.
2818 1954 2882 2007 In
2945 1955 3182 2006 civitate.
3233 1955 3553 2021 Laugingen
3588 1955 3917 2022 Impressus.

2215 2045 2371 2097 Anno
2399 2059 2435 2096 a
2457 2047 2628 2111 partu
2661 2043 2906 2108 Virginis
2935 2043 3247 2108 salutifero.
3295 2043 3604 2096 Millesimo.
3647 2043 3923 2111 quadrin-

2215 2133 2502 2200 gentesimo
2539 2133 2932 2199 septuagesimo
2981 2133 3160 2185 tercio.
3199 2131 3400 2185 Pridie.
3462 2130 3611 2184 Idus.
3674 2132 3920 2199 Aprilis.

2216 2221 2446 2274 Constat
2491 2218 2614 2273 haec
2661 2218 2836 2272 editio
2880 2217 3031 2271 foliis
3081 2220 3179 2272 105
3214 2217 3419 2272 litteris
3448 2217 3712 2273 rotundis
3738 2233 3804 2271 ac
3836 2217 3922 2271 ni-

2214 2307 2350 2362 tidis
2381 2305 2747 2377 impressum,
2779 2306 2994 2377 absque
3025 2305 3374 2375 custodibus,
3405 2305 3680 2373 numeris,
3728 2307 3921 2376 signa-

2215 2393 2378 2461 turis,
2437 2394 2640 2449 litteris
2703 2394 3017 2450 iuitialibus
3085 2411 3149 2448 ac
3204 2394 3406 2450 titulis.
3469 2394 3776 2466 Descripsit
3842 2396 3916 2449 cl.

2215 2485 2400 2538 Braun
2454 2484 2513 2537 in
2565 2485 2684 2540 Not.
2718 2486 2783 2538 H.
2834 2485 2944 2538 Lit.
3005 2483 3211 2554 (1788),
3263 2501 3320 2554 p.
3379 2485 3498 2538 154.
3537 2483 3917 2538 Rarissimam

2217 2587 2336 2626 esse
2365 2572 2685 2642 complures
2730 2572 2922 2626 testati
2965 2576 3100 2627 sunt
3125 2571 3529 2644 bibliographi,
3563 2588 3710 2644 quos
3736 2572 3917 2627 etiam

2217 2660 2495 2714 Braunius
2519 2660 2735 2715 laudat.

2290 2750 2443 2802 1538.
2495 2750 2672 2816 Paris,
2716 2750 2888 2802 (γι-12.
2937 2751 3002 2804 D.
3053 2749 3191 2803 Aur.
3245 2749 3596 2820 Augustinus
3649 2750 3721 2804 de
3766 2750 3916 2805 Con-

2215 2852 2382 2890 sensu
2416 2836 2920 2907 Evangelistarum.
2953 2839 3095 2892 Mus.
3127 2839 3296 2892 Britt.

2288 2927 2442 2978 1539.
2503 2924 2749 2990 Coloniae,
2803 2939 2872 2977 ex
2923 2924 3016 2992 off.
3051 2925 3248 2979 Heron.
3298 2925 3566 2994 Alopecii,
3605 2928 3782 2980 in-8°.
3848 2929 3916 2980 D.

479 3015 635 3067 1520.
691 3013 964 3079 Lugdun.,
1009 3027 1112 3066 aere
1146 3017 1197 3066 et
1244 3013 1441 3081 impen.
1487 3015 1571 3066 Jo.
1623 3011 1942 3079 Koburge-r;
1987 3015 2104 3063 arte
2140 3030 2180 3086 ρ
2213 3012 2348 3065 Aur.
2381 3012 2526 3081 Aug.
2556 3011 2627 3065 de
2657 3011 2948 3066 Consensu
2977 3011 3464 3082 Evangelistarum
3487 3013 3615 3066 libri
3641 3018 3918 3084 quatuor,

407 3105 582 3156 tamen
623 3116 685 3154 ac
724 3115 856 3153 cura
883 3099 1010 3154 Jac.
1059 3101 1304 3165 Saccon.,
1336 3100 1524 3165 in-fot.
1579 3099 1634 3153 8.
1684 3097 1991 3169 Augustini
2036 3097 2106 3154 de

405 3189 682 3244 Trinitate
728 3188 862 3241 libri
903 3189 1010 3253 XV,
1063 3186 1271 3257 quibus
1314 3185 1651 3256 theologicae
1682 3187 1948 3240 veritates
1971 3185 2104 3239 illu-

407 3276 608 3330 minati
638 3274 884 3330 doctoris
915 3272 1200 3328 Francisci
1231 3272 1475 3327 Maronis
1518 3276 1948 3326 connectuntur.
1985 3273 2106 3326 Una

407 3381 537 3419 cum
567 3363 726 3418 libris
755 3360 1062 3432 Augustini
1094 3360 1162 3414 de
1211 3359 1447 3415 Civitate
1497 3359 1596 3414 Dei
1625 3360 1964 3432 plerumque
1995 3359 2103 3414 cir-

407 3451 676 3508 cumferri
721 3452 921 3506 solent.
981 3451 1103 3506 Cat.
1152 3449 1294 3504 Bibl.
1338 3449 1609 3505 Casanat.
1636 3450 1697 3503 T.
1737 3450 1780 3516 Ι,
1811 3464 1943 3520 pag.
1978 3451 2100 3503 342.

1100 3539 1400 3593 Versiones.

477 3631 665 3685 Graece
730 3626 1071 3683 convertisse
1146 3625 1356 3680 dicitur
1418 3626 1527 3680 hoc
1582 3625 1758 3680 libros
1830 3626 2104 3680 Maximus

404 3717 708 3784 Planudes,
765 3717 931 3787 cujus
971 3717 1157 3786 capita
1194 3715 1475 3781 nonnulla,
1536 3731 1664 3786 quae
1709 3713 1957 3784 probant
2004 3713 2099 3785 Sp.

403 3807 456 3862 S.
511 3807 682 3861 etiam
730 3821 794 3859 ex
845 3803 986 3859 Filio
1028 3803 1356 3874 procedere,
1406 3807 1631 3857 exstant
1657 3801 1806 3856 inter
1835 3802 2104 3870 Opuscula

401 3896 590 3950 Aurea
629 3895 922 3962 theologica
970 3892 1328 3961 quorumdam
1384 3890 1766 3963 (sequiorum)
1801 3891 2102 3946 Graecorum

404 3984 474 4038 de
514 3985 761 4038 Process.
809 3982 902 4054 Sp.
935 3983 995 4038 S.
1055 3981 1292 4036 collecta
1345 3997 1378 4034 a
1411 3982 1466 4035 P.
1517 3979 1779 4046 Arcudio,
1808 3978 1958 4034 edita
1994 3982 2098 4035 Ro-

401 4087 501 4126 me
547 4074 694 4143 typis
741 4072 801 4124 S.
845 4071 902 4126 C.
941 4069 1006 4123 de
1050 4085 1280 4140 propag.
1333 4068 1463 4141 ﬁde,
1512 4070 1674 4137 ἑτι-4ο,
1722 4085 1754 4123 a
1799 4083 1929 4140 pag.
1977 4071 2095 4123 187.

403 4160 611 4214 Eadem
652 4159 775 4230 jam
823 4175 874 4212 a.
937 4160 1068 4212 t630
1120 4158 1335 4213 ibidem
1383 4157 1539 4212 edita
1580 4173 1720 4223 esse,
1756 4157 1896 4229 quin
1927 4156 2098 4210 etiam

401 4249 583 4303 multo
628 4249 789 4318 prius
850 4249 984 4301 1578
1034 4246 1272 4301 86611666
1312 4249 1452 4302 in-80
1500 4246 1590 4300 Gr.
1641 4246 1740 4300 lat.
1785 4262 1889 4316 per
1915 4247 2097 4300 Leun-

2216 3099 2392 3155 Catal.
2423 3101 2633 3153 Bunav.

2965 3189 3170 3245 Versio.

2286 3276 2548 3332 Gallicam
2574 3275 2747 3346 hujus
2767 3275 2956 3347 operis
3001 3279 3297 3332 versionem
3326 3277 3502 3348 Lugd.
3537 3280 3693 3347 1526,
3735 3281 3916 3334 iii-8°.

2214 3368 2497 3418 memorat
2521 3365 2636 3419 Jac.
2669 3364 2717 3418 le
2752 3364 2903 3432 Long
2940 3363 3000 3417 in
3049 3365 3188 3420 Bibl.
3239 3366 3392 3420 Sacr.
3436 3382 3496 3436 p.
3545 3367 3669 3421 649.
3720 3367 3908 3423 Colon.

2599 3453 2710 3506 XX.
2738 3481 2806 3491 —
2835 3452 2937 3522 (52)
2966 3454 3038 3505 De
3066 3452 3122 3507 S.
3163 3453 3516 3519 Virginitate.

2286 3541 2438 3594 1562.
2499 3541 2716 3606 Romae,
2762 3553 2836 3608 ap
2911 3540 3061 3594 Paul.
3139 3541 3539 3596 Munatium...

2211 3625 2345 3679 stini
2395 3625 2538 3681 liber
2589 3625 2656 3680 de
2701 3625 2758 3681 S.
2811 3625 3167 3696 Virginitate.
3221 3629 3365 3682 Exst.
3414 3626 3564 3682 inter
3626 3627 3922 3698 Opuscula

2210 3714 2305 3770 SS.
2339 3715 2452 3769 DD.
2508 3713 2812 3780 Ambrosii,
2867 3715 3199 3786 Hieronymi
3241 3721 3294 3771 et
3343 3715 3650 3787 Augustini
3687 3715 3762 3771 de
3797 3717 3922 3771 Vir-

2209 3802 2462 3875 gim'tate.

3611 3539 3667 3594 S.
3719 3543 3921 3612 Augu-

2919 3894 3218 3948 Versiones.

2288 3982 2438 4034 t638.
2497 3981 2677 4046 Paris,
2737 3980 2862 4035 chez
2904 3983 3045 4037 Jean
3099 3983 3374 4048 Camusat,
3427 3985 3588 4037 in-8°.
3642 4001 3672 4032 α
3719 3983 3803 4037 Ι)6
3860 3984 3918 4038 la

2209 4067 2390 4123 sainte
2445 4067 2732 4140 virginité,
2789 4067 3042 4124 discours
3097 4070 3316 4126 traduit
3360 4071 3429 4126 de
3485 4071 3539 4126 S.
3598 4072 3912 4142 Augustin,

2207 4172 2340 4209 avec
2367 4155 2466 4210 des
2493 4172 2825 4229 remarques
2851 4175 2996 4229 pour
3017 4160 3070 4213 la
3099 4159 3273 4213 clarté
3313 4159 3383 4214 de
3414 4161 3468 4214 la
3498 4159 3757 4214 doctrine
3805 4177 3915 4231 par

2209 4244 2412 4300 Claude
2459 4246 2721 4314 Seguenot
2746 4266 2773 4298 ν
2826 4248 3009 4318 (cujus
3057 4247 3160 4302 sub
3201 4248 3435 4303 nomine
3457 4249 3684 4303 latuisse
3717 4249 3917 4304 ferunt

401 4338 637 4390 clavium
661 4336 833 4388 fuisse
864 4334 1151 4405 publicata
1177 4351 1246 4387 ex
1276 4335 1565 4390 Whartoni
1584 4334 1658 4388 ad
1685 4334 1912 4390 Caveum
1955 4334 2099 4404 Sup-
2139 4319 2183 4374 D
2209 4335 2466 4396 Joannem
2508 4334 2583 4388 du
2649 4337 2877 4404 Vergier
2927 4337 2993 4390 de
3060 4338 3356 4392 Hauranne
3419 4337 3684 4392 abbatem
3763 4339 3918 4393 San-

401 4423 726 4495 plementis,
777 4427 1018 4476 monent
1054 4421 1442 4477 Colonienses.
1475 4421 1583 4476 Sed
1617 4421 1935 4476 Leunclavii
1956 4438 2101 4493 opus

403 4512 602 4567 dubito
648 4525 720 4563 an
763 4510 873 4564 huc
925 4508 1074 4563 trahi
1123 4509 1323 4580 possit,
1376 4509 1529 4580 quod
1568 4509 1797 4564 aliunde
1825 4510 2102 4564 memoria

400 4605 568 4655 teneo
615 4598 830 4652 ibidem
868 4599 1053 4668 capita
1097 4597 1318 4670 aliquot
1341 4598 1411 4653 de
1449 4598 1722 4653 Trinitate
1753 4615 1817 4652 ex
1857 4598 2003 4652 libro
2037 4599 2102 4653 de

399 4706 536 4745 verae
582 4690 706 4743 vitae
736 4689 1034 4756 cognitione
1082 4692 1324 4754 exstare,
1358 4704 1486 4758 quas
1515 4687 1582 4741 ab
1612 4687 1856 4742 Arcudio
1884 4687 2101 4758 pariter

399 4780 461 4834 in
495 4794 640 4850 opus
668 4775 966 4831 laudatum
998 4791 1057 4846 p.
1091 4778 1194 4830 672
1224 4777 1403 4830 relata
1432 4780 1583 4830 sunt.

468 4872 542 4924 De
590 4866 802 4922 Gallica
847 4865 1131 4934 versione,
1191 4866 1352 4935 cujus
1425 4866 1648 4921 Crucius
1693 4866 2098 4920 Cenomanensis

399 4956 682 5019 meminit,
734 4959 888 5008 recte
938 4957 1198 5008 statuunt
1241 4953 1630 5021 Colonienses,
1662 4953 1835 5008 libros
1869 4953 1938 5008 de
1969 4953 2098 5008 Tri-

397 5048 576 5103 nitate
605 5062 736 5100 cum
765 5043 927 5098 libris
961 5042 1030 5096 de
1061 5041 1301 5097 Civitate
1350 5042 1470 5109 Dei,
1505 5043 1574 5097 ad
1605 5058 1748 5112 quos
1779 5042 1960 5096 versio
1990 5041 2098 5096 ista

398 5140 630 5205 spectat,
665 5133 732 5188 ab
763 5149 829 5187 eo
850 5148 974 5192 esse
1006 5129 1289 5184 confusos.

397 5225 531 5278 XIX.
582 5251 646 5264 -—
692 5222 796 5293 (45)
849 5223 926 5275 De
983 5221 1252 5276 Consensu
1306 5222 1543 5287 quatuor
1609 5217 2095 5285 Evangelistarum

613 5376 616 5377 ν
1024 5308 1156 5363 libri
1183 5311 1437 5376 quatuor.

467 5402 593 5458 Sine
636 5413 800 5468 anno,
863 5398 972 5453 loco
1017 5401 1067 5452 et
1119 5400 1358 5466 typogr.,
1417 5394 1599 5462 in-fol.
1670 5394 1748 5448 De
1803 5393 2094 5450 Consensu

395 5494 645 5565 quatuor
674 5487 1181 5558 Evangelistarum.
1211 5484 1492 5540 Volumen
1529 5484 1853 5538 charactere
1893 5485 2092 5540 Gothi—

312 5591 326 5604 ’
394 5598 459 5638 co
491 5577 800 5634 admodum
851 5577 1137 5630 luculento
1184 5578 1242 5629 et
1281 5573 1512 5647 aequali,
1543 5573 1603 5628 in
1631 5571 1824 5628 charta
1852 5573 2091 5630 candida

2210 4423 2526 4496 Cyranum).
2560 4423 2811 4479 Pertinet
2847 4425 2919 4479 ad
2960 4425 3112 4480 hunc
3151 4425 3399 4481 librum:
3451 4428 3688 4483 Censura
3717 4426 3775 4481 S.
3808 4429 3915 4481 Fa-

2207 4512 2426 4564 cultatis
2467 4513 2771 4580 theoloyicz
2815 4515 3161 4583 Parisiensis,
3203 4516 3318 4569 lata
3362 4518 3422 4569 in
3443 4515 3661 4582 librum,
3685 4517 3790 4584 qui
3819 4518 3910 4569 in-

2207 4599 2509 4654 scribitur:
2556 4603 2629 4654 De
2688 4602 2744 4654 la
2794 4604 2970 4656 sainte
3023 4603 3306 4671 virginite',
3347 4607 3454 4659 etc.
3522 4605 3702 4671 Paris,
3761 4605 3916 4673 apud

2205 4687 2448 4742 Adrian.
2505 4690 2821 4758 Tapuinort,
2875 4694 3032 4761 1638,
3073 4693 3227 4747 ἑτι-4ο
3265 4692 3348 4748 Cf.
3404 4693 3542 4747 Bibl.
3570 4696 3802 4748 Jansen.
3849 4709 3908 4763 p.

2209 4777 2329 4842 198,
2376 4793 2428 4831 a.
2461 4779 2616 4831 1722.

2277 4865 2396 4919 Huc
2424 4865 2600 4920 etiam
2630 4867 2840 4922 referas
2874 4887 2891 4922 :

2277 4955 2433 5008 1680.
2486 4956 2668 5018 Paris,
2715 4957 2839 5010 chez
2881 4958 3031 5012 Helie
3065 4957 3291 5025 Josset;
3336 4961 3546 5016 iii-12°.
3609 4978 3639 5010 οι
3685 4958 3912 5014 Traitez

2202 5042 2271 5097 (16
2300 5045 2516 5098 morale
2545 5045 2613 5099 de
2633 5045 2687 5100 8.
2719 5046 3043 5116 Augustim,
3092 5063 3242 5116 pour
3294 5051 3423 5102 tous
3475 5048 3555 5101 les
3604 5048 3770 5113 états,
3807 5047 3919 5118 qui

2202 5137 2534 5202 composent
2575 5131 2629 5186 16
2673 5149 2841 5204 corps
2871 5134 2940 5188 de
2973 5135 3214 5206 l'Eglise,
3249 5136 3486 5203 scavoir,
3521 5140 3578 5189 1°
3623 5135 3692 5190 de
3726 5137 3782 5190 la
3811 5135 3914 5192 Ste

2202 5219 2488 5291 virginité,
2518 5237 2665 5292 pour
2711 5223 2792 5275 les
2821 5222 3078 5293 vierges;
3112 5227 3172 5277 2ο
3210 5224 3288 5278 du
3317 5224 3450 5278 bien
3482 5224 3552 5278 de
3583 5224 3638 5278 la
3665 5225 3919 5292 viduité,

2203 5311 2260 5364 3ο
2287 5309 2356 5364 (16
2385 5309 2440 5364 la
2492 5309 2745 5364 maniére
2786 5309 2926 5365 dont
2970 5327 3044 5366 on
3102 5313 3225 5367 doit
3271 5312 3426 5384 prier
3476 5312 3619 5367 Dieu
3651 5329 3803 5383 pour
3823 5313 3922 5367 les

2200 5413 2404 5454 veuves
2428 5413 2446 5468 ;
2472 5399 2533 5452 4ο
2561 5397 2638 5452 du
2667 5398 2801 5454 bien
2826 5399 2896 5455 de
2928 5399 3180 5472 mariage
3205 5419 3223 5468 ;
3256 5403 3315 5454 5ο
3344 5401 3423 5455 du
3460 5401 3718 5472 mariage
3751 5405 3809 5456 et
3833 5399 3919 5456 de

2197 5487 2256 5542 la
2286 5486 2731 5559 concupisence:
2792 5488 3034 5545 traduits
3092 5505 3162 5544 en
3217 5488 3464 5558 francois
3507 5505 3614 5560 par
3661 5490 3734 5545 Μ.
3765 5493 3921 5546 Jean

2202 5577 2430 5632 Hamon.
2463 5596 2491 5628 ))
