4044 6190
154 289 249 341 HS

482 414 630 467 XXI.
657 442 724 451 —
757 412 865 479 (55;
894 413 980 465 De
1004 414 1219 467 Unitate
1246 414 1511 469 Ecclesia.

218 502 375 555 1602.
432 501 808 567 Μοςυηιίω...
866 500 922 554 8.
982 500 1285 569 Augustini
1340 500 1483 554 liber
1562 517 1663 555 seu
1716 502 1846 573 Epi-

140 590 283 642 stola
339 589 410 642 de
464 588 695 643 Unitate
750 588 1012 642 Ecclesia:
1064 593 1262 641 contra
1317 588 1582 643 Petiliani
1640 592 1840 644 Donat.

143 677 479 746 Epistolam,
509 677 889 746 argumentis,
925 676 1072 730 notis
1106 681 1274 747 atque
1331 678 1547 748 analysi
1599 677 1835 732 illustra-

136 770 211 828 ta,
244 765 441 818 studio
465 766 623 818 Justi
647 766 879 820 Calvini.
930 766 1120 819 Exstat
1194 765 1253 819 in
1308 766 1565 835 ejusdem
1600 769 1846 821 Prwscri-

126 856 387 923 ptionum
439 855 700 908 adversus
739 855 972 909 Haerett.
1009 856 1211 908 Tractt.
1254 871 1287 907 a
1313 871 1440 923 pag.
1477 857 1599 909 249.
1632 856 1693 908 In
1723 856 1840 911 Cat.

132 943 269 997 Bibl.
302 943 463 997 Bold.
506 943 657 996 idem
699 943 843 997 liber
870 943 1103 1012 praeﬁxo
1154 960 1205 996 a.
1270 946 1403 997 1605
1461 942 1747 1009 laudatur,
1781 946 1845 996 ut

129 1032 306 1085 semel
355 1032 479 1102 jam
509 1048 541 1084 a
569 1032 736 1085 nobis
756 1032 1063 1085 monitum.
1775 1033 1780 1038 ’

199 1124 371 1174 1657.
403 1120 750 1174 Helmstadii
804 1136 872 1174 ea:
920 1125 1135 1190 typogr.
1159 1121 1373 1189 (Calizct.
1405 1121 1573 1174 in-8°.
1609 1119 1701 1175 SS.
1739 1120 1841 1191 Cy-

125 1210 319 1280 priani
377 1216 431 1263 et
485 1210 791 1282 Augustini
844 1210 913 1264 de
974 1211 1193 1263 unitate
1244 1209 1503 1263 Ecclesia:
1549 1214 1834 1264 tractatus.

121 1300 367 1353 Accedit
398 1302 628 1367 Georgii
674 1300 902 1363 Calimti,
952 1299 1006 1353 S.
1040 1299 1212 1353 theol.
1255 1298 1401 1352 doct.
1452 1302 1509 1352 et
1556 1298 1615 1351 in
1666 1300 1834 1352 Acad.

120 1388 271 1441 Julia
317 1390 472 1458 prof.
520 1389 803 1459 primarii,
837 1388 895 1442 in
926 1388 1261 1442 eorumdem
1314 1387 1591 1441 librorum
1650 1388 1837 1441 lectio-

120 1492 257 1530 nem
291 1478 727 1533 Introductionis
764 1477 1175 1549 fragmentum,
1206 1476 1408 1530 edente
1459 1476 1610 1530 Frid.
1662 1477 1837 1531 Ulrico

120 1568 372 1633 Calixto,
407 1568 632 1633 Georgii
659 1568 789 1635 ﬁlio.
814 1588 842 1615 ››

190 1656 669 1723 1690.Ultrajecti
712 1655 866 1725 apud
920 1654 1144 1707 viduam
1193 1654 1344 1707 Guil.
1404 1654 1603 1719 Clerck,
1666 1654 1832 1706 ἑτι-4ο.

116 1743 345 1797 Aurelii
376 1744 709 1815 Augustini,
732 1742 985 1815 episcopi
1017 1742 1420 1813 Hipponensis,
1439 1741 1587 1795 liber
1614 1742 1683 1795 de
1707 1741 1837 1795 Uni-

118 1832 237 1883 tate
298 1831 568 1885 Ecclesia:
637 1836 836 1885 contra
903 1832 1240 1885 Donatistas.
1292 1833 1445 1885 Exst.
1500 1846 1631 1884 cum
1670 1830 1834 1884 Com-

116 1918 431 1971 mentariis
471 1919 778 1974 uberrimis
808 1923 866 1974 et
919 1919 1239 1973 utilissimis
1271 1919 1329 1973 in
1361 1920 1677 1973 Melchioris
1704 1920 1837 1986 Ley-

116 2005 339 2059 deckeri
376 2008 640 2061 Historia
697 2010 975 2063 illustrata
1034 2010 1282 2062 Ecclesiae
1326 2010 1627 2074 Africane,
1673 2007 1836 2078 cujus

115 2099 307 2149 totum
343 2112 496 2165 pene
524 2100 749 2151 tomum
779 2097 1094 2152 secundum
1133 2096 1426 2151 constituit
1454 2096 1832 2166 inscriptum:

120 2186 320 2239 Tomus
343 2185 615 2239 secundus
636 2186 705 2240 ad
746 2187 971 2241 Librum
1004 2189 1307 2253 Augustini
1354 2186 1419 2239 de
1476 2187 1692 2240 Unitate
1738 2187 1837 2239 Ec-

116 2273 291 2327 clesia
313 2278 510 2328 contra
554 2276 897 2341 Donatistas,
948 2275 1013 2328 de
1042 2276 1336 2344 Principiis
1386 2275 1633 2329 Ecclesiae
1662 2275 1834 2339 Afri-

117 2377 285 2423 cana,
320 2363 585 2432 illiusque
604 2363 716 2434 ﬁde
754 2365 813 2416 επ
865 2364 1129 2418 Articulis
1192 2363 1258 2417 de
1297 2363 1487 2432 Capite
1545 2363 1757 2418 Christo
1784 2366 1837 2416 et

126 2450 385 2511 Ecclesia,
415 2450 484 2503 de
518 2453 734 2505 Unitate
780 2456 830 2504 et
890 2452 1210 2517 Schismate,
1266 2452 1630 2521 plurimisque
1684 2451 1833 2505 Reli—

124 2540 296 2604 gionis
321 2538 656 2593 Christianae
683 2539 953 2609 capitibus
971 2542 1109 2607 agit.

883 2630 1091 2683 Versio.

194 2716 416 2769 Gallice
453 2714 624 2768 vertit
654 2716 991 2786 notulasque
1048 2715 1120 2769 ad
1151 2715 1537 2770 difﬁciliorum
1575 2716 1833 2769 locorum

126 2802 576 2873 intelligentiam
638 2802 881 2873 aspersit
929 2805 1055 2857 Jac.
1110 2806 1326 2870 Tigeou,
1385 2802 1829 2873 Andegavensis,

130 2893 289 2944 tneo].
326 2892 532 2945 doctor
560 2895 614 2944 et
666 2892 973 2945 canonicus
1031 2892 1287 2946 Ecclesia
1336 2890 1673 2945 cathedralis
1715 2892 1832 2944 Me—

1176 287 1449 344 NOTITIA
1494 290 1914 347 LITTERARIA
1953 292 2022 348 IN
2061 294 2115 349 S.
2159 295 2625 353 AUGUSTINUM.

3556 303 3654 357 146

1882 415 1929 470 A
2024 419 2371 487 —Parisiis,
2413 419 2565 489 apud
2610 420 2813 473 Anton.
2868 421 3243 491 Augarellum,
3291 424 3389 477 sub
3430 425 3653 481 intersi-

1954 508 2081 573 gnio
2111 510 2173 561 D.
2201 509 2407 576 Jacobi,
2462 512 2559 563 via
2600 508 2674 562 ad
2729 510 2785 564 S.
2833 511 3191 564 Jacobum....
3250 511 3303 565 S.
3361 514 3496 567 Aur.
3531 518 3652 567 Au-

1954 594 2170 663 gustini
2224 596 2292 649 de
2335 596 2552 665 Spiritu
2601 601 2657 650 et
2705 596 2914 651 Littera
2960 597 3107 651 liber
3152 615 3299 651 unus
3351 616 3464 653 una
3520 618 3649 655 cum

1954 683 2191 754 epistola
2224 684 2293 737 ad
2337 684 2555 737 Sixtum
2608 686 3002 755 presbyterum
3062 686 3329 741 adversus
3390 689 3649 760 Pelagia—

1954 787 2161 825 norum
2182 777 2540 842 argumenta.

2027 862 2181 913 1542.
2211 862 2509 923 Parisiis..,
2540 864 2706 915 ain-8°.
2751 862 2907 916 Idem
2958 863 3119 917 liber.
3177 864 3395 919 Vidisse
3456 883 3514 919 se
3560 870 3647 920 te-

1952 949 2133 999 statur
2156 952 2352 1000 auctor
2390 948 2762 1003 Coloniensis.

2026 1034 2180 1087 1545.
2221 1036 2636 1103 Wittembergas,
2671 1039 2945 1105 impressit
2980 1040 3249 1107 Josephus
3280 1040 3443 1108 Klug,
3474 1043 3641 1095 ἰη-8ο.

1950 1122 2273 1191 Augustini,
2334 1127 2697 1193 Hipponensis
2747 1126 2859 1195 (sic)
2911 1126 3181 1197 episcopi,
3236 1128 3378 1181 liber
3420 1129 3488 1181 de
3515 1130 3645 1199 Spi-

1949 1210 2062 1263 ritu
2111 1216 2168 1265 et
2222 1212 2445 1266 Littera.
2509 1214 2648 1267 Cum
2708 1213 3046 1283 praefatione
3097 1221 3153 1268 et
3210 1217 3645 1285 praamonitione

1950 1298 2195 1353 lectoris.
2233 1302 2429 1355 Nescio
2450 1318 2523 1355 an
2545 1302 2760 1355 fallitur
2780 1303 3255 1357 Hendreichiusin
3276 1306 3449 1358 Pand.
3477 1308 3646 1361 Bran-

1949 1386 2064 1440 deb.
2095 1404 2132 1457 p
2166 1392 2290 1457 341,
2318 1390 2624 1443 editionem
2648 1391 3113 1461 Vitebergensem
3144 1409 3196 1448 a.
3234 1395 3369 1447 1548
3384 1394 3640 1450 laudans.

2026 1478 2175 1529 1368.
2208 1480 2550 1547 Αηιῑιθνρὶστ,
2576 1478 2760 1533 in-l6.
2806 1479 2865 1533 8.
2903 1482 3041 1533 Aur.
3074 1482 3218 1551 Aug.
3251 1481 3318 1534 de
3347 1482 3560 1551 Spiritu
3592 1488 3647 1537 et

1949 1561 2157 1617 Littera
2188 1566 2258 1619 ad
2289 1566 2677 1620 Marcellinum
2736 1567 2881 1621 liber
2916 1584 3083 1622 unus.
3122 1568 3386 1638 Ejusdem
3439 1570 3508 1624 de
3539 1586 3646 1624 na-

1946 1654 2071 1703 tura
2103 1656 2158 1707 et
2204 1654 2406 1723 gratia.
2434 1655 2575 1708 Item
2605 1655 2673 1708 de
2705 1655 2817 1709 ﬁde
2862 1660 2920 1709 et
2974 1656 3261 1727 operibus,
3316 1659 3646 1714 Colonienses

1947 1755 2011 1793 ex
2040 1742 2262 1809 Lipenio
2303 1747 2359 1795 et
2405 1745 2695 1797 Becmanni
2752 1746 2872 1800 Cat.
2926 1745 3065 1799 Bibl.
3127 1748 3379 1812 Francof.
3438 1763 3493 1817 p.
3554 1750 3641 1813 35,

1944 1828 2150 1899 quibus
2182 1830 2325 1883 adde
2352 1831 2792 1885 Hendreichium
2812 1833 2895 1885 ιλ.

2014 1918 2146 1971 Sac.
2206 1920 2392 1973 XVIII.
2450 1948 2523 1960 —
2580 1924 2733 1973 1767.
2800 1922 3020 1989 Ιιίρεὶκ,
3089 1921 3239 1990 apud
3314 1924 3403 1977 Jo.
3486 1922 3640 1977 Frid.

1953 2006 2496 2072 Witzleben;in—8°,
2527 2010 2665 2062 Aur.
2696 2009 3019 2079 Augustini.
3057 2009 3189 2080 Hip.
3242 2026 3333 2079 ep.
3385 2010 3453 2064 de
3511 2010 3644 2080 Spi-

1941 2094 2060 2149 ritu
2106 2102 2163 2149 et
2213 2094 2425 2149 Littera
2464 2096 2532 2150 ad
2573 2096 2961 2151 Marcellinum
2999 2097 3146 2151 liber
3202 2114 3349 2151 unus
3376 2114 3405 2150 e
3436 2114 3640 2152 recen-

1942 2182 2104 2237 sione
2152 2184 2587 2239 Benedictorum
2618 2201 2648 2239 e
2680 2186 2961 2257 Congreg.
3012 2186 3069 2241 S.
3125 2187 3322 2252 Mauri,
3371 2187 3640 2241 varietate

1940 2272 2252 2326 lectionum
2297 2272 3007 2345 animadversionibusque
3052 2275 3320 2329 brevibus
3377 2275 3637 2329 illustra-

1939 2364 2030 2415 tus
2059 2361 2129 2414 ab
2157 2363 2253 2415 J0.
2290 2363 2489 2418 Christ.
2540 2365 2779 2417 Beniam.
2813 2366 3015 2432 Teegio.
3045 2364 3101 2418 S.
3133 2364 3188 2418 8.
3236 2364 3431 2417 Theol.
3490 2364 3635 2418 Cult.

1940 2480 2008 2489 —
2053 2451 2119 2503 In
2148 2450 2485 2521 prmfatione
2531 2468 2712 2522 pauca
2769 2452 2838 2505 de
2893 2452 3184 2505 occasione
3232 2452 3411 2506 libelli
3465 2453 3638 2522 hujus

1939 2538 2195 2609 itemque
2227 2540 2296 2593 de
2326 2539 2672 2594 editionibus
2702 2556 2765 2595 ac
2790 2540 3217 2595 recensionibus
3249 2541 3373 2609 ejus
3404 2556 3637 2593 monen-

1940 2632 2054 2692 tur,
2089 2628 2189 2683 ubi
2233 2628 2405 2683 etiam
2436 2629 2508 2682 ad
2540 2629 2781 2682 aliorum
2836 2629 3118 2683 librorum
3146 2628 3479 2699 singulatim
3509 2628 3635 2682 edi-

1940 2719 2130 2770 torum
2160 2717 2516 2771 mentionem
2546 2716 2814 2771 decurrit.
2847 2717 3139 2786 Inscripsit
3178 2717 3368 2771 Erdm.
3416 2716 3635 2770 Rudol-

1940 2803 2053 2874 pho
2076 2803 2354 2867 Fischero,
2391 2804 2656 2875 theologo
2687 2804 3056 2875 Coburgensi.

2016 2894 2169 2945 I770.
2224 2892 2446 2961 Lipsiae,
2530 2893 2681 2960 apud
2723 2893 2856 2946 Joh.
2921 2893 3074 2946 Frid.
3142 2892 3631 2959 Langenhemium;

132 2979 314 3040 tensis.
348 2995 484 3050 qua:
515 2978 670 3033 illius
704 2980 887 3033 versio
914 2980 1128 3050 prodiit
1177 2982 1403 3035 Rhemis
1438 2982 1594 3047 1567,
1647 2979 1825 3033 in—8°.
1866 2989 1907 3045 α
1939 2980 2111 3032 in-8°.
2140 2980 2273 3031 Aur.
2303 2980 2495 3047 Aug...
2548 2978 2617 3031 de
2675 2978 2771 3048 Sp.
2831 2983 2887 3031 et
2941 2977 3185 3032 Litteriis
3244 2978 3314 3031 ad
3366 2979 3435 3032 Μ.
3491 2979 3637 3032 liber

133 3068 219 3120 sub
246 3067 341 3121 tit.
381 3084 395 3121 :
422 3070 642 3136 Epistre
668 3084 736 3122 ou
778 3069 825 3122 lc
874 3069 1033 3122 Livre
1059 3069 1125 3123 de
1155 3071 1209 3125 S.
1239 3070 1519 3136 Augustin
1538 3068 1604 3122 de
1633 3066 1828 3122 l’Unité

128 3156 181 3209 de
220 3156 484 3224 l‘Eglise,
531 3156 723 3211 Contre
770 3159 1015 3225 Petilien,
1065 3174 1285 3226 evesque
1343 3160 1651 3225 Donatiste,
1705 3172 1828 3209 avec

126 3246 387 3297 certaines
452 3243 815 3298 observations
869 3261 1008 3313 pour
1081 3246 1333 3299 entendre
1386 3247 1459 3299 les
1510 3246 1659 3299 lieua:
1700 3246 1828 3313 plus

125 3331 376 3400 difﬁciles
404 3352 420 3389 :
446 3334 753 3402 impriméd
800 3336 977 3388 Reims
993 3350 1101 3403 par
1139 3336 1287 3388 Jean
1336 3334 1403 3388 de
1449 3336 1677 3403 Foigny.
1740 3332 1822 3388 Cf.

126 3421 428 3475 Duverdier
446 3421 537 3475 ed.
560 3421 625 3475 de
643 3424 898 3490 Juvigny.
938 3426 979 3475 t.
1014 3422 1101 3483 IV,
1137 3424 1259 3476 314.

335 3512 523 3565 XXII.
557 3540 626 3551 —
654 3512 774 3581 (67)
800 3514 874 3565 De
916 3512 1128 3581 Spiritu
1155 3516 1206 3565 et
1232 3513 1440 3567 Littera
1460 3511 1612 3565 liber.

191 3598 328 3653 Sac.
357 3600 467 3653 XV.
492 3629 562 3640 —
590 3601 721 3653 Sine
748 3616 910 3667 anno,
944 3601 1053 3655 loco
1082 3604 1132 3654 et
1163 3606 1405 3671 typogr.,
1433 3602 1606 3671 iri—4°,
1639 3598 1696 3654 S.
1723 3601 1829 3653 Au-

127 3686 337 3755 gustini
371 3687 521 3741 liber
557 3688 625 3742 de
655 3688 873 3759 Spiritu
916 3692 970 3743 et
998 3690 1226 3744 Littera.
1255 3689 1521 3758 Adjectus
1558 3692 1645 3741 est
1686 3691 1827 3742 Tra-

128 3781 300 3831 status
328 3777 604 3847 anonymi
624 3777 689 3831 de
712 3779 992 3847 periculis,
1022 3794 1142 3848 quae
1168 3780 1489 3846 contingunt
1541 3780 1689 3831 circa
1714 3778 1828 3830 Sa-

128 3870 461 3919 cramentum
516 3866 893 3934 Eucharistiz,
968 3868 1056 3920 cui
1138 3882 1354 3920 annexa
1415 3870 1494 3920 est
1574 3864 1827 3919 resolutio

128 3956 473 4023 questionis:
507 3958 690 4008 utrum
718 3956 992 4024 suﬂ'ragia
1043 3957 1198 4021 facta
1243 3970 1346 4023 pro
1396 3955 1581 4008 multis
1610 3954 1828 4022 aquali-

129 4048 205 4095 ter
224 4045 445 4112 prosint
472 4044 748 4109 singulis?
774 4044 1010 4098 Exhibet
1037 4044 1106 4097 cl.
1142 4044 1414 4099 Seemiller
1468 4041 1605 4094 fasc.
1662 4041 1705 4104 Ι,
1765 4056 1822 4111 p.

133 4134 245 4185 191.
280 4132 489 4185 Totum
518 4132 789 4185 volumen
820 4130 973 4185 foliis
1024 4134 1090 4186 38
1121 4130 1439 4197 conficitur,
1481 4128 1824 4199 exscriptum

130 4219 451 4273 charactere
477 4220 734 4285 Gothico,
767 4235 940 4289 quem
972 4218 1117 4272 alius
1147 4216 1571 4287 comparatione
1608 4217 1823 4271 ibidem

1937 3082 2155 3122 unus...
2209 3068 2423 3120 Iterum
2480 3066 2659 3121 edidit
2692 3068 2793 3120 rel.
2850 3070 2930 3121 Jo.
2966 3068 3163 3124 Christ.
3218 3068 3463 3123 Beniam.
3512 3070 3630 3121 Tee.

1937 3158 2079 3224 gius.
2124 3154 2341 3209 Scholae
2386 3155 2663 3224 Sangerh.
2712 3155 2828 3209 Col.
2887 3156 2988 3210 ΙΙΙ.
3055 3154 3467 3209 Correctiorem
3514 3171 3635 3209 sese

1934 3243 2238 3315 proﬁtetur
2264 3245 2442 3298 altera
2501 3244 2700 3312 editio,
2731 3247 2895 3297 aucta
2943 3243 3179 3313 insuper
3223 3242 3411 3297 indice
3440 3258 3633 3296 rerum

1934 3327 2419 3388 memorabiliu'm.

2649 3423 2947 3477 Versiones.

2006 3511 2226 3564 Italica.
2276 3538 2337 3550 —
2399 3512 2555 3566 1543.
2618 3512 2871 3576 Venezia,
2922 3524 3025 3580 per
3078 3510 3261 3566 Comin
3316 3509 3391 3563 da
3440 3510 3631 3575 Trino;

1934 3600 2090 3653 in-8°.
2130 3620 2150 3647 ι
2184 3598 2369 3669 Opera
2396 3598 2704 3652 utilissima
2734 3598 2823 3653 del
2854 3599 2914 3652 Β.
2940 3597 3217 3669 Agostino
3240 3599 3304 3651 V.
3338 3598 3381 3650 Ι.
3408 3597 3474 3651 de
3501 3598 3635 3666 Spi—

1934 3689 2049 3740 ritu
2064 3692 2113 3741 et
2141 3688 2351 3741 Littera
2380 3686 2680 3754 chiamata,
2714 3688 2766 3740 al
2798 3689 2858 3741 B.
2894 3685 3238 3752 Marcellino,
3296 3688 3635 3739 novamente

1933 3773 1992 3828 di
2020 3773 2198 3827 latino
2230 3775 2291 3827 in
2320 3775 2549 3845 volgare
2579 3774 2847 3829 tradotta.
2884 3793 2911 3827 »

2006 3862 2249 3915 Gallice.
2282 3891 2350 3901 —
2389 3863 2539 3916 1547.
2575 3863 2743 3929 Lyon,
2770 3877 2875 3930 par
2898 3863 3462 3921 JeanPitier.in-16.
3502 3881 3525 3909 α
3561 3861 3635 3915 Le

1934 3948 2071 4002 livre
2105 3949 2174 4003 de
2232 3949 2457 4020 I’Esprit
2513 3953 2568 4003 et
2614 3950 2683 4003 de
2741 3951 2795 4003 la
2860 3950 3049 4005 Lettre
3105 3951 3175 4005 de
3217 3950 3269 4004 S.
3327 3946 3629 4018 Augustin,

1934 4037 2149 4092 traduit
2197 4054 2304 4106 par
2356 4041 2583 4106 Jacques
2633 4040 2706 4092 Le
2746 4039 2922 4093 Conte.
2960 4058 2988 4087 ι)
3046 4038 3123 4092 Cf.
3181 4037 3482 4093 Duverdier
3540 4036 3631 4090 ed.

1933 4142 2102 4192 nova,
2134 4126 2194 4179 T.
2220 4126 2306 4189 IV,
2340 4142 2394 4194 p.
2427 4128 2552 4179 274.

2014 4213 2168 4269 1551.
2214 4214 2389 4280 Paris,
2451 4213 2517 4266 de
2597 4212 2979 4281 l’Imprimerie
3044 4213 3110 4265 de
3178 4213 3340 4266 Mich.
3420 4214 3626 4278 Vosca;

130 4309 363 4379 propius
396 4276 733 4362 declaravit:
771 4276 956 4361 Linea:
1001 4309 1069 4361 28
1102 4276 1369 4377 paginam
1418 4304 1651 4359 faciunt.
1707 4306 1828 4357 Nu—
1864 4276 1912 4333 Ῑ)
1939 4304 2107 4356 ίη-4ο.
2143 4320 2167 4353 α
2189 4276 2469 4371 Οριιειέιιιθ
2492 4300 2559 4355 de
2588 4300 2642 4355 S.
2672 4276 2974 4371 Augustin,
3005 4300 3221 4371 évéque
3256 4300 3325 4354 de
3360 4276 3632 4370 Hyppone

130 4399 292 4465 meri,
333 4400 668 4468 signaturis,
702 4396 982 4461 custodes,
1017 4394 1264 4449 initiales
1312 4393 1517 4447 litteraa
1560 4398 1619 4447 et
1674 4392 1826 4446 tituli

129 4487 349 4551 desunt,
380 4485 493 4539 nisi
550 4485 702 4556 quod
755 4484 825 4538 ab
872 4483 1037 4537 initio
1065 4482 1309 4554 legitur:
1342 4484 1549 4553 Incipit
1574 4483 1829 4551 prologue

131 4576 269 4629 beati
295 4575 611 4640 Augustini
656 4575 895 4643 episcopi
919 4575 977 4627 in
1034 4572 1168 4627 libro
1214 4571 1334 4642 (sic)
1384 4571 1449 4624 de
1496 4572 1711 4639 Spiritu
1779 4574 1829 4623 et

132 4664 369 4717 Littera:
416 4667 472 4717 et
501 4662 616 4716 ﬁne
645 4662 796 4730 libri,
830 4661 931 4732 qui
968 4661 1030 4715 in
1082 4660 1331 4731 primam
1384 4659 1654 4730 paginam
1705 4657 1829 4712 folii

132 4755 195 4805 3‘5
224 4751 461 4805 incidit:
489 4752 734 4821 Emplicit
778 4751 919 4805 liber
939 4751 1095 4804 Beati
1146 4748 1449 4816 Augustini
1476 4749 1715 4816 episcopi
1765 4746 1830 4799 de

130 4843 325 4909 spiritu
343 4846 397 4895 et
428 4842 629 4895 littera.

195 4928 330 4982 Sac.
360 4928 496 4982 XVI.
519 4958 586 4967 —
621 4928 776 4982 1524.
808 4925 1239 4992 Norimbergz...
1273 4925 1336 4978 D.
1356 4926 1493 4978 Aur.
1527 4922 1831 4994 Augustini

132 5015 196 5070 de
225 5015 445 5087 Spiritu
472 5019 529 5069 et
552 5015 758 5069 Littera
788 5014 937 5068 liber
965 5029 1132 5067 unus.
1177 5012 1433 5067 Laudant
1472 5013 1825 5069 Colonienses.

201 5108 357 5159 1527.
420 5106 668 5167 Coloniae,
722 5104 875 5173 apud
922 5105 1183 5157 Heronem
1263 5102 1615 5170 Alopecium;
1678 5102 1825 5153 in-8.

136 5193 190 5245 Ι).
221 5197 359 5249 Aur.
392 5192 701 5263 Augustini
746 5193 815 5247 de
860 5191 1070 5263 Spiritu
1120 5195 1178 5245 et
1218 5190 1428 5245 Littera
1480 5190 1627 5243 liber
1660 5204 1826 5241 unus.

140 5281 399 5335 Eamdem
433 5281 744 5336 editionem
775 5281 882 5336 sub
913 5297 1063 5335 anno
1133 5282 1267 5335 1528
1310 5278 1525 5351 profert
1579 5278 1833 5344 Ossinger

140 5366 188 5420 in
208 5369 344 5422 Bibl.
377 5371 676 5434 Augustin.

202 5460 357 5513 1538.
401 5459 657 5512 Parisiis.
713 5458 865 5530 apud
918 5459 1072 5513 Joan.
1132 5458 1377 5526 Riogny;
1426 5456 1613 5508 in—l6.
1676 5452 1833 5507 Idem

141 5545 285 5601 liber,
322 5548 599 5615 Ossinger.

1937 4407 2005 4445 en
2038 4390 2294 4461 Afrique,
2353 4390 2422 4444 de
2475 4388 2705 4461 l’Esprit
2742 4392 2798 4443 et
2852 4389 2921 4443 de
2969 4390 3024 4443 la
3059 4390 3259 4450 Lettre,
3299 4388 3511 4442 traduit
3531 4404 3637 4458 par

1944 4481 2195 4533 Valentin
2224 4480 2299 4533 du
2330 4480 2577 4548 Caunoy.
2635 4497 2664 4530 π
2724 4480 2903 4534 Maitt.
2934 4483 3083 4548 part.
3118 4495 3176 4532 ιι.
3214 4482 3257 4532 t.
3286 4478 3385 4545 III,
3413 4493 3470 4548 p.
3510 4480 3633 4532 598.

1938 4561 2235 4623 Daverdier
2254 4567 2340 4621 ed.
2370 4583 2534 4632 nova,
2559 4568 2618 4621 T.
2643 4568 2729 4627 IV,
2748 4583 2804 4637 p.
2833 4569 2958 4622 439.

2012 4658 2168 4709 1700.
2218 4656 2397 4719 Paris,
2455 4656 2580 4707 chez
2649 4656 2984 4723 .lean.Bapt.
3055 4653 3375 4725 Coignard;
3458 4655 3632 4708 in-l2.

1940 4764 1966 4794 «
2009 4744 2081 4798 Lc
2113 4743 2273 4796 Livre
2304 4742 2373 4796 de
2424 4742 2480 4796 S.
2539 4742 2821 4811 Augustin
2873 4742 2942 4795 de
2990 4743 3218 4813 l’Esprit
3244 4746 3301 4795 et
3329 4742 3398 4795 de
3428 4743 3481 4794 la
3512 4742 3631 4795 Let-

1936 4836 2044 4897 tre,
2078 4830 2301 4885 traduit
2334 4846 2403 4883 en
2432 4828 2675 4896 francois
2706 4845 2805 4883 sur
2856 4829 3109 4883 l’édition
3156 4830 3256 4883 des
3314 4830 3417 4882 PP.
3451 4828 3633 4882 Béné-

1936 4920 2160 4980 dictins,
2192 4935 2297 4989 par
2323 4920 2573 4987 Philippe
2602 4918 2854 4973 Goibaud
2882 4918 2956 4971 du
2986 4920 3129 4972 Bois.
3171 4938 3199 4965 ι)

2006 5008 2201 5063 XXIII.
2241 5035 2305 5048 --
2333 5008 2446 5078 (68)
2480 5010 2553 5061 De
2573 5007 2704 5062 Fide
2723 5011 2775 5060 et
2804 5006 3085 5076 Operibus,
3110 5007 3245 5060 liber
3270 5020 3430 5059 unus.

2012 5098 2165 5151 1473.
2224 5097 2470 5152 Colonia.
2511 5139 2521 5149 .
2560 5136 2573 5149 .
2617 5135 2630 5148 .
2662 5095 2828 5148 iii-40.
2887 5096 2945 5148 Β.
3004 5092 3304 5163 Augustini
3357 5091 3502 5146 liber
3564 5092 3633 5145 de

1939 5185 2070 5241 Fide
2102 5188 2157 5238 et
2187 5184 2629 5256 Operibus.Cat.
2652 5183 2793 5238 Bibl.
2831 5182 3031 5238 Boldei.

2013 5275 2167 5327 1523.
2197 5274 2570 5340 Argentorati,
2604 5288 2672 5326 ea:
2692 5273 2917 5341 ofﬁcina
2938 5271 3210 5326 litteraria
3234 5270 3498 5335 ingeniosi
3523 5271 3637 5323 viri

1938 5365 2019 5417 Io.
2053 5364 2399 5429 Grieninger,
2441 5364 2601 5417 ἱππ-4ο.
2637 5361 2763 5416 Divi
2803 5358 3107 5429 Augustini
3158 5358 3384 5412 libellus
3427 5374 3635 5413 aureus

1940 5450 2008 5505 de
2042 5450 2177 5505 Fide
2207 5454 2263 5505 et
2290 5449 2589 5521 Operibus.
2648 5450 2836 5502 Exstat
2863 5462 2993 5500 cum
3026 5445 3249 5502 Ysidoro
3277 5445 3343 5499 de
3385 5448 3540 5499 sectis
3585 5449 3637 5499 et

1942 5541 2248 5595 nominibus
2319 5541 2707 5597 haereticorum.
2789 5536 2925 5590 item
2983 5533 3313 5606 Hieronymi
3376 5534 3512 5589 libro
3569 5533 3637 5587 de
