3926 6192
250 260 343 312 147
1260 255 1817 311 SUPPLEMENTUM
1857 255 1946 311 AD
1982 254 2213 311 OPERA
2253 256 2307 310 S.
2349 256 2737 312 AUGUSTINI.

3652 255 3760 307 148

242 385 399 453 Perp.
438 384 593 450 Virg.
626 383 818 437 Mariae
846 385 903 435 et
929 380 1182 450 Epistola
1208 380 1326 448 ejus
1355 384 1541 434 contra
1579 379 1941 448 Vigilantiam
1979 379 2024 432 A
2058 380 2388 448 Ypponensis
2417 378 2483 432 de
2512 379 2742 436 Civitate
2770 380 2866 433 Dei
2892 377 3027 431 liber
3072 375 3618 431 uicesimussecundus
3649 391 3758 429 ea:-

238 470 486 542 junctim
543 470 681 525 editi
749 470 819 523 ab
867 469 1033 524 Hier.
1067 469 1351 533 Gebwiler,
1415 467 1755 522 cathedralis
1805 467 1941 521 tedis

245 563 381 631 Arg.
416 560 696 615 Litterarii
726 558 1161 629 Ludimagistro.
1199 558 1315 612 Fol.
1350 574 1560 611 v-xxvn.

312 651 665 716 —Augustz
697 647 982 707 Vindelic.,
1018 648 1188 701 in—8°.
1224 648 1293 699 D.
1353 649 1488 699 Aur.
1519 652 1665 717 Aug.
1698 645 1841 699 liber
1872 645 1941 699 de

247 737 377 791 Fide
403 742 459 791 et
489 736 763 807 Operibus
794 737 867 789 M.
902 735 1043 789 Bibl.
1086 735 1227 789 Eccl.
1265 735 1375 790 Col.
1407 751 1464 804 p.
1498 738 1622 789 737.

321 828 476 879 1528.
514 826 757 881 Coloniae.
805 823 1118 877 Emcudobat
1166 825 1471 878 Eucherius
1532 824 1939 885 Cervicornius;

248 915 413 967 ἱη-8ο.
450 912 513 966 D.
540 916 676 965 Aur.
708 910 1013 981 Augustini
1062 910 1130 964 de
1191 910 1324 965 Fide
1377 917 1434 965 et
1467 911 1747 981 Operibus
1803 910 1946 963 liber

246 1016 413 1054 unus.
458 1019 486 1051 υ
516 999 771 1055 Occurrit
809 999 1049 1053 subinde
1078 1005 1405 1071 compactos
1444 1016 1574 1053 cum
1621 999 1765 1053 libro
1796 998 1944 1068 ejus-

246 1088 374 1142 dem
395 1088 460 1143 de
488 1091 705 1145 Natura
736 1093 785 1141 et
829 1089 1030 1142 Gratia
1059 1104 1126 1141 ex
1155 1088 1355 1142 eadem
1387 1088 1636 1142 ofﬁcina.

322 1174 475 1228 1534.
510 1176 690 1237 Paris,
716 1175 869 1244 apud
896 1177 1152 1229 Joannem
1190 1176 1420 1243 Roigny,
1452 1178 1638 1229 ἐτι-16.
1677 1175 1747 1228 D.
1797 1176 1942 1244 Aug.

249 1258 395 1313 liber
424 1260 493 1314 de
531 1261 664 1316 Fide
692 1267 749 1316 et
776 1262 1075 1334 Operibus.
1106 1265 1284 1317 Maitt.
1310 1264 1372 1317 Τ.
1430 1263 1497 1326 II,
1541 1278 1598 1332 p.
1642 1279 1701 1328 ιι,
1732 1279 1787 1333 p.
1818 1264 1944 1325 799,

246 1348 335 1402 ed.
371 1352 424 1403 2.

323 1437 479 1489 l539.
537 1437 759 1506 Lipsiae,
807 1438 975 1492 in-8°.
1030 1438 1090 1490 Β.
1130 1438 1279 1507 Aug.
1356 1436 1500 1490 liber
1575 1436 1645 1490 de
1703 1435 1837 1490 Fide
1896 1439 1951 1488 et

250 1523 532 1594 Operibus
558 1542 689 1581 cum
728 1527 1062 1598 praefatione
1122 1530 1344 1596 Georgii
1402 1528 1632 1584 Wicelii.
1686 1527 1765 1582 Cf.
1823 1529 1950 1581 Bec-

249 1616 442 1668 manni
466 1614 583 1671 Cat.
622 1616 765 1670 Bibl.
803 1619 1054 1683 Francof.
1084 1633 1142 1687 p.
1175 1620 1262 1671 35.
1305 1616 1459 1670 Unde
1478 1616 1601 1687 jam
1646 1615 1953 1669 laudarunt

248 1700 655 1757 Hendreichius
685 1709 738 1758 et
796 1704 1147 1759 Colonienses.

325 1793 479 1845 1552.
532 1792 778 1858 Colonis,
829 1792 981 1862 apud
1035 1795 1253 1847 Petrum
1304 1792 1515 1858 Horst;
1566 1794 1742 1847 iri-8°.
1798 1792 1955 1847 Idem

248 1877 394 1932 liber
421 1894 551 1933 cum
582 1880 899 1935 Enchiridio
925 1881 1180 1951 ejusdem
1202 1880 1328 1937 vide
1362 1897 1465 1936 suo
1485 1882 1629 1935 loco.

310 1962 481 2024 1568.
536 1969 875 2039 Antuerpiz,
933 1972 1091 2024 in.8°.
1137 1969 1296 2024 Idem
1370 1968 1516 2023 liber
1588 1968 1955 2024 laudantibus

253 2055 653 2111 Coloniensibus
683 2058 721 2111 l.
753 2058 792 2111 l.

324 2147 481 2199 i652.
516 2147 771 2213 Francof.
827 2146 901 2200 ad
947 2146 1032 2198 Μ.
1088 2151 1137 2201 et
1188 2145 1439 2212 Rintelii,
1480 2148 1645 2200 in-8°.
1705 2144 1761 2199 S.
1815 2146 1951 2200 Aur.

251 2232 626 2302 Augustini...
662 2233 804 2288 liber
832 2234 901 2289 de
938 2233 1071 2288 Fide
1096 2238 1153 2288 et
1179 2234 1478 2305 Operibus.
1537 2234 1747 2289 Edente
1796 2235 1951 2288 Joan.

251 2321 587 2377 Hennichio.
663 2323 805 2378 Cum
862 2323 1258 2378 dissertatione
1327 2323 1583 2394 ejusdem
1631 2322 1957 2393 argumenti

250 2410 455 2465 eodem
479 2414 725 2465 auctore.
756 2411 1075 2466 Hendreich.
1108 2415 1165 2465 in
1195 2412 1370 2466 Pand.
1401 2412 1695 2478 Brandeb.,
1742 2428 1797 2482 p.
1830 2413 1951 2465 342.

962 2502 1261 2555 Versiones.

329 2588 485 2642 1545.
534 2588 785 2655 Venezia,
813 2602 915 2658 per
968 2589 1155 2645 Comin
1200 2588 1275 2642 da
1308 2590 1493 2653 Trino,
1539 2588 1706 2644 in-8°.
1748 2609 1771 2638 ι
1804 2588 1849 2642 Il
1879 2588 1955 2642 li-

254 2675 357 2729 bro
389 2674 476 2730 del
503 2676 562 2730 Β.
593 2676 868 2747 Agostino
901 2676 962 2732 V.
997 2677 1038 2730 Ι.
1072 2676 1222 2731 della
1244 2676 1388 2731 Fede
1419 2692 1448 2730 e
1478 2676 1625 2731 d’ell’
1674 2692 1864 2747 opere,
1899 2676 1957 2730 di

254 2762 434 2817 latino
463 2762 526 2818 in
554 2766 783 2835 volgore
815 2768 1156 2819 novamente
1186 2765 1457 2819 tradotto.
1494 2785 1523 2817 ι»

538 2853 740 2907 XXIV.
778 2880 849 2892 —
878 2852 985 2921 (12)
1018 2854 1091 2906 De
1118 2853 1332 2907 Natura
1377 2856 1427 2905 et
1458 2852 1672 2908 Gratia.

332 2940 487 2996 1524.

259 3028 471 3082 Natura
498 3032 556 3083 et
583 3028 773 3083 Gratia
802 3027 949 3084 liber
976 3044 1144 3082 unus.
1190 3029 1432 3083 Notatur
1462 3045 1493 3082 a
1536 3030 1955 3086 Coloniensibus.

332 3118 489 3171 1528.
527 3118 833 3172 Eucharius
897 3118 1269 3173 Cervicornius
1306 3117 1624 3173 excutiebat.
1670 3120 1734 3172 In
1794 3119 1952 3174 ﬁne:

256 3204 427 3272 Apud
474 3204 536 3258 S.
585 3205 868 3259 Coloniam
920 3207 1165 3273 impensa
1203 3206 1277 3259 Μ.
1318 3204 1607 3271 Godefridi
1657 3208 1955 3275 Hyttorpii,

258 3292 391 3346 civis
418 3292 838 3362 Agrippinensis
880 3292 1228 3358 celeberrimi,
1278 3295 1448 3347 in-8°.
1497 3295 1559 3348 Ι).
1619 3296 1754 3347 Aur.
1798 3297 1949 3364 Aug.

259 3379 328 3434 de
366 3381 575 3435 Natura
601 3385 657 3434 et
679 3380 869 3437 Gratia
900 3381 1046 3436 liber
1075 3396 1242 3435 unus.
1304 3380 1579 3435 Praeiatus
1630 3387 1713 3437 est
1762 3383 1959 3454 paucis

258 3468 447 3523 verbis
474 3471 555 3524 Jo.
588 3472 853 3525 Petreius.

339 3560 492 3613 1568.
538 3560 871 3629 Antuerpiz,
913 3575 1005 3629 ap.
1034 3560 1374 3629 Gymnicum,
1428 3562 1585 3615 in-8°.
1622 3582 1645 3609 ι
1711 3561 1777 3615 D.
1819 3564 1954 3616 Aur.

259 3645 406 3716 Aug.
440 3645 584 3700 liber
608 3645 677 3700 de
709 3648 921 3700 Natura
942 3652 999 3701 et
1026 3645 1239 3703 Gratia.
1275 3666 1302 3698 ››
1336 3648 1411 3702 M.
1443 3647 1583 3702 Bibl.
1644 3648 1799 3703 Eccl.
1846 3650 1957 3706 Col.

258 3747 319 3802 p.
350 3733 480 3801 737,
511 3748 640 3802 quae
679 3731 726 3785 si
782 3747 916 3786 vera
966 3733 1240 3803 prodidit,
1292 3735 1581 3789 accenseri
1635 3735 1802 3790 debet
1841 3735 1962 3791 haec
2050 3732 2051 3735 “

262 3819 435 3875 editio
464 3819 789 3886 rarissimis,
834 3821 1028 3891 paucis
1057 3820 1332 3875 nimirum
1362 3822 1523 3877 libris
1550 3822 1640 3888 iis,
1674 3840 1819 3894 quos
1846 3827 1961 3878 An-

260 3907 500 3979 tuerpiaa
529 3908 760 3963 Joannis
800 3909 1058 3981 Gymnici
1082 3909 1322 3964 celebris
1364 3909 1656 3982 quondam
1686 3916 1962 3982 typogra-

261 3995 360 4067 phi
401 3996 756 4051 Coloniensis
809 3996 1087 4069 impensis
1134 3997 1398 4069 impressi
1453 4003 1609 4053 sunt.
1661 3998 1750 4054 Sic
1805 4000 1962 4085 θρίω

261 4085 510 4137 statuere
564 4084 781 4151 malim,
866 4100 1043 4155 quam
1092 4100 1223 4139 cum
1282 4085 1572 4139 Maettario
1625 4084 1961 4158 Gymnicum

259 4169 449 4241 ipsum
488 4172 803 4244 Antuerpia
844 4172 1138 4228 Coloniam
1190 4172 1534 4244 migrantem
1572 4174 1775 4243 facere,
1831 4192 1963 4231 cum

2049 466 2204 535 plicit
2242 470 2432 519 contra
2458 480 2715 533 paganos.
2758 464 2868 520 Sub
2906 478 3046 517 anno
3089 479 3123 516 a
3173 464 3469 517 nativitate
3523 463 3760 516 Domini

2050 555 2408 610 M.CCCCLX
2420 555 2550 607 V11.
2582 551 2906 622 Pontiﬁcatu
2936 553 3113 606 PAULI
3150 567 3309 621 papa
3351 550 3573 604 secundi
3608 565 3760 604 anno

2051 644 2167 712 ejus
2230 645 2399 696 tertio.
2482 645 2658 696 Tertio
2704 646 2962 709 regnante
3014 643 3375 695 Romanorum
3426 643 3763 708 imperatore

2055 733 2366 785 anentco.
2400 731 2706 785 Indictione
2735 733 2852 796 XV,
2885 729 2973 783 die
3001 745 3124 783 vero
3180 729 3496 783 duodecima
3553 731 3762 782 mensis

2052 821 2227 875 Junii.
2260 822 2364 874 Deo
2392 822 2620 886 gratias.
2659 821 2794 874 GOD
2820 821 2934 873 AL.
2971 848 3043 859 —
3080 820 3503 888 Impresserunt
3532 817 3765 870 Conra—

2055 906 2160 960 dus
2188 908 2292 960 Sw.
2341 912 2398 961 et
2443 908 2729 961 Arnoldus
2769 909 3043 961 Panuartz
3094 906 3329 976 juvante
3376 906 3529 959 haud
3577 905 3762 959 dubie

2055 996 2177 1047 viro
2203 995 2397 1065 aliquo
2430 996 2642 1059 solerti,
2675 996 2835 1065 cujus
2863 1011 3075 1049 nomen
3118 994 3178 1048 in
3222 994 3426 1048 litteris
3459 994 3599 1049 GOD
3631 996 3760 1049 AL.

2055 1084 2302 1138 insidere
2356 1090 2472 1139 tam
2524 1085 2687 1138 facile
2734 1084 2840 1138 sibi
2892 1100 3091 1138 omnes
3150 1082 3520 1154 persuadent,
3575 1097 3763 1152 quam

2057 1189 2287 1243 operam
2329 1172 2387 1226 in
2422 1174 2766 1243 explicandis
2791 1189 2985 1227 eorum
3025 1171 3308 1243 mysteriis
3365 1171 3615 1241 perdunt
3642 1170 3759 1241 (a).

2058 1259 2287 1329 Pagina:
2318 1259 2380 1312 in
2407 1260 2546 1313 duas
2567 1260 2862 1314 columnas
2881 1261 3163 1313 linearum
3189 1261 3255 1313 44
3288 1258 3579 1328 impressas
3599 1263 3763 1322 sunt,

2060 1364 2199 1418 quas
2230 1349 2404 1419 ampli
2452 1348 2738 1419 margines
2767 1349 3046 1402 ambiunt.
3082 1347 3417 1402 Praecedunt
3444 1363 3523 1400 ιιι
3554 1345 3761 1399 rubri-

2061 1453 2253 1490 carum
2288 1437 2442 1491 folia.
2471 1438 2550 1492 Cf.
2579 1438 2831 1506 Audi/fr.
2866 1454 2922 1508 p.
2956 1440 3007 1491 6.
3042 1438 3357 1492 Recensent
3415 1436 3585 1490 etiam
3642 1436 3764 1488 De—

2062 1525 2190 1579 bure
2219 1524 2479 1595 Bibliogr.
2512 1528 2674 1580 instr.
2705 1527 2765 1580 T.
2823 1527 2864 1593 I,
2897 1543 2951 1597 p.
2986 1528 3109 1581 243.
3175 1525 3437 1579 Exstabat
3482 1524 3543 1578 in
3607 1524 3762 1578 Bibl.

2061 1616 2219 1668 Ducis
2248 1614 2313 1667 de
2343 1615 2395 1667 la
2432 1615 2667 1669 Valiére.

2138 1704 2290 1757 1468.
2326 1705 2503 1758 Roma:
2546 1706 2604 1757 in
2632 1704 2785 1758 domo
2825 1706 2974 1758 Petri
3025 1703 3091 1757 de
3143 1704 3323 1769 Man;
3376 1702 3568 1768 in—fol.
3600 1716 3763 1754 max.

2062 1790 2117 1847 S.
2146 1791 2448 1860 Augustini
2495 1791 2564 1846 de
2592 1793 2707 1847 Civ.
2767 1792 2867 1846 Dei
2910 1792 3043 1846 libri
3089 1792 3251 1847 XXII.
3303 1792 3367 1845 In
3418 1790 3611 1844 calce:
3646 1792 3768 1843 Hoc

2063 1880 2341 1937 Conradus
2404 1896 2557 1950 opus,
2626 1886 2733 1936 etc.
2790 1883 2865 1935 In
2947 1881 3100 1935 domo
3167 1882 3314 1935 Petri
3369 1880 3434 1933 de
3494 1881 3766 1933 Maximo.

2061 1971 2581 2027 M.CCCC.LXVIII.
2642 1990 2671 2021 α
2704 1972 2882 2041 Hujus
2936 1969 3204 2024 editionis
3254 1969 3565 2032 character,
3626 1984 3769 2021 mea

2064 2058 2294 2129 quidem
2316 2060 2615 2123 sententia,
2633 2059 2871 2113 nitidior
2891 2063 2993 2124 est,
3019 2074 3192 2130 quam
3216 2057 3273 2111 in
3295 2056 3582 2112 Lactantio
3614 2056 3773 2125 ejus-

2063 2148 2191 2202 dem
2224 2148 2385 2201 anni.
2422 2147 2531 2201 Sed
2560 2152 2743 2201 textus
2789 2148 3144 2218 inquinatior
3174 2150 3258 2201 est
3302 2152 3355 2200 et
3382 2145 3602 2200 mendis
3644 2160 3771 2197 sca-

2063 2239 2145 2289 tet
2195 2235 2535 2289 fmdissimis.
2591 2237 2925 2291 Prmcedunt
2968 2252 3057 2290 xxv
3122 2236 3257 2289 folia
3317 2234 3694 2288 rubricarum.
3732 2256 3764 2283 ιι

2064 2322 2146 2377 Cf.
2176 2323 2384 2377 Debure
2412 2324 2552 2378 Bibl.
2596 2327 2778 2391 instr.,
2843 2327 2959 2382 Cat.
2994 2324 3130 2380 Bibl.
3188 2324 3505 2379 Smithianz
3536 2323 3763 2385 (Venet.

2068 2414 2223 2473 1755,
2251 2413 2444 2480 ἰηο4ο),
2472 2428 2530 2482 p.
2558 2414 2646 2473 27.
2680 2417 2735 2466 et
2754 2412 2893 2467 Bibl.
2932 2413 3130 2466 Pinell.
3164 2414 3225 2466 T.
3251 2413 3296 2480 Ι,
3327 2428 3384 2481 p.
3416 2413 3503 2465 86.

2139 2499 2293 2552 1470.
2327 2500 2521 2566 Rom,
2564 2500 2714 2569 apud
2764 2500 3001 2566 eosdem;
3050 2500 3236 2565 in-fol.
3294 2514 3443 2552 mam.
3476 2498 3531 2552 S.
3570 2498 3773 2567 Augu-

2065 2584 2197 2639 stini
2227 2586 2297 2640 de
2326 2586 2444 2641 Civ.
2479 2587 2541 2640 D.
2588 2587 2717 2641 libri
2744 2589 2996 2642 XXIIJn
3020 2590 3195 2642 calce:
3231 2589 3447 2657 Aspicis
3476 2588 3767 2650 illustris.,

2066 2678 2171 2728 etc.
2204 2674 2566 2730 Audiﬁ‘redus
2599 2675 2861 2746 diligenti
2912 2676 3089 2730 trium
3118 2676 3435 2731 editionum
3482 2677 3773 2730 Romana-

2067 2780 2195 2818 rum
2226 2764 2377 2819 inter
2415 2780 2473 2818 se
2531 2764 2957 2834 comparatione
2998 2765 3137 2819 citra
3188 2781 3420 2819 omnem
3464 2763 3773 2818 dubitatio-

2066 2868 2199 2907 nem
2228 2852 2439 2923 posuit,
2473 2853 2722 2908 diversas
2751 2854 2989 2908 invicem
3045 2870 3166 2908 esse
3217 2859 3388 2924 atque
3425 2851 3769 2923 singulatim

566 2940 948 3009 Norimbergae,
1000 2942 1165 2995 in-8°.
1227 2941 1291 2995 D.
1357 2945 1494 2994 Aur.
1528 2941 1832 3012 Augustini
1888 2942 1958 2997 de
1995 2962 2036 3017 ο
2068 2941 2316 2996 iteratus.
2338 2945 2522 3014 Atque
2551 2942 2693 3009 hinc,
2726 2943 2891 2997 tertia
2919 2942 3091 2997 etiam
3142 2942 3518 3013 praecedente,
3563 2957 3770 2995 emen-

2065 3030 2254 3085 datior
2303 3034 2388 3084 est
2426 3035 2481 3085 et
2527 3032 2798 3103 pleraque
2835 3031 2973 3086 vitia
3010 3032 3132 3102 ejus
3177 3031 3459 3086 abstersit.
3495 3030 3773 3085 Exstabat

2065 3119 2125 3172 in
2149 3120 2290 3174 Bibl.
2321 3121 2512 3175 Pinell.

2133 3236 2202 3247 —
2238 3210 2491 3275 Venetiis,
2519 3224 2621 3278 per
2644 3210 2737 3263 Jo.
2763 3209 2829 3262 de
2855 3210 3019 3278 Spira
3046 3212 3097 3262 et
3122 3208 3468 3264 Vindelinum
3489 3209 3729 3274 fratrem
3754 3224 3770 3274 ;

2016 3372 2019 3373 ν
2064 3296 2256 3362 in-fol.
2284 3297 2585 3367 Augustini
2613 3296 2745 3351 libri
2782 3299 2919 3353 XXII
2953 3298 3021 3352 de
3064 3296 3299 3351 Civitate
3340 3296 3457 3350 Dei.
3491 3296 3555 3349 In
3600 3294 3723 3350 ﬁne
3754 3312 3769 3349 :

2252 3384 2353 3448 Qui
2383 3384 2563 3448 docuit
2584 3385 2809 3434 Venetos
2835 3385 3237 3448 exscribiposse
3260 3385 3507 3448 Joannes,

2251 3446 2428 3495 Mense
2459 3446 2563 3496 fere
2593 3448 2732 3496 trino
2753 3453 2975 3496 centena
3002 3446 3275 3496 volumina
3295 3447 3448 3505 Plini,

2250 3508 2314 3573 Et
2342 3509 2558 3558 totidem
2587 3510 2766 3573 magni
2791 3510 3053 3573 Ciceronis
3078 3510 3225 3573 Spira
3248 3508 3451 3559 libellos

2252 3571 2469 3635 Ceperat
2496 3571 2700 3635 Aureli,
2721 3572 2897 3620 subita
2918 3573 3007 3621 sed
3040 3571 3206 3635 morte
3237 3575 3549 3635 peremptus,

2250 3634 2367 3682 Non
2387 3634 2555 3696 potuit
2579 3639 2806 3696 coeptum
2833 3635 3045 3683 Venetis
3065 3634 3213 3683 ﬁnire
3240 3634 3508 3682 volumen.

2168 3744 2179 3749 κ
2252 3696 2565 3745 Vindelinus
2594 3697 2742 3744 adest
2764 3696 2998 3758 ejusdem
3024 3697 3202 3745 Frater
3222 3700 3273 3744 et
3301 3701 3411 3744 arte

2254 3758 2368 3807 Non
2391 3760 2565 3807 minor
2584 3758 2805 3807 Hadrica
2847 3772 2910 3807 ue
2947 3759 3238 3807 morabitur
3271 3758 3418 3807 urbe.

2707 3772 3112 3870 M.C?ZCC.LXX.

2069 3916 2345 3972 Praecedit
2394 3918 2725 3973 rubicorum
2779 3920 2972 3975 tabula
3040 3936 3132 3973 xxv
3177 3920 3345 3976 foliis.
3376 3942 3402 3971 ‹‹
3436 3920 3641 3976 Debure
3678 3923 3775 3976 Bi-

2071 4005 2446 4073 bliogr.instr.
2488 4008 2745 4062 Biblioth.
2796 4010 3125 4074 Smithiana,
3166 4011 3283 4066 Cat.
3353 4009 3491 4064 Bibl.
3538 4011 3765 4065 Bunav.

2070 4093 2328 4148 Laudant
2355 4095 2614 4149 eamdem
2654 4098 2769 4153 Cat.
2802 4097 2941 4151 Bibl.
2972 4100 3099 4164 Reg.
3133 4103 3189 4151 et
3215 4098 3363 4153 Bibl.
3397 4098 3585 4153 Pinell.
3614 4118 3643 4148 υ

2145 4185 2299 4237 1475.
2341 4183 2652 4252 Moguntiz,
2679 4200 2778 4253 per
2806 4187 2949 4239 Petr.
2990 4186 3260 4253 Schoe/fer
3308 4186 3374 4240 de
3410 4187 3723 4243 Gernsheim
3757 4208 3774 4254 ;

262 4276 331 4315 ex
367 4261 681 4316 Annalibus
734 4263 908 4317 etiam
962 4267 1203 4330 constet,
1254 4279 1388 4318 eum
1443 4264 1564 4335 jam
1614 4281 1766 4319 anno
1825 4268 1959 4320 1535
1998 4250 2042 4305 Ῑ)
2071 4272 2263 4338 in-fot.
2296 4272 2353 4327 ΙΙ
2377 4250 2479 4325 υόι.
2535 4273 2594 4326 Β.
2637 4250 2783 4328 Aur.
2828 4276 2974 4344 Aug.
3032 4250 3183 4328 libri-
3223 4275 3360 4329 XXII
3417 4274 3487 4329 de
3527 4250 3775 4329 Civitate

263 4348 514 4404 Colonias
545 4349 770 4419 prelum
793 4350 1131 4417 exercuisse,
1163 4350 1418 4421 adeoque
1443 4367 1561 4405 non
1591 4356 1718 4423 post
1745 4368 1961 4408 annum

266 4437 423 4501 1540,
449 4436 702 4501 demum,
736 4436 898 4507 cujus
945 4436 1081 4490 anni
1125 4436 1439 4491 editionem
1484 4438 1961 4509 Antuerpiensem

264 4523 589 4578 Maettarius
609 4529 1046 4593 commemorat,
1069 4524 1424 4580 domicilium
1454 4524 1534 4581 ibi
1553 4526 1729 4597 ﬁgere
1750 4528 1956 4597 potuit.

1013 4614 1221 4670 Versio.

341 4702 494 4756 1545.
528 4702 760 4756 Venezia
791 4716 893 4771 per
919 4703 1104 4759 00min
1131 4702 1207 4757 da
1247 4704 1426 4771 Trino,
1478 4704 1651 4759 in-8°.
1680 4723 1709 4756 α
1740 4704 1781 4759 ΙΙ
1814 4704 1959 4760 libro

261 4790 353 4845 del
384 4791 441 4845 Β.
472 4790 745 4861 Agostino
774 4806 1010 4846 vescovo
1042 4791 1272 4863 Ippon.,
1308 4790 1366 4846 di
1399 4792 1611 4847 Natura
1641 4796 1699 4847 et
1736 4793 1957 4863 Grazia,

263 4888 462 4939 contra
486 4884 693 4955 Pelag;
723 4886 782 4940 di
808 4886 988 4941 latino
1020 4885 1081 4940 in
1096 4888 1245 4959 volg.
1280 4890 1620 4943 novamente
1651 4888 1958 4945 tradotto.»

475 4975 636 5029 xxv.
671 5003 733 5015 —
768 4977 875 5045 (74)
905 4979 978 5031 De
1015 4978 1245 5032 Civitate
1266 4979 1365 5033 Dei
1393 4976 1550 5033 Libri
1572 4978 1733 5033 XXII.

333 5062 466 5117 Sac.
498 5064 584 5118 XV
608 5093 675 5103 —
722 5065 879 5121 1467.
931 5065 997 5119 Ε.
1030 5066 1355 5121 Monasterio
1382 5064 1697 5121 Sublacensi
1722 5067 1768 5133 Γ.
1806 5083 1956 5124 mam.

261 5152 318 5207 S.
376 5154 512 5207 Aur.
570 5153 878 5225 Augustini
926 5154 997 5209 de
1054 5154 1288 5210 Civitate
1377 5155 1478 5209 Dei
1527 5156 1686 5211 XXII.
1742 5158 1805 5211 In
1843 5158 1961 5212 cal-

265 5255 328 5295 ce
348 5258 366 5294 :
399 5243 629 5296 Annam
650 5246 970 5311 AUGUSTINI,
1002 5245 1239 5298 Doctoris
1286 5245 1490 5311 egregii
1516 5249 1678 5313 atque
1725 5246 1963 5315 episcopi

337 5366 412 5434 (a)
444 5364 661 5420 Lairius
716 5365 942 5421 Gratias
994 5366 1359 5436 Omnipotenti
1402 5369 1506 5421 Deo
1535 5384 1570 5421 a
1622 5367 1958 5423 Laudemba-

265 5437 384 5491 chio
414 5436 836 5508 interpretatus.
897 5438 1002 5493 Sed
1050 5437 1181 5492 huic
1220 5437 1453 5492 omnino
1500 5438 1722 5492 obstare
1753 5438 1959 5494 viden-

266 5512 358 5562 tur
376 5508 587 5651 iam
614 5510 718 5564 Deo
760 5511 994 5577 gratias,
1038 5513 1103 5563 ut
1156 5513 1309 5563 recte
1366 5508 1535 5563 etiam
1593 5508 1956 5565 Auditt‘redus

2072 4360 2175 4414 Dei
2220 4376 2351 4418 cum
2406 4362 2615 4416 Thom
2676 4363 2857 4418 Valois
2888 4368 2945 4417 et
2986 4364 3105 4419 Nic.
3147 4365 3363 4418 Triveth
3411 4368 3775 4417 commenta-

2070 4448 2189 4503 riis.
2224 4450 2287 4503 In
2319 4448 2433 4504 ﬁne
2463 4450 2649 4505 rubris
2678 4451 3133 4507 characteribus:
3162 4453 3346 4519 Igitur
3381 4453 3598 4506 Aurelii
3644 4452 3775 4506 Au-

2068 4539 2296 4605 gustini,
2317 4542 2421 4592 etc.
2449 4538 2539 4609 (cf.
2574 4539 2710 4593 edit.
2746 4540 3205 4610 Hieroymianam
3265 4540 3347 4595 ib.
3404 4557 3458 4595 θ.
3496 4540 3632 4594 1470
3663 4557 3780 4611 per

2070 4625 2261 4681 eumd.
2295 4632 2520 4698 typogr.
2566 4628 2873 4700 excusam),
2930 4632 3353 4683 consummatum
3403 4644 3501 4698 per
3540 4630 3779 4684 Petrum

2070 4715 2332 4784 Schoi/fer
2350 4716 2416 4770 de
2445 4717 2778 4786 Gernzheim,
2809 4733 2951 4773 anno
2979 4720 3195 4773 Domini
3220 4719 3295 4772 Μ.
3328 4718 3500 4774 CCCC
3510 4718 3771 4785 .LXXiij.

2070 4804 2157 4858 die
2200 4805 2263 4859 V.
2317 4807 2513 4860 mensis
2562 4806 2887 4875 Septembris
2947 4806 3259 4877 presidibus
3314 4807 3524 4861 ecclesie
3565 4806 3777 4859 καιοιὶ-

2068 4908 2125 4948 ce
2152 4893 2309 4948 Sixto
2329 4896 2490 4949 tercio
2529 4898 2781 4966 pontiﬁce
2828 4898 3063 4965 Summo,
3104 4896 3221 4951 sedi
3263 4900 3401 4951 Ant.
3455 4896 3781 4962 Moguntine

2068 4981 2272 5049 Adolfo
2318 4984 2547 5039 secundo
2610 4986 2825 5055 presule
2869 4986 3152 5055 magniﬁco
3210 4990 3413 5039 tenente
3466 4989 3645 5038 autem
3703 4999 3779 5039 ac

2067 5071 2400 5139 gubernante
2464 5073 2870 5129 Christianismi
2919 5074 3235 5129 monarchia
3278 5076 3601 5143 imperatore
3677 5088 3782 5128 se-

2068 5161 2349 5215 renissima
2374 5161 2655 5217 Frederico
2689 5164 2849 5217 tercio
2878 5163 3070 5220 Cesarc
3096 5178 3303 5232 semper
3355 5165 3627 5233 Augusto.
3664 5162 3782 5216 In-

2070 5246 2206 5318 cipit
2228 5264 2263 5302 a
2287 5248 2480 5303 tabula
2509 5248 2759 5321 capitum
2796 5250 2929 5305 libri
2954 5250 3149 5322 primi,
3181 5266 3312 5321 quae
3353 5267 3467 5305 una
3498 5265 3628 5304 cum
3662 5267 3777 5305 ex-

2068 5371 2312 5427 monuit.
2345 5372 2699 5428 Probabilior
2744 5376 2894 5430 Petri
2944 5378 3203 5432 Scriverii
3240 5374 3544 5438 sententia,
3577 5374 3785 5429 Gode-

2027 5441 2035 5449 “
2066 5442 2271 5513 schalci
2307 5459 2409 5498 seu
2440 5444 2735 5509 Godofredi
2781 5446 3034 5501 Alemani
3086 5462 3297 5502 nomen
3345 5445 3784 5513 substituentis,

2069 5512 2247 5568 videri
2280 5514 2482 5585 possit.
