4044 6190
146 294 237 345 149
1166 276 1437 346 NOTITIA
1476 254 1896 348 LITTERARIA
1934 292 2002 346 IN
2042 292 2096 346 S.
2138 290 2604 349 AUGUSTINUM.

3540 296 3639 349 I50

140 419 329 483 cerpto
357 429 427 467 ex
460 411 619 467 libris
650 411 1197 468 Retractatationum
1238 428 1351 468 uno
1381 414 1516 470 folio
1562 431 1828 486 compre—
1865 418 1910 471 A
1942 414 2150 469 domini
2172 417 2429 470 milesimo
2453 415 2982 486 quadringentesimo
3003 420 3392 489 septuagesimo
3413 421 3637 489 quinto:

137 502 425 557 henditur.
457 502 602 555 Tum
626 500 891 571 sequitur
920 500 1107 572 ipsum
1138 503 1441 573 Augustini
1472 520 1616 574 opus
1648 508 1831 557 totum

135 593 281 645 intra
329 591 436 643 hoc
484 590 741 660 primum
791 590 902 643 vol.
950 590 1274 660 absolutum
1318 592 1492 663 inque
1537 593 1651 647 line
1690 592 1830 661 legi-

134 686 253 734 tur:
311 679 502 733 Finito
546 680 684 733 libro
719 681 793 733 sit
837 680 957 733 laus
1004 684 1055 733 et
1099 682 1278 749 gloria
1336 683 1566 738 Christo.
1618 680 1832 735 Deinde

132 767 308 822 minio
343 768 722 838 impressum:
757 770 952 823 Textus
978 770 1155 823 sancti
1185 772 1494 838 Augustini
1510 770 1574 822 de
1604 771 1833 826 Civitate

126 859 232 922 Dei,
314 859 611 924 Moguntia>
678 859 991 926 impressus,
1063 859 1288 926 explicit
1350 860 1605 925 feliciter,
1690 874 1831 913 anno

126 946 353 1014 LXXiij.
383 946 643 999 Alterum
686 947 954 999 volumen
996 945 1395 1015 complectitur
1424 947 1834 1001 commentaria

126 1051 295 1104 supra
327 1034 560 1088 laudata
589 1050 724 1087 cum
754 1033 940 1088 indice
974 1034 1354 1103 alphabetico.
1396 1036 1480 1089 Ad
1529 1040 1833 1106 utramque

122 1123 439 1176 voluminis
485 1124 698 1177 calcem
748 1122 910 1176 ﬁnita
966 1122 1403 1192 subscriptione,
1472 1138 1631 1177 more
1700 1140 1835 1177 con-

124 1217 308 1278 sueto,
346 1211 598 1282 insignia
628 1211 972 1283 typographi
1000 1210 1178 1265 minio
1209 1211 1488 1282 impressa
1518 1217 1837 1266 cernuntur

120 1302 337 1356 Debure
384 1301 646 1367 Bibliogr.
694 1302 852 1355 instr.
900 1300 1195 1355 Seemiller.
1246 1298 1380 1355 fasc.
1438 1301 1481 1367 Ι,
1536 1284 1670 1371 pag.
1721 1302 1788 1354 49
1816 1342 1832 1368 ,

122 1393 311 1446 Braun
346 1392 472 1446 Not.
501 1391 610 1444 Lit.
644 1389 853 1460 (1788),
881 1405 939 1459 p.
978 1391 1098 1443 159.

186 1483 481 1534 Auctores
508 1494 644 1532 vero
675 1478 885 1531 horum
931 1477 1508 1545 Commentariorum,
1555 1493 1686 1548 quae
1723 1476 1838 1547 pri-

124 1584 212 1623 ma
243 1568 377 1621 vice
426 1567 519 1621 hic
562 1582 767 1621 excusa
810 1571 965 1634 sunt,
1012 1567 1182 1637 Angli
1229 1571 1471 1638 uterque
1516 1567 1751 1621 fuerunt
1780 1570 1839 1621 et

126 1659 188 1713 de
220 1656 682 1711 Prsedicatorum
709 1654 912 1709 ordine
941 1655 1132 1709 ambo.
1184 1656 1435 1711 Nicotaus
1469 1658 1697 1711 Treveth
1736 1671 1835 1709 seu

128 1748 319 1801 Triuet
359 1745 449 1799 vel
498 1745 669 1799 etiam
718 1745 970 1810 Traveth,
1009 1743 1229 1815 origine
1261 1745 1651 1798 Nortwicensis
1696 1748 1835 1806 erat,

124 1840 295 1889 natus
342 1833 489 1888 circa
535 1849 752 1887 annum
804 1835 959 1899 I258,
1000 1833 1230 1902 vitaque
1274 1832 1502 1887 functus
1551 1850 1601 1887 a.
1679 1835 1832 1889 I328.

123 1926 564 1980 Commentatus
621 1926 704 1976 est
754 1922 815 1976 in
870 1905 1067 1975 omnes
1113 1921 1287 1976 libros
1359 1922 1533 1976 XXII:
1609 1923 1835 1976 Thomas

126 2015 360 2067 Walteis
401 2027 537 2065 vero
585 2028 681 2064 seu
744 2012 1006 2067 Vallensis
1052 2010 1180 2064 aliis
1216 2012 1438 2067 Gualois
1462 2011 1548 2064 vel
1569 2013 1836 2080 corrupte

128 2104 354 2170 Volcis,
392 2101 547 2155 haud
595 2100 766 2155 dubie
814 2103 967 2171 quod
1016 2116 1086 2154 ex
1134 2099 1463 2170 principatu
1514 2100 1719 2155 Wallia
1775 2115 1835 2153 o-

120 2191 376 2245 riundus
421 2193 591 2255 esset,
652 2188 958 2260 theologia:
1011 2188 1207 2243 doctor
1269 2187 1623 2253 Oxoniensis,
1684 2187 1837 2242 diem

123 2294 294 2331 suum
360 2276 503 2331 obiit
563 2294 615 2331 a.
672 2279 828 2342 1340,
884 2276 1223 2347 scripsitque
1289 2275 1717 2346 Expositionem
1776 2275 1838 2330 in

124 2367 328 2420 decem
377 2366 597 2437 primos
643 2365 819 2419 libros
863 2381 894 2419 e
918 2366 1052 2419 XXII
1083 2365 1153 2419 de
1176 2364 1411 2420 Civitate
1444 2364 1566 2429 Dei,
1598 2380 1727 2435 quae
1769 2364 1836 2419 ti-

124 2455 280 2509 nitur
333 2454 395 2508 in
447 2454 593 2508 libro
631 2470 683 2518 x,
728 2470 852 2525 cap.
900 2457 988 2508 29.
1042 2453 1347 2524 Utriusque
1378 2469 1612 2522 operam
1644 2452 1839 2523 magni

127 2544 257 2597 olim
316 2543 530 2597 factam
583 2558 704 2597 esse
752 2546 1035 2597 testantur
1094 2541 1399 2605 innumera
1464 2557 1641 2602 mss.,
1707 2557 1837 2612 quae

126 2633 311 2688 adhuc
336 2633 398 2685 in
444 2631 807 2686 bibliothecis
861 2630 1276 2685 Parisiensibus
1327 2629 1689 2701 potissimum
1740 2645 1835 2682 su-

126 2727 370 2791 persunt
415 2721 703 2791 exempla,
734 2721 803 2775 de
834 2720 1044 2791 quibus
1070 2719 1186 2773 vid.
1213 2719 1431 2774 Echard
1458 2718 1517 2772 in
1564 2718 1657 2772 SS.
1693 2717 1824 2772 0rd.

126 2811 308 2865 Pmd.
366 2815 512 2865 tom.
564 2811 636 2877 II,
682 2826 795 2881 pag
861 2813 956 2864 561
1011 2814 1069 2862 et
1116 2812 1240 2864 597.
1282 2807 1577 2863 Creditum
1608 2811 1692 2861 est
1731 2806 1836 2860 ali-

132 2898 377 2969 quando,
424 2898 771 2953 Trevethum
818 2901 875 2951 et
933 2897 1211 2951 Thomam
1280 2897 1586 2965 conjuncto
1646 2894 1834 2949 studio

1940 509 2091 559 semto
2138 519 2309 558 nonas
2348 506 2601 560 octobres.
2650 507 2993 577 Impressum
3039 512 3122 561 est
3150 506 3429 560 columnis
3454 507 3638 572 binis;

1940 591 2197 662 incipita
2240 594 2427 647 tabula
2475 597 2713 663 capitum
2764 612 2817 648 1v
2860 596 2997 650 folia
3038 597 3472 665 complectente.
3510 597 3635 649 Cat.

1940 682 2081 737 Bibl.
2134 682 2303 735 Ducis
2352 683 2417 735 de
2465 683 2519 736 la
2581 684 2808 750 Valie‘re,
2850 684 2913 737 it.
2942 685 3079 738 Bibl.
3128 683 3466 739 Smithianae.
3519 683 3643 737 Ser-

1940 769 2110 823 vabat
2156 770 2416 823 eamdem
2455 770 2595 823 olim
2653 772 2774 825 Bibl
2805 774 3038 839 Pinellii,
3074 772 3326 842 itemque
3350 789 3465 825 una
3512 788 3642 825 cum

1942 872 2033 909 sex
2083 858 2535 927 praecedentibus
2576 859 2718 913 Bibl.
2769 861 3071 915 Crevennze.
3124 861 3246 914 Vid.
3291 863 3406 917 Cat.
3438 863 3640 915 noviss.

2012 975 2083 985 -—
2129 948 2386 1011 Venetiis,
2435 963 2534 1016 per
2563 948 2864 1003 Gabriclem
2894 951 3041 1001 Petri
3070 950 3135 1002 de
3168 951 3415 1015 Tacisio;
3448 950 3637 1015 in-fol.

1943 1034 2246 1103 Augustini
2271 1036 2341 1089 de
2389 1035 2625 1089 Civitate
2674 1036 2773 1089 Dei
2804 1036 2937 1090 libri
2964 1038 3119 1091 XXII.
3157 1039 3217 1090 In
3247 1036 3392 1091 ﬁne:
3426 1038 3641 1090 Aurelii

1941 1124 2243 1191 Augustini
2291 1124 2357 1177 de
2390 1124 2620 1180 Civitate
2664 1128 2763 1179 Dei
2810 1126 2972 1180 Liber
2994 1126 3160 1180 XXII.
3196 1131 3247 1178 et
3273 1126 3638 1192 ultimusfeli—

1943 1214 2073 1265 citcr
2118 1215 2260 1281 finit.
2313 1214 2740 1282 Impressumque
2777 1220 2855 1267 est
2898 1228 3029 1283 opus
3074 1215 3221 1268 hoca
3247 1214 3497 1280 diligenti
3523 1213 3645 1267 Μα-

1944 1302 2114 1367 gistro
2137 1300 2385 1357 Gabriele
2429 1303 2578 1356 Petri
2626 1303 2692 1356 de
2739 1305 3013 1358 Tarvisio.
3070 1304 3141 1357 Μ.
3183 1303 3387 1359 CCCC.
3432 1302 3641 1358 LXXV.

1945 1392 2206 1444 existente
2261 1392 2416 1445 Petro
2458 1394 2720 1445 Mocenico
2770 1394 2909 1445 Duce
2963 1392 3329 1446 Venetiarum.
3385 1391 3638 1445 Venetiis.

1945 1479 2064 1536 Cat.
2114 1479 2253 1533 Bibl.
2303 1478 2442 1533 Bud.
2491 1480 2551 1533 T.
2602 1480 2645 1548 Ι,
2675 1496 2732 1550 p.
2764 1482 2851 1540 89,
2887 1479 2984 1533 ubi
3008 1480 3210 1533 merito
3238 1478 3539 1532 rarissimis
3570 1476 3644 1530 li-

1944 1566 2064 1621 bris
2108 1572 2452 1622 accensetur.
2507 1568 2582 1621 Ex
2630 1569 2895 1640 Catalogo
2944 1585 3077 1622 vero
3119 1568 3259 1624 Bibl.
3297 1569 3458 1622 Ducis
3495 1565 3560 1620 de
3590 1566 3645 1619 la

1957 1655 2167 1710 Valiere
2215 1654 2507 1724 discimus,
2552 1656 2703 1710 binis
2750 1657 3031 1711 columnis
3082 1657 3351 1711 volumen
3385 1671 3504 1709 esse
3531 1654 3643 1709 im-

1949 1759 2231 1813 pressum,
2278 1744 2603 1815 praecedere
2650 1746 3023 1801 materiarum
3063 1746 3319 1800 tabulam
3350 1761 3440 1799 xxv
3469 1743 3641 1805 foliis,

1948 1831 2270 1903 signaturas
2300 1850 2420 1886 esse
2446 1849 2544 1887 a...
2576 1833 2643 1887 ad
2674 1837 2721 1888 D
2750 1835 2986 1888 secundi
3014 1833 3321 1904 alphabeti.
3358 1834 3641 1887 Memora-

1946 1924 2042 1974 tur
2080 1920 2250 1974 etiam
2293 1922 2354 1975 in
2404 1921 2671 1992 Catalogo
2723 1922 2866 1977 Bibl.
2920 1923 3256 1978 Bodleianae
3305 1922 3392 1976 ed.
3426 1925 3636 1974 recent.

1945 2026 2005 2080 p.
2061 2012 2149 2076 88,
2195 2011 2344 2081 apud
2396 2012 2575 2064 Denis.
2626 2010 2689 2064 in
2712 2011 2852 2065 Bibl.
2885 2012 3077 2067 Carell.
3114 2013 3172 2066 T.
3204 2012 3245 2077 Ι,
3284 2027 3339 2081 p.
3378 2012 3495 2065 135.
3530 2009 3640 2063 Ad-

1946 2098 2114 2153 datur
2150 2099 2216 2153 cl.
2258 2101 2423 2154 Reuss
2453 2099 2514 2152 in
2543 2099 2693 2154 Bibl.
2731 2100 2961 2168 Tabing.
2993 2099 3193 2169 (1780),
3222 2115 3278 2169 p.
3313 2100 3398 2151 69.

2021 2189 2175 2241 1477.
2251 2188 2497 2257 Neapoli,
2552 2204 2653 2256 per
2714 2188 3003 2242 Matthiam
3064 2191 3377 2253 Moravum;
3444 2185 3637 2251 in—fol.

1944 2277 2078 2329 min.
2106 2275 2160 2330 S.
2209 2275 2511 2346 Augustini
2541 2275 2609 2329 de
2648 2275 2882 2331 Civitate
2917 2275 3013 2329 Dei
3046 2275 3176 2329 libri
3204 2275 3339 2330 XXII
3371 2274 3437 2327 In
3488 2274 3639 2327 ﬁne:

1944 2366 2166 2419 Aurelii
2212 2365 2512 2431 Augustini
2552 2364 2617 2418 de
2660 2364 2889 2420 Civitate
2935 2365 3042 2418 Dei
3070 2365 3203 2418 liber
3231 2363 3398 2418 XXII.
3431 2366 3481 2416 et
3505 2361 3644 2414 ulti-

1946 2467 2063 2507 mus
2110 2454 2339 2520 feliciter
2374 2454 2618 2522 explicit.
2652 2455 3085 2522 Impressumque
3109 2457 3188 2507 est
3215 2467 3347 2521 opus
3379 2452 3473 2505 hoc
3507 2451 3646 2505 Nea-

1940 2542 2111 2611 potia
2138 2540 2389 2609 diligenti
2414 2544 2678 2609 magistro
2694 2543 2934 2596 Matthia
2955 2543 3191 2596 Moravo.
3227 2542 3389 2595 Anno
3414 2539 3634 2597 Christi.

1944 2630 2482 2686 M.CCCC.LXXVII.
2521 2631 2648 2684 Cat.
2684 2630 2834 2684 Bibl.
2869 2631 3039 2685 Ducis
3065 2631 3129 2684 de
3157 2631 3212 2684 la
3244 2627 3478 2685 Valiére.

2024 2719 2176 2772 1479.
2216 2719 2460 2783 Βαεὶιεκ,
2505 2734 2605 2788 per
2645 2719 2807 2773 Mich.
2875 2720 3182 2783 Wenszler;
3231 2719 3416 2784 in-fol.
3463 2715 3641 2770 Iidem

1947 2817 2078 2855 cum
2110 2801 2535 2855 commentariis
2576 2802 2810 2856 Thomas
2837 2802 3025 2856 Valois
3048 2808 3105 2855 et
3132 2800 3345 2855 Nicolai
3389 2799 3639 2853 Triveth.

1947 2891 2011 2944 In
2042 2890 2155 2944 tine
2184 2891 2507 2945 charactere
2538 2891 2711 2944 rubro
2736 2891 3080 2961 impressum
3109 2907 3120 2943 :
3153 2881 3266 2958 Igit
3307 2888 3506 2956 aurelij
3535 2902 3640 2940 au-

133 2986 254 3040 istas
300 2985 737 3040 lucubrationes
786 2983 1190 3056 composuisse.
1242 2984 1384 3041 falso
1432 2988 1645 3037 tamen.
1696 2983 1836 3036 Nam
1877 3000 1916 3055 ο
1950 2980 2159 3048 gustini
2199 2981 2440 3032 ciuitatis
2481 2979 2751 3033 orhodocce
2791 2979 2988 3033 sideris
3031 2970 3281 3048 pfulgidi
3318 2977 3383 3031 de
3421 2977 3644 3031 ciuitate

134 3076 225 3128 ista
271 3073 628 3144 conjunctio,
672 3072 1162 3145 quemadmodum
1204 3071 1380 3126 etiam
1420 3071 1480 3125 in
1509 3071 1616 3125 hac
1648 3070 1835 3141 prima

132 3164 383 3217 editione
442 3162 682 3228 obtinet,
733 3160 971 3215 notariis
1018 3160 1261 3215 debetur
1310 3163 1366 3214 et
1396 3158 1663 3213 omnibus
1688 3158 1835 3212 codi-

130 3253 278 3306 cibus
305 3268 451 3306 mss.
476 3255 562 3304 est
589 3250 877 3304 solemnis.
904 3248 1122 3304 Nicolai
1151 3254 1343 3302 autem
1375 3246 1638 3301 Trevethi
1669 3262 1835 3317 expo-

128 3341 250 3395 sitio
280 3341 345 3395 in
373 3341 418 3396 X
451 3339 669 3409 priores
701 3338 875 3393 libros
912 3353 1233 3409 numquam
1272 3335 1487 3407 prodiit
1525 3339 1697 3405 atque
1729 3335 1837 3388 hoc

128 3446 256 3483 casu
306 3429 553 3483 fortasse
594 3428 652 3481 in
695 3431 1042 3499 perpetuum
1084 3427 1201 3481 luci
1246 3426 1534 3479 subtracta
1585 3428 1686 3478 est.
1750 3421 1832 3477 Cf.

129 3523 338 3588 praeter
384 3516 689 3571 laudatum
738 3516 1059 3570 Echardum
1100 3513 1611 3585 locupletissimum
1649 3511 1710 3565 in
1748 3510 1837 3566 his

130 3612 450 3667 auctorem,
487 3603 705 3658 Fabric.
741 3603 879 3658 Bibl.
912 3603 1054 3658 Med.
1088 3608 1145 3656 et
1169 3603 1279 3657 Inf.
1312 3603 1431 3656 Lat.

198 3696 360 3749 1474.
409 3696 609 3758 Rom,
665 3708 756 3761 ap.
817 3692 1008 3747 Udalr.
1064 3691 1320 3757 Gallum;
1362 3690 1542 3756 in-fol.
1592 3703 1745 3742 mam.
1777 3687 1833 3741 S.

131 3782 442 3854 Augustini
513 3780 583 3835 de
646 3779 880 3834 Civitate
945 3779 1044 3834 Dei
1108 3779 1239 3833 libri
1302 3779 1456 3833 XXII.
1525 3778 1590 3831 In
1643 3776 1833 3830 calce:

133 3875 348 3927 Presens
399 3871 627 3926 Aurelii
668 3871 974 3937 Augustini
1018 3860 1302 3938 Hipponem
1350 3859 1459 3936 Eii—i
1499 3865 1563 3919 de
1612 3866 1840 3921 Civitate

132 3962 235 4015 Dei
259 3962 576 4031 preclarum
599 3973 731 4029 opus
756 3976 769 4013 :
794 3958 959 4014 Alma
984 3959 1042 4011 in
1081 3956 1213 4011 urbe
1248 3959 1416 4012 Roma
1450 3956 1615 4009 totius
1648 3952 1841 4007 mundi

132 4054 320 4118 regina
358 4055 415 4105 et
457 4049 789 4117 dignissima
850 4048 1232 4115 imperatrice:
1292 4060 1393 4115 que
1449 4045 1598 4097 sicut
1653 4043 1839 4095 ceteris

133 4140 355 4193 urbibus
376 4138 648 4205 dignitate
668 4141 879 4207 preest:
912 4138 995 4191 ita
1020 4136 1311 4202 ingeniosis
1330 4136 1467 4188 viris
1491 4136 1569 4187 est
1596 4128 1835 4199 referta;

1942 3066 2031 3121 dei
2060 3082 2192 3135 opus
2237 3067 2752 3135 praeclarissimum.
2802 3067 2941 3120 binis
2972 3082 3122 3121 sarre
3149 3068 3347 3135 pagine
3374 3065 3634 3134 pressori—

1945 3155 2040 3209 bus
2070 3156 2287 3208 eximiis
2314 3155 2376 3207 id
2402 3154 2904 3209 commentantibus.
2949 3155 3182 3209 rubricis
3216 3153 3507 3221 tabulaque
3534 3151 3641 3207 dis-

1944 3246 2145 3298 cretum
2174 3233 2356 3313 pcelsa
2397 3244 2456 3296 in
2519 3241 2649 3295 urbe
2720 3243 2977 3297 Basilica.
3052 3244 3299 3313 partium
3358 3242 3636 3296 alemanie.

1945 3348 2108 3401 quam
2132 3346 2238 3386 non
2266 3332 2436 3385 solum
2465 3333 2608 3385 aeris
2637 3331 2915 3385 clementia
2946 3336 2996 3386 et
3016 3333 3279 3398 fertilitas
3304 3332 3429 3399 agri
3456 3344 3641 3384 verum

1943 3412 2061 3475 etid
2114 3411 2486 3491 impmentium
2543 3421 2821 3476 subtilitas
2876 3420 3058 3475 reddit
3108 3409 3533 3486 famantissima.
3566 3418 3640 3472 ad

1945 3509 2159 3563 laudem
2205 3511 2472 3564 trinitatis
2516 3509 2803 3563 indiuidue
2836 3510 3079 3565 ciuitatis
3102 3508 3191 3562 dei
3221 3508 3397 3578 psidis
3426 3508 3640 3573 ingenio

1944 3602 1996 3652 et
2018 3598 2294 3652 industria
2336 3598 2625 3652 Mihahelis
2680 3597 2972 3651 Wenzsler.
3024 3599 3186 3652 Anno
3236 3598 3433 3652 salutis
3462 3599 3641 3650 nostre

1941 3691 2065 3756 post
2109 3687 2184 3741 Μ.
2231 3691 2281 3741 et
2327 3687 2742 3744 CCCC.LXXIX.
2801 3688 2918 3755 Viij
2966 3687 3036 3740 kl.
3070 3687 3269 3757 api-itis
3299 3699 3513 3754 operose
3564 3688 3645 3737 est

1946 3780 2385 3830 consummatum.
2420 3774 2640 3833 Subter
2686 3774 2774 3829 his
2819 3775 3043 3846 insigne
3082 3773 3428 3846 typographi
3459 3771 3639 3826 minio

1946 3862 2163 3933 pariter
2198 3862 2464 3933 refulget.
2518 3862 2723 3933 Incipit
2761 3879 2794 3916 a
2853 3864 3127 3919 Sententia
3156 3862 3455 3929 Augustini
3480 3875 3548 3914 eae
3575 3861 3638 3913 li.

1949 3952 2061 4006 bris
2102 3953 2584 4019 Retractationum,
2632 3967 2808 4021 quam
2856 3951 3047 4005 statim
3074 3950 3261 4004 tabula
3297 3948 3548 4018 capitum
3578 3946 3643 4000 li-

1947 4039 2038 4093 bri
2074 4038 2247 4109 primi
2290 4039 2565 4110 sequitur,
2606 4039 2928 4109 cujusmodi
2979 4038 3289 4107 unicuique
3351 4036 3496 4089 libro
3557 4040 3644 4089 est

1949 4128 2202 4200 preﬁxa.
2248 4129 2380 4181 Post
2426 4132 2646 4182 textum
2695 4126 2904 4197 legitur
2931 4125 3268 4196 subscriptio
3301 4124 3472 4178 rubro
3502 4121 3639 4176 item

135 4244 235 4281 non
279 4232 609 4281 attramento
642 4227 874 4295 plumali
921 4226 1128 4280 calamo
1176 4238 1345 4293 neque
1393 4223 1515 4277 stilo
1545 4236 1696 4275 ereo:
1748 4218 1842 4273 scd
1872 4290 1904 4295 _
1949 4218 2269 4271 charactere
2299 4221 2527 4270 exarata
2556 4215 2865 4286 additaque
2896 4214 3045 4269 infra
3066 4213 3378 4284 typothetee
3406 4210 3637 4282 insigni:

138 4319 433 4379 artiﬁciosa
463 4290 703 4384 quadam
748 4315 1128 4368 adinventione
1172 4290 1271 4367 seu
1298 4308 1731 4366 caracterizandi
1759 4310 1835 4363 sic
1872 4290 1916 4344 Ῑ)
1953 4308 2151 4361 Tecctus
2196 4306 2372 4359 sancti
2401 4304 2697 4373 Augustini
2720 4305 2786 4358 de
2814 4305 3028 4358 civitate
3057 4302 3144 4355 dei
3170 4302 3393 4356 Basilea
3421 4302 3646 4370 impres-

138 4404 446 4474 e/ﬁgiatum
488 4403 564 4457 ad
606 4403 695 4456 dei
736 4401 949 4456 laudem
984 4400 1361 4469 industrieque
1402 4402 1480 4454 est
1504 4412 1838 4453 consumma-

140 4499 264 4547 tum.
325 4508 429 4562 per
473 4492 785 4548 Udalricum
821 4490 1034 4547 Gallum
1079 4487 1418 4543 Almannum
1469 4492 1519 4542 et
1562 4487 1841 4554 Symonem

142 4582 347 4637 Nicolai
381 4581 451 4635 de
496 4583 662 4636 Luca.
708 4580 869 4634 Anno
915 4580 1133 4633 Domini
1176 4579 1237 4633 Μ
1263 4576 1724 4634 CCCC.LXXIIII.
1755 4574 1843 4627 die

142 4685 258 4724 vero
294 4670 425 4725 IIII.
484 4671 680 4723 mensis
728 4667 1042 4727 Februarii,
1098 4663 1428 4735 Pontiﬁcatu
1487 4678 1610 4717 vero
1696 4662 1847 4717 Sicuti

147 4758 385 4812 diuinina
438 4756 551 4825 (sic)
594 4756 945 4827 providentia
996 4757 1139 4824 Pape
1177 4754 1385 4822 quarti,
1413 4767 1555 4806 anno
1577 4752 1692 4822 ejus
1723 4755 1835 4803 ter-

148 4850 233 4902 tio.
290 4846 657 4902 Antecedunt
710 4844 1070 4899 rubricarum
1132 4842 1270 4897 folia
1314 4858 1435 4906 xm,
1494 4854 1627 4893 cum
1682 4837 1834 4893 foliis

149 4935 364 4990 duobus
410 4934 591 5007 puris.
632 4934 934 4990 Character
966 4947 1085 4986 non
1113 4930 1349 4986 omnino
1373 4934 1491 4984 tam
1522 4930 1843 4982 luculentus

147 5028 224 5078 est
250 5030 307 5079 et
336 5039 584 5093 magnus
627 5038 691 5077 ac
729 5023 1122 5078 Romanarum
1165 5019 1507 5087 editionum,
1544 5017 1640 5073 sed
1674 5018 1843 5088 longe

149 5119 337 5166 contra
369 5110 670 5183 aequalior.

216 5204 371 5257 1475.
424 5202 663 5256 Venetiis
696 5216 789 5269 ap.
849 5201 973 5256 Nic.
1009 5198 1470 5265 Jenson.,in-fol.
1526 5195 1581 5251 S.
1654 5196 1844 5264 Augu-

157 5289 275 5344 stini
323 5290 398 5344 de
442 5289 679 5344 Civitate
720 5288 822 5343 Dei
870 5288 1002 5343 libri
1052 5287 1211 5342 XXII.
1278 5286 1343 5340 In
1402 5285 1552 5339 line:
1621 5283 1845 5337 Aurelii

162 5380 449 5447 Augustini
492 5393 627 5448 opus
664 5377 730 5432 de
762 5378 1001 5432 Civitate
1040 5376 1128 5431 dei
1156 5376 1391 5443 feliciter
1420 5374 1683 5443 explicit:
1714 5387 1845 5426 con-

160 5468 342 5529 fectum
369 5468 600 5523 venetiis
629 5467 697 5521 ab
744 5468 953 5534 egregio
999 5469 1050 5521 et
1095 5455 1310 5531 diligeti
1337 5463 1599 5533 magistro
1624 5463 1845 5518 Nicolao

164 5557 362 5612 ienson:
399 5559 559 5612 Petro
612 5555 915 5611 Mozenicho
952 5555 1230 5624 principe:
1273 5554 1430 5607 Anno
1473 5567 1506 5605 a
1560 5552 1846 5604 nativitate

1948 4409 2038 4449 sus
2097 4393 2352 4462 Emplicit
2400 4394 2652 4459 feliciter.
2703 4393 2863 4448 Anno
2918 4392 3142 4447 LXXIX.
3201 4387 3458 4444 Adhibiti
3515 4394 3646 4443 sunt

1947 4482 2296 4537 characteres
2343 4481 2561 4536 Gothici
2611 4482 2917 4535 luculentas
2958 4480 3171 4547 formas,
3220 4478 3281 4533 in
3322 4481 3483 4532 textu
3522 4493 3642 4531 ma-

1941 4572 2119 4642 jores,
2166 4571 2225 4624 in
2274 4570 2730 4638 Commentariis,
2772 4569 2872 4642 qui
2919 4585 3064 4641 pone
3093 4572 3432 4639 sequuntur,
3476 4566 3645 4637 longe

1949 4659 2219 4714 minores.
2269 4660 2561 4714 Columnae
2604 4658 2779 4724 bime,
2838 4674 3070 4728 prorsus
3126 4657 3333 4710 absunt
3393 4653 3645 4721 numeri,

1950 4747 2279 4819 signaturaa,
2331 4746 2613 4811 custodes,
2664 4746 2866 4799 litterae
2913 4745 3162 4799 initiales
3207 4742 3493 4813 titulique.
3542 4742 3645 4796 Dc-

1951 4837 2079 4890 bure
2104 4839 2163 4889 in
2206 4837 2321 4891 Cat.
2372 4835 2512 4889 Bibl.
2542 4836 2703 4888 Ducis
2735 4833 2800 4887 de
2829 4834 2885 4886 la
2918 4834 3147 4900 Valie‘re,
3190 4831 3463 4887 Seemiller
3489 4832 3640 4885 Incu—

1948 4925 2075 4979 nab.
2109 4924 2329 4990 Ingolst.
2363 4924 2516 4977 Fasc.
2547 4923 2617 4989 II,
2652 4938 2708 4992 p.
2742 4923 2809 4976 36
2841 4936 2925 4990 sp.

2025 5014 2187 5067 1482.
2225 5014 2464 5067 Romae...
2500 5012 2693 5077 in-fol.
2745 5008 3097 5079 Augustinus
3146 5006 3214 5061 de
3255 5006 3490 5062 Civitate
3522 5005 3640 5060 Dei.

1953 5101 2195 5172 Hujusce
2239 5099 2511 5155 editionis
2549 5097 2828 5153 memoria
2878 5098 2999 5151 sola
3050 5099 3267 5167 perstat
3321 5094 3475 5164 apud
3503 5095 3645 5150 Lab-

1953 5191 2104 5245 beum
2158 5190 2306 5245 Nova
2377 5189 2518 5244 Bibl.
2575 5202 2703 5243 mss.
2773 5204 2830 5259 p.
2892 5188 3014 5252 347,
3074 5200 3233 5239 num.
3293 5186 3431 5250 689;
3490 5183 3644 5238 unde

1952 5280 2271 5334 Maettarius
2314 5278 2374 5332 in
2422 5278 2635 5332 forulos
2678 5293 2809 5331 suos
2852 5274 3047 5330 retulit
3083 5274 3143 5328 T.
3176 5274 3219 5340 Ι,
3252 5290 3309 5344 p.
3341 5289 3400 5327 ιι.
3432 5289 3487 5341 p.
3516 5274 3640 5327 435.

1954 5368 2179 5423 Laerius
2210 5367 2478 5422 laudabat
2506 5366 2744 5437 insuper
2773 5364 3026 5437 ejusdem
3057 5361 3191 5417 libri
3218 5361 3490 5434 paginam
3520 5364 3644 5428 354,

1956 5476 2011 5514 n.
2047 5461 2211 5523 1029;
2272 5456 2371 5510 sed
2407 5471 2733 5528 perperam,
2784 5458 2848 5508 ut
2876 5452 3093 5508 dudum
3134 5452 3301 5507 solita
3338 5451 3645 5507 acerbitate

1956 5546 2182 5602 monuit
2210 5544 2461 5613 Audiﬂ’r.
2486 5559 2544 5616 p.
2578 5546 2699 5597 252.
