4044 6190
204 336 297 387 153
464 332 475 337 ’
1234 327 1509 384 ΝΟΤΙΤῘΑ
1553 329 1801 384 LITTER

2120 328 2172 382 S.
2217 328 2605 383 AUGUSTINU
2622 331 2680 382 \l.
3614 333 3710 385 154

200 460 311 509 tem
338 459 535 508 textus
566 452 1049 520 emendationem,
1080 452 1395 507 multorum
1424 468 1559 506 mss.
1604 452 1905 506 collatione
1942 456 1986 509 A
2089 453 2221 508 Sac.
2282 452 2441 507 XVII.
2490 484 2559 493 —
2618 455 2767 509 1600.
2826 457 3165 524 Antucrpias,
3224 455 3375 524 apud
3444 457 3709 523 Plantin.,

200 541 514 615 perfectam
584 541 907 613 pollicetur,
986 557 1092 595 nec
1172 556 1290 594 non
1347 540 1711 611 subscriptio,
1779 558 1907 615 quae
2017 544 2205 608 in-fol.
2243 541 2418 596 Iidem
2446 542 2595 596 libri.
2629 544 2712 595 Μ.
2746 542 2884 596 Bibl.
2913 544 3091 599 Colon.

197 634 478 687 Joannem
530 632 853 701 Koburger,
912 630 1452 700 Nurimbergensem
1512 630 1904 702 bibliopolam,
2091 634 2245 685 1610.
2304 631 2586 687 Genevaz...
2636 634 2805 686 ενι-8ο.
2864 631 3041 687 Iidem
3096 631 3247 686 libri.
3296 633 3490 687 Iisdem
3542 648 3712 703 spon-

200 721 489 791 impensas
546 718 919 791 imprimendi
974 717 1284 772 voluminis
1341 718 1539 772 fecisse
1603 718 1903 789 signiﬁcat.
2016 722 2249 774 scribus.

198 810 327 863 Haec
354 825 587 879 quoque
616 808 864 862 rotundo
908 807 1255 872 charactere,
1306 807 1593 878 reliquum
1640 808 1907 862 volumen
2093 809 2244 860 I6I3.
2286 808 2533 874 Parisiis,
2588 806 2685 860 sub
2733 808 2940 874 insigni
2986 807 3173 861 urbis:
3217 809 3408 873 in—fol.
3444 827 3471 858 «
3502 808 3559 862 S.
3588 810 3709 861 Au-

193 898 402 952 litteris
424 897 679 951 Gothicis
705 901 955 967 quatuor
983 896 1347 966 plerumque,
1390 896 1683 950 interdum
1732 897 1907 950 etiam
2016 895 2229 965 gustini
2263 896 2301 948 l.
2334 896 2488 949 XXII.
2552 895 2621 949 de
2679 895 2910 949 Civitate
2950 896 3069 961 Dei,
3112 895 3387 963 recogniti
3416 911 3517 965 per
3539 896 3708 950 theo-

192 986 461 1057 quinque
515 985 802 1039 columnis
860 988 915 1037 et
964 984 1174 1037 crebris
1251 984 1593 1037 sectionibus
1660 984 1908 1054 impres—
2018 986 2178 1054 logos
2205 984 2615 1037 Lovanienses:
2649 1000 2779 1037 cum
2825 989 3126 1037 comment.
3180 987 3335 1039 Leon.
3393 986 3617 1051 σοφιεί
3656 987 3712 1037 et

190 1091 327 1129 sum
360 1075 557 1129 oculos
586 1079 641 1128 et
671 1075 776 1127 hoc
808 1072 931 1144 ipso
965 1077 1020 1126 et
1068 1072 1224 1127 vario
1273 1073 1667 1126 characterum
1699 1089 1907 1143 genere
2014 1071 2100 1126 Jo.
2134 1072 2276 1126 Lud.
2314 1074 2487 1126 Vivis.
2532 1092 2559 1122 »
2592 1074 2709 1128 Cat.
2744 1072 2882 1125 Bibl.
2921 1073 3092 1125 Thott.

190 1164 249 1217 in
282 1164 496 1218 eadem
528 1163 744 1234 pagina
772 1160 939 1215 obvio
972 1160 1229 1216 offendit.
1276 1163 1435 1231 Casp.
1494 1163 1749 1215 Barthius
1790 1162 1907 1215 Ad-
2095 1164 2245 1215 1624.
2293 1162 2571 1226 Francof.,
2624 1163 2769 1229 typis
2844 1161 3073 1213 Wechel.
3132 1176 3225 1229 ap.
3272 1164 3409 1214 Dan.
3450 1165 3520 1233 et
3571 1163 3708 1213 Dav.

187 1268 338 1306 vers.
374 1268 633 1321 er,cap.
690 1254 774 1315 I0,
830 1266 887 1319 ι).
942 1253 1104 1316 2795,
1150 1250 1298 1303 hanc
1353 1249 1666 1304 editionem
1712 1250 1908 1304 multis
2018 1251 2254 1304 Aubrios
2332 1256 2382 1304 et
2440 1251 2598 1305 Clem.
2655 1251 2955 1315 Schleich.;
3006 1251 3197 1315 in-fol.
3300 1251 3432 1319 Cap.
3493 1246 3709 1302 Barthii

187 1357 335 1394 mss.
365 1340 667 1394 meliorem
695 1344 877 1393 vocat.
2018 1338 2579 1393 Commentariorum
2618 1338 2678 1391 in
2738 1339 2798 1391 D.
2852 1340 2985 1393 Aur.
3040 1337 3345 1407 Augustini
3415 1337 3710 1391 Civitatem

268 1431 431 1483 I520.
486 1428 741 1495 Lugduni
792 1428 1047 1495 impensis
1098 1428 1179 1480 Jo.
1230 1426 1532 1493 Koburger,
1603 1432 1721 1480 arte
1774 1428 1902 1479 Jac.
2020 1427 2119 1481 Dei
2150 1428 2295 1482 liber
2341 1428 2559 1499 primus
2588 1444 2689 1480 seu
2748 1426 3212 1480 Adversariorum
3260 1426 3573 1480 Comment.
3610 1424 3711 1478 lib.

184 1519 456 1581 Saccon.;
536 1517 709 1581 in-fol.
792 1514 1147 1585 Augustinus
1205 1514 1274 1568 de
1348 1515 1583 1569 Civitate
1634 1515 1733 1569 Dei
1798 1530 1908 1569 una
2016 1533 2101 1570 1.x.
2139 1518 2325 1570 Exstat
2352 1533 2482 1571 cum
2518 1517 2863 1570 Adversariis
2912 1532 2944 1568 a
2991 1531 3121 1585 pag.
3152 1517 3292 1569 28I6
3338 1530 3462 1585 sqq.
3508 1515 3715 1567 Praece-

185 1621 316 1659 cum
350 1605 508 1658 libris
556 1604 626 1658 de
679 1603 982 1668 Trinitate,
1032 1620 1176 1675 quos
1227 1603 1368 1659 vide.
1421 1604 1594 1658 Plane
1645 1621 1909 1676 expressa
2015 1606 2098 1659 dit
2148 1606 2269 1659 haec
2322 1606 2443 1675 ejus
2489 1604 2845 1659 admonitio:
2904 1607 3100 1659 Eccum
3157 1604 3256 1657 tibi
3313 1606 3481 1657 amice
3531 1604 3711 1669 lector,

185 1699 280 1747 est
306 1693 640 1762 praecedens
660 1692 1018 1748 Basileensis.
1947 1748 1986 1765 ἢ
2015 1697 2277 1763 specimen
2351 1694 2871 1747 Commentariorum
2936 1697 3241 1746 nostrorum
3302 1694 3359 1745 in
3407 1693 3715 1765 [Civitatem

270 1748 434 1836 1522.
464 1782 707 1849 Basilez,
742 1781 895 1851 apud
931 1784 1016 1835 Jo.
1065 1782 1285 1836 Froben.
1311 1802 1332 1848 ;
1388 1783 1584 1847 in-fol.
1640 1784 1703 1837 D.
1766 1786 1900 1839 Aur.
1947 1748 1988 1802 Β
2020 1748 2273 1838 Divinam
2298 1784 2615 1849 Augustini,
2650 1783 2834 1835 multis
2874 1784 3189 1850 expetitum.
3248 1754 3549 1849 Sequentur
3593 1782 3717 1848 ipsa

186 1870 509 1941 Augustini
536 1886 679 1939 opus
709 1869 1198 1923 absolutissimum
1254 1870 1322 1925 de
1381 1870 1619 1924 Civitate
1668 1872 1785 1937 Dei,
1838 1873 1906 1928 ad
2020 1872 2445 1934 Commentaria,
2473 1873 2523 1923 si
2568 1873 2709 1924 Deus
2768 1872 2935 1924 vitam
2990 1869 3239 1935 dederit;
3296 1869 3441 1937 Opus
3488 1870 3717 1921 immen-

188 1964 389 2013 vetera
442 1958 789 2028 exemplaria
836 1958 1106 2012 collatum
1153 1962 1205 2012 et
1271 1959 1694 2013 commentariis
1742 1960 1908 2014 illus—
2018 1976 2156 2025 sum,
2190 1964 2238 2014 et
2270 1962 2391 2013 licet
2410 1961 2662 2023 ominari,
2701 1963 2975 2013 aeternum.
3027 1959 3354 2026 Reliquinus
3409 1961 3607 2022 autem,
3660 1961 3719 2009 ut

189 2052 415 2101 tratum
464 2046 652 2100 studio
683 2049 739 2099 et
790 2045 983 2099 labore
1038 2047 1135 2101 Jo.
1175 2046 1316 2099 Lud.
1378 2048 1546 2100 Vivis.
1596 2048 1713 2102 Cat.
1767 2049 1907 2103 Bibl.
2017 2051 2378 2118 scripsimus;
2408 2064 2513 2102 non
2566 2048 2795 2101 sublatis
2852 2050 2942 2113 iis,
2993 2062 3111 2116 qua:
3151 2063 3219 2100 ea:
3259 2046 3613 2100 Adversariis
3654 2047 3712 2097 in

190 2138 326 2203 Reg.
370 2136 514 2189 Mus.
563 2137 727 2190 Britt.
782 2138 831 2188 et
883 2134 1125 2189 Budens.
1183 2134 1375 2188 Prima
1431 2136 1552 2189 haec
1596 2139 1679 2189 est
1735 2137 1908 2191 editio
2019 2140 2158 2193 hunc
2200 2139 2662 2192 Commentarium
2706 2137 3113 2200 transtulimus;
3172 2135 3336 2204 idque
3379 2135 3622 2199 consilio,
3656 2138 3717 2187 ut

192 2240 329 2277 cum
362 2223 515 2276 Vivis
565 2222 1014 2278 commentariis.
1050 2224 1182 2276 Post
1211 2223 1631 2277 dedicationem
1667 2225 1735 2279 ad
1766 2229 1909 2281 Hen-
2018 2229 2177 2298 quale
2224 2229 2402 2295 ipsum
2450 2241 2582 2294 opus
2638 2228 2731 2293 sit,
2781 2242 2837 2279 eo
2882 2226 3105 2292 facilius
3148 2226 3535 2293 perspiciatur.
3583 2222 3719 2286 Quae.

192 2316 370 2366 risum
444 2314 593 2368 VIII.
624 2312 845 2382 Anglia:
868 2328 1085 2383 regem,
1119 2311 1234 2365 dat.
1278 2314 1509 2366 Lovanii
1544 2316 1703 2368 nonis
1734 2316 1908 2369 Juliis
2016 2315 2197 2386 ipsius
2230 2315 2442 2369 Barthii
2472 2314 2639 2367 verba
2668 2331 2734 2368 eo
2766 2314 3052 2368 lubentius
3092 2314 3203 2367 huc
3232 2311 3717 2382 transcripsimus,

192 2404 273 2456 Μ.
328 2403 394 2455 D.
448 2404 596 2456 XXII
663 2400 925 2471 praefatio
983 2400 1338 2454 occasionem
1392 2402 1583 2471 operis
1634 2404 1907 2475 Augusti—
2017 2406 2170 2475 quod
2203 2420 2387 2475 nuper
2413 2404 2645 2457 demum
2684 2406 2916 2472 Lipenii,
2948 2403 3211 2456 sublestm
3240 2419 3357 2455 non
3411 2418 3539 2455 raro
3586 2401 3719 2455 ﬁdei

194 2490 356 2543 niani
386 2489 596 2543 docens
616 2494 673 2543 et
697 2488 1001 2559 singularis
1030 2494 1307 2560 praeterea
1329 2490 1394 2543 de
1423 2492 1687 2546 veteribus
1735 2494 1907 2546 inter—
2018 2493 2197 2557 testis,
2233 2491 2556 2546 auctoritati
2593 2496 2812 2545 tantum
2872 2491 3092 2545 dedisse
3152 2490 3518 2543 Colonienses
3567 2489 3718 2543 vidi—

190 2578 445 2648 pretibus
484 2579 649 2647 hujus
680 2579 850 2632 libelli
879 2578 1065 2649 deque
1096 2580 1290 2633 Gothis
1319 2581 1417 2647 qui
1438 2582 1656 2634 Romam
1673 2583 1908 2652 ceperint
2019 2598 2162 2640 mus,
2194 2586 2261 2635 ut
2288 2581 2709 2650 refragantibus
2742 2580 2871 2634 licet
2923 2581 3122 2636 Christ.
3179 2579 3428 2645 Daumii,
3491 2578 3718 2632 Barthio

197 2667 521 2721 dissertatio
553 2672 638 2720 est
669 2667 909 2737 adjecta.
2018 2670 2311 2742 quondam
2359 2668 2807 2735 familiarissimi,
2869 2667 3250 2739 aliorumque,
3306 2684 3449 2738 quos
3501 2667 3610 2737 ipsi
3660 2667 3716 2721 in

270 2758 430 2811 1554.
464 2759 665 2824 Paris.,
699 2758 871 2824 in-fol.
906 2756 960 2811 S.
998 2757 1135 2809 Aur.
1194 2757 1341 2826 Aug.
1399 2757 1469 2811 de
1515 2758 1750 2812 Civitate
1782 2758 1902 2812 Dei.
2016 2759 2273 2813 medium
2312 2758 2653 2829 producunt,
2687 2756 2941 2811 melioris
2973 2762 3121 2807 nota:
3155 2756 3497 2825 scriptorum
3552 2742 3717 2808 testi¥

198 2846 403 2899 edente
434 2846 574 2900 Lud.
621 2847 765 2899 Vive.
792 2847 913 2901 Cat.
945 2846 1086 2899 Bibl.
1110 2847 1270 2899 Bern.
1303 2846 1362 2899 T.
1398 2846 1442 2911 Ι,
1474 2862 1530 2915 p.
1569 2849 1653 2900 16.
2016 2846 2230 2901 moniis
2266 2845 2635 2917 gravissimis,
2693 2861 2809 2898 non
2862 2860 3093 2914 prorsus
3139 2849 3331 2897 tamen
3385 2844 3453 2897 de
3506 2842 3716 2913 integri

270 2939 428 2989 1555.
450 2936 700 2989 Parisiis.
733 2933 882 3003 apud
908 2934 1157 2990 Carolum
1179 2934 1467 2999 Guillard;
1511 2935 1685 3000 in-fol.
1728 2935 1904 2989 Iidem
2015 2936 2187 3005 hujus
2212 2934 2503 2988 Barthiani
2532 2931 2927 2987 commentarii
2958 2931 3225 2996 editione,
3269 2931 3499 3001 qualem
3562 2930 3715 2983 Halm

198 3023 331 3077 libri
361 3039 498 3076 cum
531 3022 732 3076 eodem
787 3020 1243 3077 Commentario.
1306 3022 1519 3075 Laudat
1574 3024 1906 3079 Colonienses
1944 3036 1984 3091 (ζ
2019 3025 2147 3079 Sax.
2181 3039 2235 3077 a.
2268 3023 2404 3076 1620
2432 3021 2628 3075 in—fol.
2682 3022 2867 3075 lucem
2924 3020 3129 3073 vidisse
3189 3018 3455 3090 Lipenius
3518 3018 3715 3089 prodi-

196 3129 247 3183 p.
279 3114 411 3165 739.
450 3110 508 3164 Si
536 3109 865 3180 praecedens
888 3108 1060 3162 editio
1085 3113 1236 3163 recte
1257 3125 1315 3161 se
1348 3109 1672 3176 habet,non
1703 3112 1901 3166 dubito
2012 3111 2194 3175 derat,
2226 3110 2613 3181 desperarent.
2644 3108 3002 3179 Imposuerat
3035 3106 3145 3160 illis
3193 3107 3364 3160 etiam
3395 3107 3522 3173 hoc,
3556 3107 3710 3176 quod

197 3200 339 3271 quin
402 3215 472 3253 ex
549 3199 752 3253 eodem
802 3197 1161 3268 bibliopolio?
1213 3198 1469 3267 profecta
1510 3198 1584 3253 sit
1639 3216 1702 3253 ac
1759 3201 1898 3255 haec.
2009 3202 2132 3272 ipse
2164 3202 2427 3256 Barthius
2462 3201 2522 3255 in
2558 3201 2673 3255 suis
2713 3201 2782 3254 ad
2836 3200 3077 3255 Statium
3100 3199 3709 3253 Animadversionibus

264 3320 333 3328 —
360 3290 517 3352 Bas.,
573 3303 663 3356 ap.
713 3286 881 3340 Hier.
914 3287 1134 3341 Froben.
1169 3291 1219 3340 et
1248 3289 1370 3353 Nic,
1421 3289 1689 3357 episcop.;
1720 3290 1898 3355 in‘fol.
2011 3290 2221 3361 saepius
2268 3291 2438 3362 hujus
2468 3290 2861 3344 commentarii
2885 3289 2942 3343 in
2991 3288 3374 3359 Augustinum
3405 3288 3709 3343 meminis-

200 3400 225 3425 ‹‹
260 3379 323 3432 D.
356 3374 581 3431 Aurelii
636 3373 962 3446 Augustini,
1024 3374 1194 3445 Hipp.
1246 3390 1339 3445 ep.
1384 3375 1453 3429 de
1506 3376 1743 3430 Civitate
1802 3376 1903 3431 Dei
2010 3385 2114 3434 set.
2147 3380 2255 3435 Sed
2289 3396 2419 3450 qua:
2449 3379 2663 3433 ibidem
2695 3395 2761 3433 ex
2792 3377 2860 3431 iis
2904 3377 3203 3447 proferunt
3235 3375 3423 3441 verba,
3478 3380 3703 3429 tantum

196 3466 324 3522 libri
351 3467 519 3532 XXII,
550 3465 620 3519 ad
641 3464 843 3536 priscae
872 3464 1327 3535 venerandaeque
1363 3464 1658 3519 vetustatis
1717 3481 1902 3520 exem-
2010 3468 2285 3539 scriptum
2306 3470 2429 3539 jam
2459 3468 2631 3521 fuisse
2662 3483 2795 3521 eum
2841 3467 3105 3538 probant,
3154 3481 3271 3518 non
3306 3465 3464 3530 item,
3495 3468 3561 3518 ut
3600 3463 3711 3535 ipsi

194 3556 378 3627 plaria
429 3554 619 3608 denuo
666 3552 857 3607 collati
904 3551 1417 3624 eruditissimisque
1456 3552 1694 3624 insuper
1743 3554 1902 3608 Com-
2009 3557 2229 3626 volunt,
2265 3557 2509 3612 editum.
2546 3557 2825 3612 Caeterum
2858 3555 3060 3625 ingens
3086 3558 3222 3607 tunc
3252 3552 3529 3623 temporis
3558 3553 3711 3622 apud

193 3643 493 3699 mentariis
536 3658 641 3712 per
684 3641 1068 3712 undequaque
1098 3640 1324 3697 doctiss.
1372 3640 1561 3695 virnm
1598 3643 1693 3696 J0.
1752 3643 1895 3697 Lud.
2009 3646 2202 3701 doctos
2243 3646 2508 3700 homines
2538 3645 2710 3715 hujus
2757 3642 3156 3698 commentarii
3212 3641 3319 3695 fuit
3366 3641 3711 3695 desiderium

202 3735 388 3787 Vivam
421 3730 693 3785 illustrati
722 3734 779 3784 et
836 3728 1134 3800 recogniti.
1195 3730 1447 3783 Accessit
1489 3730 1657 3785 index
1704 3731 1899 3785 fecun-
2008 3733 2293 3804 imprimis
2324 3734 2595 3803 quoniam
2630 3732 2751 3803 ipse
2780 3737 2976 3786 auctor
3006 3732 3075 3784 de
3124 3746 3191 3784 eo
3240 3734 3357 3783 tam
3412 3728 3713 3799 magniﬁce

197 3821 489 3876 dissimus.
534 3842 560 3869 ››
594 3820 658 3873 In
699 3833 894 3873 aversa
922 3818 1075 3872 tituli
1125 3818 1339 3889 pagina
1395 3818 1639 3887 Henrici,
1681 3820 1901 3891 Anglia:
2006 3823 2230 3877 locutus
2257 3827 2397 3882 erat.
2428 3826 2486 3877 et
2525 3823 2736 3892 oppido
2766 3821 2935 3892 pauci
2975 3824 3157 3886 erant,
3200 3820 3300 3891 qui
3343 3835 3461 3872 non
3504 3818 3710 3872 eximie

196 3910 368 3981 regis,
414 3908 657 3980 epistola
712 3907 941 3979 legitur,
1002 3924 1115 3979 qua
1170 3906 1310 3961 Lud.
1371 3906 1492 3961 Vivi
1541 3924 1646 3979 pro
1695 3909 1900 3963 oblatis
2007 3911 2363 3965 reconditam
2395 3911 2557 3965 istius
2609 3910 2715 3964 viri
2768 3908 3086 3963 doctrinam
3117 3907 3559 3962 admirarentur.
3595 3908 3701 3959 Ho-

197 4000 300 4053 sibi
330 3997 644 4069 Augustini
672 3996 832 4050 libris
887 3996 1098 4066 gratias
1147 3996 1285 4066 agit,
1336 3996 1465 4051 data
1496 3998 1756 4051 Grenuici
1812 3998 1901 4053 die
2008 3999 2100 4053 die
2139 4016 2257 4053 non
2289 4000 2566 4069 majorem
2594 3999 2652 4052 in
2685 4016 2751 4053 eo
2777 3998 3059 4067 jacturam
3093 3996 3287 4050 orbem
3322 3994 3609 4048 eruditum
3641 3993 3719 4047 fe-

200 4091 392 4145 XXIIII
414 4092 537 4142 Jan.
573 4089 727 4140 1523.
2007 4087 2150 4141 cisse
2170 4087 2475 4153 credimus,
2507 4103 2677 4157 quam
2711 4085 2771 4139 in
2820 4102 2907 4151 eo,
2949 4100 3121 4155 quem
3177 4082 3484 4138 Salmasius
3536 4096 3709 4151 super

269 4180 427 4232 I570.
462 4176 708 4238 Basilez,
736 4190 833 4243 per
868 4174 1214 4228 Ambrosium
1261 4177 1311 4226 et
1356 4175 1644 4227 Aurelium
1697 4174 1897 4229 Frobe-
2005 4176 2320 4229 Arnobium
2347 4175 2744 4228 meditabatur.

196 4268 309 4320 nios
334 4268 583 4333 fratres;
641 4264 835 4329 in-fol.
899 4281 926 4313 α
987 4264 1030 4316 D
1081 4261 1298 4315 Aurelii
1347 4261 1672 4332 Augustini,
1728 4262 1893 4333 Hipp.
1939 4325 1973 4333 _
2088 4267 2242 4319 I636.
2299 4266 2551 4328 Parisiis,
2615 4262 2713 4316 sub
2769 4263 2977 4329 insigni
3027 4264 3235 4328 Magna
3283 4261 3469 4321 Navis,
3520 4258 3707 4324 iu-fol.

198 4370 284 4425 ep.
321 4325 395 4407 de
421 4325 660 4408 Civitate
708 4325 809 4407 Dei
848 4352 979 4407 libri
1028 4353 1185 4417 XXII,
1236 4352 1306 4405 ad
1362 4325 1565 4421 priscae
1615 4325 1899 4404 veneran—
1939 4325 1982 4379 θ
2014 4374 2037 4401 ι
2069 4352 2122 4407 S.
2153 4352 2372 4406 Aurelii
2415 4325 2743 4423 Augustini,
2796 4325 2961 4421 Hipp.
3020 4325 3137 4420 ep:
3166 4351 3242 4404 De
3289 4349 3523 4403 Civitate
3577 4345 3711 4401 libri

196 4443 402 4513 dieque
430 4440 725 4495 vetustatis
754 4440 1102 4511 exemplaria
1141 4440 1262 4510 jam
1294 4440 1505 4494 iterum
1536 4443 1663 4510 post
1714 4438 1901 4493 virum
2010 4442 2165 4496 XXII.
2238 4442 2313 4495 Ex
2390 4440 2789 4495 vetustissimis
2844 4438 3245 4510 manuscriptis
3289 4436 3708 4508 exemplaribus

196 4531 585 4601 undequaque
614 4529 1007 4583 doctissimum
1039 4530 1297 4583 Joannem
1341 4529 1673 4583 Ludovicum
1712 4528 1902 4582 Vivam
2010 4546 2115 4601 per
2169 4531 2434 4597 theologos
2482 4531 2837 4585 Lovanienses
2867 4530 2939 4582 ab
2988 4527 3309 4583 innumeris
3338 4525 3563 4581 mendis
3619 4540 3712 4579 re-

196 4636 425 4674 summo
466 4618 657 4673 studio
685 4617 874 4672 collati
904 4634 969 4672 ac
998 4617 1254 4687 ejusdem
1303 4614 1727 4671 commentariis
1766 4630 1903 4668 eru-
2009 4622 2307 4690 purgatus.
2346 4640 2368 4666 ιι
2411 4619 2664 4682 Quorum
2693 4618 3049 4689 diligentiam
3081 4621 3379 4672 attestatur
3407 4615 3511 4670 sub
3540 4614 3711 4669 ﬁnem

196 4707 495 4763 ditissimis
566 4706 853 4761 illustrati.
907 4704 1154 4760 Accessit
1220 4705 1391 4759 Indea:
1465 4704 1671 4770 multo,
1728 4718 1903 4774 quam
2010 4706 2174 4776 tomi,
2205 4706 2642 4777 castigationum
2668 4708 2811 4762 ratio
2850 4711 2905 4761 et
2935 4706 3247 4761 lectionum
3289 4706 3534 4760 varietas
3580 4719 3708 4757 ma—

196 4804 364 4852 antea
392 4797 598 4862 fuerat,
629 4795 940 4850 fecundior.
988 4816 1010 4843 ι
2004 4796 2119 4867 jori
2140 4812 2209 4850 ex
2238 4800 2398 4866 parte
2428 4800 2715 4850 annotata.
2744 4798 2883 4851 Cum
2940 4795 3380 4849 Commentariis
3433 4791 3595 4847 novis
3652 4797 3710 4844 et

265 4886 584 4940 Videantur
611 4901 740 4956 quae
771 4885 841 4940 de
868 4884 973 4938 hac
1002 4882 1251 4938 editione
1280 4882 1339 4936 in
1368 4882 1682 4936 Annalibus
1730 4883 1901 4938 Colle-
2008 4884 2320 4957 perpetuis.
2378 4885 2443 4939 R.
2490 4886 2550 4938 Ρ.
2614 4885 2670 4938 F.
2728 4884 2998 4938 Leonardi
3029 4885 3264 4953 Coquzi,
3324 4881 3536 4937 Aurelii
3568 4882 3709 4935 Ere-

194 4979 432 5029 ctionum
462 4974 806 5027 notavimus.
844 4975 907 5027 In
946 4976 1067 5026 toto
1098 4970 1389 5024 volumine
1413 4970 1558 5024 nihil
1590 4974 1673 5023 est
1694 4975 1904 5041 printer
2010 4974 2184 5041 initae,
2218 4972 2642 5043 Augustiniani,
2675 4973 2829 5027 Doct.
2860 4972 3053 5027 Theol.
3115 4971 3293 5025 Paris.
3330 4974 3386 5024 et
3426 4972 3507 5024 Jo.
3565 4968 3707 5023 Lud.

194 5062 618 5135 praefationem,
649 5060 802 5132 quod
844 5060 916 5114 ad
964 5060 1247 5130 integram
1304 5074 1545 5129 operum
1589 5058 1901 5111 editionem
2015 5064 2188 5118 Vivis.
3530 5054 3535 5061 ’

195 5152 430 5224 respicit
456 5157 513 5205 et
542 5151 817 5222 impedire
839 5150 1048 5221 potuit,
1101 5149 1411 5220 quominus
1459 5148 1766 5220 separatim
1812 5148 1903 5202 hic
2080 5150 2370 5222 Inscripsit
2396 5152 2558 5207 Leon.
2617 5151 2883 5219 Coquzus
2936 5148 3270 5204 Christianas
3317 5163 3351 5200 a
3408 5144 3708 5201 Lotharin-

194 5249 390 5298 tomus
408 5241 779 5295 venderetur.
2010 5240 2104 5311 gia
2133 5241 2350 5311 Magnas
2383 5241 2619 5295 Etruria:
2666 5239 2806 5295 Duci
2861 5238 3021 5293 Matri
3072 5254 3106 5292 a
3162 5235 3334 5291 sacris
3389 5234 3711 5293 Confessio-

270 5334 429 5387 I596.
493 5326 760 5402 [Genevz]
818 5328 1113 5383 excutiebat
1179 5326 1406 5381 Iacobus
1463 5327 1649 5391 Stoer;
1724 5328 1900 5395 in-8°,
2011 5329 2198 5383 nibus.
2229 5329 2386 5383 Note
2413 5329 2536 5399 ejus
2593 5344 2756 5400 aeque
2808 5327 3096 5398 copiosam
3143 5326 3527 5398 theologicam
3584 5342 3712 5380 eru-

204 5424 252 5476 II
279 5422 464 5475 tomis.
498 5420 570 5474 D.
606 5421 743 5472 Aur.
776 5421 921 5489 Aug.
959 5417 1125 5488 Hipp.
1161 5433 1251 5487 ep.
1297 5416 1366 5470 de
1418 5414 1654 5470 Civitate
1713 5415 1814 5469 Dei
1860 5417 1897 5470 l.
2010 5418 2288 5473 ditionem
2307 5418 2635 5481 ostendunt,
2681 5433 2854 5488 quam
2885 5416 3024 5470 Lud.
3060 5416 3207 5470 Vivis
3263 5415 3709 5471 commentarius

205 5509 355 5563 XXII.
386 5508 636 5562 Tomnm
684 5508 937 5575 quintum
983 5505 1234 5576 Operum
1289 5503 1553 5558 omnium
1600 5504 1659 5558 h.
1689 5504 1729 5557 l.
1763 5508 1817 5559 et
1847 5520 1897 5558 a.
2010 5507 2319 5579 omnigena
2350 5506 2708 5578 antiquitatis
2738 5504 2998 5560 doctrina
3026 5504 3265 5561 illustris
3289 5509 3393 5560 est.
3428 5506 3554 5576 Ipse
3577 5520 3711 5576 quo-

211 5611 545 5651 excusorum
576 5594 851 5650 efﬁciunt.
879 5594 1003 5650 Vid.
1035 5610 1208 5665 supra
1230 5593 1290 5648 in
1320 5592 1623 5648 Annalibus
1654 5593 1790 5662 Opp.
2011 5610 2122 5665 que
2150 5595 2216 5649 de
2244 5597 2614 5665 inscriptione,
2671 5596 2963 5661 occasione,
2985 5597 3301 5666 partitione,
3353 5594 3628 5662 dignitate
3658 5599 3707 5649 et
