3926 6192
58 5445 61 5448 ·
169 5437 357 5492 versio
387 5437 618 5504 Gellica,

156 256 253 307 155
1178 247 1730 308 SUPPLEMENTUM
1772 249 1861 304 AD
1898 248 2126 305 OPERA
2169 249 2223 303 S.
2267 247 2656 306 AUGUSTINI.
3566 253 3662 306 I56

154 375 394 430 utilitate
459 375 667 429 horum
727 374 1033 439 librorum,
1083 371 1238 444 quod
1283 372 1437 427 haud
1476 372 1860 444 perfunctorie
1897 377 1940 432 A
1969 387 2165 427 nense.
2198 391 2227 425 io
2283 371 2538 427 Plurima
2581 373 2989 429 commendant
3049 373 3196 430 hanc
3251 389 3506 446 operam,
3540 390 3667 428 ver-

152 463 316 518 Vives
345 467 561 534 egerat,
584 463 775 518 denuo
803 466 1223 517 commentatus
1253 466 1358 518 est.

226 554 384 607 1651.
423 552 970 618 Parisiis..,.in—fol.
1005 550 1185 604 Iidem
1239 566 1370 604 cum
1429 549 1658 622 Coquaei
1707 566 1858 605 com-

152 641 470 696 mentariis.
503 642 588 695 Ita
616 640 975 698 Colonienses.

227 733 382 784 1661.
435 730 752 797 Hamburgi,
812 732 1015 798 sumpt.
1068 729 1228 783 Zach.
1281 727 1555 799 Hertelii;
1605 729 1774 796 iii-4°,
1807 729 1862 783 II

157 822 335 874 tomis.
371 819 427 873 S.
457 821 594 873 Aur.
623 821 772 888 Aug.
808 819 975 890 Hipp.
1007 834 1098 888 ep.
1148 817 1218 872 de
1275 817 1512 872 Civitate
1572 818 1673 872 Dei
1725 817 1856 871 libri

153 909 309 971 XXII,
366 908 429 961 in
480 907 622 960 duos
670 912 856 961 tomos
905 907 1092 973 divisi,
1152 923 1216 960 ex
1275 906 1670 960 vetustissimis
1719 922 1854 960 mss.

153 994 572 1064 exemplaribus
645 985 958 1058 emendati,
999 995 1164 1064 juxta
1222 993 1591 1047 novissimam
1647 993 1858 1048 editio-

154 1099 288 1137 nem
318 1083 740 1138 Coloniensem.
777 1083 1068 1136 Accedunt
1097 1082 1504 1137 Commentarii
1549 1082 1760 1136 eruditi
1803 1085 1860 1136 et

149 1171 362 1242 integri
429 1171 684 1242 quidem,
716 1173 801 1226 Io.
839 1172 978 1226 Lud.
1031 1170 1200 1234 Vivis,
1262 1171 1473 1243 Hispal.
1518 1187 1583 1224 ac
1641 1172 1854 1225 Lconn.

152 1259 388 1330 Coquaai
428 1260 877 1314 Aurelianensis.
926 1261 1068 1316 Cum
1125 1260 1308 1315 indice
1365 1261 1616 1332 gemino,
1678 1261 1856 1314 altero

151 1350 414 1404 locorum
441 1349 525 1404 Sc.
571 1349 652 1416 S.,
687 1349 862 1403 altero
907 1365 1099 1404 rerum
1133 1365 1198 1404 ac
1249 1351 1556 1405 verborum
1605 1349 1857 1420 locuple-

153 1438 394 1492 tissime.

224 1526 358 1580 Sam.
393 1527 578 1582 XVIII.
614 1556 675 1567 —
725 1529 881 1583 1748.
935 1529 1433 1598 Neapoli...in-40.
1509 1529 1562 1584 S.
1629 1529 1857 1599 Augus-

152 1613 259 1668 tini
289 1613 422 1668 libri
477 1616 612 1670 XXII
668 1615 738 1670 de
791 1614 1026 1669 Civitate
1060 1614 1159 1668 Dei
1189 1631 1321 1668 cum
1369 1614 1515 1668 notis
1546 1615 1856 1670 monacho-

153 1719 286 1758 rum
314 1703 369 1758 S.
405 1703 586 1759 Mauri
627 1705 744 1762 Cat.
803 1705 943 1759 Bibl.
999 1705 1052 1760 S.
1111 1704 1258 1773 Aug.
1304 1704 1378 1766 ad
1424 1704 1628 1760 Nidum
1681 1706 1856 1775 Neap.
1892 1674 1931 1730 Β

848 1794 1147 1847 Versiones.

227 1878 569 1934 Versionum
600 1895 827 1952 quoque
852 1879 1022 1950 hujus
1077 1879 1480 1952 Augustiuiani
1523 1881 1712 1953 operis
1743 1899 1861 1938 non

155 1968 397 2040 exiguus
454 1973 538 2023 est
588 1985 886 2023 numerus.
946 1971 1088 2023 Nam
1136 1974 1192 2024 et
1237 1970 1394 2024 vario
1427 1970 1698 2025 idiomate
1728 1972 1861 2026 red-

155 2058 339 2112 ditum
371 2063 477 2123 est,
538 2063 595 2112 et
645 2058 851 2129 saepius
906 2059 1128 2126 eodem,
1157 2058 1256 2113 sed
1289 2059 1447 2112 nullo
1480 2059 1856 2131 frequentius,

155 2161 330 2216 quam
360 2145 591 2201 Gallico.
628 2147 702 2200 Ex
735 2146 994 2217 pluribus
1052 2153 1243 2200 autem
1291 2147 1392 2217 qui
1446 2148 1555 2201 huc
1607 2149 1860 2204 studium

158 2249 328 2288 suum
387 2235 754 2288 contulerunt
812 2235 1212 2306 Francogallis,
1291 2251 1460 2289 nemo
1527 2236 1695 2291 laude
1760 2253 1862 2291 sua

156 2322 307 2392 apud
337 2323 640 2394 pepulares
680 2323 881 2389 caruit,
934 2324 1298 2395 studioseque
1351 2328 1586 2396 excepta
1638 2331 1773 2380 sunt
1805 2331 1862 2381 et

153 2411 318 2481 prelo
370 2410 751 2482 multiplicata
811 2413 1093 2482 Radulphi
1172 2413 1237 2467 de
1296 2414 1529 2483 Prmllis,
1595 2413 1860 2469 Gentiani

154 2501 388 2562 Herveti,
429 2499 494 2554 de
549 2500 832 2566 Ceriziers,
889 2501 1154 2556 Ludovici
1196 2504 1340 2573 Giry
1396 2506 1454 2556 et
1485 2504 1635 2558 Petri
1688 2505 1855 2559 Lom-

164 2589 302 2644 berti
326 2589 646 2644 conanima.
680 2589 789 2645 Sed
821 2589 1050 2661 singula
1076 2590 1234 2645 brevi
1270 2589 1526 2645 indiculo
1574 2592 1856 2663 complec-

156 2682 368 2734 tamur.

223 2767 449 2822 Italicae.
483 2796 547 2808 —
574 2767 631 2824 S.
664 2767 702 2821 ι.
733 2772 783 2822 et
825 2784 903 2834 a.,
954 2769 1147 2835 iri-fol.
1179 2785 1207 2818 α
1237 2768 1282 2822 ΙΙ
1312 2766 1459 2822 libro
1508 2767 1568 2823 di
1621 2767 1676 2824 S.
1735 2770 1858 2823 Au-

155 2855 411 2926 gustino,
451 2855 520 2910 de
549 2855 605 2909 la
655 2855 778 2910 Cita
805 2855 863 2910 di
912 2855 1036 2922 Dio,
1069 2855 1108 2909 il
1135 2855 1304 2926 quale
1333 2856 1365 2909 ὲ
1397 2855 1578 2910 diviso
1632 2855 1694 2910 in
1722 2857 1858 2912 XXII

1967 461 2146 516 sionis
2192 461 2494 532 elegantia,
2546 462 2718 517 index
2775 463 3054 533 copiosus,
3117 464 3389 534 splendor
3416 462 3667 528 artiﬁcii,

1966 551 2285 622 ipsumque
2309 551 2556 621 denique
2594 553 2656 604 P.
2707 552 2774 606 Μ.
2842 551 3129 606 Benedicti
3177 553 3313 616 XIV,
3362 552 3454 606 cui
3512 551 3673 607 dedi-

1967 644 2092 692 cata
2121 644 2226 705 est,
2261 655 2495 707 nomen,
2524 643 2670 694 teste
2716 640 2872 696 'Bibl.
2929 638 3075 706 dein
3105 642 3242 694 Aut.
3284 641 3579 706 volgarizz.
3612 638 3676 691 in

1966 730 2217 784 Raccolta
2240 729 2496 798 d’Opusc.
2520 732 2712 784 scient.
2743 746 2770 783 e
2787 730 2921 802 ﬁlol.
2954 731 3015 784 Τ.
3048 730 3248 794 XXXII,
3280 746 3334 800 p.
3370 730 3491 784 343.

2043 819 2196 871 1742.
2253 818 2503 884 Venezia,
2549 832 2805 887 oppresso
2846 817 2994 872 Pviet.
3050 818 3337 885 Bassaglia
3388 833 3415 871 e
3469 821 3671 871 Franc.

1966 907 2355 962 Hertzhauser.
2388 907 2606 972 ;in-4°.
2641 928 2660 952 ο
2699 906 2854 960 Della
2885 905 3028 960 Citta
3059 906 3117 960 di
3146 907 3249 960 Dio
3277 905 3334 960 di
3381 907 3435 960 S.
3487 908 3674 961 Aure-

1965 995 2042 1048 lio
2096 994 2389 1065 Agostino.
2450 996 2626 1048 Tomo
2674 994 2883 1066 primo,
2943 996 3046 1049 che
3095 995 3441 1065 comprende
3489 994 3569 1064 gli
3598 995 3676 1048 XI

1966 1084 2139 1154 primi
2171 1083 2319 1139 libri.
2362 1102 2390 1134 »
2449 1085 2578 1138 Haec
2627 1088 2712 1138 est
2752 1100 2946 1138 recens
2978 1083 3152 1138 editio
3201 1083 3458 1154 antiqua;
3514 1082 3674 1136 illius

1966 1172 2266 1238 versionis,
2299 1172 2368 1227 de
2398 1172 2560 1242 cujus
2590 1176 2819 1226 auctore
2849 1172 3129 1227 editorem
3182 1173 3415 1226 Petrum
3467 1173 3672 1226 Bassa-

1967 1259 2143 1332 gliam
2199 1260 2478 1333 prolixius
2529 1260 2589 1315 in
2645 1260 2891 1332 epistola
2941 1259 3290 1315 dedicatoria
3344 1259 3482 1314 huic
3510 1263 3672 1314 tomo

1966 1349 2267 1421 praemissa
2294 1349 2610 1421 disputasse
2634 1349 2904 1405 diximus.
2935 1349 3196 1404 Alterum
3227 1353 3352 1404 tum
3383 1347 3458 1418 (a.
3508 1347 3671 1418 1745)

1969 1439 2227 1493 nondum
2261 1439 2584 1493 absolutum
2641 1438 2813 1493 fuisse
2856 1437 3065 1492 diserte
3116 1443 3313 1492 monet
3351 1442 3546 1491 auctor
3594 1436 3664 1492 ἀ.

1967 1527 2108 1582 Bibl.
2143 1527 2288 1594 degli
2317 1530 2452 1583 Aut.
2504 1529 2645 1596 volg.
2695 1527 2734 1581 l.
2784 1527 2822 1581 l.
2853 1527 2963 1581 Sed
3019 1526 3386 1606 postmodum
3443 1525 3674 1581 additus

1969 1631 2091 1670 esse
2123 1615 2310 1670 debet.
2343 1616 2486 1670 Nam
2537 1615 2902 1670 Audiﬂ'redus
2949 1615 3008 1670 in
3065 1617 3182 1671 Cat.
3235 1615 3376 1670 Bibl.
3409 1616 3670 1671 Casanat.

1971 1705 2103 1759 duos
2157 1704 2310 1759 citat.
2370 1705 2577 1759 Textus
2638 1705 2867 1759 Latinus
2923 1704 3554 1776 versioniladjungitur,
3589 1704 3675 1758 in-

1969 1809 2254 1864 superque
2286 1793 2407 1847 Vita
2455 1793 2760 1864 Augustini
2816 1809 2850 1847 a
2898 1793 3153 1848 Possidio
3208 1793 3417 1865 scripta
3474 1792 3675 1848 Latine

1969 1881 2218 1936 accessit.

2041 1968 2286 2024 Gallicae.
2334 1971 2594 2025 -1486,
2640 1970 2941 2039 Abbeville,
2975 1970 3100 2025 chez
3140 1970 3289 2024 Jean
3343 1969 3419 2024 du
3463 1972 3560 2025 Pré
3616 1973 3671 2024 et

1967 2061 2150 2113 Pierre
2174 2059 2416 2125 Gérard;
2448 2060 2666 2125 in-fol.,
2699 2059 2756 2114 II
2798 2061 2905 2115 vol.
2949 2077 2978 2110 α
3011 2055 3122 2114 υῑχ
3167 2059 3448 2130 premiers
3503 2058 3678 2112 livres

1968 2146 2036 2200 de
2097 2145 2498 2216 Monseigneur
2548 2146 2602 2200 S.
2673 2147 2961 2218 Augustin
3013 2147 3082 2200 de
3137 2147 3190 2201 la
3243 2147 3361 2202 Cité
3415 2146 3483 2201 de
3530 2145 3679 2200 Dieu

1968 2235 2266 2289 translates
2298 2250 2403 2304 par
2457 2235 2631 2290 Raoul
2685 2234 2750 2288 de
2802 2236 3057 2290 Preulles.
3096 2256 3117 2284 ι
3170 2237 3235 2290 In
3282 2234 3397 2290 ﬁne
3432 2235 3573 2289 tomi
3609 2235 3673 2288 I:

1969 2341 1997 2374 α
2027 2323 2301 2394 Imprimé
2329 2339 2398 2377 en
2429 2323 2483 2377 la
2521 2323 2652 2377 ville
2685 2324 3034 2379 d’Abbeville
3081 2341 3186 2395 par
3243 2325 3380 2378 Jean
3432 2323 3510 2378 du
3566 2325 3676 2378 ΡΓὲ

1968 2417 2024 2466 et
2083 2412 2272 2466 Pierre
2326 2411 2537 2467 Gérard
2609 2413 2909 2467 marchans
2987 2412 3266 2481 libraires,
3353 2413 3558 2467 achevé
3619 2412 3675 2466 le

1966 2501 2175 2556 XXVIII
2202 2501 2271 2554 de
2302 2500 2639 2568 Novembre,
2701 2501 2814 2555 l’an
2869 2501 2972 2556 mil
3028 2505 3228 2572 quatre
3281 2517 3412 2555 cens
3468 2503 3676 2572 quatre

1966 2589 2127 2660 vingt
2153 2594 2212 2644 et
2239 2589 2339 2644 six.
2376 2609 2403 2641 »
2431 2590 2611 2643 Tomo
2643 2591 2694 2644 II
2723 2606 2734 2644 :
2771 2607 2798 2643 α
2829 2590 2932 2644 Les
2959 2594 3083 2660 sept
3111 2589 3367 2645 derniers
3413 2589 3608 2643 livres.
3643 2610 3672 2640 ιο

1967 2681 2032 2735 In
2053 2679 2168 2733 ﬁne
2206 2695 2220 2733 :
2258 2700 2279 2726 ι
2314 2677 2617 2748 Imprimez
2645 2694 2754 2748 par
2783 2683 2858 2734 tes
2905 2681 3098 2734 memes
3148 2682 3182 2732 ὰ
3230 2677 3536 2734 Abbeville.
3575 2679 3675 2734 VII

1968 2766 2196 2828 d'Avril,
2227 2765 2330 2820 mil
2377 2770 2577 2836 quatre
2617 2782 2748 2820 cens
2777 2771 2980 2838 quatre
3036 2766 3199 2836 vingt
3246 2771 3304 2820 et
3351 2767 3456 2833 six,
3504 2767 3676 2837 aprés

1969 2857 2236 2927 Pasques.
2270 2873 2391 2905 ιο-
2421 2856 2889 2910 Commemorant
2935 2855 3080 2909 hanc
3137 2855 3447 2910 editionem
3505 2857 3676 2910 Μαθε-

153 2942 310 3012 libri,
367 2943 601 2998 tradotti
651 2943 711 2998 in
763 2943 961 3016 lingua
1008 2945 1318 3016 volgare.»
1352 2945 1471 3002 Cat.
1521 2944 1677 3000 Bibl:
1724 2948 1854 3013 Reg.
1895 2965 1934 3022 ρ
1968 2943 2394 3009 tarius,Debure
2420 2944 2864 3012 Bibliogr.instr.
2925 2945 2983 2998 T.
3037 2945 3065 2997 Ι
3111 2960 3169 3015 p.
3221 2947 3344 3013 248,
3398 2945 3676 2999 Deburius

153 3032 215 3086 T.
249 3032 292 3100 I,
324 3047 381 3101 p.
411 3034 535 3098 38I,
581 3047 638 3085 n.
685 3035 815 3100 786,
873 3032 1135 3104 apposito
1189 3033 1457 3086 lemmate
1485 3038 1635 3087 vetus
1673 3033 1856 3089 editio.

157 3121 222 3174 In
248 3121 388 3174 Bibl.
424 3120 754 3183 Smithiana,
786 3138 843 3191 p.
878 3123 966 3185 28,
999 3121 1209 3190 legitur
1238 3137 1251 3174 :
1293 3122 1374 3176 La
1426 3121 1572 3177 Cittd
1628 3121 1689 3175 di
1716 3122 1857 3177 Dio:

153 3207 394 3262 tradetta
449 3207 635 3278 (for-se)
695 3209 770 3263 da
815 3210 1008 3277 Iacopo
1073 3210 1421 3265 Passavanti.
1475 3209 1742 3264 Deburius
1799 3209 1860 3264 in

161 3297 279 3352 Cat.
314 3295 456 3350 Bibl.
488 3297 651 3351 Ducis
671 3297 736 3351 de
765 3297 820 3350 la
855 3297 1072 3351 Valiére
1103 3296 1250 3350 circa
1292 3312 1511 3351 annum
1566 3299 1700 3352 1480
1761 3314 1862 3352 ex-

158 3397 356 3437 cusam
406 3382 713 3450 existimat,
747 3383 1087 3455 scripsitque
1146 3385 1530 3439 characterem
1606 3401 1728 3438 esse
1760 3401 1861 3440 ro-

158 3486 398 3525 manum
434 3471 740 3539 minorem,
791 3471 958 3527 binas
1013 3473 1334 3542 columnas,
1381 3472 1702 3543 signaturas
1749 3475 1858 3530 a-II

156 3558 390 3614 secundi
417 3560 728 3630 alphabeti,
762 3561 1134 3634 tabulamque
1181 3561 1556 3616 materiarum
1585 3563 1656 3617 ad
1684 3562 1855 3618 initio

155 3665 210 3703 χι
265 3648 417 3704 foliis
462 3649 774 3720 praeﬁxam.
837 3652 966 3705 Erat
1013 3651 1216 3706 eadem
1272 3667 1450 3722 penes
1534 3652 1862 3708 Crevennam

157 3735 316 3802 olim,
348 3741 490 3790 teste
521 3737 638 3793 Cat.
680 3739 824 3793 Bibl.
884 3739 1006 3809 ejus
1064 3739 1394 3793 novissimo.
1445 3739 1524 3794 Cf.
1568 3739 1862 3795 Biblioteca

158 3822 302 3891 dein
322 3825 524 3879 Autori
561 3827 858 3895 volgarizz.
891 3827 952 3881 in
1005 3829 1259 3884 Raccolta
1315 3828 1568 3898 d’Opusc.
1619 3831 1805 3885 scient.
1835 3844 1862 3883 e

156 3913 285 3981 βίοι.
327 3913 387 3967 Τ.
411 3915 613 3982 χχχιι,
647 3931 780 3986 pag.
808 3919 934 3971 342.
1708 3933 1719 3941 -

230 4002 310 4055 De
339 4006 570 4056 auctore
601 4004 772 4075 hujus
799 4005 1076 4060 versiouis
1104 4005 1254 4060 inter
1283 4005 1436 4077 ipsos
1487 4005 1656 4060 Italos
1705 4005 1860 4061 haud

158 4093 444 4155 convenit,
479 4094 615 4147 dum
647 4095 766 4164 alii,
797 4095 854 4149 in
911 4096 1119 4167 quibus
1175 4098 1509 4151 Fontaninus
1558 4095 1642 4164 (in
1687 4111 1859 4166 opere

160 4197 262 4234 suo
293 4181 356 4235 de
386 4183 708 4252 Eloquentia
759 4185 996 4251 Italica),
1053 4186 1274 4240 Nicolao
1303 4186 1681 4240 Piccolomi-neo
1733 4201 1860 4238 eam

1969 3049 2080 3089 sen.
2113 3032 2174 3086 in
2208 3034 2340 3088 Cat.
2391 3034 2532 3088 Bibl.
2575 3036 2735 3089 Ducis
2781 3035 2848 3088 de
2891 3035 2945 3088 la
2979 3035 3192 3090 Valie're
3243 3035 3303 3089 'I‘.
3355 3035 3398 3099 Ι,
3432 3050 3489 3104 p.
3549 3037 3673 3090 I67.

1970 3122 2212 3178 Notatur
2240 3121 2412 3176 etiam
2437 3122 2497 3175 in
2527 3123 2645 3178 Cat.
2673 3123 2816 3176 Bibi.
2850 3124 2981 3188 Reg.
3030 3123 3210 3177 Paris.
3269 3121 3494 3177 Primus
3525 3120 3680 3175 liber

1969 3215 2057 3266 est
2087 3226 2155 3264 ex
2186 3209 2401 3282 paucis,
2463 3210 2565 3280 qui
2608 3209 2993 3265 Abbatisvilla:
3047 3215 3182 3264 sunt
3236 3208 3520 3281 impressi.
3563 3208 3676 3263 Su-

1968 3302 2135 3369 perat
2184 3303 2380 3353 tamen
2442 3297 2706 3352 editionis
2760 3302 3101 3353 vetustatem
3170 3297 3351 3368 ipsius
3375 3284 3676 3352 'versionis

1969 3391 2123 3441 artas.
2155 3390 2370 3442 Auctor
2398 3386 2577 3455 enim,
2635 3387 2799 3458 cujus
2837 3403 3049 3442 nomen
3101 3386 3341 3453 diverse,
3399 3386 3574 3441 modo
3609 3386 3680 3440 de

1967 3476 2223 3537 Preulles,
2278 3475 2448 3530 modo
2506 3475 2571 3530 de
2634 3476 2866 3543 Prelles,
2944 3477 3186 3544 Przsles,
3241 3476 3464 3535 Presles,
3529 3475 3678 3547 quin

1969 3564 2146 3621 etiam
2175 3564 2242 3618 de
2268 3566 2533 3632 Praieres,
2568 3563 2765 3618 Latine
2791 3580 2926 3619 vero
2963 3564 3030 3618 de
3073 3565 3303 3631 Prwllis,
3360 3563 3426 3618 de
3475 3566 3678 3618 Praie—

1966 3656 2091 3722 riis,
2134 3653 2410 3720 l'reslzus,
2463 3652 2656 3707 efferri
2709 3652 2871 3720 solet,
2913 3652 3098 3708 Caroli
3125 3654 3168 3706 V
3229 3652 3477 3708 Francia;
3519 3652 3677 3722 regis

1966 3741 2322 3812 temporibus
2347 3741 2562 3808 ﬂoruit,
2626 3756 2916 3812 penesque
2969 3757 3104 3795 eum
3162 3740 3421 3813 magistri
3449 3740 3680 3795 libello-

1966 3846 2098 3884 rum
2128 3829 2452 3900 supplicum
2495 3829 2684 3884 ofﬁcio
2718 3830 2944 3884 functus
2976 3835 3080 3898 est,
3129 3836 3297 3884 natus
3351 3846 3419 3885 ex
3474 3829 3678 3885 illicito

1968 3917 2279 3973 cuncubitu
2335 3917 2629 3987 Radulphi
2697 3917 2764 3972 de
2817 3919 3065 3981 Praellis,
3149 3917 3399 3990 Philippi
3445 3917 3681 3972 Pulchri

1970 4006 2260 4079 quondam
2297 4005 2607 4060 consiliarii
2655 4022 2706 4060 a.
2770 4009 2928 4070 I3I5,
2987 4023 3119 4060 cum
3174 4006 3374 4077 iniqua
3418 4007 3677 4061 custodia

1968 4100 2132 4167 pater
2160 4095 2283 4166 ejus
2305 4095 2570 4149 detentus
2599 4099 2764 4148 esset.
2800 4094 2908 4150 Sed
2941 4094 3046 4148 ﬁlii
3098 4094 3340 4165 legitimi
3385 4094 3514 4165 jura
3562 4096 3678 4149 Ra-

1969 4185 2221 4255 dulphus
2277 4188 2472 4238 noster
2503 4183 2624 4253 jam
2649 4197 2817 4237 senex
2845 4181 2998 4253 regis
3025 4181 3111 4236 sui
3140 4181 3418 4236 beneticio
3449 4198 3500 4235 a.
3537 4182 3680 4235 I376

161 4277 550 4333 asseruerunt,
583 4289 728 4343 quos
757 4278 949 4327 tamen
1005 4273 1215 4327 refellit
1259 4275 1561 4343 Apostolus
1591 4275 1770 4328 Zenus
1798 4273 1859 4326 in
1899 4257 1943 4312 Ῑ)
1970 4279 2056 4328 est
2083 4278 2435 4328 consecutus.
2500 4271 2661 4326 Diem
2723 4271 2865 4326 obiit
2919 4286 3116 4325 mense
3166 4269 3470 4325 Novembri
3512 4270 3677 4325 1382.

163 4359 653 4413 Annotationibus
708 4362 777 4414 ad
860 4360 1164 4415 Fontanini
1216 4361 1467 4427 librum;
1521 4361 1637 4426 alii,
1691 4360 1867 4414 veluti

159 4445 401 4500 Iacobus
448 4445 823 4512 Corbinellus,
881 4447 1141 4502 Jacobum
1194 4450 1613 4502 Pussavantium
1668 4452 1863 4502 aucto-

161 4549 284 4588 rem
317 4537 638 4588 statuerunt
675 4555 690 4603 ;
717 4535 971 4607 utrisque
1003 4535 1332 4589 adversatus
1362 4541 1448 4590 est
1473 4539 1673 4591 Petrus
1726 4537 1866 4590 Bas-

162 4621 345 4693 saglia
373 4621 433 4674 in
463 4622 714 4677 editione
746 4624 959 4678 Veneta
986 4641 1038 4678 a.
1072 4627 1226 4693 1742,
1259 4641 1292 4678 a
1352 4624 1684 4679 Florentino
1714 4640 1863 4697 quo-

162 4710 294 4766 dam
325 4726 610 4781 anonymo
657 4728 781 4766 eam
838 4712 1151 4784 profectam
1206 4718 1264 4769 et
1315 4713 1563 4769 Venetiis
1617 4714 1764 4769 circa
1811 4729 1862 4768 a.

166 4801 304 4856 1480
330 4799 679 4854 elaboratam
707 4817 827 4856 esse
858 4802 1070 4858 dicens.

240 4890 395 4945 1734.
427 4891 617 4951 Roma.
664 4905 764 4960 per
815 4891 1054 4947 Antonio
1126 4892 1192 4946 de
1248 4892 1416 4956 Sossi,
1464 4892 1652 4959 in-fol.
1707 4913 1730 4942 ι
1793 4891 1868 4947 La

165 4977 314 5032 Citta
340 4977 399 5032 di
427 4979 547 5042 Dio,
583 4995 758 5050 opera
791 4979 881 5034 del
913 4997 1056 5052 gran
1097 4981 1277 5036 Padre
1329 4980 1386 5036 S.
1438 4980 1713 5052 Agostino
1765 4996 1866 5034 ve-

165 5081 330 5119 scovo
383 5066 658 5138 d’Ippoua
711 5068 960 5123 tradotta
1017 5069 1148 5123 nell'
1206 5068 1423 5123 idioma
1475 5069 1715 5124 ltaliano
1774 5069 1867 5124 dal

165 5157 228 5210 P.
261 5157 327 5210 D.
389 5155 577 5212 Cesare
631 5159 929 5213 Benvenuti
971 5158 1039 5212 da
1104 5157 1306 5212 Crema
1342 5157 1545 5213 abbate
1601 5159 1868 5230 generale

166 5242 260 5298 dei
290 5241 559 5298 Canonici
610 5246 872 5318 Regolari
927 5246 1079 5302 della
1129 5246 1590 5318 Congregazione
1648 5248 1869 5302 Latera-

241 5367 324 5447 (α)
558 5369 762 5439 eodem
812 5375 1046 5447 auctore
1100 5370 1356 5447 profecta
1407 5374 1507 5447 est,
1550 5368 1864 5447 Bibliorum

668 5456 842 5515 quam
882 5441 1209 5515 specim’ine
1259 5441 1560 5515 proposito
1609 5445 1869 5495 accurate

170 5508 468 5581 descripsit
498 5509 563 5564 P.
624 5508 848 5579 le‘Long
876 5508 948 5567 in'
989 5512 1127 5570 Bibl.
1161 5508 1320 5569 sacra
1470 5514 1594 5578 3I8,
1626 5525 1868 5587 quaeque

1973 4360 2154 4415 Variis
2178 4361 2273 4415 ille
2303 4360 2530 4431 scriptis
2558 4364 2673 4415 tam
2705 4359 3032 4426 vernaculo,
3063 4375 3238 4430 quam
3297 4359 3514 4424 Latino,
3565 4371 3683 4411 ser

1973 4466 2144 4504 mone
2167 4449 2518 4520 compositis,
2559 4453 2729 4503 aetate
2751 4448 2874 4518 jam
2899 4447 3280 4518 devergente,
3309 4447 3678 4512 inclaruerat,

1974 4553 2104 4592 cum
2136 4535 2413 4602 singulari
2444 4541 2596 4606 regis
2651 4535 2920 4590 mandato
2950 4535 3351 4606 stipendiaque
3395 4533 3464 4588 ad
3494 4533 3681 4588 conti-

1971 4625 2235 4680 ciendam
2265 4624 2569 4696 Augustini
2599 4624 2770 4694 hujus
2799 4624 2930 4678 libri
2963 4623 3289 4678 versionem
3318 4623 3676 4694 adigeretur,

1974 4731 2149 4788 quam
2179 4713 2505 4768 inchoatam
2556 4729 2707 4767 anno
2762 4715 2919 4778 I37I,
2970 4713 3060 4767 die
3118 4716 3138 4767 I
3187 4710 3541 4776 Novembris,
3573 4726 3686 4766 seu

1973 4803 2117 4859 festo
2145 4802 2406 4857 omnium
2441 4801 2802 4871 Sanctorum,
2831 4817 2984 4855 anno
3015 4803 3170 4866 I375,
3213 4800 3303 4856 die
3337 4804 3358 4855 I
3413 4801 3686 4870 Septem-

1974 4891 2094 4946 bris
2124 4889 2433 4944 absolvisse
2479 4888 2664 4943 fertur
2718 4888 2813 4960 (a).
2856 4891 3067 4944 Praesto
3096 4893 3259 4944 erant
3315 4890 3383 4944 30
3435 4887 3683 4955 codices,

1973 4995 2118 5052 quos
2155 4977 2235 5032 ita
2280 4982 2474 5032 tamen
2531 4981 2758 5030 secutus
2815 4981 2919 5044 est,
2981 4980 3042 5030 ut
3096 4976 3320 5047 parcius
3374 4974 3685 5030 verborum

1977 5083 2152 5140 quam
2195 5082 2392 5121 sensus
2449 5064 2814 5136 explicationi
2856 5065 3131 5135 studeret,
3185 5069 3243 5119 et
3296 5063 3449 5136 regis
3491 5063 3686 5134 jussui

1976 5157 2381 5227 obtemperans
2415 5153 2712 5209 sententiae
2760 5152 3058 5207 veritatem
3115 5152 3546 5224 claritatemque
3575 5168 3687 5222 per

1977 5245 2246 5317 ambages
2293 5242 2568 5298 orationis
2615 5241 2818 5298 sectari
2868 5243 3082 5308 mallet,
3165 5257 3339 5314 quam
3409 5239 3683 5296 eamdem

1978 5351 2164 5406 eidem
2191 5350 2314 5421 regi
2338 5351 2398 5404 in
2428 5349 2646 5421 litteras
2671 5364 2955 5420 propenso
2981 5347 3242 5421 debetur.
3307 5347 3392 5403 Cf.
3420 5347 3687 5402 Lancelot

1977 5422 2038 5478 in
2067 5425 2224 5480 Μέθη.
2256 5420 2322 5478 de
2342 5422 2480 5478 l’Ac.
2513 5420 2604 5476 des
2631 5422 2827 5487 Inscr.,
2857 5421 2920 5476 T.
2954 5420 3095 5488 XIII,
3126 5435 3183 5490 p.
3219 5421 3344 5474 656.
