4044 6190
178 294 237 342 15

209 294 269 342 57
1190 286 1466 342 NOTITIA
1526 286 1940 342 LITTERARIA
1998 288 2063 342 IN
2106 290 2159 343 s.
2203 264 2668 345 AUGUSTINUM.
3587 294 3681 347 l58

171 413 356 469 verbis
385 412 701 468 insistendo
727 410 1059 484 periclitari.
1109 410 1178 467 Ut
1205 427 1341 467 vero
1383 412 1739 466 commodius
1768 428 1870 466 sua
1906 415 1952 468 A
1986 412 2266 467 Deburins
2308 414 2346 468 l.
2391 413 2434 468 Ι.
2480 412 2711 467 Nicolao
2761 412 3069 467 Savetierio
3134 412 3356 468 tribuit.
3409 413 3681 478 Quocirca

170 504 518 575 legerentur,
574 500 833 573 singulos
887 499 1065 555 libros
1110 499 1172 553 in
1211 500 1396 571 capita
1432 500 1601 571 plura
1652 500 1866 571 dispes-

170 592 306 659 cuit,
356 607 605 663 quacum
654 590 1039 660 descriptione
1084 588 1277 643 nescio
1322 605 1395 643 an
1447 590 1727 644 hodierna
1768 590 1869 644 La-

170 680 273 735 tini
325 683 513 733 textus
568 677 771 733 divisio
822 675 1144 731 concordet.
1194 676 1308 731 Nec
1380 680 1696 743 contentus,
1757 679 1867 732 Au-

168 768 467 840 gustinum
521 767 799 823 Gallicani
842 764 1122 820 sermonis
1179 765 1407 837 eloquio
1484 766 1701 823 civibus
1757 766 1872 821 suis

169 857 512 923 admovisse,
562 856 821 927 ejusdem
868 855 1043 909 etiam
1094 854 1195 909 ubi
1238 854 1458 909 doctius
1496 855 1714 909 locutus
1753 870 1874 908 esse

165 947 479 1012 videretur,
530 945 903 1015 interpretem
960 943 1096 1014 egit,
1156 944 1463 1014 subjuncta
1514 942 1755 1013 singulis
1786 959 1876 996 ca-

166 1036 385 1107 pitibus
440 1036 792 1103 expositione,
848 1033 907 1086 in
955 1048 1069 1103 qua
1118 1032 1189 1086 de
1236 1032 1520 1103 mythicis,
1571 1030 1872 1097 historicis,

164 1123 583 1194 philosophicis
640 1122 881 1192 aliisque
934 1120 1336 1175 reconditioris
1379 1120 1628 1175 scientia:
1672 1119 1875 1191 capiti-

163 1214 294 1279 bus,
357 1216 529 1282 prout
574 1210 810 1282 quidem
856 1208 1200 1264 eruditionis
1243 1213 1381 1263 tunc
1424 1207 1702 1279 temporis
1747 1224 1877 1262 con-

165 1300 315 1355 ditio
378 1299 620 1364 ferebat,
691 1297 977 1363 disseruit,
1027 1302 1091 1351 ut
1143 1302 1337 1350 tamen
1408 1298 1753 1363 ostenderet,
1819 1312 1877 1349 se

163 1388 477 1443 hominum
508 1387 805 1441 doctorum
850 1385 955 1440 aevi
984 1386 1072 1439 sui
1127 1386 1296 1456 longe
1344 1402 1463 1439 esse
1515 1385 1875 1439 excellentis-

162 1478 402 1531 simum.
441 1477 655 1545 Nempe
706 1479 984 1540 auctores,
1022 1474 1173 1529 unde
1229 1490 1328 1528 sua
1357 1474 1737 1543 deprompsit,
1778 1473 1877 1527 sia

160 1566 367 1636 paucis
398 1563 745 1631 discesseris,
778 1564 985 1617 seculo
1024 1579 1100 1617 vu
1144 1579 1260 1617 non
1316 1563 1674 1633 antiquiores
1722 1568 1873 1629 sunt,

163 1651 463 1723 siquidem
514 1652 843 1721 frequenter
890 1651 1176 1721 imprimis
1220 1652 1412 1706 laudat
1454 1652 1735 1706 Isidorum
1778 1655 1877 1707 Hi-

162 1743 491 1811 spalensem,
546 1741 814 1805 Orosium,
884 1741 1119 1794 Paulum
1192 1742 1511 1807 Diaconum,
1581 1744 1877 1809 Hugonem,

164 1831 437 1900 Papiam,
528 1830 889 1896 Fulgentium,
961 1830 1304 1898 Catholicon,
1373 1831 1654 1886 Nicolaum
1752 1833 1879 1885 Tri-

162 1921 311 1984 veth,
366 1919 708 1973 Vincentium
764 1917 1217 1984 Bellovacensem,
1288 1918 1529 1971 Alanum
1586 1918 1655 1972 de
1714 1918 1879 1972 Com-

164 2007 407 2076 planctu
484 2007 734 2071 Naturae,
812 2008 1071 2061 Joannem
1138 2006 1609 2072 Sarisberiensem,
1687 2007 1883 2062 Guliel-

164 2111 320 2149 mum
370 2096 560 2159 Paris,
611 2098 825 2150 Petrum
874 2096 1244 2161 Comestorem,
1290 2095 1654 2149 Helinandum
1710 2096 1881 2149 alios-

165 2199 305 2254 que,
359 2183 663 2254 aliquoties
731 2184 967 2237 Paulum
1033 2186 1331 2238 Dia-conum
1396 2184 1465 2237 de
1532 2184 1883 2238 Mirabilibus

165 2272 389 2339 Mundi,
446 2274 713 2329 Coranum
755 2271 1087 2327 Mohamedis
1135 2276 1191 2325 et
1238 2276 1498 2327 Joannem
1544 2273 1883 2341 Magdunen-

165 2378 279 2417 sem
338 2362 511 2429 (Jean
547 2362 613 2415 de
668 2360 856 2431 Meun)
930 2366 1228 2432 tamquam
1302 2366 1590 2414 auctorem
1662 2362 1885 2416 fabellae

166 2450 404 2505 Gallicae
464 2450 529 2504 de
574 2452 716 2505 Rosa
766 2450 1037 2521 appellat.
1090 2450 1262 2503 Plura
1310 2450 1482 2503 etiam
1531 2466 1598 2503 ex
1647 2450 1887 2504 historia

166 2545 296 2594 tum
348 2538 440 2592 sui
489 2538 786 2609 temporis,
836 2542 963 2591 tum
1017 2536 1334 2608 antiquiori
1381 2538 1631 2592 Francia:
1680 2539 1886 2592 admis-

167 2627 308 2692 cuit,
366 2641 475 2680 nec
503 2642 622 2680 non
665 2625 1001 2681 traditiones
1048 2626 1263 2696 passim
1293 2625 1563 2696 vulgique
1620 2625 1887 2696 supersti-

168 2716 357 2769 tiones
420 2714 606 2768 varias
662 2715 923 2785 aspersit,
976 2730 1042 2768 ex
1099 2714 1310 2784 quibus
1381 2713 1710 2784 speciminis
1759 2715 1883 2768 loco

170 2802 458 2856 nonnulla
498 2802 798 2873 proposuit
824 2802 1160 2863 Lancelotus,
1202 2802 1517 2856 Academia
1564 2804 1885 2873 Inscriptio-

172 2906 300 2943 num
353 2894 407 2943 et
459 2891 631 2943 lilter.
687 2890 1001 2957 elegantior.
1050 2890 1221 2943 Paris.
1308 2888 1601 2959 quondam
1664 2890 1881 2953 Socius,

176 2978 338 3047 cujus
384 2977 541 3032 bime
590 2978 660 3031 de
728 2977 1031 3047 Badulpho
1080 2978 1325 3032 Preslaao
1371 2978 1611 3049 ejusque
1662 2978 1885 3049 scriptis
1915 3000 1954 3055 (ς

176 3065 697 3119 commentationes
748 3065 978 3120 inserta:
1025 3070 1161 3119 sunt
1197 3068 1471 3121 Memoriis
1516 3066 1697 3137 ejusd.
1746 3070 1887 3121 Aca-

176 3154 383 3209 demiae
430 3156 491 3209 Τ.
523 3155 662 3220 XIII,
708 3171 741 3208 a
785 3170 915 3225 pag.
956 3156 1055 3208 607
1110 3154 1181 3208 ad
1219 3157 1343 3209 665.
1378 3153 1535 3208 Illius
1581 3154 1736 3208 enim
1784 3154 1890 3208 viri

176 3243 451 3297 laudabili
480 3242 777 3314 diligentia
825 3241 1089 3297 elfectum
1137 3246 1239 3304 est,
1270 3246 1333 3295 ut
1381 3258 1759 3314 quaecumque
1785 3258 1887 3297 au-

176 3338 393 3386 ctorem
445 3330 723 3385 versionis
770 3331 942 3401 hujus
984 3334 1337 3385 concernunt
1385 3330 1547 3401 juxta
1578 3331 1887 3385 documen-

176 3426 365 3474 torum
400 3419 755 3490 optimorum
790 3419 964 3473 ﬁdem
998 3420 1294 3489 explorata
1346 3434 1501 3473 nunc
1546 3420 1884 3487 habeantur,

178 3509 469 3579 simulque
500 3507 751 3562 tenebrae
781 3506 927 3576 istae,
976 3506 1188 3579 quibus
1240 3506 1469 3562 Crucius
1518 3509 1885 3563 Cenomanen-

176 3602 245 3653 sis
286 3598 401 3668 (La
440 3597 616 3650 CroiJ;
645 3596 719 3650 du
768 3597 970 3664 Maine)
1008 3596 1070 3650 in
1116 3596 1258 3651 Bibl.
1311 3596 1452 3652 Gali.
1510 3613 1567 3666 p.
1619 3599 1719 3651 427
1766 3598 1888 3652 hinc

177 3686 451 3758 obsepsit,
484 3685 811 3757 quibusque
841 3684 1209 3755 dispellendis
1256 3700 1374 3738 non
1404 3684 1711 3739 admodum
1743 3702 1884 3756 pro-

176 3775 433 3830 fecerunt
502 3774 843 3845 conjecturis
906 3773 1025 3829 suis
1081 3778 1340 3828 auctores
1397 3774 1484 3827 Μ.
1545 3774 1887 3830 Bibliotheca:

180 3864 508 3920 Coloniensis
565 3864 639 3934 (p.
689 3865 816 3929 740,
877 3879 932 3918 η.
990 3864 1113 3932 157)
1183 3861 1498 3917 clarissima
1576 3863 1699 3917 luce
1771 3864 1885 3918 sint

182 3954 545 4008 collustratae.
592 3954 715 4006 Prae
767 3951 988 4006 caeteris
1033 3955 1227 4005 autem
1275 3951 1429 4005 illius
1480 3951 1702 4022 scriptis
1730 3952 1884 4007 hunc

182 4041 391 4097 librum
440 4040 801 4112 paucissimis
845 4040 1053 4106 visum,
1108 4039 1429 4110 inspectum
1482 4056 1638 4104 vero,
1699 4056 1881 4111 quan-

184 4134 299 4183 tum
358 4130 634 4200 equidem
673 4129 806 4197 scio,
860 4127 1099 4194 nemini,
1159 4127 1468 4197 diligenter
1518 4128 1879 4195 examinavit,

184 4218 617 4289 praecipuasque
639 4217 762 4287 ejus
792 4216 954 4270 dotes
984 4231 1114 4270 cum
1155 4215 1376 4285 judicio
1402 4217 1687 4285 exposuit.
1732 4218 1879 4271 Enu-

1980 516 2083 554 nos
2134 501 2521 570 conjecturam
2568 500 2746 555 secuti
2794 506 3103 572 utrumque
3158 500 3219 555 in
3263 501 3428 556 titulo
3477 500 3675 571 posui-

1981 606 2132 657 mus,
2203 590 2443 643 alterum
2521 589 2917 660 redemptoris,
3003 590 3246 643 alterum
3320 589 3682 661 impressoris

1981 683 2171 750 partes
2196 676 2435 747 gessisse
2458 677 2749 747 suspicati.

2058 769 2212 821 1570.
2249 768 2431 820 Paris.
2458 768 2583 820 chez
2604 768 2722 821 Nic.
2781 767 3080 830 Chesneau;
3114 767 3311 832 in-fol.
3354 786 3377 815 ι
3437 768 3511 820 La
3562 766 3683 821 Cité

1985 857 2054 910 de
2085 856 2225 909 Dieu
2263 856 2340 909 du
2385 855 2546 909 Saint
2581 854 2860 923 Augustin
2889 854 3135 907 traduite
3174 870 3246 907 θη
3297 854 3545 921 francois
3581 871 3684 926 par

1986 945 2216 1000 Gentian
2231 946 2443 997 Hervet.
2474 961 2501 993 ››
2524 943 2639 997 Cal.
2657 941 2805 994 Bibl.
2822 942 2970 995 Mus.
3000 940 3166 994 Britt.
3208 941 3284 995 Cf.
3304 943 3384 995 M.
3409 943 3548 996 Bibl.
3569 944 3680 999 Col.

2062 1034 2213 1086 1585.
2270 1033 2465 1099 Paris,
2505 1031 2629 1083 chez
2682 1030 2842 1084 Mich.
2902 1029 3167 1095 Sonnius;
3228 1030 3407 1095 in-fol.
3458 1049 3485 1080 (ι
3526 1029 3687 1084 Saint

1986 1118 2265 1190 Augustin
2314 1118 2383 1172 de
2413 1125 2467 1172 la
2509 1118 2630 1173 Cilé
2684 1117 2751 1171 de
2784 1116 2943 1182 Dieu,
2993 1116 3214 1170 illustré
3244 1118 3341 1171 des
3392 1133 3681 1172 commen-

1986 1209 2155 1262 taires
2201 1208 2270 1262 de
2316 1206 2662 1262 Jean-Louis
2708 1206 2887 1271 Vives,
2935 1206 3149 1259 traduit
3177 1222 3249 1259 en
3298 1206 3545 1274 francois
3583 1222 3686 1277 par

1988 1299 2217 1355 Gentian
2248 1300 2459 1358 Hervet,
2502 1311 2634 1349 avec
2692 1295 2771 1348 les
2817 1295 3183 1347 annotations
3216 1301 3272 1348 et
3300 1295 3685 1350 observations

1989 1387 2058 1441 de
2098 1388 2351 1452 Franeois
2403 1385 2468 1439 de
2526 1384 2862 1451 Belleforest.
2929 1384 3238 1437 Troisiéme
3286 1384 3520 1450 edition,
3584 1401 3686 1437 au-

1989 1477 2272 1546 gmentée.
2309 1495 2334 1525 »
2359 1475 2476 1531 Cat.
2508 1474 2647 1528 Bibl.
2689 1476 2815 1539 Reg.
2878 1472 3149 1526 Eamdem
3179 1470 3479 1542 repetitam
3508 1472 3688 1526 Pari-

1987 1568 2085 1620 siis
2122 1568 2275 1629 1610,
2304 1564 2497 1629 en-fol.
2530 1563 2765 1617 tradunt
2804 1560 3192 1616 Colonienses.

2064 1657 2219 1709 1655.
2273 1654 2455 1719 Paris,
2506 1654 2630 1706 chez
2676 1652 2863 1705 Pierre
2913 1652 2959 1704 le
3006 1652 3185 1716 Petit;
3234 1651 3416 1716 in-fol.
3453 1669 3481 1700 α
3529 1648 3692 1705 Saint

1988 1742 2293 1813 Augustin,
2324 1741 2392 1795 de
2423 1741 2477 1794 la
2502 1740 2619 1795 Cité
2645 1740 2713 1793 de
2738 1739 2901 1806 Dieu,
2932 1738 3147 1792 traduit
3193 1754 3263 1792 en
3312 1738 3558 1805 francois
3588 1754 3692 1810 par

1989 1833 2053 1886 de
2098 1830 2385 1896 Cereziers,
2425 1827 2725 1884 aumonier
2753 1828 2830 1881 du
2876 1828 3015 1897 Roy.
3057 1847 3085 1875 ››
3125 1827 3239 1882 Cat.
3274 1826 3415 1883 Bibl.
3466 1829 3593 1894 Reg.
3642 1831 3693 1881 et

1992 1923 2250 1976 Casanat.

2066 2011 2198 2062 1665
2231 2011 2286 2061 et
2330 2010 2418 2061 67.
2469 2007 2654 2073 Paris,
2714 2006 2837 2059 chez
2878 2006 3065 2059 Pierre
3108 2005 3153 2059 le
3201 2006 3368 2070 Petit;
3416 2005 3589 2069 ἐτι-8ο,
3637 2005 3696 2059 ιι

1989 2098 2115 2151 υοιι.
2153 2117 2177 2145 ι
2207 2095 2367 2151 Saint
2411 2094 2693 2164 Augustin
2724 2094 2794 2147 de
2834 2095 2887 2147 la
2911 2094 3030 2147 Cité
3075 2093 3143 2147 de
3176 2092 3336 2147 Dieu.
3374 2092 3584 2146 traduit
3615 2108 3688 2146 en

1990 2184 2233 2252 francois
2262 2200 2366 2255 par
2418 2185 2577 2238 Louis
2609 2184 2763 2250 Giry,
2806 2187 2990 2235 tomes
3021 2182 3042 2235 Ι
3073 2186 3126 2235 et
3172 2182 3239 2247 ΙΙ,
3272 2184 3581 2234 contenant
3608 2180 3691 2234 les

1992 2274 2085 2329 dix
2112 2272 2389 2343 premiers
2413 2272 2603 2326 livres.
2639 2291 2665 2323 ι)
2696 2272 2811 2327 Cat.
2836 2270 2985 2324 Bibl.
3027 2271 3156 2336 Reg.

2069 2366 2221 2417 1675.
2263 2365 2443 2427 Paris,
2490 2364 2614 2415 chez
2679 2360 2867 2415 Andre
2912 2359 3167 2426 Pralard,
3218 2361 3392 2425 in-8°,
3445 2360 3512 2416 II
3562 2360 3689 2415 voll.

1995 2470 2023 2501 α
2052 2450 2126 2503 La
2173 2449 2292 2504 Cité
2330 2450 2399 2503 de
2470 2449 2611 2503 Dieu
2664 2449 2733 2501 de
2790 2447 2950 2502 Saint
2978 2446 3281 2516 Augustin,
3324 2446 3570 2501 traduite
3623 2463 3695 2501 en

1991 2537 2237 2605 francois
2266 2542 2323 2591 et
2356 2553 2527 2591 revue
2564 2553 2663 2590 sur
2684 2535 2970 2607 plusieurs
2993 2536 3224 2589 anciens
3255 2550 3391 2589 mss.
3425 2550 3557 2589 avec
3594 2535 3693 2589 des

1992 2642 2324 2698 remarques
2355 2630 2411 2680 et
2428 2626 2526 2680 des
2557 2630 2740 2691 notes,
2772 2629 3079 2679 contenant
3120 2624 3217 2679 des
3243 2623 3587 2678 corrections
3616 2623 3692 2677 du

1992 2719 2140 2770 texte
2188 2731 2293 2785 par
2339 2718 2519 2770 Pierre
2565 2715 2826 2770 Lombert.
2867 2737 2894 2763 υ
2944 2716 3071 2767 Cat.
3122 2713 3271 2767 Bibl.
3341 2714 3472 2780 Reg.
3534 2715 3696 2767 Ducis

1994 2805 2060 2858 de
2090 2806 2144 2859 la
2190 2806 2423 2859 Valie're.
2469 2803 2678 2858 Eadem
2712 2802 2953 2871 repetita
2983 2805 3067 2854 est
3110 2800 3309 2854 eodem
3350 2815 3504 2853 anno
3550 2799 3698 2854 Bru-

1992 2893 2192 2959 melles,
2263 2897 2321 2947 et
2379 2894 2511 2946 1693
2559 2893 2718 2945 Paris
2765 2892 2828 2943 ΙΙ
2872 2890 2997 2943 υοιι.
3060 2888 3208 2957 (Cat.
3276 2888 3423 2943 Bibl.
3489 2889 3694 2959 Thott.)

2068 2984 2225 3036 1701.
2272 2983 2325 3034 Α
2394 2982 2570 3045 Paris,
2619 2980 2743 3033 chez
2790 2979 3005 3035 Nicolas
3054 2978 3250 3046 Pepie:
3297 2978 3461 3043 in-8°,
3517 2991 3580 3030 en
3625 2977 3701 3029 II

2002 3074 2182 3124 lomes.
2222 3092 2243 3117 «ι
2283 3070 2353 3123 La
2375 3068 2494 3124 Cité
2525 3067 2594 3121 de
2629 3067 2769 3122 Dieu
2808 3067 2880 3121 de
2913 3066 3073 3121 Saint
3098 3063 3420 3135 Augustin;
3448 3064 3696 3118 traduite

2000 3175 2072 3214 θη
2123 3158 2367 3227 francois
2414 3164 2471 3213 et
2516 3174 2687 3212 revue
2716 3173 2814 3211 sur
2858 3156 3115 3211 l’édition
3145 3156 3242 3210 des
3285 3156 3391 3209 PP.
3450 3153 3696 3209 Bénédi-

1997 3248 2164 3311 ctins,
2195 3264 2329 3302 aveo
2356 3247 2456 3301 des
2484 3262 2835 3317 remarques,
2876 3251 2981 3299 etc.
3014 3265 3041 3296 »

2074 3339 2229 3393 1736.
2270 3336 2639 3401 Amsterdam,
2671 3336 2797 3389 chez
2842 3336 3037 3389 Pierre
3092 3334 3335 3401 Mortier,
3394 3334 3570 3392 in-80,
3618 3332 3702 3387 ιγ

1998 3430 2177 3480 tomes.
2217 3444 2244 3475 «
2277 3426 2352 3480 La
2382 3425 2502 3480 Cité
2530 3424 2599 3478 de
2633 3423 2775 3478 Dieu
2795 3422 2864 3477 de
2893 3422 3053 3477 Saint
3099 3420 3418 3491 Augustin;
3451 3418 3699 3474 traduite

1996 3530 2071 3568 en
2114 3514 2361 3582 francois
2398 3518 2455 3567 et
2501 3529 2671 3567 revue
2720 3527 2818 3565 sur
2873 3510 3159 3581 plusieurs
3203 3525 3376 3569 mss,:
3426 3523 3559 3562 aveo
3600 3506 3698 3561 des

1994 3618 2327 3673 remarques
2352 3606 2408 3656 et
2446 3602 2545 3656 des
2594 3606 2755 3655 notes
2788 3599 2886 3671 qui
2938 3598 3306 3653 contiennent
3338 3596 3597 3668 quantité
3628 3596 3698 3650 de

1994 3690 2341 3744 correctione
2372 3690 2744 3760 importantes
2788 3688 2866 3742 du
2897 3692 3047 3742 texta
3077 3686 3255 3741 latin:
3307 3689 3363 3739 et
3407 3686 3462 3739 la
3490 3684 3591 3738 Vie
3629 3683 3699 3737 de

1993 3779 2067 3832 Μ.
2101 3778 2371 3833 Lombert.
2416 3798 2445 3826 ››
2480 3777 2636 3831 Nota:
2679 3774 2966 3846 imprimis
3015 3774 3083 3828 de
3152 3772 3409 3828 versione
3455 3775 3700 3825 tractant

1994 3867 2231 3940 ejusque
2263 3867 2557 3923 licentiam
2585 3883 2650 3921 ex
2700 3882 2789 3931 eo,
2823 3864 2973 3936 quod
3024 3863 3327 3934 elegantiaa
3358 3861 3559 3935 sensui
3579 3864 3700 3915 tra-

2001 3956 2207 4011 ductor
2236 3956 2442 4012 debeat
2462 3961 2520 4010 et
2539 3955 2696 4026 quod
2726 3954 3055 4024 linguarum
3104 3950 3345 4006 invicem
3387 3951 3699 4005 abhorrens

1990 4042 2291 4115 ingenium
2319 4044 2588 4116 postulet,
2622 4046 2910 4097 excusant.
2944 4040 3085 4095 Hinc
3115 4056 3219 4093 nec
3255 4039 3466 4110 ubique
3496 4039 3698 4092 eadem

1991 4135 2201 4189 iterum
2256 4133 2567 4198 inculcare,
2617 4131 2711 4184 sed
2744 4131 2815 4183 ad
2866 4130 3084 4200 priores
3134 4132 3358 4181 tantum
3407 4128 3471 4181 ΧΙ
3518 4127 3698 4181 libros

1997 4224 2134 4277 talia
2180 4237 2415 4276 monere
2465 4220 2599 4273 satis
2648 4218 2830 4273 visum
2892 4222 2994 4271 est.
3053 4216 3513 4282 Emendationes,
3558 4231 3700 4285 quas

185 4312 363 4362 merat
411 4312 689 4378 praeterea
735 4321 795 4376 p.
852 4307 955 4360 654
1010 4303 1357 4375 insigniores
1410 4304 1632 4375 aliquot
1670 4306 1887 4361 codices
1928 4296 1970 4350 ί)
2002 4313 2062 4367 in
2102 4312 2268 4366 titulo
2301 4309 2622 4381 proﬁtetur,
2656 4323 2721 4361 ex
2770 4309 2834 4361 10
2873 4304 3097 4360 circiter
3138 4309 3236 4358 aut
3276 4307 3332 4358 11
3386 4319 3521 4357 mss.
3569 4304 3700 4358 Gal-

187 4410 317 4450 mss.
352 4397 457 4467 qui
504 4395 576 4449 ad
620 4410 802 4448 unum
846 4410 1048 4448 omnes
1095 4394 1154 4448 in
1187 4392 1536 4447 Bibliotheca
1576 4394 1751 4465 Regia
1796 4396 1893 4449 Pa-

187 4484 331 4539 risiis
356 4489 722 4538 asservantur
752 4488 808 4537 et
846 4481 1103 4536 numeris
1151 4482 1268 4536 suis
1297 4487 1431 4535 sunt
1478 4482 1679 4535 notati.
1714 4485 1893 4538 Caete-

188 4589 307 4627 rum
349 4589 472 4627 non
522 4572 713 4627 minus
762 4587 891 4625 rara
938 4572 1045 4625 hac
1087 4570 1349 4641 principe
1397 4571 1571 4642 hujus
1619 4572 1892 4627 versionis

191 4662 433 4717 editione
464 4666 549 4715 est
576 4662 756 4715 altera
787 4660 883 4715 diu
919 4665 1119 4731 postea
1146 4659 1311 4714 facta.

258 4754 415 4806 1531.
465 4752 625 4806 Paris
675 4749 823 4819 (chez
870 4750 1049 4805 Galiot
1077 4748 1152 4803 du
1195 4748 1338 4819 Pré),
1394 4764 1504 4818 par
1553 4750 1773 4806 Nicolas
1802 4751 1894 4806 Sa-

192 4844 378 4907 retier;
414 4841 629 4907 in-fol.,
677 4840 745 4895 II
784 4843 967 4893 tomes.
999 4859 1021 4887 ι
1061 4838 1135 4892 La
1188 4837 1306 4893 Cité
1330 4839 1401 4893 de
1453 4838 1591 4893 Dieu
1641 4838 1710 4894 de
1738 4840 1891 4895 Mon-

193 4926 453 4999 seigneur
482 4928 642 4983 Saint
671 4927 979 4998 Augustin,
1026 4926 1331 4981 translatée
1361 4927 1430 4981 de
1469 4926 1609 4981 latin
1640 4944 1713 4983 θη
1744 4928 1893 4983 fran-

192 5017 299 5081 cois
328 5032 436 5088 par
462 5019 635 5072 Haoul
664 5016 730 5071 de
759 5017 993 5072 Praesles
1017 5033 1030 5082 ;
1064 5036 1091 5066 ι
1117 5016 1279 5085 cujus
1310 5016 1677 5087 splendidum
1707 5032 1892 5071 exem-

190 5104 308 5172 plar
349 5105 489 5160 olim
540 5105 693 5159 inter
730 5110 1067 5160 ornamenta
1105 5104 1457 5159 Bibliotheca
1496 5105 1668 5159 Ducis
1722 5104 1786 5158 de
1840 5106 1894 5158 la

196 5194 405 5249 Valiére
448 5194 878 5249 numerabatur.
914 5194 994 5248 Cf.
1029 5194 1145 5251 Cat.
1198 5193 1261 5246 T.
1300 5193 1344 5258 I,
1397 5208 1455 5262 p.
1494 5196 1617 5261 168,
1674 5208 1733 5245 η.
1764 5194 1888 5245 458.

196 5283 405 5338 Laudat
444 5283 708 5338 eamdem
754 5282 869 5339 Cat.
929 5282 1086 5337 Bibl.
1121 5283 1295 5338 Musei
1337 5280 1510 5335 Brilt.
1559 5279 1893 5335 Tenendum

198 5376 275 5425 est
326 5376 545 5439 autem,
594 5364 984 5427 LancelOttum
1025 5371 1199 5425 etiam
1227 5386 1391 5444 atque
1438 5386 1503 5423 ac
1529 5369 1891 5424 Colonienses

198 5458 358 5530 hujus
389 5461 660 5517 editionis
707 5460 1063 5516 mentionem
1103 5460 1309 5527 facere,
1355 5460 1455 5515 sed
1506 5458 1605 5527 ita,
1651 5462 1713 5512 ut
1738 5456 1890 5529 apud

204 5550 465 5607 Galiotum
524 5551 601 5605 du
656 5552 767 5606 Ρνέ
817 5548 1092 5624 prodiisse
1162 5548 1470 5614 afﬁrmant,
1520 5562 1650 5602 cum
1702 5550 1893 5603 tamen

2000 4403 2201 4459 licanis
2250 4400 2660 4472 nonnullisque
2712 4398 3132 4463 Vaticanorum,
3167 4411 3308 4467 quas
3349 4393 3701 4450 Benedictini

2002 4496 2106 4549 PP.
2134 4492 2243 4561 ipsi
2296 4493 2712 4555 concesserant,
2761 4486 3098 4542 lectionibus
3136 4485 3365 4539 haustas
3417 4500 3537 4538 esse
3577 4500 3701 4537 mo-

2000 4588 2118 4637 net.
2155 4581 2358 4637 Eadem
2383 4578 2567 4634 versio
2604 4577 2840 4632 totidem
2886 4574 3270 4629 voluminibus
3324 4574 3472 4627 iu-12
3522 4573 3702 4627 eodem

2000 4688 2141 4727 anno
2171 4670 2371 4724 ibidem
2410 4667 2559 4737 apud
2603 4668 2732 4720 Jac.
2790 4667 2968 4722 Rollin
3006 4680 3230 4731 excusa,
3274 4678 3402 4734 quas
3439 4661 3702 4717 similiter

2001 4777 2064 4814 ac
2089 4758 2418 4830 praecedens
2464 4755 2637 4809 vitam
2684 4752 3029 4807 traductoris
3060 4752 3121 4805 in
3147 4752 3313 4805 titulo
3362 4750 3530 4820 gerit,
3578 4764 3699 4802 me-

2004 4851 2261 4902 moratur
2299 4845 2359 4898 in
2404 4844 2529 4899 Cat.
2590 4842 2739 4896 Bibl.
2781 4844 2912 4907 Reg.
2944 4840 3004 4894 T.
3037 4842 3081 4905 I,
3136 4856 3191 4910 p.
3250 4842 3373 4894 379.
3430 4837 3700 4891 Eamdem

2000 4936 2263 4991 duodenis
2293 4935 2387 4989 IV
2415 4933 2536 4987 voll.
2580 4932 2810 4986 Parisiis
2846 4931 2978 4983 1737
3024 4944 3287 4982 excusam
3313 4926 3530 4981 laudat.
3580 4925 3696 4981 Cat.

2002 5025 2149 5079 Bibl.
2184 5024 2491 5078 Firmianaz.
2570 5058 2571 5061 η

2069 5113 2397 5180 Hispanicae.
2434 5137 2502 5150 —
2548 5108 2701 5162 1614.
2751 5107 2983 5175 Matriti,
3033 5105 3223 5171 in-fol.
3252 5104 3304 5158 S.
3345 5101 3701 5173 Augustinus

2002 5200 2071 5254 de
2097 5200 2333 5255 Civitate
2369 5197 2467 5253 Dei
2499 5196 2543 5251 l.
2578 5196 2736 5255 XXII.
2794 5194 3094 5266 Hispanico
3143 5208 3247 5264 per
3296 5192 3429 5247 Ant.
3462 5194 3603 5260 Roys
3637 5191 3704 5246 de

2002 5294 2058 5345 et
2077 5292 2269 5345 Rozas.
2304 5286 2563 5341 Laudant
2591 5287 2950 5341 Colonienses.

2076 5378 2231 5433 1676.
2260 5375 2520 5430 Amberes
2568 5372 2958 5443 (Antuerpiaz),
3002 5372 3187 5439 in-fol.
3230 5369 3406 5425 Iidem
3443 5369 3701 5441 ejusdem

2002 5464 2296 5521 versionis.
2326 5466 2445 5523 Cat.
2476 5463 2620 5520 Bibl.
2662 5464 2838 5518 Thott.
2891 5462 3221 5532 Iterumque
3277 5458 3491 5514 ibidem
3534 5472 3697 5528 repe-

2004 5545 2094 5600 titi
2172 5544 2437 5601 dicuntur
2480 5561 2532 5599 a.
2586 5544 2715 5596 1696
2764 5540 2951 5606 in-fol.
3014 5538 3073 5595 in
3119 5539 3268 5596 Bibl.
3322 5540 3462 5595 Eccl.
3516 5539 3694 5594 Colon.
