  <div class='ocr_page' id='page_1' title='image "/cluster/home/n/w/nwhite01/storage/ocr_20150623/47/hvd.32044096580683/085.png"; bbox 0 0 3926 6192; ppageno 0'>
   <div class='ocr_carea' id='block_1_1' title="bbox 165 294 267 345">
    <p class='ocr_par' dir='ltr' id='par_1_1' title="bbox 165 294 267 345">
     <span class='ocr_line' id='line_1_1' title="bbox 165 294 267 345; baseline 0 -1"><span class='ocrx_word' id='word_1_1' title='bbox 165 294 267 345; x_wconf 79' lang='grc'><strong><em>159</em></strong></span> 
     </span>
    </p>
   </div>
   <div class='ocr_carea' id='block_1_2' title="bbox 1179 289 2653 346">
    <p class='ocr_par' dir='ltr' id='par_1_2' title="bbox 1179 289 2653 346">
     <span class='ocr_line' id='line_1_2' title="bbox 1179 289 2653 346; baseline -0.003 0"><span class='ocrx_word' id='word_1_2' title='bbox 1179 291 1731 346; x_wconf 81' lang='lat' dir='ltr'><strong><em>SUPPLEMENTUM</em></strong></span> <span class='ocrx_word' id='word_1_3' title='bbox 1773 292 1862 345; x_wconf 87' lang='lat' dir='ltr'><strong><em>AD</em></strong></span> <span class='ocrx_word' id='word_1_4' title='bbox 1899 291 2127 346; x_wconf 78' lang='lat' dir='ltr'><strong><em>OPERA</em></strong></span> <span class='ocrx_word' id='word_1_5' title='bbox 2169 291 2222 345; x_wconf 91' lang='lat' dir='ltr'><strong><em>S.</em></strong></span> <span class='ocrx_word' id='word_1_6' title='bbox 2265 289 2653 346; x_wconf 79' lang='lat' dir='ltr'><strong><em>AUGUSTINI.</em></strong></span> 
     </span>
    </p>
   </div>
   <div class='ocr_carea' id='block_1_3' title="bbox 3574 293 3676 344">
    <p class='ocr_par' dir='ltr' id='par_1_3' title="bbox 3574 293 3676 344">
     <span class='ocr_line' id='line_1_3' title="bbox 3574 293 3676 344; baseline 0 0"><span class='ocrx_word' id='word_1_7' title='bbox 3574 293 3676 344; x_wconf 86' lang='grc'>160</span> 
     </span>
    </p>
   </div>
   <div class='ocr_carea' id='block_1_4' title="bbox 234 411 3678 485">
    <p class='ocr_par' dir='ltr' id='par_1_4' title="bbox 234 411 3678 485">
     <span class='ocr_line' id='line_1_4' title="bbox 234 411 3678 485; baseline 0.001 -19"><span class='ocrx_word' id='word_1_8' title='bbox 234 411 518 482; x_wconf 78' lang='lat' dir='ltr'><strong><em>Belgicam</em></strong></span> <span class='ocrx_word' id='word_1_9' title='bbox 545 412 868 468; x_wconf 82' lang='lat' dir='ltr'><strong><em>versionem</em></strong></span> <span class='ocrx_word' id='word_1_10' title='bbox 898 413 1233 483; x_wconf 85' lang='lat' dir='ltr'><strong><em>impressam</em></strong></span> <span class='ocrx_word' id='word_1_11' title='bbox 1262 413 1521 481; x_wconf 82' lang='lat' dir='ltr'><strong><em>Lugduni</em></strong></span> <span class='ocrx_word' id='word_1_12' title='bbox 1545 414 1672 468; x_wconf 89' lang='lat' dir='ltr'><strong><em>Bat.</em></strong></span> <span class='ocrx_word' id='word_1_13' title='bbox 1709 415 1863 478; x_wconf 75' lang='grc'>1621,</span> <span class='ocrx_word' id='word_1_14' title='bbox 1904 416 1948 469; x_wconf 81' lang='grc' dir='ltr'><strong>Α</strong></span> <span class='ocrx_word' id='word_1_15' title='bbox 2044 414 2240 469; x_wconf 85' lang='lat' dir='ltr'><em>XXIX.</em></span> <span class='ocrx_word' id='word_1_16' title='bbox 2293 443 2355 456; x_wconf 90' lang='lat'><em>-</em></span> <span class='ocrx_word' id='word_1_17' title='bbox 2385 416 2489 478; x_wconf 68' lang='lat'><strong><em>&#39;82,</em></strong></span> <span class='ocrx_word' id='word_1_18' title='bbox 2537 415 2629 485; x_wconf 88' lang='lat'><strong><em>83)</em></strong></span> <span class='ocrx_word' id='word_1_19' title='bbox 2665 416 3014 482; x_wconf 74' lang='lat' dir='ltr'><strong><em>Augustinus</em></strong></span> <span class='ocrx_word' id='word_1_20' title='bbox 3055 415 3115 467; x_wconf 89' lang='lat' dir='ltr'><strong><em>in</em></strong></span> <span class='ocrx_word' id='word_1_21' title='bbox 3163 414 3518 482; x_wconf 84' lang='lat' dir='ltr'><strong><em>Evangelium</em></strong></span> <span class='ocrx_word' id='word_1_22' title='bbox 3561 417 3678 469; x_wconf 91' lang='lat' dir='ltr'><strong><em>Jo-</em></strong></span> 
     </span>
    </p>
   </div>
   <div class='ocr_carea' id='block_1_5' title="bbox 161 501 1864 574">
    <p class='ocr_par' dir='ltr' id='par_1_5' title="bbox 161 501 1864 574">
     <span class='ocr_line' id='line_1_5' title="bbox 161 501 1864 574; baseline 0.001 -18"><span class='ocrx_word' id='word_1_23' title='bbox 161 518 232 556; x_wconf 86' lang='lat' dir='ltr'><strong><em>ex</em></strong></span> <span class='ocrx_word' id='word_1_24' title='bbox 259 503 388 556; x_wconf 89' lang='lat' dir='ltr'><strong><em>Cat.</em></strong></span> <span class='ocrx_word' id='word_1_25' title='bbox 433 501 576 558; x_wconf 91' lang='lat' dir='ltr'><strong><em>Bibl.</em></strong></span> <span class='ocrx_word' id='word_1_26' title='bbox 638 503 869 572; x_wconf 89' lang='lat' dir='ltr'><strong><em>Traject.</em></strong></span> <span class='ocrx_word' id='word_1_27' title='bbox 923 503 983 556; x_wconf 90' lang='lat' dir='ltr'><strong><em>T.</em></strong></span> <span class='ocrx_word' id='word_1_28' title='bbox 1034 503 1102 568; x_wconf 91' lang='lat' dir='ltr'><em>II,</em></span> <span class='ocrx_word' id='word_1_29' title='bbox 1145 517 1200 572; x_wconf 90' lang='lat' dir='ltr'><strong><em>p.</em></strong></span> <span class='ocrx_word' id='word_1_30' title='bbox 1251 504 1306 572; x_wconf 88' lang='lat'><strong>3,</strong></span> <span class='ocrx_word' id='word_1_31' title='bbox 1361 503 1665 574; x_wconf 85' lang='lat' dir='ltr'><strong><em>proferunt</em></strong></span> <span class='ocrx_word' id='word_1_32' title='bbox 1693 504 1864 559; x_wconf 90' lang='lat' dir='ltr'><strong><em>Colo-</em></strong></span> 
     </span>
    </p>
   </div>
   <div class='ocr_carea' id='block_1_6' title="bbox 165 590 412 645">
    <p class='ocr_par' dir='ltr' id='par_1_6' title="bbox 165 590 412 645">
     <span class='ocr_line' id='line_1_6' title="bbox 165 590 412 645; baseline 0.004 -1"><span class='ocrx_word' id='word_1_33' title='bbox 165 590 412 645; x_wconf 86' lang='lat' dir='ltr'><strong><em>nienses.</em></strong></span> 
     </span>
    </p>
   </div>
   <div class='ocr_carea' id='block_1_7' title="bbox 229 678 1865 750">
    <p class='ocr_par' dir='ltr' id='par_1_7' title="bbox 229 678 1865 750">
     <span class='ocr_line' id='line_1_7' title="bbox 229 678 1865 750; baseline -0.001 -15"><span class='ocrx_word' id='word_1_34' title='bbox 229 680 604 736; x_wconf 81' lang='lat' dir='ltr'><strong><em>Germanicam</em></strong></span> <span class='ocrx_word' id='word_1_35' title='bbox 644 680 881 733; x_wconf 83' lang='lat' dir='ltr'><strong><em>Joannis</em></strong></span> <span class='ocrx_word' id='word_1_36' title='bbox 930 679 1196 745; x_wconf 77' lang='lat' dir='ltr'><strong><em>Godfridi</em></strong></span> <span class='ocrx_word' id='word_1_37' title='bbox 1255 679 1322 732; x_wconf 87' lang='lat' dir='ltr'><strong><em>de</em></strong></span> <span class='ocrx_word' id='word_1_38' title='bbox 1377 679 1716 746; x_wconf 86' lang='lat' dir='ltr'><strong><em>Odernheim,</em></strong></span> <span class='ocrx_word' id='word_1_39' title='bbox 1763 678 1865 750; x_wconf 88' lang='lat' dir='ltr'><strong><em>qui</em></strong></span> 
     </span>
    </p>
   </div>
   <div class='ocr_carea' id='block_1_8' title="bbox 165 767 1861 838">
    <p class='ocr_par' dir='ltr' id='par_1_8' title="bbox 165 767 1861 838">
     <span class='ocr_line' id='line_1_8' title="bbox 165 767 1861 838; baseline 0.001 -17"><span class='ocrx_word' id='word_1_40' title='bbox 165 767 313 822; x_wconf 87' lang='lat' dir='ltr'><strong><em>circa</em></strong></span> <span class='ocrx_word' id='word_1_41' title='bbox 341 783 391 820; x_wconf 90' lang='lat' dir='ltr'><strong><em>a.</em></strong></span> <span class='ocrx_word' id='word_1_42' title='bbox 429 771 559 822; x_wconf 77' lang='grc'>1495</span> <span class='ocrx_word' id='word_1_43' title='bbox 607 767 1118 836; x_wconf 82' lang='lat' dir='ltr'><strong><em>Oppenheimensis</em></strong></span> <span class='ocrx_word' id='word_1_44' title='bbox 1167 767 1428 822; x_wconf 70' lang='lat' dir='ltr'><strong><em>Ecclesia:</em></strong></span> <span class='ocrx_word' id='word_1_45' title='bbox 1466 772 1660 838; x_wconf 81' lang='lat' dir='ltr'><strong><em>pastor</em></strong></span> <span class='ocrx_word' id='word_1_46' title='bbox 1690 767 1861 822; x_wconf 85' lang='lat' dir='ltr'><strong><em>fuisse</em></strong></span> 
     </span>
    </p>
   </div>
   <div class='ocr_carea' id='block_1_9' title="bbox 161 856 1861 926">
    <p class='ocr_par' dir='ltr' id='par_1_9' title="bbox 161 856 1861 926">
     <span class='ocr_line' id='line_1_9' title="bbox 161 856 1861 926; baseline 0.001 -17"><span class='ocrx_word' id='word_1_47' title='bbox 161 857 514 926; x_wconf 85' lang='lat' dir='ltr'><strong><em>perhibetur,</em></strong></span> <span class='ocrx_word' id='word_1_48' title='bbox 572 871 639 908; x_wconf 79' lang='lat' dir='ltr'><strong><em>ex</em></strong></span> <span class='ocrx_word' id='word_1_49' title='bbox 685 858 1027 923; x_wconf 77' lang='lat' dir='ltr'><strong><em>Eisengrenii</em></strong></span> <span class='ocrx_word' id='word_1_50' title='bbox 1072 856 1181 911; x_wconf 84' lang='lat' dir='ltr'><strong><em>ﬁde</em></strong></span> <span class='ocrx_word' id='word_1_51' title='bbox 1228 860 1643 910; x_wconf 84' lang='lat' dir='ltr'><strong><em>commemorat</em></strong></span> <span class='ocrx_word' id='word_1_52' title='bbox 1677 858 1861 911; x_wconf 83' lang='lat' dir='ltr'><strong><em>Posse-</em></strong></span> 
     </span>
    </p>
   </div>
   <div class='ocr_carea' id='block_1_10' title="bbox 161 944 1862 1014">
    <p class='ocr_par' dir='ltr' id='par_1_10' title="bbox 161 944 1862 1014">
     <span class='ocr_line' id='line_1_10' title="bbox 161 944 1862 1014; baseline 0.002 -18"><span class='ocrx_word' id='word_1_53' title='bbox 161 948 321 998; x_wconf 81' lang='lat' dir='ltr'><strong><em>vinus</em></strong></span> <span class='ocrx_word' id='word_1_54' title='bbox 366 946 519 1013; x_wconf 77' lang='lat' dir='ltr'><strong><em>App.</em></strong></span> <span class='ocrx_word' id='word_1_55' title='bbox 554 944 705 998; x_wconf 89' lang='lat' dir='ltr'><strong><em>Sacr.</em></strong></span> <span class='ocrx_word' id='word_1_56' title='bbox 753 945 812 998; x_wconf 90' lang='lat' dir='ltr'><strong><em>T.</em></strong></span> <span class='ocrx_word' id='word_1_57' title='bbox 858 945 898 1006; x_wconf 83' lang='lat' dir='ltr'><em>I,</em></span> <span class='ocrx_word' id='word_1_58' title='bbox 928 947 1143 1014; x_wconf 87' lang='lat' dir='ltr'><strong><em>p.889.</em></strong></span> <span class='ocrx_word' id='word_1_59' title='bbox 1201 944 1386 998; x_wconf 83' lang='lat' dir='ltr'><strong><em>Aliam</em></strong></span> <span class='ocrx_word' id='word_1_60' title='bbox 1434 949 1660 1000; x_wconf 89' lang='lat' dir='ltr'><strong><em>auctore</em></strong></span> <span class='ocrx_word' id='word_1_61' title='bbox 1711 947 1862 1000; x_wconf 87' lang='lat' dir='ltr'><strong><em>Hans</em></strong></span> 
     </span>
    </p>
   </div>
   <div class='ocr_carea' id='block_1_11' title="bbox 164 1031 1860 1100">
    <p class='ocr_par' dir='ltr' id='par_1_11' title="bbox 164 1031 1860 1100">
     <span class='ocr_line' id='line_1_11' title="bbox 164 1031 1860 1100; baseline 0.001 -13"><span class='ocrx_word' id='word_1_62' title='bbox 164 1034 382 1088; x_wconf 86' lang='lat' dir='ltr'><strong><em>Nicolao</em></strong></span> <span class='ocrx_word' id='word_1_63' title='bbox 444 1031 696 1098; x_wconf 86' lang='lat' dir='ltr'><strong><em>Sigmaro</em></strong></span> <span class='ocrx_word' id='word_1_64' title='bbox 747 1048 783 1085; x_wconf 90' lang='lat' dir='ltr'><strong><em>a</em></strong></span> <span class='ocrx_word' id='word_1_65' title='bbox 843 1033 1258 1100; x_wconf 84' lang='lat' dir='ltr'><strong><em>Schlusselberg,</em></strong></span> <span class='ocrx_word' id='word_1_66' title='bbox 1301 1049 1566 1087; x_wconf 80' lang='lat' dir='ltr'><strong><em>excusam</em></strong></span> <span class='ocrx_word' id='word_1_67' title='bbox 1612 1034 1860 1088; x_wconf 85' lang='lat' dir='ltr'><strong><em>Ratisbo-</em></strong></span> 
     </span>
    </p>
   </div>
   <div class='ocr_carea' id='block_1_12' title="bbox 163 1122 1857 1190">
    <p class='ocr_par' dir='ltr' id='par_1_12' title="bbox 163 1122 1857 1190">
     <span class='ocr_line' id='line_1_12' title="bbox 163 1122 1857 1190; baseline 0 -14"><span class='ocrx_word' id='word_1_68' title='bbox 163 1138 246 1176; x_wconf 70' lang='lat' dir='ltr'><strong><em>nas</em></strong></span> <span class='ocrx_word' id='word_1_69' title='bbox 296 1124 451 1187; x_wconf 90' lang='grc'>1666,</span> <span class='ocrx_word' id='word_1_70' title='bbox 526 1124 668 1175; x_wconf 74' lang='lat' dir='ltr'><strong><em>in-«to</em></strong></span> <span class='ocrx_word' id='word_1_71' title='bbox 715 1122 906 1176; x_wconf 84' lang='lat' dir='ltr'><strong><em>laudat</em></strong></span> <span class='ocrx_word' id='word_1_72' title='bbox 960 1123 1233 1178; x_wconf 87' lang='lat' dir='ltr'><strong><em>Gemeiner</em></strong></span> <span class='ocrx_word' id='word_1_73' title='bbox 1279 1123 1529 1190; x_wconf 84' lang='lat' dir='ltr'><strong><em>Regensb.</em></strong></span> <span class='ocrx_word' id='word_1_74' title='bbox 1566 1123 1857 1178; x_wconf 89' lang='lat' dir='ltr'><strong><em>Stadtbibl.</em></strong></span> 
     </span>
    </p>
   </div>
   <div class='ocr_carea' id='block_1_13' title="bbox 162 1210 1860 1281">
    <p class='ocr_par' dir='ltr' id='par_1_13' title="bbox 162 1210 1860 1281">
     <span class='ocr_line' id='line_1_13' title="bbox 162 1210 1860 1281; baseline 0.002 -19"><span class='ocrx_word' id='word_1_75' title='bbox 162 1227 219 1280; x_wconf 93' lang='lat' dir='ltr'><strong><em>p.</em></strong></span> <span class='ocrx_word' id='word_1_76' title='bbox 261 1213 356 1265; x_wconf 84' lang='grc'><strong><em>197</em></strong></span> <span class='ocrx_word' id='word_1_77' title='bbox 387 1225 400 1263; x_wconf 89' lang='lat'>:</span> <span class='ocrx_word' id='word_1_78' title='bbox 443 1215 697 1264; x_wconf 84' lang='lat' dir='ltr'><strong><em>attamen</em></strong></span> <span class='ocrx_word' id='word_1_79' title='bbox 727 1227 841 1265; x_wconf 91' lang='lat' dir='ltr'><strong><em>non</em></strong></span> <span class='ocrx_word' id='word_1_80' title='bbox 871 1211 983 1264; x_wconf 88' lang='lat' dir='ltr'><strong><em>nisi</em></strong></span> <span class='ocrx_word' id='word_1_81' title='bbox 1009 1210 1220 1265; x_wconf 89' lang='lat' dir='ltr'><strong><em>librum</em></strong></span> <span class='ocrx_word' id='word_1_82' title='bbox 1263 1211 1516 1281; x_wconf 90' lang='lat' dir='ltr'><strong><em>primum</em></strong></span> <span class='ocrx_word' id='word_1_83' title='bbox 1548 1227 1675 1265; x_wconf 90' lang='lat' dir='ltr'><strong><em>eam</em></strong></span> <span class='ocrx_word' id='word_1_84' title='bbox 1705 1227 1860 1265; x_wconf 89' lang='lat' dir='ltr'><strong><em>com-</em></strong></span> 
     </span>
    </p>
   </div>
   <div class='ocr_carea' id='block_1_14' title="bbox 163 1298 665 1370">
    <p class='ocr_par' dir='ltr' id='par_1_14' title="bbox 163 1298 665 1370">
     <span class='ocr_line' id='line_1_14' title="bbox 163 1298 665 1370; baseline 0 -18"><span class='ocrx_word' id='word_1_85' title='bbox 163 1299 337 1369; x_wconf 86' lang='lat' dir='ltr'><strong><em>plecti</em></strong></span> <span class='ocrx_word' id='word_1_86' title='bbox 362 1298 665 1370; x_wconf 76' lang='lat' dir='ltr'><strong><em>significat.</em></strong></span> 
     </span>
    </p>
   </div>
   <div class='ocr_carea' id='block_1_15' title="bbox 374 1386 1610 1458">
    <p class='ocr_par' dir='ltr' id='par_1_15' title="bbox 374 1386 1610 1458">
     <span class='ocr_line' id='line_1_15' title="bbox 374 1386 1610 1458; baseline 0.003 -18"><span class='ocrx_word' id='word_1_87' title='bbox 374 1388 589 1441; x_wconf 80' lang='lat' dir='ltr'><em>XXVI.</em></span> <span class='ocrx_word' id='word_1_88' title='bbox 624 1418 692 1426; x_wconf 90' lang='lat'><strong><em>—-</em></strong></span> <span class='ocrx_word' id='word_1_89' title='bbox 723 1386 828 1458; x_wconf 79' lang='lat'><strong><em>(75)</em></strong></span> <span class='ocrx_word' id='word_1_90' title='bbox 850 1390 925 1442; x_wconf 84' lang='lat' dir='ltr'><strong><em>De</em></strong></span> <span class='ocrx_word' id='word_1_91' title='bbox 946 1389 1099 1442; x_wconf 88' lang='lat' dir='ltr'><strong><em>Bono</em></strong></span> <span class='ocrx_word' id='word_1_92' title='bbox 1137 1388 1440 1444; x_wconf 79' lang='lat' dir='ltr'><strong><em>Viduitatis</em></strong></span> <span class='ocrx_word' id='word_1_93' title='bbox 1460 1389 1610 1444; x_wconf 86' lang='lat' dir='ltr'><strong><em>liber.</em></strong></span> 
     </span>
    </p>
   </div>
   <div class='ocr_carea' id='block_1_16' title="bbox 241 1477 1861 1543">
    <p class='ocr_par' dir='ltr' id='par_1_16' title="bbox 241 1477 1861 1543">
     <span class='ocr_line' id='line_1_16' title="bbox 241 1477 1861 1543; baseline 0.001 -13"><span class='ocrx_word' id='word_1_94' title='bbox 241 1479 397 1532; x_wconf 80' lang='grc'>1517.</span> <span class='ocrx_word' id='word_1_95' title='bbox 430 1479 610 1543; x_wconf 88' lang='lat' dir='ltr'><strong><em>Paris,</em></strong></span> <span class='ocrx_word' id='word_1_96' title='bbox 645 1477 769 1530; x_wconf 81' lang='lat' dir='ltr'><strong><em>chez</em></strong></span> <span class='ocrx_word' id='word_1_97' title='bbox 815 1481 952 1531; x_wconf 87' lang='lat' dir='ltr'><strong><em>Jean</em></strong></span> <span class='ocrx_word' id='word_1_98' title='bbox 980 1478 1150 1541; x_wconf 83' lang='lat' dir='ltr'><strong><em>Petit,</em></strong></span> <span class='ocrx_word' id='word_1_99' title='bbox 1199 1480 1368 1533; x_wconf 67' lang='lat' dir='ltr'><strong><em>in-40.</em></strong></span> <span class='ocrx_word' id='word_1_100' title='bbox 1402 1499 1424 1527; x_wconf 73' lang='grc' dir='ltr'><strong>ε</strong></span> <span class='ocrx_word' id='word_1_101' title='bbox 1459 1480 1539 1532; x_wconf 91' lang='lat' dir='ltr'><strong><em>De</em></strong></span> <span class='ocrx_word' id='word_1_102' title='bbox 1585 1478 1752 1533; x_wconf 89' lang='lat' dir='ltr'><strong><em>l’Etat</em></strong></span> <span class='ocrx_word' id='word_1_103' title='bbox 1791 1478 1861 1532; x_wconf 92' lang='lat' dir='ltr'><strong><em>de</em></strong></span> 
     </span>
    </p>
   </div>
   <div class='ocr_carea' id='block_1_17' title="bbox 164 1565 1860 1636">
    <p class='ocr_par' dir='ltr' id='par_1_17' title="bbox 164 1565 1860 1636">
     <span class='ocr_line' id='line_1_17' title="bbox 164 1565 1860 1636; baseline 0.003 -20"><span class='ocrx_word' id='word_1_104' title='bbox 164 1566 426 1635; x_wconf 89' lang='lat' dir='ltr'><strong><em>Veuvage</em></strong></span> <span class='ocrx_word' id='word_1_105' title='bbox 459 1581 472 1630; x_wconf 94' lang='lat'><strong>;</strong></span> <span class='ocrx_word' id='word_1_106' title='bbox 529 1565 599 1620; x_wconf 87' lang='lat' dir='ltr'><strong><em>de</em></strong></span> <span class='ocrx_word' id='word_1_107' title='bbox 654 1565 710 1618; x_wconf 90' lang='lat' dir='ltr'><strong><em>la</em></strong></span> <span class='ocrx_word' id='word_1_108' title='bbox 737 1565 984 1620; x_wconf 82' lang='lat' dir='ltr'><strong><em>Maniére</em></strong></span> <span class='ocrx_word' id='word_1_109' title='bbox 1034 1567 1103 1620; x_wconf 90' lang='lat' dir='ltr'><strong><em>de</em></strong></span> <span class='ocrx_word' id='word_1_110' title='bbox 1133 1565 1289 1636; x_wconf 92' lang='lat' dir='ltr'><strong><em>prier</em></strong></span> <span class='ocrx_word' id='word_1_111' title='bbox 1336 1567 1518 1634; x_wconf 86' lang='lat' dir='ltr'><strong><em>Dieu;</em></strong></span> <span class='ocrx_word' id='word_1_112' title='bbox 1557 1567 1611 1621; x_wconf 94' lang='lat' dir='ltr'><strong><em>la</em></strong></span> <span class='ocrx_word' id='word_1_113' title='bbox 1649 1567 1747 1621; x_wconf 89' lang='lat' dir='ltr'><strong><em>Vie</em></strong></span> <span class='ocrx_word' id='word_1_114' title='bbox 1792 1567 1860 1622; x_wconf 92' lang='lat' dir='ltr'><strong><em>de</em></strong></span> 
     </span>
    </p>
   </div>
   <div class='ocr_carea' id='block_1_18' title="bbox 163 1652 1861 1726">
    <p class='ocr_par' dir='ltr' id='par_1_18' title="bbox 163 1652 1861 1726">
     <span class='ocr_line' id='line_1_18' title="bbox 163 1652 1861 1726; baseline 0.001 -18"><span class='ocrx_word' id='word_1_115' title='bbox 163 1652 358 1708; x_wconf 88' lang='lat' dir='ltr'><strong><em>Sainte</em></strong></span> <span class='ocrx_word' id='word_1_116' title='bbox 411 1652 675 1724; x_wconf 86' lang='lat' dir='ltr'><strong><em>Monique</em></strong></span> <span class='ocrx_word' id='word_1_117' title='bbox 709 1670 722 1720; x_wconf 91' lang='lat'><strong>;</strong></span> <span class='ocrx_word' id='word_1_118' title='bbox 751 1653 1067 1723; x_wconf 90' lang='lat' dir='ltr'><strong><em>.Opuscules</em></strong></span> <span class='ocrx_word' id='word_1_119' title='bbox 1109 1654 1179 1708; x_wconf 91' lang='lat' dir='ltr'><strong><em>de</em></strong></span> <span class='ocrx_word' id='word_1_120' title='bbox 1231 1655 1388 1710; x_wconf 89' lang='lat' dir='ltr'><strong><em>Saint</em></strong></span> <span class='ocrx_word' id='word_1_121' title='bbox 1415 1655 1716 1726; x_wconf 81' lang='lat' dir='ltr'><strong><em>Augustin,</em></strong></span> <span class='ocrx_word' id='word_1_122' title='bbox 1750 1659 1861 1709; x_wconf 88' lang='lat' dir='ltr'><strong><em>tra-</em></strong></span> 
     </span>
    </p>
   </div>
   <div class='ocr_carea' id='block_1_19' title="bbox 161 1739 1858 1814">
    <p class='ocr_par' dir='ltr' id='par_1_19' title="bbox 161 1739 1858 1814">
     <span class='ocr_line' id='line_1_19' title="bbox 161 1739 1858 1814; baseline 0.003 -21"><span class='ocrx_word' id='word_1_123' title='bbox 161 1739 313 1794; x_wconf 89' lang='lat' dir='ltr'><strong><em>duits</em></strong></span> <span class='ocrx_word' id='word_1_124' title='bbox 345 1757 451 1810; x_wconf 90' lang='lat' dir='ltr'><strong><em>par</em></strong></span> <span class='ocrx_word' id='word_1_125' title='bbox 488 1741 706 1795; x_wconf 82' lang='lat' dir='ltr'><strong><em>Adrian</em></strong></span> <span class='ocrx_word' id='word_1_126' title='bbox 743 1742 962 1796; x_wconf 89' lang='lat' dir='ltr'><strong><em>Gemclli</em></strong></span> <span class='ocrx_word' id='word_1_127' title='bbox 992 1744 1239 1813; x_wconf 82' lang='lat' dir='ltr'><strong><em>(Iumel),</em></strong></span> <span class='ocrx_word' id='word_1_128' title='bbox 1290 1743 1481 1814; x_wconf 80' lang='lat' dir='ltr'><strong><em>prétre</em></strong></span> <span class='ocrx_word' id='word_1_129' title='bbox 1527 1744 1760 1798; x_wconf 88' lang='lat' dir='ltr'><strong><em>docteur</em></strong></span> <span class='ocrx_word' id='word_1_130' title='bbox 1786 1761 1858 1799; x_wconf 90' lang='lat' dir='ltr'><strong><em>en</em></strong></span> 
     </span>
    </p>
   </div>
   <div class='ocr_carea' id='block_1_20' title="bbox 158 1829 1856 1901">
    <p class='ocr_par' dir='ltr' id='par_1_20' title="bbox 158 1829 1856 1901">
     <span class='ocr_line' id='line_1_20' title="bbox 158 1829 1856 1901; baseline 0.001 -19"><span class='ocrx_word' id='word_1_131' title='bbox 158 1829 447 1899; x_wconf 84' lang='lat' dir='ltr'><strong><em>theologia</em></strong></span> <span class='ocrx_word' id='word_1_132' title='bbox 470 1833 526 1883; x_wconf 91' lang='lat' dir='ltr'><strong><em>et</em></strong></span> <span class='ocrx_word' id='word_1_133' title='bbox 552 1830 732 1901; x_wconf 88' lang='lat' dir='ltr'><strong><em>grand</em></strong></span> <span class='ocrx_word' id='word_1_134' title='bbox 762 1829 1111 1885; x_wconf 89' lang='lat' dir='ltr'><strong><em>archidiacre</em></strong></span> <span class='ocrx_word' id='word_1_135' title='bbox 1141 1831 1209 1885; x_wconf 91' lang='lat' dir='ltr'><strong><em>de</em></strong></span> <span class='ocrx_word' id='word_1_136' title='bbox 1235 1833 1391 1886; x_wconf 89' lang='lat' dir='ltr'><strong><em>Laon</em></strong></span> <span class='ocrx_word' id='word_1_137' title='bbox 1427 1848 1499 1886; x_wconf 90' lang='lat' dir='ltr'><strong><em>en</em></strong></span> <span class='ocrx_word' id='word_1_138' title='bbox 1529 1832 1802 1887; x_wconf 90' lang='lat' dir='ltr'><strong><em>Picardie.</em></strong></span> <span class='ocrx_word' id='word_1_139' title='bbox 1826 1852 1856 1884; x_wconf 82' lang='lat'><strong>»</strong></span> 
     </span>
    </p>
   </div>
   <div class='ocr_carea' id='block_1_21' title="bbox 158 1917 1859 1990">
    <p class='ocr_par' dir='ltr' id='par_1_21' title="bbox 158 1917 1859 1990">
     <span class='ocr_line' id='line_1_21' title="bbox 158 1917 1859 1990; baseline 0.003 -19"><span class='ocrx_word' id='word_1_140' title='bbox 158 1920 245 1971; x_wconf 89' lang='lat' dir='ltr'><strong><em>Du</em></strong></span> <span class='ocrx_word' id='word_1_141' title='bbox 295 1917 522 1974; x_wconf 88' lang='lat' dir='ltr'><strong><em>Verdier</em></strong></span> <span class='ocrx_word' id='word_1_142' title='bbox 567 1922 805 1987; x_wconf 89' lang='lat' dir='ltr'><strong><em>recent.,</em></strong></span> <span class='ocrx_word' id='word_1_143' title='bbox 848 1920 908 1974; x_wconf 91' lang='lat' dir='ltr'><strong><em>T.</em></strong></span> <span class='ocrx_word' id='word_1_144' title='bbox 944 1920 989 1986; x_wconf 90' lang='grc' dir='ltr'><strong><em>Ι,</em></strong></span> <span class='ocrx_word' id='word_1_145' title='bbox 1021 1937 1080 1990; x_wconf 90' lang='lat' dir='ltr'><strong><em>p.</em></strong></span> <span class='ocrx_word' id='word_1_146' title='bbox 1125 1925 1180 1976; x_wconf 84' lang='lat'><strong><em>7.</em></strong></span> <span class='ocrx_word' id='word_1_147' title='bbox 1212 1922 1504 1975; x_wconf 87' lang='lat' dir='ltr'><strong><em>Tractatus</em></strong></span> <span class='ocrx_word' id='word_1_148' title='bbox 1534 1922 1600 1975; x_wconf 87' lang='lat' dir='ltr'><strong><em>de</em></strong></span> <span class='ocrx_word' id='word_1_149' title='bbox 1641 1921 1859 1977; x_wconf 88' lang='lat' dir='ltr'><strong><em>Orando</em></strong></span> 
     </span>
    </p>
   </div>
   <div class='ocr_carea' id='block_1_22' title="bbox 159 2006 1190 2077">
    <p class='ocr_par' dir='ltr' id='par_1_22' title="bbox 159 2006 1190 2077">
     <span class='ocr_line' id='line_1_22' title="bbox 159 2006 1190 2077; baseline 0.002 -17"><span class='ocrx_word' id='word_1_150' title='bbox 159 2007 274 2061; x_wconf 91' lang='lat' dir='ltr'><strong><em>Deo</em></strong></span> <span class='ocrx_word' id='word_1_151' title='bbox 304 2006 456 2061; x_wconf 91' lang='lat' dir='ltr'><strong><em>inter</em></strong></span> <span class='ocrx_word' id='word_1_152' title='bbox 474 2007 744 2077; x_wconf 83' lang='lat' dir='ltr'><strong><em>epistolas</em></strong></span> <span class='ocrx_word' id='word_1_153' title='bbox 777 2013 1038 2062; x_wconf 86' lang='lat' dir='ltr'><strong><em>censetur</em></strong></span> <span class='ocrx_word' id='word_1_154' title='bbox 1070 2011 1190 2064; x_wconf 87' lang='grc'>130.</span> 
     </span>
    </p>
   </div>
   <div class='ocr_carea' id='block_1_23' title="bbox 407 2096 1608 2168">
    <p class='ocr_par' dir='ltr' id='par_1_23' title="bbox 407 2096 1608 2168">
     <span class='ocr_line' id='line_1_23' title="bbox 407 2096 1608 2168; baseline 0.002 -18"><span class='ocrx_word' id='word_1_155' title='bbox 407 2098 626 2151; x_wconf 81' lang='lat' dir='ltr'><strong><em>XXVII.</em></strong></span> <span class='ocrx_word' id='word_1_156' title='bbox 651 2127 720 2136; x_wconf 92' lang='lat'><strong>—</strong></span> <span class='ocrx_word' id='word_1_157' title='bbox 752 2096 859 2168; x_wconf 85' lang='lat'><strong><em>(‘79)</em></strong></span> <span class='ocrx_word' id='word_1_158' title='bbox 893 2100 966 2151; x_wconf 91' lang='lat' dir='ltr'><strong><em>De</em></strong></span> <span class='ocrx_word' id='word_1_159' title='bbox 1001 2099 1181 2153; x_wconf 87' lang='lat' dir='ltr'><strong><em>Gestis</em></strong></span> <span class='ocrx_word' id='word_1_160' title='bbox 1211 2099 1426 2164; x_wconf 85' lang='lat' dir='ltr'><strong><em>Pelagii</em></strong></span> <span class='ocrx_word' id='word_1_161' title='bbox 1455 2098 1608 2152; x_wconf 85' lang='lat' dir='ltr'><strong><em>liber.</em></strong></span> 
     </span>
    </p>
   </div>
   <div class='ocr_carea' id='block_1_24' title="bbox 236 2186 1858 2258">
    <p class='ocr_par' dir='ltr' id='par_1_24' title="bbox 236 2186 1858 2258">
     <span class='ocr_line' id='line_1_24' title="bbox 236 2186 1858 2258; baseline 0.001 -19"><span class='ocrx_word' id='word_1_162' title='bbox 236 2188 390 2240; x_wconf 88' lang='grc'>1611.</span> <span class='ocrx_word' id='word_1_163' title='bbox 438 2187 701 2252; x_wconf 73' lang='lat' dir='ltr'><strong><em>Augustae</em></strong></span> <span class='ocrx_word' id='word_1_164' title='bbox 766 2186 1190 2252; x_wconf 85' lang='lat' dir='ltr'><strong><em>Vindelicorum,</em></strong></span> <span class='ocrx_word' id='word_1_165' title='bbox 1232 2189 1391 2241; x_wconf 64' lang='grc' dir='ltr'><strong><em>ἐτι-8ο.</em></strong></span> <span class='ocrx_word' id='word_1_166' title='bbox 1444 2188 1510 2242; x_wconf 92' lang='lat' dir='ltr'><strong><em>D.</em></strong></span> <span class='ocrx_word' id='word_1_167' title='bbox 1557 2187 1858 2258; x_wconf 87' lang='lat' dir='ltr'><strong><em>Augustini</em></strong></span> 
     </span>
    </p>
   </div>
   <div class='ocr_carea' id='block_1_25' title="bbox 157 2272 1858 2346">
    <p class='ocr_par' dir='ltr' id='par_1_25' title="bbox 157 2272 1858 2346">
     <span class='ocr_line' id='line_1_25' title="bbox 157 2272 1858 2346; baseline 0.003 -20"><span class='ocrx_word' id='word_1_168' title='bbox 157 2272 304 2327; x_wconf 89' lang='lat' dir='ltr'><strong><em>liber</em></strong></span> <span class='ocrx_word' id='word_1_169' title='bbox 350 2273 421 2327; x_wconf 94' lang='lat' dir='ltr'><strong><em>de</em></strong></span> <span class='ocrx_word' id='word_1_170' title='bbox 474 2273 655 2329; x_wconf 87' lang='lat' dir='ltr'><strong><em>Gestis</em></strong></span> <span class='ocrx_word' id='word_1_171' title='bbox 705 2273 942 2346; x_wconf 80' lang='lat' dir='ltr'><strong><em>Pelagii,</em></strong></span> <span class='ocrx_word' id='word_1_172' title='bbox 975 2291 1130 2329; x_wconf 90' lang='lat' dir='ltr'><strong><em>nunc</em></strong></span> <span class='ocrx_word' id='word_1_173' title='bbox 1156 2275 1410 2345; x_wconf 86' lang='lat' dir='ltr'><strong><em>primum</em></strong></span> <span class='ocrx_word' id='word_1_174' title='bbox 1456 2275 1642 2330; x_wconf 90' lang='lat' dir='ltr'><strong><em>editus</em></strong></span> <span class='ocrx_word' id='word_1_175' title='bbox 1669 2277 1858 2331; x_wconf 88' lang='lat' dir='ltr'><strong><em>studio</em></strong></span> 
     </span>
    </p>
   </div>
   <div class='ocr_carea' id='block_1_26' title="bbox 157 2363 591 2417">
    <p class='ocr_par' dir='ltr' id='par_1_26' title="bbox 157 2363 591 2417">
     <span class='ocr_line' id='line_1_26' title="bbox 157 2363 591 2417; baseline 0.002 -1"><span class='ocrx_word' id='word_1_176' title='bbox 157 2363 336 2416; x_wconf 84' lang='lat' dir='ltr'><strong><em>Marci</em></strong></span> <span class='ocrx_word' id='word_1_177' title='bbox 361 2363 591 2417; x_wconf 88' lang='lat' dir='ltr'><strong><em>Velseri.</em></strong></span> 
     </span>
    </p>
   </div>
   <div class='ocr_carea' id='block_1_27' title="bbox 228 2450 1863 2524">
    <p class='ocr_par' dir='ltr' id='par_1_27' title="bbox 228 2450 1863 2524">
     <span class='ocr_line' id='line_1_27' title="bbox 228 2450 1863 2524; baseline 0 -20"><span class='ocrx_word' id='word_1_178' title='bbox 228 2450 452 2506; x_wconf 70' lang='lat' dir='ltr'><strong><em>Fzsulis</em></strong></span> <span class='ocrx_word' id='word_1_179' title='bbox 483 2452 648 2522; x_wconf 83' lang='lat' dir='ltr'><strong><em>(urbe</em></strong></span> <span class='ocrx_word' id='word_1_180' title='bbox 679 2452 803 2523; x_wconf 88' lang='lat' dir='ltr'><strong><em>agri</em></strong></span> <span class='ocrx_word' id='word_1_181' title='bbox 858 2451 1186 2515; x_wconf 85' lang='lat' dir='ltr'><strong><em>Florentini,</em></strong></span> <span class='ocrx_word' id='word_1_182' title='bbox 1229 2469 1402 2524; x_wconf 85' lang='lat' dir='ltr'><strong><em>quam</em></strong></span> <span class='ocrx_word' id='word_1_183' title='bbox 1449 2452 1622 2507; x_wconf 87' lang='lat' dir='ltr'><strong><em>hodie</em></strong></span> <span class='ocrx_word' id='word_1_184' title='bbox 1668 2453 1863 2507; x_wconf 81' lang='lat' dir='ltr'><strong><em>Fiesoli</em></strong></span> 
     </span>
    </p>
   </div>
   <div class='ocr_carea' id='block_1_28' title="bbox 157 2537 1859 2605">
    <p class='ocr_par' dir='ltr' id='par_1_28' title="bbox 157 2537 1859 2605">
     <span class='ocr_line' id='line_1_28' title="bbox 157 2537 1859 2605; baseline 0.001 -13"><span class='ocrx_word' id='word_1_185' title='bbox 157 2537 372 2605; x_wconf 87' lang='lat' dir='ltr'><strong><em>dicunt)</em></strong></span> <span class='ocrx_word' id='word_1_186' title='bbox 404 2539 669 2595; x_wconf 89' lang='lat' dir='ltr'><strong><em>inventus</em></strong></span> <span class='ocrx_word' id='word_1_187' title='bbox 718 2545 841 2595; x_wconf 89' lang='lat' dir='ltr'><strong><em>erat</em></strong></span> <span class='ocrx_word' id='word_1_188' title='bbox 870 2541 932 2595; x_wconf 91' lang='lat' dir='ltr'><strong><em>in</em></strong></span> <span class='ocrx_word' id='word_1_189' title='bbox 960 2541 1302 2596; x_wconf 87' lang='lat' dir='ltr'><strong><em>bibliotheca</em></strong></span> <span class='ocrx_word' id='word_1_190' title='bbox 1331 2541 1574 2596; x_wconf 71' lang='lat' dir='ltr'><strong><em>abbatite</em></strong></span> <span class='ocrx_word' id='word_1_191' title='bbox 1617 2541 1671 2596; x_wconf 92' lang='lat' dir='ltr'><strong><em>S.</em></strong></span> <span class='ocrx_word' id='word_1_192' title='bbox 1720 2542 1859 2595; x_wconf 86' lang='lat' dir='ltr'><strong><em>Bar-</em></strong></span> 
     </span>
    </p>
   </div>
   <div class='ocr_carea' id='block_1_29' title="bbox 155 2627 1854 2701">
    <p class='ocr_par' dir='ltr' id='par_1_29' title="bbox 155 2627 1854 2701">
     <span class='ocr_line' id='line_1_29' title="bbox 155 2627 1854 2701; baseline 0.002 -21"><span class='ocrx_word' id='word_1_193' title='bbox 155 2627 451 2683; x_wconf 67' lang='lat' dir='ltr'><strong><em>tholommi</em></strong></span> <span class='ocrx_word' id='word_1_194' title='bbox 509 2629 914 2684; x_wconf 89' lang='lat' dir='ltr'><strong><em>canonicorum</em></strong></span> <span class='ocrx_word' id='word_1_195' title='bbox 973 2630 1326 2701; x_wconf 85' lang='lat' dir='ltr'><strong><em>regularium</em></strong></span> <span class='ocrx_word' id='word_1_196' title='bbox 1365 2629 1854 2685; x_wconf 87' lang='lat' dir='ltr'><strong><em>Lateranensium.</em></strong></span> 
     </span>
    </p>
   </div>
   <div class='ocr_carea' id='block_1_30' title="bbox 157 2715 1856 2790">
    <p class='ocr_par' dir='ltr' id='par_1_30' title="bbox 157 2715 1856 2790">
     <span class='ocr_line' id='line_1_30' title="bbox 157 2715 1856 2790; baseline 0.002 -20"><span class='ocrx_word' id='word_1_197' title='bbox 157 2715 302 2770; x_wconf 85' lang='lat' dir='ltr'><strong><em>Hinc</em></strong></span> <span class='ocrx_word' id='word_1_198' title='bbox 329 2717 452 2788; x_wconf 88' lang='lat' dir='ltr'><strong><em>ejus</em></strong></span> <span class='ocrx_word' id='word_1_199' title='bbox 482 2717 891 2789; x_wconf 89' lang='lat' dir='ltr'><strong><em>antigraphum</em></strong></span> <span class='ocrx_word' id='word_1_200' title='bbox 945 2718 1252 2773; x_wconf 89' lang='lat' dir='ltr'><strong><em>cardinalis</em></strong></span> <span class='ocrx_word' id='word_1_201' title='bbox 1287 2720 1463 2790; x_wconf 82' lang='lat' dir='ltr'><strong><em>Scipio</em></strong></span> <span class='ocrx_word' id='word_1_202' title='bbox 1504 2720 1856 2774; x_wconf 87' lang='lat' dir='ltr'><strong><em>Cobellutius.</em></strong></span> 
     </span>
    </p>
   </div>
   <div class='ocr_carea' id='block_1_31' title="bbox 155 2805 1860 2879">
    <p class='ocr_par' dir='ltr' id='par_1_31' title="bbox 155 2805 1860 2879">
     <span class='ocr_line' id='line_1_31' title="bbox 155 2805 1860 2879; baseline 0.004 -22"><span class='ocrx_word' id='word_1_203' title='bbox 155 2808 294 2858; x_wconf 87' lang='lat' dir='ltr'><strong><em>tunc</em></strong></span> <span class='ocrx_word' id='word_1_204' title='bbox 330 2805 400 2859; x_wconf 86' lang='lat' dir='ltr'><strong><em>ab</em></strong></span> <span class='ocrx_word' id='word_1_205' title='bbox 427 2805 683 2876; x_wconf 82' lang='lat' dir='ltr'><strong><em>epistolis</em></strong></span> <span class='ocrx_word' id='word_1_206' title='bbox 722 2810 778 2860; x_wconf 93' lang='lat' dir='ltr'><strong><em>et</em></strong></span> <span class='ocrx_word' id='word_1_207' title='bbox 808 2807 1035 2861; x_wconf 86' lang='lat' dir='ltr'><strong><em>secretis</em></strong></span> <span class='ocrx_word' id='word_1_208' title='bbox 1066 2807 1276 2861; x_wconf 90' lang='lat' dir='ltr'><strong><em>summi</em></strong></span> <span class='ocrx_word' id='word_1_209' title='bbox 1328 2808 1634 2879; x_wconf 89' lang='lat' dir='ltr'><strong><em>pontiﬁcis,</em></strong></span> <span class='ocrx_word' id='word_1_210' title='bbox 1676 2810 1860 2863; x_wconf 84' lang='lat' dir='ltr'><strong><em>Roma</em></strong></span> 
     </span>
    </p>
   </div>
   <div class='ocr_carea' id='block_1_32' title="bbox 156 2893 1858 2967">
    <p class='ocr_par' dir='ltr' id='par_1_32' title="bbox 156 2893 1858 2967">
     <span class='ocr_line' id='line_1_32' title="bbox 156 2893 1858 2967; baseline 0.002 -20"><span class='ocrx_word' id='word_1_211' title='bbox 156 2893 230 2947; x_wconf 89' lang='lat' dir='ltr'><strong><em>ad</em></strong></span> <span class='ocrx_word' id='word_1_212' title='bbox 256 2895 499 2948; x_wconf 82' lang='lat' dir='ltr'><strong><em>Marcum</em></strong></span> <span class='ocrx_word' id='word_1_213' title='bbox 535 2896 808 2950; x_wconf 88' lang='lat' dir='ltr'><strong><em>Velserum</em></strong></span> <span class='ocrx_word' id='word_1_214' title='bbox 850 2895 1217 2950; x_wconf 85' lang='lat' dir='ltr'><strong><em>duumvirum</em></strong></span> <span class='ocrx_word' id='word_1_215' title='bbox 1247 2898 1647 2967; x_wconf 88' lang='lat' dir='ltr'><strong><em>Augustanum</em></strong></span> <span class='ocrx_word' id='word_1_216' title='bbox 1671 2901 1858 2952; x_wconf 84' lang='lat' dir='ltr'><strong><em>trans-</em></strong></span> 
     </span>
    </p>
   </div>
   <div class='ocr_carea' id='block_1_33' title="bbox 1972 503 3676 573">
    <p class='ocr_par' dir='ltr' id='par_1_33' title="bbox 1972 503 3676 573">
     <span class='ocr_line' id='line_1_33' title="bbox 1972 503 3676 573; baseline 0 -17"><span class='ocrx_word' id='word_1_217' title='bbox 1972 505 2136 557; x_wconf 87' lang='lat' dir='ltr'><strong><em>annis</em></strong></span> <span class='ocrx_word' id='word_1_218' title='bbox 2185 507 2236 556; x_wconf 89' lang='lat' dir='ltr'><strong><em>et</em></strong></span> <span class='ocrx_word' id='word_1_219' title='bbox 2285 503 2598 572; x_wconf 87' lang='lat' dir='ltr'><strong><em>Epistolam</em></strong></span> <span class='ocrx_word' id='word_1_220' title='bbox 2642 504 2758 572; x_wconf 87' lang='lat' dir='ltr'><strong><em>ejus</em></strong></span> <span class='ocrx_word' id='word_1_221' title='bbox 2817 505 2871 573; x_wconf 93' lang='lat' dir='ltr'><em>I,</em></span> <span class='ocrx_word' id='word_1_222' title='bbox 2917 503 2992 558; x_wconf 85' lang='lat' dir='ltr'><strong><em>ad</em></strong></span> <span class='ocrx_word' id='word_1_223' title='bbox 3046 503 3300 557; x_wconf 77' lang='lat' dir='ltr'><strong><em>Parthos.</em></strong></span> <span class='ocrx_word' id='word_1_224' title='bbox 3364 505 3492 559; x_wconf 87' lang='lat' dir='ltr'><strong><em>Sine</em></strong></span> <span class='ocrx_word' id='word_1_225' title='bbox 3531 519 3676 557; x_wconf 91' lang='lat' dir='ltr'><strong><em>anno</em></strong></span> 
     </span>
    </p>
   </div>
   <div class='ocr_carea' id='block_1_34' title="bbox 1972 591 3673 660">
    <p class='ocr_par' dir='ltr' id='par_1_34' title="bbox 1972 591 3673 660">
     <span class='ocr_line' id='line_1_34' title="bbox 1972 591 3673 660; baseline 0 -15"><span class='ocrx_word' id='word_1_226' title='bbox 1972 593 2081 646; x_wconf 93' lang='lat' dir='ltr'><strong><em>loco</em></strong></span> <span class='ocrx_word' id='word_1_227' title='bbox 2126 595 2177 645; x_wconf 85' lang='lat' dir='ltr'><strong><em>et</em></strong></span> <span class='ocrx_word' id='word_1_228' title='bbox 2244 595 2461 660; x_wconf 87' lang='lat' dir='ltr'><strong><em>typogr.</em></strong></span> <span class='ocrx_word' id='word_1_229' title='bbox 2513 591 2694 646; x_wconf 80' lang='lat' dir='ltr'><strong><em>in-fol.</em></strong></span> <span class='ocrx_word' id='word_1_230' title='bbox 2749 592 3094 658; x_wconf 75' lang='lat' dir='ltr'><strong><em>Augustinus</em></strong></span> <span class='ocrx_word' id='word_1_231' title='bbox 3159 607 3324 660; x_wconf 85' lang='lat' dir='ltr'><strong><em>super</em></strong></span> <span class='ocrx_word' id='word_1_232' title='bbox 3376 593 3673 647; x_wconf 87' lang='lat' dir='ltr'><strong><em>Joannem.</em></strong></span> 
     </span>
    </p>
   </div>
   <div class='ocr_carea' id='block_1_35' title="bbox 1972 679 3678 750">
    <p class='ocr_par' dir='ltr' id='par_1_35' title="bbox 1972 679 3678 750">
     <span class='ocr_line' id='line_1_35' title="bbox 1972 679 3678 750; baseline 0 -17"><span class='ocrx_word' id='word_1_233' title='bbox 1972 681 2102 733; x_wconf 60' lang='lat' dir='ltr'><strong><em>Hinc</em></strong></span> <span class='ocrx_word' id='word_1_234' title='bbox 2179 680 2350 734; x_wconf 86' lang='lat' dir='ltr'><strong><em>verba</em></strong></span> <span class='ocrx_word' id='word_1_235' title='bbox 2430 679 2585 734; x_wconf 84' lang='lat' dir='ltr'><strong><em>tituli</em></strong></span> <span class='ocrx_word' id='word_1_236' title='bbox 2667 680 2789 734; x_wconf 91' lang='lat' dir='ltr'><strong><em>loco</em></strong></span> <span class='ocrx_word' id='word_1_237' title='bbox 2874 680 3076 734; x_wconf 85' lang='lat' dir='ltr'><strong><em>litteris</em></strong></span> <span class='ocrx_word' id='word_1_238' title='bbox 3155 679 3468 750; x_wconf 83' lang='lat' dir='ltr'><strong><em>majoribus</em></strong></span> <span class='ocrx_word' id='word_1_239' title='bbox 3541 680 3678 734; x_wconf 85' lang='lat' dir='ltr'><strong><em>folio</em></strong></span> 
     </span>
    </p>
   </div>
   <div class='ocr_carea' id='block_1_36' title="bbox 1969 768 3678 839">
    <p class='ocr_par' dir='ltr' id='par_1_36' title="bbox 1969 768 3678 839">
     <span class='ocr_line' id='line_1_36' title="bbox 1969 768 3678 839; baseline 0.001 -18"><span class='ocrx_word' id='word_1_240' title='bbox 1969 768 2157 839; x_wconf 89' lang='lat' dir='ltr'><strong><em>primo</em></strong></span> <span class='ocrx_word' id='word_1_241' title='bbox 2209 773 2477 822; x_wconf 62' lang='lat' dir='ltr'><strong><em>caeterum</em></strong></span> <span class='ocrx_word' id='word_1_242' title='bbox 2551 784 2727 822; x_wconf 90' lang='lat' dir='ltr'><strong><em>vacuo</em></strong></span> <span class='ocrx_word' id='word_1_243' title='bbox 2785 773 2917 822; x_wconf 90' lang='lat' dir='ltr'><strong><em>sunt</em></strong></span> <span class='ocrx_word' id='word_1_244' title='bbox 2993 769 3288 838; x_wconf 78' lang='lat' dir='ltr'><strong><em>impressa.</em></strong></span> <span class='ocrx_word' id='word_1_245' title='bbox 3345 769 3411 822; x_wconf 88' lang='lat' dir='ltr'><strong><em>In</em></strong></span> <span class='ocrx_word' id='word_1_246' title='bbox 3470 769 3678 822; x_wconf 89' lang='lat' dir='ltr'><strong><em>limine</em></strong></span> 
     </span>
    </p>
   </div>
   <div class='ocr_carea' id='block_1_37' title="bbox 1969 855 3672 929">
    <p class='ocr_par' dir='ltr' id='par_1_37' title="bbox 1969 855 3672 929">
     <span class='ocr_line' id='line_1_37' title="bbox 1969 855 3672 929; baseline 0 -18"><span class='ocrx_word' id='word_1_247' title='bbox 1969 861 2198 911; x_wconf 85' lang='lat' dir='ltr'><strong><em>textus:</em></strong></span> <span class='ocrx_word' id='word_1_248' title='bbox 2234 859 2360 910; x_wconf 87' lang='lat' dir='ltr'><strong><em>Divi</em></strong></span> <span class='ocrx_word' id='word_1_249' title='bbox 2388 858 2602 911; x_wconf 81' lang='lat' dir='ltr'><strong><em>Aurelii</em></strong></span> <span class='ocrx_word' id='word_1_250' title='bbox 2638 860 2946 925; x_wconf 74' lang='lat' dir='ltr'><strong><em>Augustini</em></strong></span> <span class='ocrx_word' id='word_1_251' title='bbox 2985 860 3344 928; x_wconf 83' lang='lat' dir='ltr'><strong><em>Hipponensis</em></strong></span> <span class='ocrx_word' id='word_1_252' title='bbox 3388 855 3632 929; x_wconf 81' lang='lat' dir='ltr'><strong><em>episcopi</em></strong></span> <span class='ocrx_word' id='word_1_253' title='bbox 3658 875 3672 911; x_wconf 91' lang='lat'><strong>:</strong></span> 
     </span>
    </p>
   </div>
   <div class='ocr_carea' id='block_1_38' title="bbox 1967 947 3677 1016">
    <p class='ocr_par' dir='ltr' id='par_1_38' title="bbox 1967 947 3677 1016">
     <span class='ocr_line' id='line_1_38' title="bbox 1967 947 3677 1016; baseline 0.001 -17"><span class='ocrx_word' id='word_1_254' title='bbox 1967 947 2027 999; x_wconf 89' lang='lat' dir='ltr'><strong><em>in</em></strong></span> <span class='ocrx_word' id='word_1_255' title='bbox 2081 947 2432 1012; x_wconf 87' lang='lat' dir='ltr'><strong><em>Evangelium</em></strong></span> <span class='ocrx_word' id='word_1_256' title='bbox 2475 947 2768 1000; x_wconf 87' lang='lat' dir='ltr'><strong><em>secundum</em></strong></span> <span class='ocrx_word' id='word_1_257' title='bbox 2812 950 3071 1002; x_wconf 88' lang='lat' dir='ltr'><strong><em>Joannem</em></strong></span> <span class='ocrx_word' id='word_1_258' title='bbox 3137 949 3421 1000; x_wconf 86' lang='lat' dir='ltr'><strong><em>Tractatus</em></strong></span> <span class='ocrx_word' id='word_1_259' title='bbox 3453 950 3677 1016; x_wconf 86' lang='lat' dir='ltr'><strong><em>primus</em></strong></span> 
     </span>
    </p>
   </div>
   <div class='ocr_carea' id='block_1_39' title="bbox 1967 1034 3675 1104">
    <p class='ocr_par' dir='ltr' id='par_1_39' title="bbox 1967 1034 3675 1104">
     <span class='ocr_line' id='line_1_39' title="bbox 1967 1034 3675 1104; baseline 0.001 -18"><span class='ocrx_word' id='word_1_260' title='bbox 1967 1035 2198 1101; x_wconf 79' lang='lat' dir='ltr'><strong><em>feliciter</em></strong></span> <span class='ocrx_word' id='word_1_261' title='bbox 2223 1035 2440 1103; x_wconf 84' lang='lat' dir='ltr'><strong><em>incipit.</em></strong></span> <span class='ocrx_word' id='word_1_262' title='bbox 2470 1035 2556 1088; x_wconf 87' lang='lat' dir='ltr'><strong><em>Ab</em></strong></span> <span class='ocrx_word' id='word_1_263' title='bbox 2585 1049 2642 1088; x_wconf 90' lang='lat' dir='ltr'><strong><em>eo</em></strong></span> <span class='ocrx_word' id='word_1_264' title='bbox 2672 1034 2820 1104; x_wconf 86' lang='lat' dir='ltr'><strong><em>quod</em></strong></span> <span class='ocrx_word' id='word_1_265' title='bbox 2846 1038 3108 1104; x_wconf 87' lang='lat' dir='ltr'><strong><em>scriptum</em></strong></span> <span class='ocrx_word' id='word_1_266' title='bbox 3143 1040 3221 1088; x_wconf 91' lang='lat' dir='ltr'><strong><em>est</em></strong></span> <span class='ocrx_word' id='word_1_267' title='bbox 3253 1038 3351 1090; x_wconf 88' lang='lat' dir='ltr'><strong><em>:In</em></strong></span> <span class='ocrx_word' id='word_1_268' title='bbox 3395 1038 3675 1104; x_wconf 87' lang='lat' dir='ltr'><strong><em>principio</em></strong></span> 
     </span>
    </p>
   </div>
   <div class='ocr_carea' id='block_1_40' title="bbox 1967 1123 3674 1193">
    <p class='ocr_par' dir='ltr' id='par_1_40' title="bbox 1967 1123 3674 1193">
     <span class='ocr_line' id='line_1_40' title="bbox 1967 1123 3674 1193; baseline 0.001 -17"><span class='ocrx_word' id='word_1_269' title='bbox 1967 1128 2085 1176; x_wconf 88' lang='lat' dir='ltr'><strong><em>erat</em></strong></span> <span class='ocrx_word' id='word_1_270' title='bbox 2129 1123 2364 1178; x_wconf 81' lang='lat' dir='ltr'><strong><em>Verbum</em></strong></span> <span class='ocrx_word' id='word_1_271' title='bbox 2386 1141 2412 1189; x_wconf 19' lang='grc' dir='ltr'><strong><em>εν</em></strong></span> <span class='ocrx_word' id='word_1_272' title='bbox 2455 1129 2504 1177; x_wconf 91' lang='lat' dir='ltr'><strong><em>et</em></strong></span> <span class='ocrx_word' id='word_1_273' title='bbox 2551 1123 2770 1178; x_wconf 80' lang='lat' dir='ltr'><strong><em>verbum</em></strong></span> <span class='ocrx_word' id='word_1_274' title='bbox 2819 1129 2937 1178; x_wconf 86' lang='lat' dir='ltr'><strong><em>erat</em></strong></span> <span class='ocrx_word' id='word_1_275' title='bbox 2991 1123 3143 1193; x_wconf 84' lang='lat' dir='ltr'><strong><em>apud</em></strong></span> <span class='ocrx_word' id='word_1_276' title='bbox 3199 1123 3356 1177; x_wconf 83' lang='lat' dir='ltr'><strong><em>deum</em></strong></span> <span class='ocrx_word' id='word_1_277' title='bbox 3411 1130 3493 1178; x_wconf 90' lang='lat' dir='ltr'><strong><em>:et</em></strong></span> <span class='ocrx_word' id='word_1_278' title='bbox 3537 1124 3674 1178; x_wconf 83' lang='lat' dir='ltr'><strong><em>deus</em></strong></span> 
     </span>
    </p>
   </div>
   <div class='ocr_carea' id='block_1_41' title="bbox 1967 1211 3674 1281">
    <p class='ocr_par' dir='ltr' id='par_1_41' title="bbox 1967 1211 3674 1281">
     <span class='ocr_line' id='line_1_41' title="bbox 1967 1211 3674 1281; baseline 0.001 -17"><span class='ocrx_word' id='word_1_279' title='bbox 1967 1215 2086 1265; x_wconf 88' lang='lat' dir='ltr'><strong><em>erat</em></strong></span> <span class='ocrx_word' id='word_1_280' title='bbox 2112 1211 2352 1265; x_wconf 80' lang='lat' dir='ltr'><strong><em>verbum.</em></strong></span> <span class='ocrx_word' id='word_1_281' title='bbox 2399 1226 2568 1281; x_wconf 88' lang='lat' dir='ltr'><strong><em>usque</em></strong></span> <span class='ocrx_word' id='word_1_282' title='bbox 2596 1212 2670 1265; x_wconf 86' lang='lat' dir='ltr'><strong><em>ad</em></strong></span> <span class='ocrx_word' id='word_1_283' title='bbox 2707 1212 2767 1265; x_wconf 84' lang='lat' dir='ltr'><strong><em>id</em></strong></span> <span class='ocrx_word' id='word_1_284' title='bbox 2809 1213 2954 1280; x_wconf 79' lang='lat' dir='ltr'><strong><em>quod</em></strong></span> <span class='ocrx_word' id='word_1_285' title='bbox 3004 1215 3085 1266; x_wconf 90' lang='lat' dir='ltr'><strong><em>ait</em></strong></span> <span class='ocrx_word' id='word_1_286' title='bbox 3118 1228 3130 1264; x_wconf 89' lang='lat'><strong>:</strong></span> <span class='ocrx_word' id='word_1_287' title='bbox 3170 1213 3240 1266; x_wconf 85' lang='lat' dir='ltr'><strong><em>Et</em></strong></span> <span class='ocrx_word' id='word_1_288' title='bbox 3293 1212 3504 1265; x_wconf 89' lang='lat' dir='ltr'><strong><em>tenebre</em></strong></span> <span class='ocrx_word' id='word_1_289' title='bbox 3551 1228 3674 1265; x_wconf 87' lang='lat' dir='ltr'><strong><em>eam</em></strong></span> 
     </span>
    </p>
   </div>
   <div class='ocr_carea' id='block_1_42' title="bbox 1967 1300 3677 1369">
    <p class='ocr_par' dir='ltr' id='par_1_42' title="bbox 1967 1300 3677 1369">
     <span class='ocr_line' id='line_1_42' title="bbox 1967 1300 3677 1369; baseline 0.001 -16"><span class='ocrx_word' id='word_1_290' title='bbox 1967 1316 2073 1354; x_wconf 90' lang='lat' dir='ltr'><strong><em>non</em></strong></span> <span class='ocrx_word' id='word_1_291' title='bbox 2102 1301 2632 1369; x_wconf 83' lang='lat' dir='ltr'><strong><em>comprehenderunt.</em></strong></span> <span class='ocrx_word' id='word_1_292' title='bbox 2669 1301 2733 1354; x_wconf 93' lang='lat' dir='ltr'><em>In</em></span> <span class='ocrx_word' id='word_1_293' title='bbox 2759 1300 2874 1354; x_wconf 87' lang='lat' dir='ltr'><strong><em>ﬁne</em></strong></span> <span class='ocrx_word' id='word_1_294' title='bbox 2908 1302 3082 1354; x_wconf 86' lang='lat' dir='ltr'><strong><em>:Divi</em></strong></span> <span class='ocrx_word' id='word_1_295' title='bbox 3115 1301 3336 1354; x_wconf 85' lang='lat' dir='ltr'><strong><em>Aurelii</em></strong></span> <span class='ocrx_word' id='word_1_296' title='bbox 3361 1303 3677 1368; x_wconf 80' lang='lat' dir='ltr'><strong><em>Augustini</em></strong></span> 
     </span>
    </p>
   </div>
   <div class='ocr_carea' id='block_1_43' title="bbox 1971 1389 3675 1459">
    <p class='ocr_par' dir='ltr' id='par_1_43' title="bbox 1971 1389 3675 1459">
     <span class='ocr_line' id='line_1_43' title="bbox 1971 1389 3675 1459; baseline 0 -17"><span class='ocrx_word' id='word_1_297' title='bbox 1971 1389 2318 1458; x_wconf 80' lang='lat' dir='ltr'><strong><em>hipponensis</em></strong></span> <span class='ocrx_word' id='word_1_298' title='bbox 2359 1391 2595 1458; x_wconf 85' lang='lat' dir='ltr'><strong><em>episcopi</em></strong></span> <span class='ocrx_word' id='word_1_299' title='bbox 2648 1392 2914 1459; x_wconf 69' lang='lat' dir='ltr'><strong><em>expositio</em></strong></span> <span class='ocrx_word' id='word_1_300' title='bbox 2985 1392 3044 1442; x_wconf 88' lang='lat' dir='ltr'><strong><em>in</em></strong></span> <span class='ocrx_word' id='word_1_301' title='bbox 3101 1390 3441 1456; x_wconf 82' lang='lat' dir='ltr'><strong><em>evangelium</em></strong></span> <span class='ocrx_word' id='word_1_302' title='bbox 3488 1404 3675 1443; x_wconf 86' lang='lat' dir='ltr'><strong><em>secun-</em></strong></span> 
     </span>
    </p>
   </div>
   <div class='ocr_carea' id='block_1_44' title="bbox 1969 1476 3676 1545">
    <p class='ocr_par' dir='ltr' id='par_1_44' title="bbox 1969 1476 3676 1545">
     <span class='ocr_line' id='line_1_44' title="bbox 1969 1476 3676 1545; baseline 0.001 -16"><span class='ocrx_word' id='word_1_303' title='bbox 1969 1477 2099 1530; x_wconf 87' lang='lat' dir='ltr'><strong><em>dum</em></strong></span> <span class='ocrx_word' id='word_1_304' title='bbox 2124 1478 2394 1530; x_wconf 89' lang='lat' dir='ltr'><strong><em>Joannem</em></strong></span> <span class='ocrx_word' id='word_1_305' title='bbox 2441 1477 2672 1542; x_wconf 82' lang='lat' dir='ltr'><strong><em>feliciter</em></strong></span> <span class='ocrx_word' id='word_1_306' title='bbox 2701 1477 2944 1545; x_wconf 69' lang='lat' dir='ltr'><strong><em>explicit.</em></strong></span> <span class='ocrx_word' id='word_1_307' title='bbox 2982 1476 3320 1529; x_wconf 66' lang='lat' dir='ltr'><strong><em>Praecedunt</em></strong></span> <span class='ocrx_word' id='word_1_308' title='bbox 3368 1479 3676 1530; x_wconf 78' lang='lat' dir='ltr'><strong><em>Annotatio</em></strong></span> 
     </span>
    </p>
   </div>
   <div class='ocr_carea' id='block_1_45' title="bbox 1969 1566 3675 1635">
    <p class='ocr_par' dir='ltr' id='par_1_45' title="bbox 1969 1566 3675 1635">
     <span class='ocr_line' id='line_1_45' title="bbox 1969 1566 3675 1635; baseline -0.001 -16"><span class='ocrx_word' id='word_1_309' title='bbox 1969 1581 2060 1620; x_wconf 84' lang='lat' dir='ltr'><strong><em>seu</em></strong></span> <span class='ocrx_word' id='word_1_310' title='bbox 2088 1567 2468 1619; x_wconf 87' lang='lat' dir='ltr'><strong><em>Inventarium</em></strong></span> <span class='ocrx_word' id='word_1_311' title='bbox 2507 1566 2904 1635; x_wconf 84' lang='lat' dir='ltr'><strong><em>principalium</em></strong></span> <span class='ocrx_word' id='word_1_312' title='bbox 2940 1567 3351 1631; x_wconf 87' lang='lat' dir='ltr'><strong><em>sententiarum,</em></strong></span> <span class='ocrx_word' id='word_1_313' title='bbox 3393 1580 3498 1618; x_wconf 91' lang='lat' dir='ltr'><strong><em>nec</em></strong></span> <span class='ocrx_word' id='word_1_314' title='bbox 3551 1581 3675 1618; x_wconf 91' lang='lat' dir='ltr'><strong><em>non</em></strong></span> 
     </span>
    </p>
   </div>
   <div class='ocr_carea' id='block_1_46' title="bbox 1969 1652 3672 1724">
    <p class='ocr_par' dir='ltr' id='par_1_46' title="bbox 1969 1652 3672 1724">
     <span class='ocr_line' id='line_1_46' title="bbox 1969 1652 3672 1724; baseline -0.001 -16"><span class='ocrx_word' id='word_1_315' title='bbox 1969 1655 2120 1708; x_wconf 86' lang='lat' dir='ltr'><strong><em>tituli</em></strong></span> <span class='ocrx_word' id='word_1_316' title='bbox 2191 1669 2283 1708; x_wconf 89' lang='lat' dir='ltr'><strong><em>seu</em></strong></span> <span class='ocrx_word' id='word_1_317' title='bbox 2347 1655 2576 1707; x_wconf 60' lang='lat' dir='ltr'><strong><em>rubrica</em></strong></span> <span class='ocrx_word' id='word_1_318' title='bbox 2621 1657 2968 1717; x_wconf 87' lang='lat' dir='ltr'><strong><em>tractatuum,</em></strong></span> <span class='ocrx_word' id='word_1_319' title='bbox 3029 1669 3065 1706; x_wconf 84' lang='lat' dir='ltr'><strong>x</strong></span> <span class='ocrx_word' id='word_1_320' title='bbox 3139 1652 3313 1709; x_wconf 87' lang='lat' dir='ltr'><strong><em>foliis.</em></strong></span> <span class='ocrx_word' id='word_1_321' title='bbox 3365 1654 3672 1724; x_wconf 89' lang='lat' dir='ltr'><strong><em>Impressio</em></strong></span> 
     </span>
    </p>
   </div>
   <div class='ocr_carea' id='block_1_47' title="bbox 1967 1741 3670 1809">
    <p class='ocr_par' dir='ltr' id='par_1_47' title="bbox 1967 1741 3670 1809">
     <span class='ocr_line' id='line_1_47' title="bbox 1967 1741 3670 1809; baseline -0.001 -12"><span class='ocrx_word' id='word_1_322' title='bbox 1967 1743 2116 1797; x_wconf 87' lang='lat' dir='ltr'><strong><em>facta</em></strong></span> <span class='ocrx_word' id='word_1_323' title='bbox 2139 1746 2224 1796; x_wconf 88' lang='lat' dir='ltr'><strong><em>est</em></strong></span> <span class='ocrx_word' id='word_1_324' title='bbox 2247 1742 2452 1796; x_wconf 87' lang='lat' dir='ltr'><strong><em>litteris</em></strong></span> <span class='ocrx_word' id='word_1_325' title='bbox 2481 1741 2729 1797; x_wconf 90' lang='lat' dir='ltr'><strong><em>Gothicis</em></strong></span> <span class='ocrx_word' id='word_1_326' title='bbox 2755 1741 3093 1809; x_wconf 87' lang='lat' dir='ltr'><strong><em>minoribus,</em></strong></span> <span class='ocrx_word' id='word_1_327' title='bbox 3119 1741 3339 1795; x_wconf 89' lang='lat' dir='ltr'><strong><em>duabus</em></strong></span> <span class='ocrx_word' id='word_1_328' title='bbox 3359 1741 3670 1795; x_wconf 88' lang='lat' dir='ltr'><strong><em>columnis.</em></strong></span> 
     </span>
    </p>
   </div>
   <div class='ocr_carea' id='block_1_48' title="bbox 1967 1829 3672 1902">
    <p class='ocr_par' dir='ltr' id='par_1_48' title="bbox 1967 1829 3672 1902">
     <span class='ocr_line' id='line_1_48' title="bbox 1967 1829 3672 1902; baseline -0.002 -15"><span class='ocrx_word' id='word_1_329' title='bbox 1967 1832 2187 1887; x_wconf 69' lang='lat' dir='ltr'><strong><em>Charta:</em></strong></span> <span class='ocrx_word' id='word_1_330' title='bbox 2219 1831 2423 1884; x_wconf 89' lang='lat' dir='ltr'><strong><em>litteris</em></strong></span> <span class='ocrx_word' id='word_1_331' title='bbox 2460 1830 2698 1902; x_wconf 68' lang='lat' dir='ltr'><strong><em>signatae</em></strong></span> <span class='ocrx_word' id='word_1_332' title='bbox 2733 1835 2882 1897; x_wconf 90' lang='lat' dir='ltr'><strong><em>sunt,</em></strong></span> <span class='ocrx_word' id='word_1_333' title='bbox 2927 1829 3322 1884; x_wconf 84' lang='lat' dir='ltr'><strong><em>desiderantur</em></strong></span> <span class='ocrx_word' id='word_1_334' title='bbox 3358 1834 3548 1884; x_wconf 90' lang='lat' dir='ltr'><strong><em>tamen</em></strong></span> <span class='ocrx_word' id='word_1_335' title='bbox 3579 1831 3672 1884; x_wconf 84' lang='lat' dir='ltr'><strong><em>fo-</em></strong></span> 
     </span>
    </p>
   </div>
   <div class='ocr_carea' id='block_1_49' title="bbox 1966 1919 3673 1990">
    <p class='ocr_par' dir='ltr' id='par_1_49' title="bbox 1966 1919 3673 1990">
     <span class='ocr_line' id='line_1_49' title="bbox 1966 1919 3673 1990; baseline -0.002 -15"><span class='ocrx_word' id='word_1_336' title='bbox 1966 1921 2176 1975; x_wconf 89' lang='lat' dir='ltr'><strong><em>liorum</em></strong></span> <span class='ocrx_word' id='word_1_337' title='bbox 2219 1919 2446 1974; x_wconf 90' lang='lat' dir='ltr'><strong><em>numeri</em></strong></span> <span class='ocrx_word' id='word_1_338' title='bbox 2485 1923 2541 1974; x_wconf 92' lang='lat' dir='ltr'><strong><em>et</em></strong></span> <span class='ocrx_word' id='word_1_339' title='bbox 2587 1919 2870 1974; x_wconf 87' lang='lat' dir='ltr'><strong><em>custodes.</em></strong></span> <span class='ocrx_word' id='word_1_340' title='bbox 2913 1920 2980 1973; x_wconf 91' lang='lat' dir='ltr'><em>In</em></span> <span class='ocrx_word' id='word_1_341' title='bbox 3020 1935 3245 1973; x_wconf 89' lang='lat' dir='ltr'><strong><em>summa</em></strong></span> <span class='ocrx_word' id='word_1_342' title='bbox 3288 1919 3499 1990; x_wconf 81' lang='lat' dir='ltr'><strong><em>pagina</em></strong></span> <span class='ocrx_word' id='word_1_343' title='bbox 3550 1935 3673 1973; x_wconf 91' lang='lat' dir='ltr'><strong><em>non</em></strong></span> 
     </span>
    </p>
   </div>
   <div class='ocr_carea' id='block_1_50' title="bbox 1966 2007 3671 2078">
    <p class='ocr_par' dir='ltr' id='par_1_50' title="bbox 1966 2007 3671 2078">
     <span class='ocr_line' id='line_1_50' title="bbox 1966 2007 3671 2078; baseline -0.001 -15"><span class='ocrx_word' id='word_1_344' title='bbox 1966 2010 2152 2063; x_wconf 89' lang='lat' dir='ltr'><strong><em>solum</em></strong></span> <span class='ocrx_word' id='word_1_345' title='bbox 2182 2013 2480 2077; x_wconf 86' lang='lat' dir='ltr'><strong><em>tractatus,</em></strong></span> <span class='ocrx_word' id='word_1_346' title='bbox 2538 2008 2638 2063; x_wconf 90' lang='lat' dir='ltr'><strong><em>sed</em></strong></span> <span class='ocrx_word' id='word_1_347' title='bbox 2700 2011 2756 2063; x_wconf 93' lang='lat' dir='ltr'><strong><em>et</em></strong></span> <span class='ocrx_word' id='word_1_348' title='bbox 2802 2007 2987 2078; x_wconf 87' lang='lat' dir='ltr'><strong><em>capita</em></strong></span> <span class='ocrx_word' id='word_1_349' title='bbox 3031 2007 3375 2062; x_wconf 89' lang='lat' dir='ltr'><strong><em>indicantur.</em></strong></span> <span class='ocrx_word' id='word_1_350' title='bbox 3423 2010 3487 2062; x_wconf 92' lang='lat' dir='ltr'><em>In</em></span> <span class='ocrx_word' id='word_1_351' title='bbox 3539 2008 3671 2078; x_wconf 89' lang='lat' dir='ltr'><strong><em>ipso</em></strong></span> 
     </span>
    </p>
   </div>
   <div class='ocr_carea' id='block_1_51' title="bbox 1965 2093 3674 2165">
    <p class='ocr_par' dir='ltr' id='par_1_51' title="bbox 1965 2093 3674 2165">
     <span class='ocr_line' id='line_1_51' title="bbox 1965 2093 3674 2165; baseline -0.001 -16"><span class='ocrx_word' id='word_1_352' title='bbox 1965 2098 2234 2149; x_wconf 85' lang='lat' dir='ltr'><strong><em>contextu</em></strong></span> <span class='ocrx_word' id='word_1_353' title='bbox 2260 2099 2450 2149; x_wconf 89' lang='lat' dir='ltr'><strong><em>autem</em></strong></span> <span class='ocrx_word' id='word_1_354' title='bbox 2477 2095 2651 2149; x_wconf 87' lang='lat' dir='ltr'><strong><em>verba</em></strong></span> <span class='ocrx_word' id='word_1_355' title='bbox 2693 2093 2984 2165; x_wconf 82' lang='lat' dir='ltr'><strong><em>Evangelii</em></strong></span> <span class='ocrx_word' id='word_1_356' title='bbox 3021 2097 3122 2148; x_wconf 89' lang='lat' dir='ltr'><strong><em>aut</em></strong></span> <span class='ocrx_word' id='word_1_357' title='bbox 3155 2094 3267 2148; x_wconf 88' lang='lat' dir='ltr'><strong><em>alia</em></strong></span> <span class='ocrx_word' id='word_1_358' title='bbox 3307 2094 3430 2148; x_wconf 88' lang='lat' dir='ltr'><strong><em>loca</em></strong></span> <span class='ocrx_word' id='word_1_359' title='bbox 3459 2094 3674 2149; x_wconf 89' lang='lat' dir='ltr'><strong><em>biblica</em></strong></span> 
     </span>
    </p>
   </div>
   <div class='ocr_carea' id='block_1_52' title="bbox 1965 2182 3673 2254">
    <p class='ocr_par' dir='ltr' id='par_1_52' title="bbox 1965 2182 3673 2254">
     <span class='ocr_line' id='line_1_52' title="bbox 1965 2182 3673 2254; baseline -0.002 -15"><span class='ocrx_word' id='word_1_360' title='bbox 1965 2184 2626 2254; x_wconf 89' lang='lat' dir='ltr'><strong><em>commentariorumque</em></strong></span> <span class='ocrx_word' id='word_1_361' title='bbox 2671 2182 2856 2249; x_wconf 89' lang='lat' dir='ltr'><strong><em>initia,</em></strong></span> <span class='ocrx_word' id='word_1_362' title='bbox 2917 2183 3017 2237; x_wconf 91' lang='lat' dir='ltr'><strong><em>illa</em></strong></span> <span class='ocrx_word' id='word_1_363' title='bbox 3045 2182 3257 2249; x_wconf 90' lang='lat' dir='ltr'><strong><em>medio,</em></strong></span> <span class='ocrx_word' id='word_1_364' title='bbox 3309 2183 3431 2238; x_wconf 88' lang='lat' dir='ltr'><strong><em>haec</em></strong></span> <span class='ocrx_word' id='word_1_365' title='bbox 3461 2184 3673 2254; x_wconf 87' lang='lat' dir='ltr'><strong><em>majori</em></strong></span> 
     </span>
    </p>
   </div>
   <div class='ocr_carea' id='block_1_53' title="bbox 1965 2271 3676 2344">
    <p class='ocr_par' dir='ltr' id='par_1_53' title="bbox 1965 2271 3676 2344">
     <span class='ocr_line' id='line_1_53' title="bbox 1965 2271 3676 2344; baseline -0.001 -16"><span class='ocrx_word' id='word_1_366' title='bbox 1965 2271 2774 2344; x_wconf 88' lang='lat' dir='ltr'><strong><em>characteredistinguuntur.</em></strong></span> <span class='ocrx_word' id='word_1_367' title='bbox 2819 2271 3021 2326; x_wconf 81' lang='lat' dir='ltr'><strong><em>Addita</em></strong></span> <span class='ocrx_word' id='word_1_368' title='bbox 3051 2276 3182 2326; x_wconf 89' lang='lat' dir='ltr'><strong><em>sunt</em></strong></span> <span class='ocrx_word' id='word_1_369' title='bbox 3213 2272 3572 2343; x_wconf 88' lang='lat' dir='ltr'><strong><em>marginalia,</em></strong></span> <span class='ocrx_word' id='word_1_370' title='bbox 3609 2272 3676 2326; x_wconf 89' lang='lat' dir='ltr'><strong><em>in</em></strong></span> 
     </span>
    </p>
   </div>
   <div class='ocr_carea' id='block_1_54' title="bbox 1965 2359 3676 2434">
    <p class='ocr_par' dir='ltr' id='par_1_54' title="bbox 1965 2359 3676 2434">
     <span class='ocr_line' id='line_1_54' title="bbox 1965 2359 3676 2434; baseline -0.001 -18"><span class='ocrx_word' id='word_1_371' title='bbox 1965 2362 2174 2434; x_wconf 89' lang='lat' dir='ltr'><strong><em>quibus</em></strong></span> <span class='ocrx_word' id='word_1_372' title='bbox 2207 2363 2294 2416; x_wconf 91' lang='lat' dir='ltr'><strong><em>vel</em></strong></span> <span class='ocrx_word' id='word_1_373' title='bbox 2336 2361 2459 2415; x_wconf 91' lang='lat' dir='ltr'><strong><em>loca</em></strong></span> <span class='ocrx_word' id='word_1_374' title='bbox 2507 2360 2802 2432; x_wconf 87' lang='lat' dir='ltr'><strong><em>parallela,</em></strong></span> <span class='ocrx_word' id='word_1_375' title='bbox 2851 2360 2939 2414; x_wconf 91' lang='lat' dir='ltr'><strong><em>vel</em></strong></span> <span class='ocrx_word' id='word_1_376' title='bbox 2985 2359 3256 2414; x_wconf 86' lang='lat' dir='ltr'><strong><em>lectiones</em></strong></span> <span class='ocrx_word' id='word_1_377' title='bbox 3295 2360 3467 2414; x_wconf 76' lang='lat' dir='ltr'><strong><em>variae</em></strong></span> <span class='ocrx_word' id='word_1_378' title='bbox 3518 2361 3676 2414; x_wconf 93' lang='lat' dir='ltr'><strong><em>loco-</em></strong></span> 
     </span>
    </p>
   </div>
   <div class='ocr_carea' id='block_1_55' title="bbox 1967 2447 3674 2518">
    <p class='ocr_par' dir='ltr' id='par_1_55' title="bbox 1967 2447 3674 2518">
     <span class='ocr_line' id='line_1_55' title="bbox 1967 2447 3674 2518; baseline -0.002 -13"><span class='ocrx_word' id='word_1_379' title='bbox 1967 2468 2096 2506; x_wconf 93' lang='lat' dir='ltr'><strong><em>rum</em></strong></span> <span class='ocrx_word' id='word_1_380' title='bbox 2147 2450 2495 2505; x_wconf 86' lang='lat' dir='ltr'><strong><em>Biblicorum</em></strong></span> <span class='ocrx_word' id='word_1_381' title='bbox 2556 2448 2625 2502; x_wconf 91' lang='lat' dir='ltr'><strong><em>ab</em></strong></span> <span class='ocrx_word' id='word_1_382' title='bbox 2669 2447 2988 2518; x_wconf 81' lang='lat' dir='ltr'><strong><em>Augustino</em></strong></span> <span class='ocrx_word' id='word_1_383' title='bbox 3038 2447 3401 2502; x_wconf 83' lang='lat' dir='ltr'><strong><em>laudatorum</em></strong></span> <span class='ocrx_word' id='word_1_384' title='bbox 3455 2448 3674 2518; x_wconf 86' lang='lat' dir='ltr'><strong><em>produ-</em></strong></span> 
     </span>
    </p>
   </div>
   <div class='ocr_carea' id='block_1_56' title="bbox 1967 2535 3676 2606">
    <p class='ocr_par' dir='ltr' id='par_1_56' title="bbox 1967 2535 3676 2606">
     <span class='ocr_line' id='line_1_56' title="bbox 1967 2535 3676 2606; baseline -0.002 -12"><span class='ocrx_word' id='word_1_385' title='bbox 1967 2545 2193 2595; x_wconf 89' lang='lat' dir='ltr'><strong><em>cuntur.</em></strong></span> <span class='ocrx_word' id='word_1_386' title='bbox 2229 2539 2326 2594; x_wconf 86' lang='lat' dir='ltr'><strong><em>His</em></strong></span> <span class='ocrx_word' id='word_1_387' title='bbox 2365 2537 2757 2603; x_wconf 88' lang='lat' dir='ltr'><strong><em>consideratis,</em></strong></span> <span class='ocrx_word' id='word_1_388' title='bbox 2790 2551 2959 2590; x_wconf 91' lang='lat' dir='ltr'><strong><em>nemo</em></strong></span> <span class='ocrx_word' id='word_1_389' title='bbox 3007 2551 3125 2590; x_wconf 91' lang='lat' dir='ltr'><strong><em>non</em></strong></span> <span class='ocrx_word' id='word_1_390' title='bbox 3163 2535 3449 2606; x_wconf 90' lang='lat' dir='ltr'><strong><em>insignem</em></strong></span> <span class='ocrx_word' id='word_1_391' title='bbox 3494 2537 3676 2605; x_wconf 88' lang='lat' dir='ltr'><strong><em>hujus</em></strong></span> 
     </span>
    </p>
   </div>
   <div class='ocr_carea' id='block_1_57' title="bbox 1967 2623 3674 2695">
    <p class='ocr_par' dir='ltr' id='par_1_57' title="bbox 1967 2623 3674 2695">
     <span class='ocr_line' id='line_1_57' title="bbox 1967 2623 3674 2695; baseline -0.003 -12"><span class='ocrx_word' id='word_1_392' title='bbox 1967 2627 2233 2683; x_wconf 89' lang='lat' dir='ltr'><strong><em>editionis</em></strong></span> <span class='ocrx_word' id='word_1_393' title='bbox 2285 2625 2722 2680; x_wconf 90' lang='lat' dir='ltr'><strong><em>similitudinem</em></strong></span> <span class='ocrx_word' id='word_1_394' title='bbox 2771 2640 2903 2678; x_wconf 91' lang='lat' dir='ltr'><strong><em>cum</em></strong></span> <span class='ocrx_word' id='word_1_395' title='bbox 2932 2623 3225 2695; x_wconf 90' lang='lat' dir='ltr'><strong><em>impressis</em></strong></span> <span class='ocrx_word' id='word_1_396' title='bbox 3265 2625 3674 2679; x_wconf 88' lang='lat' dir='ltr'><strong><em>Amerbachia-</em></strong></span> 
     </span>
    </p>
   </div>
   <div class='ocr_carea' id='block_1_58' title="bbox 1967 2713 3676 2787">
    <p class='ocr_par' dir='ltr' id='par_1_58' title="bbox 1967 2713 3676 2787">
     <span class='ocr_line' id='line_1_58' title="bbox 1967 2713 3676 2787; baseline -0.002 -16"><span class='ocrx_word' id='word_1_397' title='bbox 1967 2717 2073 2782; x_wconf 89' lang='lat' dir='ltr'><strong><em>nis,</em></strong></span> <span class='ocrx_word' id='word_1_398' title='bbox 2109 2731 2359 2787; x_wconf 89' lang='lat' dir='ltr'><strong><em>quorum</em></strong></span> <span class='ocrx_word' id='word_1_399' title='bbox 2391 2713 2739 2786; x_wconf 84' lang='lat' dir='ltr'><strong><em>exemplaria</em></strong></span> <span class='ocrx_word' id='word_1_400' title='bbox 2768 2713 2980 2784; x_wconf 90' lang='lat' dir='ltr'><strong><em>passim</em></strong></span> <span class='ocrx_word' id='word_1_401' title='bbox 3009 2728 3044 2766; x_wconf 92' lang='lat' dir='ltr'><strong><em>a</em></strong></span> <span class='ocrx_word' id='word_1_402' title='bbox 3081 2713 3247 2767; x_wconf 89' lang='lat' dir='ltr'><strong><em>nobis</em></strong></span> <span class='ocrx_word' id='word_1_403' title='bbox 3295 2713 3444 2767; x_wconf 88' lang='lat' dir='ltr'><strong><em>inter</em></strong></span> <span class='ocrx_word' id='word_1_404' title='bbox 3474 2716 3676 2784; x_wconf 87' lang='lat' dir='ltr'><strong><em>Augu-</em></strong></span> 
     </span>
    </p>
   </div>
   <div class='ocr_carea' id='block_1_59' title="bbox 1968 2803 3674 2876">
    <p class='ocr_par' dir='ltr' id='par_1_59' title="bbox 1968 2803 3674 2876">
     <span class='ocr_line' id='line_1_59' title="bbox 1968 2803 3674 2876; baseline -0.002 -15"><span class='ocrx_word' id='word_1_405' title='bbox 1968 2806 2214 2861; x_wconf 88' lang='lat' dir='ltr'><strong><em>stiniana</em></strong></span> <span class='ocrx_word' id='word_1_406' title='bbox 2242 2805 2636 2876; x_wconf 87' lang='lat' dir='ltr'><strong><em>proferuntur,</em></strong></span> <span class='ocrx_word' id='word_1_407' title='bbox 2695 2805 2980 2873; x_wconf 88' lang='lat' dir='ltr'><strong><em>agnoscet.</em></strong></span> <span class='ocrx_word' id='word_1_408' title='bbox 3034 2803 3256 2856; x_wconf 91' lang='lat' dir='ltr'><strong><em>Lubens</em></strong></span> <span class='ocrx_word' id='word_1_409' title='bbox 3303 2807 3495 2857; x_wconf 88' lang='lat' dir='ltr'><strong><em>tamen</em></strong></span> <span class='ocrx_word' id='word_1_410' title='bbox 3523 2819 3674 2857; x_wconf 91' lang='lat' dir='ltr'><strong><em>con-</em></strong></span> 
     </span>
    </p>
   </div>
   <div class='ocr_carea' id='block_1_60' title="bbox 1967 2890 3668 2962">
    <p class='ocr_par' dir='ltr' id='par_1_60' title="bbox 1967 2890 3668 2962">
     <span class='ocr_line' id='line_1_60' title="bbox 1967 2890 3668 2962; baseline -0.001 -13"><span class='ocrx_word' id='word_1_411' title='bbox 1967 2894 2232 2949; x_wconf 89' lang='lat' dir='ltr'><strong><em>cesserim</em></strong></span> <span class='ocrx_word' id='word_1_412' title='bbox 2258 2894 2318 2948; x_wconf 93' lang='lat' dir='ltr'><strong><em>in</em></strong></span> <span class='ocrx_word' id='word_1_413' title='bbox 2344 2894 2413 2947; x_wconf 92' lang='lat' dir='ltr'><strong><em>cl.</em></strong></span> <span class='ocrx_word' id='word_1_414' title='bbox 2446 2893 2689 2946; x_wconf 85' lang='lat' dir='ltr'><strong><em>Braunii</em></strong></span> <span class='ocrx_word' id='word_1_415' title='bbox 2727 2891 3090 2960; x_wconf 89' lang='lat' dir='ltr'><strong><em>sententiam,</em></strong></span> <span class='ocrx_word' id='word_1_416' title='bbox 3123 2890 3223 2962; x_wconf 90' lang='lat' dir='ltr'><strong><em>qui</em></strong></span> <span class='ocrx_word' id='word_1_417' title='bbox 3262 2894 3418 2944; x_wconf 89' lang='lat' dir='ltr'><strong><em>tomo</em></strong></span> <span class='ocrx_word' id='word_1_418' title='bbox 3448 2891 3499 2944; x_wconf 93' lang='grc' dir='ltr'><strong><em>Ιῐ</em></strong></span> <span class='ocrx_word' id='word_1_419' title='bbox 3531 2893 3668 2948; x_wconf 82' lang='lat' dir='ltr'><strong><em>Not.</em></strong></span> 
     </span>
    </p>
   </div>
   <div class='ocr_carea' id='block_1_61' title="bbox 155 2980 3673 3059">
    <p class='ocr_par' dir='ltr' id='par_1_61' title="bbox 155 2980 3673 3059">
     <span class='ocr_line' id='line_1_61' title="bbox 155 2980 3673 3059; baseline -0 -23"><span class='ocrx_word' id='word_1_420' title='bbox 155 2981 422 3038; x_wconf 83' lang='lat' dir='ltr'><strong><em>miserat:</em></strong></span> <span class='ocrx_word' id='word_1_421' title='bbox 449 2984 547 3055; x_wconf 89' lang='lat' dir='ltr'><strong><em>qui</em></strong></span> <span class='ocrx_word' id='word_1_422' title='bbox 586 2984 818 3055; x_wconf 90' lang='lat' dir='ltr'><strong><em>quidem</em></strong></span> <span class='ocrx_word' id='word_1_423' title='bbox 843 2985 1199 3056; x_wconf 88' lang='lat' dir='ltr'><strong><em>aliquamdiu</em></strong></span> <span class='ocrx_word' id='word_1_424' title='bbox 1234 2985 1534 3053; x_wconf 89' lang='lat' dir='ltr'><strong><em>editiones,</em></strong></span> <span class='ocrx_word' id='word_1_425' title='bbox 1568 3003 1698 3059; x_wconf 68' lang='lat' dir='ltr'><strong><em>quae</em></strong></span> <span class='ocrx_word' id='word_1_426' title='bbox 1749 2989 1859 3043; x_wconf 81' lang='lat' dir='ltr'><strong><em>Ro-</em></strong></span> <span class='ocrx_word' id='word_1_427' title='bbox 1886 2997 1926 3052; x_wconf 68' lang='grc' dir='ltr'><strong><em>(ς</em></strong></span> <span class='ocrx_word' id='word_1_428' title='bbox 1965 2985 2032 3038; x_wconf 88' lang='grc' dir='ltr'><strong><em>Η.</em></strong></span> <span class='ocrx_word' id='word_1_429' title='bbox 2069 2982 2198 3038; x_wconf 86' lang='lat' dir='ltr'><strong><em>Litt.</em></strong></span> <span class='ocrx_word' id='word_1_430' title='bbox 2250 2999 2307 3053; x_wconf 93' lang='lat' dir='ltr'><strong><em>p.</em></strong></span> <span class='ocrx_word' id='word_1_431' title='bbox 2359 2983 2447 3048; x_wconf 86' lang='lat'><strong><em>33,</em></strong></span> <span class='ocrx_word' id='word_1_432' title='bbox 2507 2980 2872 3047; x_wconf 72' lang='lat' dir='ltr'><strong><em>Norimbergse</em></strong></span> <span class='ocrx_word' id='word_1_433' title='bbox 2902 2995 3005 3051; x_wconf 91' lang='lat' dir='ltr'><strong><em>per</em></strong></span> <span class='ocrx_word' id='word_1_434' title='bbox 3046 2982 3350 3034; x_wconf 77' lang='lat' dir='ltr'><strong><em>Antonium</em></strong></span> <span class='ocrx_word' id='word_1_435' title='bbox 3403 2981 3673 3050; x_wconf 83' lang='lat' dir='ltr'><strong><em>Koberge—</em></strong></span> 
     </span>
    </p>
   </div>
   <div class='ocr_carea' id='block_1_62' title="bbox 154 3071 1850 3145">
    <p class='ocr_par' dir='ltr' id='par_1_62' title="bbox 154 3071 1850 3145">
     <span class='ocr_line' id='line_1_62' title="bbox 154 3071 1850 3145; baseline 0.004 -21"><span class='ocrx_word' id='word_1_436' title='bbox 154 3085 266 3124; x_wconf 70' lang='lat' dir='ltr'><strong><em>mae</em></strong></span> <span class='ocrx_word' id='word_1_437' title='bbox 325 3071 740 3143; x_wconf 64' lang='lat' dir='ltr'><strong><em>Florentiaaque</em></strong></span> <span class='ocrx_word' id='word_1_438' title='bbox 794 3074 1214 3128; x_wconf 87' lang='lat' dir='ltr'><strong><em>accuratissime</em></strong></span> <span class='ocrx_word' id='word_1_439' title='bbox 1265 3075 1458 3145; x_wconf 88' lang='lat' dir='ltr'><strong><em>parari</em></strong></span> <span class='ocrx_word' id='word_1_440' title='bbox 1501 3075 1850 3143; x_wconf 83' lang='lat' dir='ltr'><strong><em>ferebantur,</em></strong></span> 
     </span>
    </p>
   </div>
   <div class='ocr_carea' id='block_1_63' title="bbox 153 3157 1850 3233">
    <p class='ocr_par' dir='ltr' id='par_1_63' title="bbox 153 3157 1850 3233">
     <span class='ocr_line' id='line_1_63' title="bbox 153 3157 1850 3233; baseline 0.004 -22"><span class='ocrx_word' id='word_1_441' title='bbox 153 3157 358 3228; x_wconf 91' lang='lat' dir='ltr'><strong><em>cupide</em></strong></span> <span class='ocrx_word' id='word_1_442' title='bbox 382 3161 749 3229; x_wconf 85' lang='lat' dir='ltr'><strong><em>exspectavit;</em></strong></span> <span class='ocrx_word' id='word_1_443' title='bbox 787 3161 881 3214; x_wconf 90' lang='lat' dir='ltr'><strong><em>sed</em></strong></span> <span class='ocrx_word' id='word_1_444' title='bbox 921 3162 1195 3233; x_wconf 90' lang='lat' dir='ltr'><strong><em>quoniam</em></strong></span> <span class='ocrx_word' id='word_1_445' title='bbox 1223 3163 1459 3232; x_wconf 87' lang='lat' dir='ltr'><strong><em>longum</em></strong></span> <span class='ocrx_word' id='word_1_446' title='bbox 1508 3163 1564 3216; x_wconf 93' lang='lat' dir='ltr'><strong><em>id</em></strong></span> <span class='ocrx_word' id='word_1_447' title='bbox 1595 3164 1850 3218; x_wconf 84' lang='lat' dir='ltr'><strong><em>futurum</em></strong></span> 
     </span>
    </p>
   </div>
   <div class='ocr_carea' id='block_1_64' title="bbox 153 3244 1856 3320">
    <p class='ocr_par' dir='ltr' id='par_1_64' title="bbox 153 3244 1856 3320">
     <span class='ocr_line' id='line_1_64' title="bbox 153 3244 1856 3320; baseline 0.004 -22"><span class='ocrx_word' id='word_1_448' title='bbox 153 3244 454 3315; x_wconf 88' lang='lat' dir='ltr'><strong><em>negotium</em></strong></span> <span class='ocrx_word' id='word_1_449' title='bbox 482 3261 571 3299; x_wconf 86' lang='lat' dir='ltr'><strong><em>res</em></strong></span> <span class='ocrx_word' id='word_1_450' title='bbox 613 3247 971 3317; x_wconf 90' lang='lat' dir='ltr'><strong><em>loquebatur,</em></strong></span> <span class='ocrx_word' id='word_1_451' title='bbox 1005 3247 1246 3318; x_wconf 88' lang='lat' dir='ltr'><strong><em>gratiam</em></strong></span> <span class='ocrx_word' id='word_1_452' title='bbox 1271 3249 1423 3319; x_wconf 90' lang='lat' dir='ltr'><strong><em>apud</em></strong></span> <span class='ocrx_word' id='word_1_453' title='bbox 1468 3249 1620 3302; x_wconf 88' lang='lat' dir='ltr'><strong><em>viros</em></strong></span> <span class='ocrx_word' id='word_1_454' title='bbox 1647 3250 1773 3320; x_wconf 89' lang='lat' dir='ltr'><strong><em>pios</em></strong></span> <span class='ocrx_word' id='word_1_455' title='bbox 1800 3254 1856 3305; x_wconf 89' lang='lat' dir='ltr'><strong><em>et</em></strong></span> 
     </span>
    </p>
   </div>
   <div class='ocr_carea' id='block_1_65' title="bbox 156 3333 1854 3406">
    <p class='ocr_par' dir='ltr' id='par_1_65' title="bbox 156 3333 1854 3406">
     <span class='ocr_line' id='line_1_65' title="bbox 156 3333 1854 3406; baseline 0.002 -18"><span class='ocrx_word' id='word_1_456' title='bbox 156 3333 428 3403; x_wconf 90' lang='lat' dir='ltr'><strong><em>eruditos,</em></strong></span> <span class='ocrx_word' id='word_1_457' title='bbox 462 3334 712 3406; x_wconf 70' lang='lat' dir='ltr'><strong><em>antiquze</em></strong></span> <span class='ocrx_word' id='word_1_458' title='bbox 748 3335 1021 3390; x_wconf 72' lang='lat' dir='ltr'><strong><em>doctrinae</em></strong></span> <span class='ocrx_word' id='word_1_459' title='bbox 1067 3343 1344 3404; x_wconf 89' lang='lat' dir='ltr'><strong><em>amantes,</em></strong></span> <span class='ocrx_word' id='word_1_460' title='bbox 1401 3337 1674 3391; x_wconf 85' lang='lat' dir='ltr'><strong><em>Romanis</em></strong></span> <span class='ocrx_word' id='word_1_461' title='bbox 1721 3338 1854 3392; x_wconf 83' lang='lat' dir='ltr'><strong><em>Flo—</em></strong></span> 
     </span>
    </p>
   </div>
   <div class='ocr_carea' id='block_1_66' title="bbox 154 3422 1854 3494">
    <p class='ocr_par' dir='ltr' id='par_1_66' title="bbox 154 3422 1854 3494">
     <span class='ocr_line' id='line_1_66' title="bbox 154 3422 1854 3494; baseline 0.002 -18"><span class='ocrx_word' id='word_1_462' title='bbox 154 3422 508 3494; x_wconf 87' lang='lat' dir='ltr'><strong><em>rentinisque</em></strong></span> <span class='ocrx_word' id='word_1_463' title='bbox 555 3423 867 3478; x_wconf 90' lang='lat' dir='ltr'><strong><em>editoribus</em></strong></span> <span class='ocrx_word' id='word_1_464' title='bbox 896 3423 1034 3494; x_wconf 87' lang='lat' dir='ltr'><strong><em>ipsis</em></strong></span> <span class='ocrx_word' id='word_1_465' title='bbox 1081 3440 1195 3478; x_wconf 94' lang='lat' dir='ltr'><strong><em>non</em></strong></span> <span class='ocrx_word' id='word_1_466' title='bbox 1224 3424 1435 3493; x_wconf 91' lang='lat' dir='ltr'><strong><em>invitis,</em></strong></span> <span class='ocrx_word' id='word_1_467' title='bbox 1469 3443 1527 3480; x_wconf 92' lang='lat' dir='ltr'><strong><em>se</em></strong></span> <span class='ocrx_word' id='word_1_468' title='bbox 1575 3425 1854 3480; x_wconf 91' lang='lat' dir='ltr'><strong><em>initurum</em></strong></span> 
     </span>
    </p>
   </div>
   <div class='ocr_carea' id='block_1_67' title="bbox 156 3511 1856 3584">
    <p class='ocr_par' dir='ltr' id='par_1_67' title="bbox 156 3511 1856 3584">
     <span class='ocr_line' id='line_1_67' title="bbox 156 3511 1856 3584; baseline 0.003 -19"><span class='ocrx_word' id='word_1_469' title='bbox 156 3527 280 3566; x_wconf 90' lang='lat' dir='ltr'><strong><em>esse</em></strong></span> <span class='ocrx_word' id='word_1_470' title='bbox 305 3515 484 3581; x_wconf 87' lang='lat' dir='ltr'><strong><em>ratus,</em></strong></span> <span class='ocrx_word' id='word_1_471' title='bbox 511 3511 560 3565; x_wconf 91' lang='lat' dir='ltr'><strong><em>si</em></strong></span> <span class='ocrx_word' id='word_1_472' title='bbox 615 3512 773 3566; x_wconf 88' lang='lat' dir='ltr'><strong><em>nuda</em></strong></span> <span class='ocrx_word' id='word_1_473' title='bbox 810 3512 1044 3566; x_wconf 87' lang='lat' dir='ltr'><strong><em>interim</em></strong></span> <span class='ocrx_word' id='word_1_474' title='bbox 1088 3513 1395 3584; x_wconf 85' lang='lat' dir='ltr'><strong><em>Augustini</em></strong></span> <span class='ocrx_word' id='word_1_475' title='bbox 1444 3513 1616 3568; x_wconf 87' lang='lat' dir='ltr'><strong><em>verba</em></strong></span> <span class='ocrx_word' id='word_1_476' title='bbox 1643 3515 1856 3570; x_wconf 86' lang='lat' dir='ltr'><strong><em>utenda</em></strong></span> 
     </span>
    </p>
   </div>
   <div class='ocr_carea' id='block_1_68' title="bbox 153 3600 1855 3673">
    <p class='ocr_par' dir='ltr' id='par_1_68' title="bbox 153 3600 1855 3673">
     <span class='ocr_line' id='line_1_68' title="bbox 153 3600 1855 3673; baseline 0.002 -19"><span class='ocrx_word' id='word_1_477' title='bbox 153 3600 397 3655; x_wconf 88' lang='lat' dir='ltr'><strong><em>fruenda</em></strong></span> <span class='ocrx_word' id='word_1_478' title='bbox 423 3606 791 3672; x_wconf 88' lang='lat' dir='ltr'><strong><em>proponeret,</em></strong></span> <span class='ocrx_word' id='word_1_479' title='bbox 845 3602 1173 3673; x_wconf 86' lang='lat' dir='ltr'><strong><em>exemplum</em></strong></span> <span class='ocrx_word' id='word_1_480' title='bbox 1213 3603 1411 3657; x_wconf 76' lang='lat' dir='ltr'><strong><em>Romae</em></strong></span> <span class='ocrx_word' id='word_1_481' title='bbox 1457 3603 1855 3658; x_wconf 89' lang='lat' dir='ltr'><strong><em>transmissum</em></strong></span> 
     </span>
    </p>
   </div>
   <div class='ocr_carea' id='block_1_69' title="bbox 156 3688 1855 3760">
    <p class='ocr_par' dir='ltr' id='par_1_69' title="bbox 156 3688 1855 3760">
     <span class='ocr_line' id='line_1_69' title="bbox 156 3688 1855 3760; baseline 0.001 -17"><span class='ocrx_word' id='word_1_482' title='bbox 156 3704 288 3743; x_wconf 92' lang='lat' dir='ltr'><strong><em>cum</em></strong></span> <span class='ocrx_word' id='word_1_483' title='bbox 314 3688 425 3744; x_wconf 87' lang='lat' dir='ltr'><strong><em>ﬁde</em></strong></span> <span class='ocrx_word' id='word_1_484' title='bbox 474 3689 911 3760; x_wconf 88' lang='lat' dir='ltr'><strong><em>exprimendum</em></strong></span> <span class='ocrx_word' id='word_1_485' title='bbox 967 3691 1207 3760; x_wconf 88' lang='lat' dir='ltr'><strong><em>curavit,</em></strong></span> <span class='ocrx_word' id='word_1_486' title='bbox 1248 3691 1589 3746; x_wconf 88' lang='lat' dir='ltr'><strong><em>lectionibus</em></strong></span> <span class='ocrx_word' id='word_1_487' title='bbox 1629 3691 1855 3746; x_wconf 87' lang='lat' dir='ltr'><strong><em>varian-</em></strong></span> 
     </span>
    </p>
   </div>
   <div class='ocr_carea' id='block_1_70' title="bbox 154 3777 1854 3852">
    <p class='ocr_par' dir='ltr' id='par_1_70' title="bbox 154 3777 1854 3852">
     <span class='ocr_line' id='line_1_70' title="bbox 154 3777 1854 3852; baseline 0.002 -21"><span class='ocrx_word' id='word_1_488' title='bbox 154 3777 330 3848; x_wconf 87' lang='lat' dir='ltr'><strong><em>tibus,</em></strong></span> <span class='ocrx_word' id='word_1_489' title='bbox 370 3794 499 3851; x_wconf 77' lang='lat' dir='ltr'><strong><em>qua:</em></strong></span> <span class='ocrx_word' id='word_1_490' title='bbox 555 3779 627 3833; x_wconf 90' lang='lat' dir='ltr'><strong><em>ad</em></strong></span> <span class='ocrx_word' id='word_1_491' title='bbox 676 3779 1000 3850; x_wconf 88' lang='lat' dir='ltr'><strong><em>marginem</em></strong></span> <span class='ocrx_word' id='word_1_492' title='bbox 1053 3781 1307 3852; x_wconf 88' lang='lat' dir='ltr'><strong><em>ejusdem</em></strong></span> <span class='ocrx_word' id='word_1_493' title='bbox 1364 3785 1854 3852; x_wconf 87' lang='lat' dir='ltr'><strong><em>comparaverant,</em></strong></span> 
     </span>
    </p>
   </div>
   <div class='ocr_carea' id='block_1_71' title="bbox 154 3866 1858 3942">
    <p class='ocr_par' dir='ltr' id='par_1_71' title="bbox 154 3866 1858 3942">
     <span class='ocr_line' id='line_1_71' title="bbox 154 3866 1858 3942; baseline 0.002 -22"><span class='ocrx_word' id='word_1_494' title='bbox 154 3866 374 3936; x_wconf 91' lang='lat' dir='ltr'><strong><em>pariter</em></strong></span> <span class='ocrx_word' id='word_1_495' title='bbox 400 3866 463 3920; x_wconf 92' lang='lat' dir='ltr'><strong><em>in</em></strong></span> <span class='ocrx_word' id='word_1_496' title='bbox 487 3883 586 3920; x_wconf 91' lang='lat' dir='ltr'><strong><em>ora</em></strong></span> <span class='ocrx_word' id='word_1_497' title='bbox 623 3866 899 3938; x_wconf 87' lang='lat' dir='ltr'><strong><em>ascriptis,</em></strong></span> <span class='ocrx_word' id='word_1_498' title='bbox 933 3869 1200 3940; x_wconf 86' lang='lat' dir='ltr'><strong><em>subjectis</em></strong></span> <span class='ocrx_word' id='word_1_499' title='bbox 1230 3885 1363 3923; x_wconf 88' lang='lat' dir='ltr'><strong><em>vero</em></strong></span> <span class='ocrx_word' id='word_1_500' title='bbox 1395 3869 1454 3923; x_wconf 93' lang='lat' dir='ltr'><strong><em>in</em></strong></span> <span class='ocrx_word' id='word_1_501' title='bbox 1503 3870 1619 3924; x_wconf 89' lang='lat' dir='ltr'><strong><em>ima</em></strong></span> <span class='ocrx_word' id='word_1_502' title='bbox 1647 3870 1858 3942; x_wconf 88' lang='lat' dir='ltr'><strong><em>pagina</em></strong></span> 
     </span>
    </p>
   </div>
   <div class='ocr_carea' id='block_1_72' title="bbox 158 3955 1856 4028">
    <p class='ocr_par' dir='ltr' id='par_1_72' title="bbox 158 3955 1856 4028">
     <span class='ocr_line' id='line_1_72' title="bbox 158 3955 1856 4028; baseline 0.003 -20"><span class='ocrx_word' id='word_1_503' title='bbox 158 3955 302 4022; x_wconf 89' lang='lat' dir='ltr'><strong><em>aliis,</em></strong></span> <span class='ocrx_word' id='word_1_504' title='bbox 353 3971 494 4026; x_wconf 89' lang='lat' dir='ltr'><strong><em>quas</em></strong></span> <span class='ocrx_word' id='word_1_505' title='bbox 543 3956 854 4010; x_wconf 88' lang='lat' dir='ltr'><strong><em>maximam</em></strong></span> <span class='ocrx_word' id='word_1_506' title='bbox 910 3962 1128 4028; x_wconf 92' lang='lat' dir='ltr'><strong><em>partem</em></strong></span> <span class='ocrx_word' id='word_1_507' title='bbox 1169 3961 1350 4013; x_wconf 86' lang='lat' dir='ltr'><strong><em>Marco</em></strong></span> <span class='ocrx_word' id='word_1_508' title='bbox 1417 3961 1646 4027; x_wconf 85' lang='lat' dir='ltr'><strong><em>Velsero,</em></strong></span> <span class='ocrx_word' id='word_1_509' title='bbox 1689 3976 1856 4014; x_wconf 90' lang='lat' dir='ltr'><strong><em>cano-</em></strong></span> 
     </span>
    </p>
   </div>
   <div class='ocr_carea' id='block_1_73' title="bbox 157 4044 1856 4120">
    <p class='ocr_par' dir='ltr' id='par_1_73' title="bbox 157 4044 1856 4120">
     <span class='ocr_line' id='line_1_73' title="bbox 157 4044 1856 4120; baseline 0.003 -22"><span class='ocrx_word' id='word_1_510' title='bbox 157 4044 284 4098; x_wconf 92' lang='lat' dir='ltr'><strong><em>nico</em></strong></span> <span class='ocrx_word' id='word_1_511' title='bbox 304 4049 439 4098; x_wconf 91' lang='lat' dir='ltr'><strong><em>tunc</em></strong></span> <span class='ocrx_word' id='word_1_512' title='bbox 475 4044 844 4116; x_wconf 87' lang='lat' dir='ltr'><strong><em>Frisingensi,</em></strong></span> <span class='ocrx_word' id='word_1_513' title='bbox 871 4046 1066 4100; x_wconf 91' lang='lat' dir='ltr'><strong><em>deberi</em></strong></span> <span class='ocrx_word' id='word_1_514' title='bbox 1096 4047 1283 4101; x_wconf 88' lang='lat' dir='ltr'><strong><em>editor</em></strong></span> <span class='ocrx_word' id='word_1_515' title='bbox 1309 4047 1614 4118; x_wconf 84' lang='lat' dir='ltr'><strong><em>signiﬁcat,</em></strong></span> <span class='ocrx_word' id='word_1_516' title='bbox 1647 4064 1856 4120; x_wconf 89' lang='lat' dir='ltr'><strong><em>easque</em></strong></span> 
     </span>
    </p>
   </div>
   <div class='ocr_carea' id='block_1_74' title="bbox 157 4132 1854 4207">
    <p class='ocr_par' dir='ltr' id='par_1_74' title="bbox 157 4132 1854 4207">
     <span class='ocr_line' id='line_1_74' title="bbox 157 4132 1854 4207; baseline 0.002 -21"><span class='ocrx_word' id='word_1_517' title='bbox 157 4132 488 4203; x_wconf 87' lang='lat' dir='ltr'><strong><em>conjectura</em></strong></span> <span class='ocrx_word' id='word_1_518' title='bbox 553 4133 672 4187; x_wconf 88' lang='lat' dir='ltr'><strong><em>fere</em></strong></span> <span class='ocrx_word' id='word_1_519' title='bbox 730 4133 1005 4189; x_wconf 90' lang='lat' dir='ltr'><strong><em>subitaria</em></strong></span> <span class='ocrx_word' id='word_1_520' title='bbox 1053 4135 1203 4189; x_wconf 90' lang='lat' dir='ltr'><strong><em>inter</em></strong></span> <span class='ocrx_word' id='word_1_521' title='bbox 1252 4136 1560 4207; x_wconf 88' lang='lat' dir='ltr'><strong><em>legendum</em></strong></span> <span class='ocrx_word' id='word_1_522' title='bbox 1615 4141 1854 4203; x_wconf 89' lang='lat' dir='ltr'><strong><em>notatas,</em></strong></span> 
     </span>
    </p>
   </div>
   <div class='ocr_carea' id='block_1_75' title="bbox 156 4223 1856 4298">
    <p class='ocr_par' dir='ltr' id='par_1_75' title="bbox 156 4223 1856 4298">
     <span class='ocr_line' id='line_1_75' title="bbox 156 4223 1856 4298; baseline 0.002 -23"><span class='ocrx_word' id='word_1_523' title='bbox 156 4239 365 4293; x_wconf 88' lang='lat' dir='ltr'><strong><em>paucas</em></strong></span> <span class='ocrx_word' id='word_1_524' title='bbox 388 4223 560 4276; x_wconf 90' lang='lat' dir='ltr'><strong><em>etiam</em></strong></span> <span class='ocrx_word' id='word_1_525' title='bbox 589 4223 762 4292; x_wconf 91' lang='lat' dir='ltr'><strong><em>paulo</em></strong></span> <span class='ocrx_word' id='word_1_526' title='bbox 819 4224 1146 4278; x_wconf 86' lang='lat' dir='ltr'><strong><em>audaciores</em></strong></span> <span class='ocrx_word' id='word_1_527' title='bbox 1202 4225 1272 4279; x_wconf 89' lang='lat' dir='ltr'><strong><em>ab</em></strong></span> <span class='ocrx_word' id='word_1_528' title='bbox 1302 4231 1528 4279; x_wconf 92' lang='lat' dir='ltr'><strong><em>auctore</em></strong></span> <span class='ocrx_word' id='word_1_529' title='bbox 1566 4225 1856 4298; x_wconf 89' lang='lat' dir='ltr'><strong><em>improba-</em></strong></span> 
     </span>
    </p>
   </div>
   <div class='ocr_carea' id='block_1_76' title="bbox 157 4311 1860 4386">
    <p class='ocr_par' dir='ltr' id='par_1_76' title="bbox 157 4311 1860 4386">
     <span class='ocr_line' id='line_1_76' title="bbox 157 4311 1860 4386; baseline 0.003 -22"><span class='ocrx_word' id='word_1_530' title='bbox 157 4315 244 4365; x_wconf 89' lang='lat' dir='ltr'><strong><em>tas</em></strong></span> <span class='ocrx_word' id='word_1_531' title='bbox 275 4311 487 4364; x_wconf 89' lang='lat' dir='ltr'><strong><em>scribit.</em></strong></span> <span class='ocrx_word' id='word_1_532' title='bbox 521 4312 715 4365; x_wconf 88' lang='lat' dir='ltr'><strong><em>Nullas</em></strong></span> <span class='ocrx_word' id='word_1_533' title='bbox 739 4328 873 4366; x_wconf 80' lang='lat' dir='ltr'><strong><em>vero</em></strong></span> <span class='ocrx_word' id='word_1_534' title='bbox 899 4313 1199 4383; x_wconf 90' lang='lat' dir='ltr'><strong><em>quantavis</em></strong></span> <span class='ocrx_word' id='word_1_535' title='bbox 1224 4314 1644 4384; x_wconf 86' lang='lat' dir='ltr'><strong><em>probabilitatis</em></strong></span> <span class='ocrx_word' id='word_1_536' title='bbox 1674 4314 1860 4386; x_wconf 90' lang='lat' dir='ltr'><strong><em>specie</em></strong></span> 
     </span>
    </p>
   </div>
   <div class='ocr_carea' id='block_1_77' title="bbox 158 4399 1862 4472">
    <p class='ocr_par' dir='ltr' id='par_1_77' title="bbox 158 4399 1862 4472">
     <span class='ocr_line' id='line_1_77' title="bbox 158 4399 1862 4472; baseline 0.001 -18"><span class='ocrx_word' id='word_1_537' title='bbox 158 4399 518 4454; x_wconf 87' lang='lat' dir='ltr'><strong><em>blandientes</em></strong></span> <span class='ocrx_word' id='word_1_538' title='bbox 567 4399 627 4454; x_wconf 91' lang='lat' dir='ltr'><strong><em>in</em></strong></span> <span class='ocrx_word' id='word_1_539' title='bbox 661 4404 993 4454; x_wconf 86' lang='lat' dir='ltr'><strong><em>contextum</em></strong></span> <span class='ocrx_word' id='word_1_540' title='bbox 1023 4417 1056 4454; x_wconf 88' lang='lat' dir='ltr'><strong><em>a</em></strong></span> <span class='ocrx_word' id='word_1_541' title='bbox 1085 4417 1145 4454; x_wconf 91' lang='lat' dir='ltr'><strong><em>se</em></strong></span> <span class='ocrx_word' id='word_1_542' title='bbox 1197 4406 1450 4472; x_wconf 88' lang='lat' dir='ltr'><strong><em>receptas</em></strong></span> <span class='ocrx_word' id='word_1_543' title='bbox 1478 4419 1597 4456; x_wconf 89' lang='lat' dir='ltr'><strong><em>esse</em></strong></span> <span class='ocrx_word' id='word_1_544' title='bbox 1646 4419 1862 4457; x_wconf 89' lang='lat' dir='ltr'><strong><em>asseve-</em></strong></span> 
     </span>
    </p>
   </div>
   <div class='ocr_carea' id='block_1_78' title="bbox 160 4487 1860 4560">
    <p class='ocr_par' dir='ltr' id='par_1_78' title="bbox 160 4487 1860 4560">
     <span class='ocr_line' id='line_1_78' title="bbox 160 4487 1860 4560; baseline 0.002 -18"><span class='ocrx_word' id='word_1_545' title='bbox 160 4492 264 4543; x_wconf 89' lang='lat' dir='ltr'><strong><em>rat.</em></strong></span> <span class='ocrx_word' id='word_1_546' title='bbox 300 4487 699 4542; x_wconf 64' lang='lat' dir='ltr'><strong><em>Praafationem</em></strong></span> <span class='ocrx_word' id='word_1_547' title='bbox 755 4488 904 4542; x_wconf 87' lang='lat' dir='ltr'><strong><em>hanc</em></strong></span> <span class='ocrx_word' id='word_1_548' title='bbox 933 4489 1116 4560; x_wconf 89' lang='lat' dir='ltr'><strong><em>repeti</em></strong></span> <span class='ocrx_word' id='word_1_549' title='bbox 1175 4488 1307 4544; x_wconf 87' lang='lat' dir='ltr'><strong><em>fecit</em></strong></span> <span class='ocrx_word' id='word_1_550' title='bbox 1343 4491 1587 4545; x_wconf 90' lang='lat' dir='ltr'><strong><em>Joannes</em></strong></span> <span class='ocrx_word' id='word_1_551' title='bbox 1616 4491 1860 4546; x_wconf 85' lang='lat' dir='ltr'><strong><em>Clericus</em></strong></span> 
     </span>
    </p>
   </div>
   <div class='ocr_carea' id='block_1_79' title="bbox 159 4575 1857 4650">
    <p class='ocr_par' dir='ltr' id='par_1_79' title="bbox 159 4575 1857 4650">
     <span class='ocr_line' id='line_1_79' title="bbox 159 4575 1857 4650; baseline 0.002 -19"><span class='ocrx_word' id='word_1_552' title='bbox 159 4577 221 4631; x_wconf 91' lang='lat' dir='ltr'><strong><em>in</em></strong></span> <span class='ocrx_word' id='word_1_553' title='bbox 268 4576 533 4647; x_wconf 90' lang='lat' dir='ltr'><strong><em>Append.</em></strong></span> <span class='ocrx_word' id='word_1_554' title='bbox 573 4575 1022 4647; x_wconf 87' lang='lat' dir='ltr'><strong><em>Augustinianea</em></strong></span> <span class='ocrx_word' id='word_1_555' title='bbox 1076 4576 1158 4646; x_wconf 89' lang='lat' dir='ltr'><strong><em>(T.</em></strong></span> <span class='ocrx_word' id='word_1_556' title='bbox 1217 4579 1312 4633; x_wconf 84' lang='lat' dir='ltr'><strong><em>XII</em></strong></span> <span class='ocrx_word' id='word_1_557' title='bbox 1371 4579 1458 4633; x_wconf 91' lang='lat' dir='ltr'><strong><em>ed.</em></strong></span> <span class='ocrx_word' id='word_1_558' title='bbox 1514 4581 1810 4650; x_wconf 88' lang='lat' dir='ltr'><strong><em>Antuerp.)</em></strong></span> <span class='ocrx_word' id='word_1_559' title='bbox 1843 4620 1857 4635; x_wconf 94' lang='lat'><strong><em>.</em></strong></span> 
     </span>
    </p>
   </div>
   <div class='ocr_carea' id='block_1_80' title="bbox 157 4666 1859 4737">
    <p class='ocr_par' dir='ltr' id='par_1_80' title="bbox 157 4666 1859 4737">
     <span class='ocr_line' id='line_1_80' title="bbox 157 4666 1859 4737; baseline 0.001 -17"><span class='ocrx_word' id='word_1_560' title='bbox 157 4681 217 4736; x_wconf 92' lang='lat' dir='ltr'><strong><em>p.</em></strong></span> <span class='ocrx_word' id='word_1_561' title='bbox 252 4667 383 4720; x_wconf 87' lang='lat'><strong><em>607.</em></strong></span> <span class='ocrx_word' id='word_1_562' title='bbox 450 4666 798 4737; x_wconf 65' lang='lat' dir='ltr'><strong><em>Exspectate</em></strong></span> <span class='ocrx_word' id='word_1_563' title='bbox 824 4681 962 4720; x_wconf 84' lang='lat' dir='ltr'><strong><em>xero</em></strong></span> <span class='ocrx_word' id='word_1_564' title='bbox 1007 4666 1131 4721; x_wconf 55' lang='lat' dir='ltr'><strong><em>illa;</em></strong></span> <span class='ocrx_word' id='word_1_565' title='bbox 1162 4668 1554 4722; x_wconf 82' lang='lat' dir='ltr'><strong><em>Romanorum</em></strong></span> <span class='ocrx_word' id='word_1_566' title='bbox 1583 4669 1859 4723; x_wconf 86' lang='lat' dir='ltr'><strong><em>Florenti-</em></strong></span> 
     </span>
    </p>
   </div>
   <div class='ocr_carea' id='block_1_81' title="bbox 161 4755 1862 4828">
    <p class='ocr_par' dir='ltr' id='par_1_81' title="bbox 161 4755 1862 4828">
     <span class='ocr_line' id='line_1_81' title="bbox 161 4755 1862 4828; baseline 0.002 -19"><span class='ocrx_word' id='word_1_567' title='bbox 161 4770 490 4826; x_wconf 88' lang='lat' dir='ltr'><strong><em>norumque</em></strong></span> <span class='ocrx_word' id='word_1_568' title='bbox 521 4755 798 4810; x_wconf 87' lang='lat' dir='ltr'><strong><em>editiones</em></strong></span> <span class='ocrx_word' id='word_1_569' title='bbox 822 4756 1010 4810; x_wconf 89' lang='lat' dir='ltr'><strong><em>lucem</em></strong></span> <span class='ocrx_word' id='word_1_570' title='bbox 1038 4773 1157 4811; x_wconf 93' lang='lat' dir='ltr'><strong><em>non</em></strong></span> <span class='ocrx_word' id='word_1_571' title='bbox 1187 4757 1473 4828; x_wconf 91' lang='lat' dir='ltr'><strong><em>viderunt,</em></strong></span> <span class='ocrx_word' id='word_1_572' title='bbox 1502 4758 1597 4813; x_wconf 90' lang='lat' dir='ltr'><strong><em>sed</em></strong></span> <span class='ocrx_word' id='word_1_573' title='bbox 1629 4758 1862 4812; x_wconf 89' lang='lat' dir='ltr'><strong><em>Parisiis</em></strong></span> 
     </span>
    </p>
   </div>
   <div class='ocr_carea' id='block_1_82' title="bbox 158 4843 1864 4916">
    <p class='ocr_par' dir='ltr' id='par_1_82' title="bbox 158 4843 1864 4916">
     <span class='ocr_line' id='line_1_82' title="bbox 158 4843 1864 4916; baseline 0.002 -19"><span class='ocrx_word' id='word_1_574' title='bbox 158 4844 333 4915; x_wconf 88' lang='lat' dir='ltr'><strong><em>paulo</em></strong></span> <span class='ocrx_word' id='word_1_575' title='bbox 360 4846 492 4914; x_wconf 90' lang='lat' dir='ltr'><strong><em>post</em></strong></span> <span class='ocrx_word' id='word_1_576' title='bbox 518 4859 650 4898; x_wconf 91' lang='lat' dir='ltr'><strong><em>cum</em></strong></span> <span class='ocrx_word' id='word_1_577' title='bbox 681 4843 828 4898; x_wconf 92' lang='lat' dir='ltr'><strong><em>libro</em></strong></span> <span class='ocrx_word' id='word_1_578' title='bbox 858 4848 1044 4899; x_wconf 87' lang='lat' dir='ltr'><strong><em>contra</em></strong></span> <span class='ocrx_word' id='word_1_579' title='bbox 1068 4844 1358 4900; x_wconf 87' lang='lat' dir='ltr'><strong><em>secundam</em></strong></span> <span class='ocrx_word' id='word_1_580' title='bbox 1385 4847 1609 4900; x_wconf 86' lang='lat' dir='ltr'><strong><em>Juliani</em></strong></span> <span class='ocrx_word' id='word_1_581' title='bbox 1653 4862 1864 4916; x_wconf 87' lang='lat' dir='ltr'><strong><em>respon-</em></strong></span> 
     </span>
    </p>
   </div>
   <div class='ocr_carea' id='block_1_83' title="bbox 159 4932 1862 5007">
    <p class='ocr_par' dir='ltr' id='par_1_83' title="bbox 159 4932 1862 5007">
     <span class='ocr_line' id='line_1_83' title="bbox 159 4932 1862 5007; baseline 0.002 -20"><span class='ocrx_word' id='word_1_582' title='bbox 159 4935 362 4988; x_wconf 86' lang='lat' dir='ltr'><strong><em>sionem</em></strong></span> <span class='ocrx_word' id='word_1_583' title='bbox 415 4948 552 4986; x_wconf 90' lang='lat' dir='ltr'><strong><em>cura</em></strong></span> <span class='ocrx_word' id='word_1_584' title='bbox 611 4932 861 4990; x_wconf 76' lang='lat' dir='ltr'><strong><em>Menardi</em></strong></span> <span class='ocrx_word' id='word_1_585' title='bbox 907 4933 1119 4988; x_wconf 89' lang='lat' dir='ltr'><strong><em>iterum</em></strong></span> <span class='ocrx_word' id='word_1_586' title='bbox 1191 4934 1429 5005; x_wconf 88' lang='lat' dir='ltr'><strong><em>prodiit,</em></strong></span> <span class='ocrx_word' id='word_1_587' title='bbox 1502 4951 1676 5007; x_wconf 89' lang='lat' dir='ltr'><strong><em>quem</em></strong></span> <span class='ocrx_word' id='word_1_588' title='bbox 1731 4935 1862 4990; x_wconf 86' lang='lat' dir='ltr'><strong><em>vide</em></strong></span> 
     </span>
    </p>
   </div>
   <div class='ocr_carea' id='block_1_84' title="bbox 159 5020 1864 5092">
    <p class='ocr_par' dir='ltr' id='par_1_84' title="bbox 159 5020 1864 5092">
     <span class='ocr_line' id='line_1_84' title="bbox 159 5020 1864 5092; baseline 0.003 -18"><span class='ocrx_word' id='word_1_589' title='bbox 159 5036 218 5074; x_wconf 91' lang='lat' dir='ltr'><strong><em>n.</em></strong></span> <span class='ocrx_word' id='word_1_590' title='bbox 271 5023 360 5075; x_wconf 89' lang='lat'><strong><em>98.</em></strong></span> <span class='ocrx_word' id='word_1_591' title='bbox 392 5022 507 5075; x_wconf 88' lang='lat' dir='ltr'><strong><em>Nec</em></strong></span> <span class='ocrx_word' id='word_1_592' title='bbox 554 5020 777 5088; x_wconf 91' lang='lat' dir='ltr'><strong><em>dubito,</em></strong></span> <span class='ocrx_word' id='word_1_593' title='bbox 838 5021 982 5092; x_wconf 91' lang='lat' dir='ltr'><strong><em>quin</em></strong></span> <span class='ocrx_word' id='word_1_594' title='bbox 1038 5021 1191 5077; x_wconf 90' lang='lat' dir='ltr'><strong><em>inter</em></strong></span> <span class='ocrx_word' id='word_1_595' title='bbox 1241 5023 1513 5092; x_wconf 90' lang='lat' dir='ltr'><strong><em>Opuscula</em></strong></span> <span class='ocrx_word' id='word_1_596' title='bbox 1558 5027 1864 5092; x_wconf 78' lang='lat' dir='ltr'><strong><em>Augustini</em></strong></span> 
     </span>
    </p>
   </div>
   <div class='ocr_carea' id='block_1_85' title="bbox 159 5098 1863 5183">
    <p class='ocr_par' dir='ltr' id='par_1_85' title="bbox 159 5098 1863 5183">
     <span class='ocr_line' id='line_1_85' title="bbox 159 5098 1863 5183; baseline 0.003 -21"><span class='ocrx_word' id='word_1_597' title='bbox 159 5107 657 5180; x_wconf 83' lang='lat' dir='ltr'><strong><em>discipulorumque</em></strong></span> <span class='ocrx_word' id='word_1_598' title='bbox 703 5111 821 5180; x_wconf 89' lang='lat' dir='ltr'><strong><em>ejus</em></strong></span> <span class='ocrx_word' id='word_1_599' title='bbox 869 5098 1055 5164; x_wconf 87' lang='lat' dir='ltr'><strong><em>editus</em></strong></span> <span class='ocrx_word' id='word_1_600' title='bbox 1084 5111 1174 5179; x_wconf 89' lang='lat' dir='ltr'><strong><em>sit,</em></strong></span> <span class='ocrx_word' id='word_1_601' title='bbox 1233 5127 1363 5183; x_wconf 66' lang='lat' dir='ltr'><strong><em>qum</em></strong></span> <span class='ocrx_word' id='word_1_602' title='bbox 1415 5127 1588 5183; x_wconf 88' lang='lat' dir='ltr'><strong><em>supra</em></strong></span> <span class='ocrx_word' id='word_1_603' title='bbox 1639 5129 1671 5167; x_wconf 89' lang='lat' dir='ltr'><strong><em>a</em></strong></span> <span class='ocrx_word' id='word_1_604' title='bbox 1697 5114 1863 5169; x_wconf 90' lang='lat' dir='ltr'><strong><em>nobis</em></strong></span> 
     </span>
    </p>
   </div>
   <div class='ocr_carea' id='block_1_86' title="bbox 160 5195 988 5270">
    <p class='ocr_par' dir='ltr' id='par_1_86' title="bbox 160 5195 988 5270">
     <span class='ocr_line' id='line_1_86' title="bbox 160 5195 988 5270; baseline 0.004 -21"><span class='ocrx_word' id='word_1_605' title='bbox 160 5200 296 5250; x_wconf 90' lang='lat' dir='ltr'><strong><em>sunt</em></strong></span> <span class='ocrx_word' id='word_1_606' title='bbox 325 5195 384 5249; x_wconf 92' lang='lat' dir='ltr'><strong><em>in</em></strong></span> <span class='ocrx_word' id='word_1_607' title='bbox 411 5198 663 5253; x_wconf 89' lang='lat' dir='ltr'><strong><em>medium</em></strong></span> <span class='ocrx_word' id='word_1_608' title='bbox 695 5199 988 5270; x_wconf 90' lang='lat' dir='ltr'><strong><em>producta.</em></strong></span> 
     </span>
    </p>
   </div>
   <div class='ocr_carea' id='block_1_87' title="bbox 230 5285 1858 5358">
    <p class='ocr_par' dir='ltr' id='par_1_87' title="bbox 230 5285 1858 5358">
     <span class='ocr_line' id='line_1_87' title="bbox 230 5285 1858 5358; baseline 0.004 -19"><span class='ocrx_word' id='word_1_609' title='bbox 230 5285 512 5340; x_wconf 81' lang='lat' dir='ltr'><em>XXVIII.</em></span> <span class='ocrx_word' id='word_1_610' title='bbox 546 5316 614 5326; x_wconf 97' lang='lat'>—</span> <span class='ocrx_word' id='word_1_611' title='bbox 637 5288 741 5358; x_wconf 92' lang='lat'><strong><em>(80)</em></strong></span> <span class='ocrx_word' id='word_1_612' title='bbox 772 5291 846 5343; x_wconf 89' lang='lat' dir='ltr'><strong><em>De</em></strong></span> <span class='ocrx_word' id='word_1_613' title='bbox 873 5289 1194 5342; x_wconf 87' lang='lat' dir='ltr'><strong><em>correctione</em></strong></span> <span class='ocrx_word' id='word_1_614' title='bbox 1239 5291 1649 5345; x_wconf 86' lang='lat' dir='ltr'><strong><em>Donatistarum</em></strong></span> <span class='ocrx_word' id='word_1_615' title='bbox 1705 5291 1858 5346; x_wconf 86' lang='lat' dir='ltr'><strong><em>liber.</em></strong></span> 
     </span>
    </p>
   </div>
   <div class='ocr_carea' id='block_1_88' title="bbox 162 5371 1862 5442">
    <p class='ocr_par' dir='ltr' id='par_1_88' title="bbox 162 5371 1862 5442">
     <span class='ocr_line' id='line_1_88' title="bbox 162 5371 1862 5442; baseline 0.004 -15"><span class='ocrx_word' id='word_1_616' title='bbox 162 5371 352 5427; x_wconf 86' lang='lat' dir='ltr'><strong><em>Edidit</em></strong></span> <span class='ocrx_word' id='word_1_617' title='bbox 379 5373 616 5428; x_wconf 86' lang='lat' dir='ltr'><strong><em>seorsim</em></strong></span> <span class='ocrx_word' id='word_1_618' title='bbox 655 5375 810 5430; x_wconf 90' lang='lat' dir='ltr'><strong><em>hunc</em></strong></span> <span class='ocrx_word' id='word_1_619' title='bbox 842 5376 1052 5431; x_wconf 90' lang='lat' dir='ltr'><strong><em>librum</em></strong></span> <span class='ocrx_word' id='word_1_620' title='bbox 1079 5378 1198 5432; x_wconf 89' lang='lat' dir='ltr'><strong><em>Nic.</em></strong></span> <span class='ocrx_word' id='word_1_621' title='bbox 1254 5378 1480 5442; x_wconf 87' lang='lat' dir='ltr'><strong><em>Bergius</em></strong></span> <span class='ocrx_word' id='word_1_622' title='bbox 1535 5377 1862 5433; x_wconf 84' lang='lat' dir='ltr'><strong><em>Revalensis</em></strong></span> 
     </span>
    </p>
   </div>
   <div class='ocr_carea' id='block_1_89' title="bbox 162 5462 1864 5533">
    <p class='ocr_par' dir='ltr' id='par_1_89' title="bbox 162 5462 1864 5533">
     <span class='ocr_line' id='line_1_89' title="bbox 162 5462 1864 5533; baseline 0.004 -17"><span class='ocrx_word' id='word_1_623' title='bbox 162 5462 390 5517; x_wconf 70' lang='lat' dir='ltr'><strong><em>Holmiz</em></strong></span> <span class='ocrx_word' id='word_1_624' title='bbox 434 5464 588 5531; x_wconf 87' lang='grc'>1696,</span> <span class='ocrx_word' id='word_1_625' title='bbox 623 5463 787 5528; x_wconf 82' lang='lat' dir='ltr'><strong><em>in-So,</em></strong></span> <span class='ocrx_word' id='word_1_626' title='bbox 820 5465 945 5521; x_wconf 89' lang='lat' dir='ltr'><strong><em>sub.</em></strong></span> <span class='ocrx_word' id='word_1_627' title='bbox 993 5465 1083 5520; x_wconf 91' lang='lat' dir='ltr'><strong><em>tit.</em></strong></span> <span class='ocrx_word' id='word_1_628' title='bbox 1129 5482 1142 5520; x_wconf 88' lang='lat'><strong>:</strong></span> <span class='ocrx_word' id='word_1_629' title='bbox 1176 5467 1242 5520; x_wconf 92' lang='lat' dir='ltr'><strong><em>D.</em></strong></span> <span class='ocrx_word' id='word_1_630' title='bbox 1291 5467 1599 5533; x_wconf 81' lang='lat' dir='ltr'><strong><em>Augustini</em></strong></span> <span class='ocrx_word' id='word_1_631' title='bbox 1636 5467 1771 5522; x_wconf 92' lang='lat' dir='ltr'><strong><em>liber</em></strong></span> <span class='ocrx_word' id='word_1_632' title='bbox 1798 5467 1864 5523; x_wconf 88' lang='lat' dir='ltr'><strong><em>de</em></strong></span> 
     </span>
    </p>
   </div>
   <div class='ocr_carea' id='block_1_90' title="bbox 167 5549 1863 5622">
    <p class='ocr_par' dir='ltr' id='par_1_90' title="bbox 167 5549 1863 5622">
     <span class='ocr_line' id='line_1_90' title="bbox 167 5549 1863 5622; baseline 0.004 -19"><span class='ocrx_word' id='word_1_633' title='bbox 167 5549 441 5604; x_wconf 84' lang='lat' dir='ltr'><strong><em>moderate</em></strong></span> <span class='ocrx_word' id='word_1_634' title='bbox 466 5551 767 5606; x_wconf 84' lang='lat' dir='ltr'><strong><em>coercendis</em></strong></span> <span class='ocrx_word' id='word_1_635' title='bbox 814 5554 1075 5609; x_wconf 67' lang='lat' dir='ltr'><strong><em>haereticis</em></strong></span> <span class='ocrx_word' id='word_1_636' title='bbox 1102 5554 1178 5608; x_wconf 87' lang='lat' dir='ltr'><strong><em>ad</em></strong></span> <span class='ocrx_word' id='word_1_637' title='bbox 1223 5554 1576 5622; x_wconf 79' lang='lat' dir='ltr'><strong><em>Bonifacium</em></strong></span> <span class='ocrx_word' id='word_1_638' title='bbox 1623 5557 1863 5610; x_wconf 88' lang='lat' dir='ltr'><strong><em>comitem</em></strong></span> 
     </span>
    </p>
   </div>
   <div class='ocr_carea' id='block_1_91' title="bbox 1960 3068 3667 3139">
    <p class='ocr_par' dir='ltr' id='par_1_91' title="bbox 1960 3068 3667 3139">
     <span class='ocr_line' id='line_1_91' title="bbox 1960 3068 3667 3139; baseline -0.002 -12"><span class='ocrx_word' id='word_1_639' title='bbox 1960 3089 2083 3127; x_wconf 90' lang='lat' dir='ltr'><strong><em>rum</em></strong></span> <span class='ocrx_word' id='word_1_640' title='bbox 2111 3087 2377 3126; x_wconf 81' lang='lat' dir='ltr'><strong><em>excusam</em></strong></span> <span class='ocrx_word' id='word_1_641' title='bbox 2403 3086 2523 3125; x_wconf 91' lang='lat' dir='ltr'><strong><em>esse</em></strong></span> <span class='ocrx_word' id='word_1_642' title='bbox 2550 3069 2770 3137; x_wconf 87' lang='lat' dir='ltr'><strong><em>statuit,</em></strong></span> <span class='ocrx_word' id='word_1_643' title='bbox 2795 3069 2964 3123; x_wconf 91' lang='lat' dir='ltr'><strong><em>modo</em></strong></span> <span class='ocrx_word' id='word_1_644' title='bbox 2992 3085 3111 3122; x_wconf 91' lang='lat' dir='ltr'><strong><em>non</em></strong></span> <span class='ocrx_word' id='word_1_645' title='bbox 3153 3068 3214 3122; x_wconf 90' lang='lat' dir='ltr'><strong><em>in</em></strong></span> <span class='ocrx_word' id='word_1_646' title='bbox 3244 3069 3363 3122; x_wconf 88' lang='lat' dir='ltr'><strong><em>sola</em></strong></span> <span class='ocrx_word' id='word_1_647' title='bbox 3393 3073 3667 3139; x_wconf 82' lang='lat' dir='ltr'><strong><em>typorum</em></strong></span> 
     </span>
    </p>
   </div>
   <div class='ocr_carea' id='block_1_92' title="bbox 1962 3156 3670 3227">
    <p class='ocr_par' dir='ltr' id='par_1_92' title="bbox 1962 3156 3670 3227">
     <span class='ocr_line' id='line_1_92' title="bbox 1962 3156 3670 3227; baseline -0.002 -13"><span class='ocrx_word' id='word_1_648' title='bbox 1962 3159 2360 3224; x_wconf 82' lang='lat' dir='ltr'><strong><em>similitudine,</em></strong></span> <span class='ocrx_word' id='word_1_649' title='bbox 2409 3158 2508 3212; x_wconf 91' lang='lat' dir='ltr'><strong><em>sed</em></strong></span> <span class='ocrx_word' id='word_1_650' title='bbox 2553 3157 2728 3211; x_wconf 88' lang='lat' dir='ltr'><strong><em>totius</em></strong></span> <span class='ocrx_word' id='word_1_651' title='bbox 2768 3157 2957 3227; x_wconf 87' lang='lat' dir='ltr'><strong><em>operis</em></strong></span> <span class='ocrx_word' id='word_1_652' title='bbox 3015 3156 3393 3227; x_wconf 88' lang='lat' dir='ltr'><strong><em>descriptione</em></strong></span> <span class='ocrx_word' id='word_1_653' title='bbox 3443 3157 3670 3211; x_wconf 89' lang='lat' dir='ltr'><strong><em>nitatur</em></strong></span> 
     </span>
    </p>
   </div>
   <div class='ocr_carea' id='block_1_93' title="bbox 1961 3245 3665 3319">
    <p class='ocr_par' dir='ltr' id='par_1_93' title="bbox 1961 3245 3665 3319">
     <span class='ocr_line' id='line_1_93' title="bbox 1961 3245 3665 3319; baseline -0.002 -17"><span class='ocrx_word' id='word_1_654' title='bbox 1961 3249 2116 3303; x_wconf 90' lang='lat' dir='ltr'><strong><em>illius</em></strong></span> <span class='ocrx_word' id='word_1_655' title='bbox 2167 3247 2470 3319; x_wconf 90' lang='lat' dir='ltr'><strong><em>judicium.</em></strong></span> <span class='ocrx_word' id='word_1_656' title='bbox 2526 3247 2714 3301; x_wconf 92' lang='lat' dir='ltr'><strong><em>Unum</em></strong></span> <span class='ocrx_word' id='word_1_657' title='bbox 2755 3245 2988 3313; x_wconf 89' lang='lat' dir='ltr'><strong><em>accedit,</em></strong></span> <span class='ocrx_word' id='word_1_658' title='bbox 3035 3245 3420 3316; x_wconf 87' lang='lat' dir='ltr'><strong><em>Cobergerum</em></strong></span> <span class='ocrx_word' id='word_1_659' title='bbox 3469 3246 3665 3316; x_wconf 88' lang='lat' dir='ltr'><strong><em>plura,</em></strong></span> 
     </span>
    </p>
   </div>
   <div class='ocr_carea' id='block_1_94' title="bbox 1962 3333 3668 3404">
    <p class='ocr_par' dir='ltr' id='par_1_94' title="bbox 1962 3333 3668 3404">
     <span class='ocr_line' id='line_1_94' title="bbox 1962 3333 3668 3404; baseline -0.002 -12"><span class='ocrx_word' id='word_1_660' title='bbox 1962 3336 2405 3392; x_wconf 85' lang='lat' dir='ltr'><strong><em>Amerbachium</em></strong></span> <span class='ocrx_word' id='word_1_661' title='bbox 2450 3339 2649 3390; x_wconf 89' lang='lat' dir='ltr'><strong><em>contra</em></strong></span> <span class='ocrx_word' id='word_1_662' title='bbox 2672 3335 2760 3389; x_wconf 92' lang='lat' dir='ltr'><strong><em>vel</em></strong></span> <span class='ocrx_word' id='word_1_663' title='bbox 2786 3334 2963 3397; x_wconf 88' lang='lat' dir='ltr'><strong><em>nulla,</em></strong></span> <span class='ocrx_word' id='word_1_664' title='bbox 3007 3334 3096 3388; x_wconf 90' lang='lat' dir='ltr'><strong><em>vel</em></strong></span> <span class='ocrx_word' id='word_1_665' title='bbox 3137 3349 3321 3404; x_wconf 91' lang='lat' dir='ltr'><strong><em>pauca</em></strong></span> <span class='ocrx_word' id='word_1_666' title='bbox 3349 3333 3668 3389; x_wconf 88' lang='lat' dir='ltr'><strong><em>admodum</em></strong></span> 
     </span>
    </p>
   </div>
   <div class='ocr_carea' id='block_1_95' title="bbox 1965 3422 2876 3496">
    <p class='ocr_par' dir='ltr' id='par_1_95' title="bbox 1965 3422 2876 3496">
     <span class='ocr_line' id='line_1_95' title="bbox 1965 3422 2876 3496; baseline -0.004 -17"><span class='ocrx_word' id='word_1_667' title='bbox 1965 3424 2177 3496; x_wconf 87' lang='lat' dir='ltr'><strong><em>absque</em></strong></span> <span class='ocrx_word' id='word_1_668' title='bbox 2204 3423 2442 3478; x_wconf 90' lang='lat' dir='ltr'><strong><em>nomine</em></strong></span> <span class='ocrx_word' id='word_1_669' title='bbox 2467 3440 2569 3479; x_wconf 89' lang='lat' dir='ltr'><strong><em>suo</em></strong></span> <span class='ocrx_word' id='word_1_670' title='bbox 2600 3422 2876 3478; x_wconf 89' lang='lat' dir='ltr'><strong><em>emisisse.</em></strong></span> 
     </span>
    </p>
   </div>
   <div class='ocr_carea' id='block_1_96' title="bbox 2676 3513 2979 3566">
    <p class='ocr_par' dir='ltr' id='par_1_96' title="bbox 2676 3513 2979 3566">
     <span class='ocr_line' id='line_1_96' title="bbox 2676 3513 2979 3566; baseline 0 0"><span class='ocrx_word' id='word_1_671' title='bbox 2676 3513 2979 3566; x_wconf 86' lang='lat' dir='ltr'><strong><em>Versiones.</em></strong></span> 
     </span>
    </p>
   </div>
   <div class='ocr_carea' id='block_1_97' title="bbox 2747 3601 3126 3653">
    <p class='ocr_par' dir='ltr' id='par_1_97' title="bbox 2747 3601 3126 3653">
     <span class='ocr_line' id='line_1_97' title="bbox 2747 3601 3126 3653; baseline -0.008 0"><span class='ocrx_word' id='word_1_672' title='bbox 2747 3601 2902 3653; x_wconf 80' lang='grc'>16⁸70.</span> <span class='ocrx_word' id='word_1_673' title='bbox 3119 3633 3126 3642; x_wconf 85' lang='grc'><strong>-</strong></span> 
     </span>
    </p>
   </div>
   <div class='ocr_carea' id='block_1_98' title="bbox 2034 3685 3672 3759">
    <p class='ocr_par' dir='ltr' id='par_1_98' title="bbox 2034 3685 3672 3759">
     <span class='ocr_line' id='line_1_98' title="bbox 2034 3685 3672 3759; baseline -0.004 -13"><span class='ocrx_word' id='word_1_674' title='bbox 2034 3693 2212 3747; x_wconf 64' lang='lat' dir='ltr'><strong><em>Romae</em></strong></span> <span class='ocrx_word' id='word_1_675' title='bbox 2236 3691 2383 3759; x_wconf 87' lang='lat' dir='ltr'><strong><em>typis</em></strong></span> <span class='ocrx_word' id='word_1_676' title='bbox 2407 3690 2464 3745; x_wconf 92' lang='lat' dir='ltr'><strong><em>S.</em></strong></span> <span class='ocrx_word' id='word_1_677' title='bbox 2498 3689 2563 3745; x_wconf 87' lang='lat' dir='ltr'><strong><em>C.</em></strong></span> <span class='ocrx_word' id='word_1_678' title='bbox 2600 3688 2666 3742; x_wconf 89' lang='lat' dir='ltr'><strong><em>de</em></strong></span> <span class='ocrx_word' id='word_1_679' title='bbox 2688 3703 2925 3757; x_wconf 88' lang='lat' dir='ltr'><strong><em>propag.</em></strong></span> <span class='ocrx_word' id='word_1_680' title='bbox 2973 3689 3032 3742; x_wconf 76' lang='grc' dir='ltr'>Ρ.</span> <span class='ocrx_word' id='word_1_681' title='bbox 3065 3687 3234 3741; x_wconf 80' lang='grc' dir='ltr'><strong><em>ἰη-4ο.</em></strong></span> <span class='ocrx_word' id='word_1_682' title='bbox 3271 3685 3468 3756; x_wconf 84' lang='lat' dir='ltr'><strong><em>Capita</em></strong></span> <span class='ocrx_word' id='word_1_683' title='bbox 3518 3701 3672 3740; x_wconf 85' lang='lat' dir='ltr'><strong><em>non-</em></strong></span> 
     </span>
    </p>
   </div>
   <div class='ocr_carea' id='block_1_99' title="bbox 1965 3772 3671 3844">
    <p class='ocr_par' dir='ltr' id='par_1_99' title="bbox 1965 3772 3671 3844">
     <span class='ocr_line' id='line_1_99' title="bbox 1965 3772 3671 3844; baseline -0.004 -10"><span class='ocrx_word' id='word_1_684' title='bbox 1965 3779 2124 3834; x_wconf 89' lang='lat' dir='ltr'><strong><em>nulla</em></strong></span> <span class='ocrx_word' id='word_1_685' title='bbox 2153 3795 2221 3833; x_wconf 82' lang='lat' dir='ltr'><strong><em>ex</em></strong></span> <span class='ocrx_word' id='word_1_686' title='bbox 2266 3775 2504 3832; x_wconf 87' lang='lat' dir='ltr'><strong><em>diversis</em></strong></span> <span class='ocrx_word' id='word_1_687' title='bbox 2531 3773 2865 3828; x_wconf 88' lang='lat' dir='ltr'><strong><em>tractatibus</em></strong></span> <span class='ocrx_word' id='word_1_688' title='bbox 2893 3773 2955 3827; x_wconf 91' lang='lat' dir='ltr'><strong><em>in</em></strong></span> <span class='ocrx_word' id='word_1_689' title='bbox 3003 3772 3372 3844; x_wconf 89' lang='lat' dir='ltr'><strong><em>Evangelium</em></strong></span> <span class='ocrx_word' id='word_1_690' title='bbox 3407 3774 3570 3828; x_wconf 87' lang='lat' dir='ltr'><strong><em>Joan.</em></strong></span> <span class='ocrx_word' id='word_1_691' title='bbox 3596 3773 3671 3828; x_wconf 87' lang='lat' dir='ltr'><strong><em>de</em></strong></span> 
     </span>
    </p>
   </div>
   <div class='ocr_carea' id='block_1_100' title="bbox 1963 3862 3669 3939">
    <p class='ocr_par' dir='ltr' id='par_1_100' title="bbox 1963 3862 3669 3939">
     <span class='ocr_line' id='line_1_100' title="bbox 1963 3862 3669 3939; baseline -0.005 -16"><span class='ocrx_word' id='word_1_692' title='bbox 1963 3868 2059 3939; x_wconf 90' lang='lat' dir='ltr'><strong><em>Sp.</em></strong></span> <span class='ocrx_word' id='word_1_693' title='bbox 2095 3867 2175 3933; x_wconf 92' lang='lat' dir='ltr'><strong><em>S.,</em></strong></span> <span class='ocrx_word' id='word_1_694' title='bbox 2207 3867 2328 3920; x_wconf 91' lang='lat' dir='ltr'><strong><em>Lat.</em></strong></span> <span class='ocrx_word' id='word_1_695' title='bbox 2351 3869 2408 3919; x_wconf 88' lang='lat' dir='ltr'><strong><em>et</em></strong></span> <span class='ocrx_word' id='word_1_696' title='bbox 2437 3867 2530 3922; x_wconf 88' lang='lat' dir='ltr'><strong><em>Gr.</em></strong></span> <span class='ocrx_word' id='word_1_697' title='bbox 2564 3863 2803 3934; x_wconf 84' lang='lat' dir='ltr'><strong><em>interpr.</em></strong></span> <span class='ocrx_word' id='word_1_698' title='bbox 2843 3867 2994 3919; x_wconf 68' lang='lat' dir='ltr'><strong><em>Mam.</em></strong></span> <span class='ocrx_word' id='word_1_699' title='bbox 3024 3862 3304 3928; x_wconf 87' lang='lat' dir='ltr'><strong><em>Planude;</em></strong></span> <span class='ocrx_word' id='word_1_700' title='bbox 3340 3864 3482 3917; x_wconf 87' lang='lat' dir='ltr'><strong><em>inter</em></strong></span> <span class='ocrx_word' id='word_1_701' title='bbox 3517 3878 3669 3932; x_wconf 84' lang='lat' dir='ltr'><strong><em>opu-</em></strong></span> 
     </span>
    </p>
   </div>
   <div class='ocr_carea' id='block_1_101' title="bbox 1965 3951 3671 4022">
    <p class='ocr_par' dir='ltr' id='par_1_101' title="bbox 1965 3951 3671 4022">
     <span class='ocr_line' id='line_1_101' title="bbox 1965 3951 3671 4022; baseline -0.003 -12"><span class='ocrx_word' id='word_1_702' title='bbox 1965 3957 2120 4010; x_wconf 89' lang='lat' dir='ltr'><strong><em>scula</em></strong></span> <span class='ocrx_word' id='word_1_703' title='bbox 2167 3969 2338 4008; x_wconf 92' lang='lat' dir='ltr'><strong><em>aurea</em></strong></span> <span class='ocrx_word' id='word_1_704' title='bbox 2409 3953 2646 4008; x_wconf 88' lang='lat' dir='ltr'><strong><em>collecta</em></strong></span> <span class='ocrx_word' id='word_1_705' title='bbox 2694 3968 2728 4004; x_wconf 89' lang='lat' dir='ltr'><strong><em>a</em></strong></span> <span class='ocrx_word' id='word_1_706' title='bbox 2772 3953 2831 4006; x_wconf 91' lang='lat' dir='ltr'><strong><em>P.</em></strong></span> <span class='ocrx_word' id='word_1_707' title='bbox 2865 3951 3112 4005; x_wconf 73' lang='lat' dir='ltr'><strong><em>Arcadio</em></strong></span> <span class='ocrx_word' id='word_1_708' title='bbox 3161 3967 3193 4004; x_wconf 91' lang='lat' dir='ltr'><strong><em>a</em></strong></span> <span class='ocrx_word' id='word_1_709' title='bbox 3240 3966 3372 4022; x_wconf 88' lang='lat' dir='ltr'><strong><em>pag.</em></strong></span> <span class='ocrx_word' id='word_1_710' title='bbox 3431 3953 3554 4006; x_wconf 84' lang='grc'>631.</span> <span class='ocrx_word' id='word_1_711' title='bbox 3601 3952 3671 4005; x_wconf 90' lang='lat' dir='ltr'><em>In</em></span> 
     </span>
    </p>
   </div>
   <div class='ocr_carea' id='block_1_102' title="bbox 1967 4038 3667 4100">
    <p class='ocr_par' dir='ltr' id='par_1_102' title="bbox 1967 4038 3667 4100">
     <span class='ocr_line' id='line_1_102' title="bbox 1967 4038 3667 4100; baseline -0.004 -1"><span class='ocrx_word' id='word_1_712' title='bbox 1967 4045 2110 4100; x_wconf 88' lang='lat' dir='ltr'><strong><em>Bibl.</em></strong></span> <span class='ocrx_word' id='word_1_713' title='bbox 2161 4043 2305 4096; x_wconf 85' lang='lat' dir='ltr'><strong><em>Eccl.</em></strong></span> <span class='ocrx_word' id='word_1_714' title='bbox 2347 4041 2418 4096; x_wconf 89' lang='lat' dir='ltr'><strong><em>M.</em></strong></span> <span class='ocrx_word' id='word_1_715' title='bbox 2451 4039 2774 4096; x_wconf 90' lang='lat' dir='ltr'><strong><em>Coloniensi</em></strong></span> <span class='ocrx_word' id='word_1_716' title='bbox 2823 4039 3121 4093; x_wconf 90' lang='lat' dir='ltr'><strong><em>laudatum</em></strong></span> <span class='ocrx_word' id='word_1_717' title='bbox 3172 4038 3403 4094; x_wconf 90' lang='lat' dir='ltr'><strong><em>invenio</em></strong></span> <span class='ocrx_word' id='word_1_718' title='bbox 3451 4038 3667 4093; x_wconf 89' lang='lat' dir='ltr'><strong><em>librum</em></strong></span> 
     </span>
    </p>
   </div>
   <div class='ocr_carea' id='block_1_103' title="bbox 1965 4127 3673 4203">
    <p class='ocr_par' dir='ltr' id='par_1_103' title="bbox 1965 4127 3673 4203">
     <span class='ocr_line' id='line_1_103' title="bbox 1965 4127 3673 4203; baseline -0.004 -13"><span class='ocrx_word' id='word_1_719' title='bbox 1965 4135 2032 4190; x_wconf 89' lang='lat' dir='ltr'><strong><em>de</em></strong></span> <span class='ocrx_word' id='word_1_720' title='bbox 2056 4135 2269 4203; x_wconf 84' lang='lat' dir='ltr'><strong><em>Spiritu</em></strong></span> <span class='ocrx_word' id='word_1_721' title='bbox 2298 4131 2355 4186; x_wconf 92' lang='lat' dir='ltr'><strong><em>S.</em></strong></span> <span class='ocrx_word' id='word_1_722' title='bbox 2379 4147 2446 4184; x_wconf 85' lang='lat' dir='ltr'><strong><em>ex</em></strong></span> <span class='ocrx_word' id='word_1_723' title='bbox 2476 4129 2714 4184; x_wconf 90' lang='lat' dir='ltr'><strong><em>diversis</em></strong></span> <span class='ocrx_word' id='word_1_724' title='bbox 2751 4127 3059 4199; x_wconf 85' lang='lat' dir='ltr'><strong><em>Augustini</em></strong></span> <span class='ocrx_word' id='word_1_725' title='bbox 3084 4131 3310 4182; x_wconf 87' lang='lat' dir='ltr'><strong><em>tractat.</em></strong></span> <span class='ocrx_word' id='word_1_726' title='bbox 3375 4143 3538 4198; x_wconf 85' lang='lat' dir='ltr'><strong><em>super</em></strong></span> <span class='ocrx_word' id='word_1_727' title='bbox 3573 4130 3673 4183; x_wconf 88' lang='lat' dir='ltr'><strong><em>Jo-</em></strong></span> 
     </span>
    </p>
   </div>
   <div class='ocr_carea' id='block_1_104' title="bbox 1971 4215 3671 4288">
    <p class='ocr_par' dir='ltr' id='par_1_104' title="bbox 1971 4215 3671 4288">
     <span class='ocr_line' id='line_1_104' title="bbox 1971 4215 3671 4288; baseline -0.005 -11"><span class='ocrx_word' id='word_1_728' title='bbox 1971 4238 2163 4277; x_wconf 88' lang='lat' dir='ltr'><strong><em>annem</em></strong></span> <span class='ocrx_word' id='word_1_729' title='bbox 2187 4221 2510 4282; x_wconf 90' lang='lat' dir='ltr'><strong><em>collectum,</em></strong></span> <span class='ocrx_word' id='word_1_730' title='bbox 2545 4217 2645 4288; x_wconf 92' lang='lat' dir='ltr'><strong><em>qui</em></strong></span> <span class='ocrx_word' id='word_1_731' title='bbox 2689 4216 2965 4288; x_wconf 87' lang='lat' dir='ltr'><strong><em>prodiisse</em></strong></span> <span class='ocrx_word' id='word_1_732' title='bbox 2996 4215 3207 4270; x_wconf 85' lang='lat' dir='ltr'><strong><em>dicitur</em></strong></span> <span class='ocrx_word' id='word_1_733' title='bbox 3246 4216 3480 4271; x_wconf 74' lang='lat' dir='ltr'><strong><em>Basileze</em></strong></span> <span class='ocrx_word' id='word_1_734' title='bbox 3530 4220 3671 4271; x_wconf 70' lang='lat'><strong><em>1578</em></strong></span> 
     </span>
    </p>
   </div>
   <div class='ocr_carea' id='block_1_105' title="bbox 1899 4294 3671 4375">
    <p class='ocr_par' dir='ltr' id='par_1_105' title="bbox 1899 4294 3671 4375">
     <span class='ocr_line' id='line_1_105' title="bbox 1899 4294 3671 4375; baseline -0.004 -10"><span class='ocrx_word' id='word_1_735' title='bbox 1899 4294 1943 4348; x_wconf 79' lang='grc' dir='ltr'><strong><em>Ῑ)</em></strong></span> <span class='ocrx_word' id='word_1_736' title='bbox 1973 4311 2066 4366; x_wconf 90' lang='lat' dir='ltr'><strong><em>Gr.</em></strong></span> <span class='ocrx_word' id='word_1_737' title='bbox 2097 4310 2213 4363; x_wconf 88' lang='lat' dir='ltr'><strong><em>Lat.</em></strong></span> <span class='ocrx_word' id='word_1_738' title='bbox 2265 4309 2341 4362; x_wconf 83' lang='lat' dir='ltr'><strong>Ex</strong></span> <span class='ocrx_word' id='word_1_739' title='bbox 2370 4306 2459 4360; x_wconf 89' lang='lat' dir='ltr'><strong><em>his</em></strong></span> <span class='ocrx_word' id='word_1_740' title='bbox 2502 4304 2822 4375; x_wconf 88' lang='lat' dir='ltr'><strong><em>intelligere</em></strong></span> <span class='ocrx_word' id='word_1_741' title='bbox 2863 4303 3007 4357; x_wconf 86' lang='lat' dir='ltr'><strong><em>mihi</em></strong></span> <span class='ocrx_word' id='word_1_742' title='bbox 3063 4303 3276 4369; x_wconf 92' lang='lat' dir='ltr'><strong><em>videor,</em></strong></span> <span class='ocrx_word' id='word_1_743' title='bbox 3327 4321 3445 4359; x_wconf 91' lang='lat' dir='ltr'><strong><em>non</em></strong></span> <span class='ocrx_word' id='word_1_744' title='bbox 3490 4305 3671 4359; x_wconf 88' lang='lat' dir='ltr'><strong><em>alium</em></strong></span> 
     </span>
    </p>
   </div>
   <div class='ocr_carea' id='block_1_106' title="bbox 1967 4394 3672 4467">
    <p class='ocr_par' dir='ltr' id='par_1_106' title="bbox 1967 4394 3672 4467">
     <span class='ocr_line' id='line_1_106' title="bbox 1967 4394 3672 4467; baseline -0.004 -13"><span class='ocrx_word' id='word_1_745' title='bbox 1967 4397 2208 4454; x_wconf 90' lang='lat' dir='ltr'><strong><em>indicari</em></strong></span> <span class='ocrx_word' id='word_1_746' title='bbox 2261 4397 2500 4460; x_wconf 88' lang='lat' dir='ltr'><strong><em>librum,</em></strong></span> <span class='ocrx_word' id='word_1_747' title='bbox 2547 4410 2720 4467; x_wconf 88' lang='lat' dir='ltr'><strong><em>quam</em></strong></span> <span class='ocrx_word' id='word_1_748' title='bbox 2792 4394 3107 4448; x_wconf 84' lang='lat' dir='ltr'><strong><em>Leunclavii</em></strong></span> <span class='ocrx_word' id='word_1_749' title='bbox 3150 4395 3494 4462; x_wconf 81' lang='lat' dir='ltr'><strong><em>Legationem</em></strong></span> <span class='ocrx_word' id='word_1_750' title='bbox 3546 4396 3672 4449; x_wconf 80' lang='lat' dir='ltr'><strong><em>Ma-</em></strong></span> 
     </span>
    </p>
   </div>
   <div class='ocr_carea' id='block_1_107' title="bbox 1967 4481 3675 4553">
    <p class='ocr_par' dir='ltr' id='par_1_107' title="bbox 1967 4481 3675 4553">
     <span class='ocr_line' id='line_1_107' title="bbox 1967 4481 3675 4553; baseline -0.002 -11"><span class='ocrx_word' id='word_1_751' title='bbox 1967 4489 2142 4542; x_wconf 89' lang='lat' dir='ltr'><strong><em>nuelis</em></strong></span> <span class='ocrx_word' id='word_1_752' title='bbox 2193 4486 2457 4540; x_wconf 86' lang='lat' dir='ltr'><strong><em>Comneni</em></strong></span> <span class='ocrx_word' id='word_1_753' title='bbox 2499 4483 2574 4538; x_wconf 84' lang='lat' dir='ltr'><strong><em>ad</em></strong></span> <span class='ocrx_word' id='word_1_754' title='bbox 2618 4485 2927 4549; x_wconf 79' lang='lat' dir='ltr'><strong><em>Armenios,</em></strong></span> <span class='ocrx_word' id='word_1_755' title='bbox 2975 4481 3066 4536; x_wconf 90' lang='lat' dir='ltr'><strong><em>cui</em></strong></span> <span class='ocrx_word' id='word_1_756' title='bbox 3096 4481 3319 4553; x_wconf 87' lang='lat' dir='ltr'><strong><em>aliquot</em></strong></span> <span class='ocrx_word' id='word_1_757' title='bbox 3363 4482 3551 4553; x_wconf 83' lang='lat' dir='ltr'><strong><em>capita</em></strong></span> <span class='ocrx_word' id='word_1_758' title='bbox 3601 4484 3675 4538; x_wconf 89' lang='lat' dir='ltr'><strong><em>de</em></strong></span> 
     </span>
    </p>
   </div>
   <div class='ocr_carea' id='block_1_108' title="bbox 1968 4571 3676 4644">
    <p class='ocr_par' dir='ltr' id='par_1_108' title="bbox 1968 4571 3676 4644">
     <span class='ocr_line' id='line_1_108' title="bbox 1968 4571 3676 4644; baseline -0.004 -12"><span class='ocrx_word' id='word_1_759' title='bbox 1968 4575 2245 4633; x_wconf 89' lang='lat' dir='ltr'><strong><em>Trinitate</em></strong></span> <span class='ocrx_word' id='word_1_760' title='bbox 2274 4590 2343 4628; x_wconf 78' lang='lat' dir='ltr'><strong><em>ex</em></strong></span> <span class='ocrx_word' id='word_1_761' title='bbox 2371 4571 2692 4644; x_wconf 81' lang='lat' dir='ltr'><strong><em>Augustino</em></strong></span> <span class='ocrx_word' id='word_1_762' title='bbox 2713 4587 2799 4642; x_wconf 90' lang='lat' dir='ltr'><strong><em>gr.</em></strong></span> <span class='ocrx_word' id='word_1_763' title='bbox 2843 4587 3115 4625; x_wconf 87' lang='lat' dir='ltr'><strong><em>conversa</em></strong></span> <span class='ocrx_word' id='word_1_764' title='bbox 3153 4574 3285 4624; x_wconf 88' lang='lat' dir='ltr'><strong><em>sunt</em></strong></span> <span class='ocrx_word' id='word_1_765' title='bbox 3335 4571 3564 4625; x_wconf 87' lang='lat' dir='ltr'><strong><em>inserta.</em></strong></span> <span class='ocrx_word' id='word_1_766' title='bbox 3603 4575 3676 4628; x_wconf 89' lang='lat' dir='ltr'><strong><em>At</em></strong></span> 
     </span>
    </p>
   </div>
   <div class='ocr_carea' id='block_1_109' title="bbox 1969 4658 3668 4732">
    <p class='ocr_par' dir='ltr' id='par_1_109' title="bbox 1969 4658 3668 4732">
     <span class='ocr_line' id='line_1_109' title="bbox 1969 4658 3668 4732; baseline -0.002 -13"><span class='ocrx_word' id='word_1_767' title='bbox 1969 4665 2015 4718; x_wconf 93' lang='lat' dir='ltr'><strong><em>si</em></strong></span> <span class='ocrx_word' id='word_1_768' title='bbox 2044 4665 2199 4719; x_wconf 92' lang='lat' dir='ltr'><strong><em>hunc</em></strong></span> <span class='ocrx_word' id='word_1_769' title='bbox 2227 4661 2410 4716; x_wconf 87' lang='lat' dir='ltr'><strong><em>voluit</em></strong></span> <span class='ocrx_word' id='word_1_770' title='bbox 2434 4675 2607 4732; x_wconf 88' lang='lat' dir='ltr'><strong><em>quem</em></strong></span> <span class='ocrx_word' id='word_1_771' title='bbox 2636 4663 2841 4714; x_wconf 88' lang='lat' dir='ltr'><strong><em>testem</em></strong></span> <span class='ocrx_word' id='word_1_772' title='bbox 2883 4658 3079 4713; x_wconf 90' lang='lat' dir='ltr'><strong><em>laudat</em></strong></span> <span class='ocrx_word' id='word_1_773' title='bbox 3122 4660 3381 4728; x_wconf 87' lang='lat' dir='ltr'><strong><em>Lipenius</em></strong></span> <span class='ocrx_word' id='word_1_774' title='bbox 3423 4661 3482 4713; x_wconf 86' lang='lat' dir='ltr'><strong><em>in</em></strong></span> <span class='ocrx_word' id='word_1_775' title='bbox 3522 4659 3668 4715; x_wconf 87' lang='lat' dir='ltr'><strong><em>Bibl.</em></strong></span> 
     </span>
    </p>
   </div>
   <div class='ocr_carea' id='block_1_110' title="bbox 1971 4747 3675 4822">
    <p class='ocr_par' dir='ltr' id='par_1_110' title="bbox 1971 4747 3675 4822">
     <span class='ocr_line' id='line_1_110' title="bbox 1971 4747 3675 4822; baseline -0.005 -12"><span class='ocrx_word' id='word_1_776' title='bbox 1971 4756 2150 4809; x_wconf 85' lang='lat' dir='ltr'><strong><em>Theol.</em></strong></span> <span class='ocrx_word' id='word_1_777' title='bbox 2181 4755 2242 4808; x_wconf 90' lang='lat' dir='ltr'><strong><em>T.</em></strong></span> <span class='ocrx_word' id='word_1_778' title='bbox 2272 4753 2344 4820; x_wconf 89' lang='lat' dir='ltr'><strong><em>ll,</em></strong></span> <span class='ocrx_word' id='word_1_779' title='bbox 2391 4767 2447 4822; x_wconf 88' lang='lat' dir='ltr'><strong><em>p.</em></strong></span> <span class='ocrx_word' id='word_1_780' title='bbox 2497 4751 2624 4811; x_wconf 85' lang='lat'><strong><em>783,</em></strong></span> <span class='ocrx_word' id='word_1_781' title='bbox 2669 4747 2885 4802; x_wconf 89' lang='lat' dir='ltr'><strong><em>fallitur</em></strong></span> <span class='ocrx_word' id='word_1_782' title='bbox 2914 4747 3009 4801; x_wconf 90' lang='lat' dir='ltr'><strong><em>ille</em></strong></span> <span class='ocrx_word' id='word_1_783' title='bbox 3064 4747 3327 4817; x_wconf 87' lang='lat' dir='ltr'><strong><em>quidem;</em></strong></span> <span class='ocrx_word' id='word_1_784' title='bbox 3367 4763 3502 4802; x_wconf 90' lang='lat' dir='ltr'><strong><em>nam</em></strong></span> <span class='ocrx_word' id='word_1_785' title='bbox 3557 4748 3675 4803; x_wconf 82' lang='lat' dir='ltr'><strong><em>ista</em></strong></span> 
     </span>
    </p>
   </div>
   <div class='ocr_carea' id='block_1_111' title="bbox 1965 4835 3674 4914">
    <p class='ocr_par' dir='ltr' id='par_1_111' title="bbox 1965 4835 3674 4914">
     <span class='ocr_line' id='line_1_111' title="bbox 1965 4835 3674 4914; baseline -0.002 -18"><span class='ocrx_word' id='word_1_786' title='bbox 1965 4858 2201 4914; x_wconf 90' lang='lat' dir='ltr'><strong><em>prorsus</em></strong></span> <span class='ocrx_word' id='word_1_787' title='bbox 2239 4839 2455 4895; x_wconf 90' lang='lat' dir='ltr'><strong><em>ibidem</em></strong></span> <span class='ocrx_word' id='word_1_788' title='bbox 2498 4853 2614 4891; x_wconf 90' lang='lat' dir='ltr'><strong><em>non</em></strong></span> <span class='ocrx_word' id='word_1_789' title='bbox 2656 4837 2947 4907; x_wconf 88' lang='lat' dir='ltr'><strong><em>leguntur.</em></strong></span> <span class='ocrx_word' id='word_1_790' title='bbox 2997 4835 3194 4890; x_wconf 85' lang='lat' dir='ltr'><strong><em>Nescio</em></strong></span> <span class='ocrx_word' id='word_1_791' title='bbox 3241 4852 3376 4890; x_wconf 90' lang='lat' dir='ltr'><strong><em>vero</em></strong></span> <span class='ocrx_word' id='word_1_792' title='bbox 3433 4852 3506 4890; x_wconf 88' lang='lat' dir='ltr'><strong><em>an</em></strong></span> <span class='ocrx_word' id='word_1_793' title='bbox 3552 4837 3674 4892; x_wconf 90' lang='lat' dir='ltr'><strong><em>huc</em></strong></span> 
     </span>
    </p>
   </div>
   <div class='ocr_carea' id='block_1_112' title="bbox 1967 4922 3669 4998">
    <p class='ocr_par' dir='ltr' id='par_1_112' title="bbox 1967 4922 3669 4998">
     <span class='ocr_line' id='line_1_112' title="bbox 1967 4922 3669 4998; baseline -0.004 -13"><span class='ocrx_word' id='word_1_794' title='bbox 1967 4931 2114 4985; x_wconf 86' lang='lat' dir='ltr'><strong><em>forte</em></strong></span> <span class='ocrx_word' id='word_1_795' title='bbox 2188 4925 2477 4998; x_wconf 88' lang='lat' dir='ltr'><strong><em>pertineat</em></strong></span> <span class='ocrx_word' id='word_1_796' title='bbox 2527 4923 2662 4977; x_wconf 89' lang='lat' dir='ltr'><strong><em>liber</em></strong></span> <span class='ocrx_word' id='word_1_797' title='bbox 2717 4923 3027 4989; x_wconf 79' lang='lat' dir='ltr'><strong><em>Augustini</em></strong></span> <span class='ocrx_word' id='word_1_798' title='bbox 3069 4922 3134 4976; x_wconf 88' lang='lat' dir='ltr'><strong><em>de</em></strong></span> <span class='ocrx_word' id='word_1_799' title='bbox 3180 4923 3396 4992; x_wconf 87' lang='lat' dir='ltr'><strong><em>Spiritu</em></strong></span> <span class='ocrx_word' id='word_1_800' title='bbox 3447 4923 3669 4978; x_wconf 88' lang='lat' dir='ltr'><strong><em>Sancto.</em></strong></span> 
     </span>
    </p>
   </div>
   <div class='ocr_carea' id='block_1_113' title="bbox 1969 5009 3675 5082">
    <p class='ocr_par' dir='ltr' id='par_1_113' title="bbox 1969 5009 3675 5082">
     <span class='ocr_line' id='line_1_113' title="bbox 1969 5009 3675 5082; baseline -0.005 -7"><span class='ocrx_word' id='word_1_801' title='bbox 1969 5019 2186 5075; x_wconf 71' lang='lat' dir='ltr'><strong><em>Genera:</em></strong></span> <span class='ocrx_word' id='word_1_802' title='bbox 2232 5015 2386 5080; x_wconf 69' lang='grc'>1540,</span> <span class='ocrx_word' id='word_1_803' title='bbox 2441 5015 2620 5079; x_wconf 87' lang='lat' dir='ltr'><strong><em>in—8°,</em></strong></span> <span class='ocrx_word' id='word_1_804' title='bbox 2674 5026 2848 5082; x_wconf 90' lang='lat' dir='ltr'><strong><em>quem</em></strong></span> <span class='ocrx_word' id='word_1_805' title='bbox 2895 5009 3115 5081; x_wconf 86' lang='lat' dir='ltr'><strong><em>profert</em></strong></span> <span class='ocrx_word' id='word_1_806' title='bbox 3156 5013 3285 5066; x_wconf 89' lang='lat' dir='ltr'><strong><em>Cat.</em></strong></span> <span class='ocrx_word' id='word_1_807' title='bbox 3331 5011 3482 5066; x_wconf 88' lang='lat' dir='ltr'><strong><em>Bibl.</em></strong></span> <span class='ocrx_word' id='word_1_808' title='bbox 3531 5012 3675 5066; x_wconf 85' lang='lat' dir='ltr'><strong><em>Ber-</em></strong></span> 
     </span>
    </p>
   </div>
   <div class='ocr_carea' id='block_1_114' title="bbox 1965 5104 2488 5174">
    <p class='ocr_par' dir='ltr' id='par_1_114' title="bbox 1965 5104 2488 5174">
     <span class='ocr_line' id='line_1_114' title="bbox 1965 5104 2488 5174; baseline -0.011 -12"><span class='ocrx_word' id='word_1_809' title='bbox 1965 5122 2113 5162; x_wconf 82' lang='lat' dir='ltr'><strong><em>nens.</em></strong></span> <span class='ocrx_word' id='word_1_810' title='bbox 2146 5107 2209 5160; x_wconf 85' lang='grc' dir='ltr'>Τ.</span> <span class='ocrx_word' id='word_1_811' title='bbox 2241 5105 2282 5173; x_wconf 89' lang='grc' dir='ltr'>Ι,</span> <span class='ocrx_word' id='word_1_812' title='bbox 2307 5120 2365 5174; x_wconf 91' lang='lat' dir='ltr'><strong><em>p.</em></strong></span> <span class='ocrx_word' id='word_1_813' title='bbox 2403 5104 2488 5157; x_wconf 89' lang='grc'><strong><em>16.</em></strong></span> 
     </span>
    </p>
   </div>
   <div class='ocr_carea' id='block_1_115' title="bbox 2043 5190 3670 5259">
    <p class='ocr_par' dir='ltr' id='par_1_115' title="bbox 2043 5190 3670 5259">
     <span class='ocr_line' id='line_1_115' title="bbox 2043 5190 3670 5259; baseline -0.002 -9"><span class='ocrx_word' id='word_1_814' title='bbox 2043 5198 2200 5250; x_wconf 78' lang='grc'>1670.</span> <span class='ocrx_word' id='word_1_815' title='bbox 2241 5195 2435 5259; x_wconf 89' lang='lat' dir='ltr'><strong><em>Paris,</em></strong></span> <span class='ocrx_word' id='word_1_816' title='bbox 2493 5193 2619 5247; x_wconf 83' lang='lat' dir='ltr'><strong><em>chez</em></strong></span> <span class='ocrx_word' id='word_1_817' title='bbox 2687 5190 3028 5259; x_wconf 86' lang='lat' dir='ltr'><strong><em>Jean-Bapt.</em></strong></span> <span class='ocrx_word' id='word_1_818' title='bbox 3089 5190 3409 5259; x_wconf 83' lang='lat' dir='ltr'><strong><em>Coignard;</em></strong></span> <span class='ocrx_word' id='word_1_819' title='bbox 3478 5192 3670 5247; x_wconf 66' lang='grc' dir='ltr'><strong><em>ἐτι-12.</em></strong></span> 
     </span>
    </p>
   </div>
   <div class='ocr_carea' id='block_1_116' title="bbox 1969 5278 3677 5352">
    <p class='ocr_par' dir='ltr' id='par_1_116' title="bbox 1969 5278 3677 5352">
     <span class='ocr_line' id='line_1_116' title="bbox 1969 5278 3677 5352; baseline 0 -16"><span class='ocrx_word' id='word_1_820' title='bbox 1969 5303 1998 5336; x_wconf 74' lang='grc' dir='ltr'><strong><em>α</em></strong></span> <span class='ocrx_word' id='word_1_821' title='bbox 2031 5282 2314 5338; x_wconf 85' lang='lat' dir='ltr'><strong><em>Homelies</em></strong></span> <span class='ocrx_word' id='word_1_822' title='bbox 2367 5281 2436 5335; x_wconf 89' lang='lat' dir='ltr'><strong><em>de</em></strong></span> <span class='ocrx_word' id='word_1_823' title='bbox 2477 5281 2534 5335; x_wconf 89' lang='lat' dir='ltr'><strong><em>S.</em></strong></span> <span class='ocrx_word' id='word_1_824' title='bbox 2568 5278 2850 5350; x_wconf 84' lang='lat' dir='ltr'><strong><em>Augustin</em></strong></span> <span class='ocrx_word' id='word_1_825' title='bbox 2897 5295 2995 5333; x_wconf 91' lang='lat' dir='ltr'><strong><em>sur</em></strong></span> <span class='ocrx_word' id='word_1_826' title='bbox 3020 5279 3078 5335; x_wconf 88' lang='lat' dir='ltr'><strong><em>1a</em></strong></span> <span class='ocrx_word' id='word_1_827' title='bbox 3131 5280 3415 5349; x_wconf 89' lang='lat' dir='ltr'><strong><em>premiere</em></strong></span> <span class='ocrx_word' id='word_1_828' title='bbox 3448 5280 3677 5352; x_wconf 85' lang='lat' dir='ltr'><strong><em>Epistre</em></strong></span> 
     </span>
    </p>
   </div>
   <div class='ocr_carea' id='block_1_117' title="bbox 1968 5367 2995 5436">
    <p class='ocr_par' dir='ltr' id='par_1_117' title="bbox 1968 5367 2995 5436">
     <span class='ocr_line' id='line_1_117' title="bbox 1968 5367 2995 5436; baseline -0.005 -10"><span class='ocrx_word' id='word_1_829' title='bbox 1968 5371 2037 5426; x_wconf 90' lang='lat' dir='ltr'><strong><em>de</em></strong></span> <span class='ocrx_word' id='word_1_830' title='bbox 2066 5371 2120 5428; x_wconf 92' lang='lat' dir='ltr'><strong><em>S.</em></strong></span> <span class='ocrx_word' id='word_1_831' title='bbox 2153 5373 2326 5436; x_wconf 87' lang='lat' dir='ltr'><strong><em>Jean;</em></strong></span> <span class='ocrx_word' id='word_1_832' title='bbox 2357 5367 2680 5424; x_wconf 88' lang='lat' dir='ltr'><strong><em>traduction</em></strong></span> <span class='ocrx_word' id='word_1_833' title='bbox 2709 5368 2995 5422; x_wconf 87' lang='lat' dir='ltr'><strong><em>nouvelle.</em></strong></span> 
     </span>
    </p>
   </div>
   <div class='ocr_carea' id='block_1_118' title="bbox 2043 5457 3680 5528">
    <p class='ocr_par' dir='ltr' id='par_1_118' title="bbox 2043 5457 3680 5528">
     <span class='ocr_line' id='line_1_118' title="bbox 2043 5457 3680 5528; baseline -0.001 -14"><span class='ocrx_word' id='word_1_834' title='bbox 2043 5462 2197 5514; x_wconf 80' lang='grc'>1700.</span> <span class='ocrx_word' id='word_1_835' title='bbox 2254 5461 2434 5528; x_wconf 88' lang='lat' dir='ltr'><strong><em>Paris,</em></strong></span> <span class='ocrx_word' id='word_1_836' title='bbox 2483 5459 2609 5513; x_wconf 76' lang='lat' dir='ltr'><strong><em>chez</em></strong></span> <span class='ocrx_word' id='word_1_837' title='bbox 2660 5457 3004 5528; x_wconf 87' lang='lat' dir='ltr'><strong><em>Jean-Bapt.</em></strong></span> <span class='ocrx_word' id='word_1_838' title='bbox 3037 5457 3354 5525; x_wconf 84' lang='lat' dir='ltr'><strong><em>Coignard;</em></strong></span> <span class='ocrx_word' id='word_1_839' title='bbox 3393 5458 3537 5526; x_wconf 89' lang='lat' dir='ltr'><strong><em>in-8,</em></strong></span> <span class='ocrx_word' id='word_1_840' title='bbox 3581 5459 3680 5512; x_wconf 87' lang='lat' dir='ltr'><em>IV</em></span> 
     </span>
    </p>
   </div>
   <div class='ocr_carea' id='block_1_119' title="bbox 1967 5549 3674 5624">
    <p class='ocr_par' dir='ltr' id='par_1_119' title="bbox 1967 5549 3674 5624">
     <span class='ocr_line' id='line_1_119' title="bbox 1967 5549 3674 5624; baseline -0.004 -14"><span class='ocrx_word' id='word_1_841' title='bbox 1967 5556 2093 5610; x_wconf 87' lang='grc' dir='ltr'><strong><em>υοιι.</em></strong></span> <span class='ocrx_word' id='word_1_842' title='bbox 2129 5574 2155 5604; x_wconf 86' lang='grc'><strong><em>‹‹</em></strong></span> <span class='ocrx_word' id='word_1_843' title='bbox 2200 5556 2300 5610; x_wconf 86' lang='lat' dir='ltr'><strong><em>Les</em></strong></span> <span class='ocrx_word' id='word_1_844' title='bbox 2321 5553 2520 5608; x_wconf 86' lang='lat' dir='ltr'><strong><em>traitez</em></strong></span> <span class='ocrx_word' id='word_1_845' title='bbox 2551 5553 2621 5608; x_wconf 88' lang='lat' dir='ltr'><strong><em>de</em></strong></span> <span class='ocrx_word' id='word_1_846' title='bbox 2661 5552 2717 5608; x_wconf 90' lang='lat' dir='ltr'><strong><em>S.</em></strong></span> <span class='ocrx_word' id='word_1_847' title='bbox 2765 5551 3047 5624; x_wconf 87' lang='lat' dir='ltr'><strong><em>Augustin</em></strong></span> <span class='ocrx_word' id='word_1_848' title='bbox 3099 5565 3197 5604; x_wconf 88' lang='lat' dir='ltr'><strong><em>sur</em></strong></span> <span class='ocrx_word' id='word_1_849' title='bbox 3242 5549 3553 5620; x_wconf 86' lang='lat' dir='ltr'><strong><em>l’Evangile</em></strong></span> <span class='ocrx_word' id='word_1_850' title='bbox 3590 5549 3674 5604; x_wconf 90' lang='lat' dir='ltr'><strong><em>du</em></strong></span> 
     </span>
    </p>
   </div>
  </div>
