4044 6190
232 317 329 367 161

1149 320 1155 325 “
1263 310 1538 367 NOTITIA
1579 312 1997 369 LITTERARIA
2035 314 2106 368 IN
2146 315 2203 369 S.
2243 312 2715 369 AUGUSTINUM.

3648 317 3747 368 162

228 433 286 489 S.
321 434 461 488 Iean
482 437 543 487 et
569 448 676 486 son
707 432 926 502 Epistre
955 447 1065 486 aux
1096 431 1352 503 Parthes,
1383 434 1627 488 traduits
1667 450 1738 488 en
1781 433 1935 488 fran-
1975 434 2017 487 A
2046 435 2148 489 tali
2173 436 2293 491 viro
2342 435 2655 507 exspectari
2712 450 2830 488 non
2887 438 3128 505 poterat,
3190 435 3287 489 sed
3337 438 3398 489 ut
3424 435 3612 490 denuo
3641 436 3747 491 sub

228 523 347 591 cois
379 539 477 575 sur
507 522 762 576 l‘édition
784 522 881 574 des
916 523 1016 575 PP.
1052 520 1430 587 Bénédictins,
1482 538 1615 576 avec
1659 524 1757 577 des
1785 540 1936 576 som-

229 628 283 663 m
310 613 441 662 uires
473 615 503 662 ἐι
538 613 587 662 la
622 627 837 675 margo»,
874 627 976 679 par
1016 613 1265 679 Philippe
1309 612 1584 666 Goisbaud
1614 613 1686 666 du
1738 615 1880 668 Bois.
1906 632 1934 661 ι)

223 702 384 755 XXX.
416 701 617 769 —(8’+)
680 702 749 753 De
799 700 999 752 Gratia
1054 699 1263 752 Christi
1319 705 1367 753 et
1417 702 1629 755 Peccato
1677 704 1939 768 originali

627 794 813 842 contra
857 790 1132 855 Pelagium
1154 793 1203 841 et
1230 790 1543 845 Calestium.

303 879 798 944 1687.Moguntiaz,
841 879 991 946 typis
1035 879 1184 931 Petri
1212 880 1495 945 Hermans,
1561 881 1735 933 ἱνα-8ο.
1797 879 1940 933 Lber

227 966 358 1019 Divi
388 968 529 1019 Aur.
565 966 892 1035 Augustini,
928 966 1103 1036 Hipp.
1145 965 1322 1035 episc.
1387 970 1582 1019 contra
1642 966 1939 1036 Pelagium

224 1060 282 1108 et
316 1053 644 1109 Caelestium
677 1054 746 1108 de
799 1054 988 1108 Gratia
1036 1053 1261 1117 Christi,
1296 1054 1715 1109 Commentario
1780 1055 1939 1108 brevi

222 1148 286 1196 et
318 1141 596 1196 continuo
628 1142 943 1196 illustratus
992 1159 1025 1195 a
1065 1143 1131 1197 Β.
1192 1143 1252 1195 Ρ.
1314 1143 1501 1197 Carolo
1545 1145 1786 1213 Josepho
1820 1146 1941 1198 Tri-

218 1234 463 1299 cassino,
500 1231 624 1284 ord.
677 1230 859 1284 Fratr.
905 1230 1036 1285 Min.
1098 1230 1367 1300 Capucin.
1411 1231 1463 1286 S.
1519 1231 1796 1286 Francisci
1855 1232 1933 1285 Cf.

219 1320 353 1373 Act.
388 1318 563 1372 Erud.
593 1320 743 1387 Lips.
790 1319 982 1387 Suppl.
1016 1319 1077 1371 T.
1113 1318 1154 1383 Ι,
1188 1334 1245 1388 p.
1284 1320 1403 1372 134.

299 1408 389 1462 Ad
423 1410 575 1462 hunc
603 1406 906 1477 Augustini
958 1407 1170 1461 librum
1223 1410 1439 1477 spectat
1484 1405 1718 1460 editoris
1768 1407 1935 1473 liber,

225 1499 437 1550 Gratia
486 1498 685 1565 efﬁcax
726 1497 972 1562 refutatu
1011 1512 1078 1549 ea:
1123 1494 1277 1550 libris
1342 1496 1398 1550 S.
1455 1497 1776 1564 Augustini,
1835 1511 1938 1565 per

224 1584 499 1637 eumdem
534 1585 960 1654 typographum
991 1583 1098 1637 hoc
1124 1584 1246 1654 ipso
1278 1599 1430 1637 anno
1455 1600 1714 1650 excusas,
1765 1600 1935 1654 quem

226 1677 532 1725 recensent
584 1674 728 1727 Acta
769 1673 942 1727 Erud.
1002 1674 1110 1725 vol.
1169 1672 1296 1728 eod.
1346 1675 1702 1742 p.128-133,
1763 1672 1934 1743 idque

226 1760 548 1814 intendisse
574 1766 865 1814 auctorem
894 1761 1205 1826 declarant,
1239 1760 1575 1831 Pelagianos
1622 1762 1691 1815 ab
1735 1764 1935 1832 Augu-

229 1848 383 1901 stino
449 1852 753 1918 propterea
820 1849 1071 1902 haeresos
1118 1848 1291 1903 fuisse
1341 1849 1727 1918 insimulatos,
1784 1851 1938 1921 quod

230 1936 455 1991 nullam
486 1936 723 1990 omnino
756 1937 997 2006 gratiam
1030 1937 1130 1991 Dei
1159 1938 1523 1992 admitterent
1550 1939 1610 1991 in
1650 1939 1939 1993 voluntate

228 2025 634 2092 necessariam,
668 2041 785 2080 non
814 2042 947 2079 vero
976 2026 1063 2080 ob‘
1098 2024 1175 2089 id,
1207 2028 1360 2098 quod
1406 2027 1648 2097 gratiam
1681 2044 1805 2081 eam
1852 2028 1938 2081 in-

229 2116 617 2181 differentem,
652 2131 754 2168 seu
800 2115 994 2182 talem,
1046 2116 1137 2169 cui
1194 2116 1454 2169 voluntas
1509 2116 1781 2183 humana,
1839 2133 1939 2170 seu

229 2205 652 2274 obtemperare,
685 2219 785 2258 seu
837 2203 1097 2257 resistere
1153 2208 1364 2273 posset,
1415 2208 1747 2258 statuerent.
1783 2204 1939 2258 Idem

227 2292 352 2347 fore
390 2294 736 2346 Tricassinus
781 2291 903 2361 jam
934 2296 1063 2347 ante
1093 2290 1152 2343 in
1181 2290 1324 2344 libro
1364 2290 1448 2344 De
1493 2292 1708 2344 Natura
1732 2293 1941 2360 peccati

230 2382 547 2448 originalis,
574 2380 865 2435 secundum
890 2385 1116 2434 mentem
1143 2380 1201 2434 S.
1255 2378 1574 2446 Augustini,
1627 2383 1730 2433 etc.
1785 2380 1937 2433 edito

231 2472 471 2523 Parisiis
554 2471 709 2534 1677,
786 2467 960 2537 ἱη-4ο,
1042 2468 1330 2521 docuerat.
1400 2467 1679 2521 Caeterum
1730 2470 1941 2521 Auctor

231 2558 494 2612 Colensis
533 2573 649 2611 non
679 2559 990 2624 Moguntiaa,
1034 2556 1127 2611 sed
1188 2558 1390 2622 Trecis,
1460 2556 1610 2610 unde
1659 2557 1939 2611 oriundus

232 2652 355 2701 erat
400 2648 764 2713 Tricassinus,
798 2662 929 2699 eum
958 2645 1301 2715 impressum
1331 2645 1632 2700 existimat.

986 2735 1193 2787 Versio.

305 2826 467 2877 i738.
492 2824 674 2888 Paris,
706 2823 830 2876 cher.
856 2824 1051 2877 Franc.
1087 2822 1321 2890 Babuty,
1361 2824 1551 2877 in—t2.
1595 2841 1623 2873 »
1658 2823 1759 2876 Les
1790 2822 1939 2876 deux

228 2913 403 2968 livres
438 2913 506 2966 de
534 2911 589 2965 S.
623 2910 921 2982 Augustin,
956 2910 1026 2964 de
1076 2911 1129 2963 la
1182 2911 1353 2965 Grece
1411 2910 1480 2964 de
1539 2912 1586 2965 J.
1638 2910 1697 2965 C.
1758 2914 1812 2963 et
1861 2910 1934 2963 du

2045 524 2325 594 judicium
2354 525 2613 579 eamdem
2662 528 2951 577 revocaret
2983 527 3038 577 et
3088 523 3158 576 ab
3199 523 3357 577 omni
3407 529 3570 593 parte
3615 541 3753 595 per»

2047 630 2281 684 pensam
2312 618 2676 684 proponeret.
2738 612 2917 666 Facile
2966 617 3159 665 tamen
3218 617 3545 682 temporum
3574 612 3744 665 -ratio

2048 703 2281 757 suadere
2336 706 2558 774 poterat
2612 706 2673 754 ut
2747 716 2955 753 nomen
3049 699 3281 753 invidiae
3354 700 3735 755 subtraheret.

2046 793 2233 846 Liceat
2263 808 2414 845 nunc
2445 791 2673 844 brevem
2722 787 3125 858 disputationis
3182 788 3302 856 ejus
3356 795 3745 859 conspectum,

2046 880 2533 951 quemadmodum
2564 895 2594 931 a
2620 877 2765 930 Frib.
2798 877 2993 929 Bened.
3027 878 3320 944 Carpzovio
3368 892 3472 947 per
3509 894 3748 933 examen

2045 970 2217 1039 hujus
2248 968 2381 1021 libri
2408 967 2469 1020 in
2505 968 2665 1021 Actis
2695 964 2866 1018 Eruci.
2900 965 3048 1032 Lips.
3086 967 3245 1029 1798,
3302 982 3360 1036 p.
3412 968 3538 1028 340.
3602 967 3746 1021 deli-

2047 1061 2247 1111 neatus
2278 1061 2381 1122 est,
2414 1055 2779 1125 subjungere.
2844 1072 2871 1103 «
2906 1051 3185 1118 Primum,
3226 1053 3435 1123 inquit,
3486 1054 3745 1108 animad-

2046 1145 2213 1199 vertit
2241 1144 2569 1209 Schilterus,
2603 1140 3045 1196 controversiam
3086 1156 3206 1194 esse
3265 1141 3548 1211 duplicem
3583 1159 3595 1196 :
3657 1143 3745 1197 a1-

2047 1236 2228 1285 teram
2258 1231 2323 1284 de
2362 1230 2490 1298 jure
2523 1229 2899 1295 divortiorum,
2956 1244 3085 1298 quae
3140 1228 3490 1297 Augustinus
3538 1228 3649 1281 nisi
3679 1244 3746 1283 ex

2052 1335 2224 1373 causa
2283 1318 2551 1373 adulterii
2617 1317 2871 1388 negabat
2937 1332 3060 1371 esse
3114 1315 3427 1387 permissa;
3479 1318 3656 1371 altera
3683 1317 3749 1372 de

2034 1410 2162 1478 jure
2191 1411 2388 1462 iterum
2434 1406 2690 1474 nubendi,
2726 1406 2879 1475 quod
2906 1404 3275 1476 Augustinus,
3307 1405 3525 1459 vivente
3572 1407 3749 1460 altera

2046 1501 2227 1565 parte,
2260 1495 2522 1549 concedit
2549 1494 2789 1559 nemini,
2824 1510 2893 1548 ne
2925 1493 3160 1563 quidem
3207 1509 3276 1546 ex
3326 1509 3494 1547 causa
3522 1493 3748 1547 adulte-

2046 1583 2149 1637 rii:
2219 1583 2329 1637 nisi
2384 1582 2538 1653 quod
2586 1599 2709 1652 cap.
2761 1584 2791 1635 6
2850 1582 3060 1648 innuit,
3124 1581 3472 1636 Christianos
3526 1586 3751 1635 tantum

2047 1670 2316 1740 conjuges
2367 1671 2473 1723 hoc
2528 1674 2814 1740 praecepto
2875 1669 3088 1734 teneri;
3149 1669 3301 1722 unde
3369 1668 3623 1739 colligas,
3678 1668 3750 1722 ab

2050 1760 2310 1813 adultero
2368 1775 2486 1812 non
2544 1758 2860 1812 Christiano
2917 1756 3225 1810 discedenti
3280 1756 3507 1826 nuptias
3547 1773 3752 1811 secun-

2050 1848 2149 1902 das
2204 1847 2397 1901 minus
2471 1846 2643 1900 fuisse
2699 1844 3045 1899 interdictas.
3102 1845 3444 1898 Pollentium
3503 1861 3637 1899 vero
3691 1846 3752 1899 in

2050 1936 2229 2007 priori
2267 1928 2585 2007 quaestione
2615 1936 2727 1989 labi
2756 1935 2916 1988 docet
2945 1938 3214 1987 notarum
3271 1939 3488 2000 auctor,
3545 1936 3751 2004 abrep-

2050 2031 2174 2079 tum
2201 2026 2567 2079 Hebraeorum
2600 2025 3109 2093 Romanorumque
3127 2022 3385 2077 moribus
3415 2040 3478 2076 ac
3503 2024 3748 2093 legibus,

2050 2114 2257 2185 quibus
2312 2113 2689 2167 divortiorum
2734 2112 2965 2166 licentia
3021 2111 3354 2165 invaluerat.
3389 2113 3451 2165 In
3479 2112 3583 2165 hac
3613 2128 3750 2183 ergo

2047 2208 2211 2273 parte
2242 2201 2600 2272 triumphare
2629 2199 2934 2271 Augustini
2974 2199 3295 2253 facundiam
3324 2204 3381 2253 et
3420 2199 3751 2270 disputandi

2048 2291 2446 2356 subtilitatem,
2495 2290 2627 2343 licet
2683 2288 3035 2361 argumentis
3089 2287 3211 2359 ejus
3261 2303 3377 2341 non
3421 2286 3482 2342 id
3526 2305 3753 2359 semper

2048 2379 2402 2445 conﬁciatur,
2436 2379 2590 2448 quod
2618 2378 2729 2432 illis
2752 2378 3022 2448 colligere
3062 2376 3217 2431 velit.
3250 2376 3339 2432 Sic
3366 2378 3555 2432 locum
3585 2378 3752 2433 illum

2051 2468 2352 2523 Paulinum
2384 2468 2406 2520 Ι
2439 2468 2564 2521 Cor.
2601 2467 2716 2533 VlI,
2756 2469 2840 2533 10,
2877 2470 2963 2533 ll,
3017 2482 3122 2520 nec
3168 2466 3237 2520 ab
3272 2467 3613 2537 Augustino,
3646 2483 3753 2523 nec

2048 2573 2080 2611 a
2100 2556 2383 2611 Pollentio
2423 2560 2576 2610 recte
2607 2555 2733 2625 capi
2765 2559 2820 2609 et
2851 2554 3121 2625 explicari
3162 2554 3443 2609 observat.
3474 2556 3751 2626 Augusti-

2048 2661 2187 2698 num
2239 2661 2306 2698 ex
2357 2644 2729 2715 praejudicata
2777 2643 3048 2713 opinione
3095 2644 3419 2705 mulierem,
3484 2660 3612 2714 quae
3662 2645 3751 2699 di-

2047 2732 2239 2787 scedat
2280 2750 2312 2787 a
2340 2732 2482 2799 viro,
2522 2731 2777 2802 accipere
2826 2732 2895 2786 de
2949 2749 3034 2798 ea,
3100 2749 3229 2802 qua:
3287 2732 3360 2785 ob
3409 2733 3755 2787 adulterium

2047 2821 2292 2875 divortat
2322 2824 2420 2874 aut
2448 2819 2801 2890 repudietur,
2840 2824 3010 2890 atque
3063 2820 3224 2884 adeo,
3283 2826 3344 2873 ut
3402 2820 3611 2874 scholae
3663 2821 3750 2874 lo-

2048 2914 2325 2980 quuntur,
2348 2913 2543 2979 petere
2574 2907 2940 2978 principium.
2973 2908 3319 2963 Pollentium
3350 2912 3567 2974 contra,
3623 2924 3752 2980 qua:

229 3000 414 3056 Peché
447 2999 714 3070 origine],
743 2998 955 3053 traduit
1010 3014 1081 3052 en
1103 2998 1349 3067 francois
1410 3015 1507 3052 sur
1552 2997 1807 3052 l’édition
1841 2998 1937 3053 des
1966 3019 2006 3074 ρ
2045 2997 2349 3067 Apostolus
2409 2996 2469 3050 in
2519 3012 2646 3049 eam
2695 2994 3085 3049 conditionem
3137 2995 3409 3062 conferat,
3464 2996 3510 3049 si
3580 2996 3745 3063 ﬁant,

232 3092 337 3145 PP.
370 3088 737 3144 Bénédictins
760 3088 830 3143 de
872 3088 930 3141 la
960 3088 1381 3158 Congrégation
1413 3087 1481 3141 de
1511 3087 1565 3140 S.
1600 3087 1775 3140 Maur.
1803 3105 1829 3136 »

297 3179 485 3232 XXXI.
523 3207 583 3217 —
624 3178 732 3247 (93)
786 3177 869 3230 De
939 3177 1216 3246 Conjugiis
1294 3175 1616 3229 adulterinis
1685 3174 1816 3228 libri
1864 3175 1936 3228 II.

306 3269 466 3321 1698.
518 3268 672 3331 Ῑθηω,
727 3281 827 3335 per
868 3269 1025 3320 Joan.
1087 3265 1398 3331 Bielkium;
1444 3265 1617 3318 iri—40.
1681 3264 1745 3317 D.
1798 3265 1935 3316 Aur.

232 3355 542 3428 Augustini
572 3354 704 3409 libri
731 3355 843 3409 duo
876 3355 945 3409 de
976 3353 1314 3409 adulterinis
1362 3352 1640 3424 conjugiis
1686 3351 1757 3406 ad
1806 3352 1940 3406 Pol-

230 3445 496 3507 lentium,
532 3460 662 3498 cum
693 3443 843 3497 notis
871 3442 1267 3513 jurisconsulti
1305 3442 1681 3508 celeberrimi,
1731 3440 1940 3512 quibus

230 3535 445 3606 dogma
498 3531 759 3587 Ecclesiae
834 3531 903 3586 de
958 3530 1309 3586 matrimonii
1366 3529 1741 3585 dissolutione
1800 3529 1937 3583 illu-

233 3629 471 3679 stratur.

298 3716 520 3768 Auctor
558 3713 827 3765 notarum
880 3709 1062 3763 fertur
1108 3708 1342 3763 Joannes
1395 3708 1711 3777 Schilterus,
1774 3712 1937 3763 ante-

231 3818 421 3857 cessor
468 3800 760 3873 quondam
815 3797 1335 3870 Argentoratensis,
1401 3797 1633 3868 ingenio
1664 3812 1827 3867 teque
1876 3813 1941 3851 ac

232 3890 494 3945 doctrina
518 3890 667 3943 inter
698 3887 1135 3958 jurisconsultos
1165 3885 1439 3953 eminens,
1497 3886 1677 3940 edidit
1705 3901 1837 3939 vero
1885 3889 1943 3939 et

230 3980 505 4051 praefatus
553 3988 636 4032 est
691 3977 946 4045 Georgius
986 3975 1339 4042 Schubartus,
1396 3974 1806 4029 humaniorum
1853 3972 1943 4027 lit-

230 4075 488 4123 terarum
569 4070 706 4120 tunc
764 4064 1039 4135 temporis
1101 4064 1250 4135 apud
1316 4064 1582 4117 Ienenses
1638 4062 1937 4133 professor.

232 4156 601 4213 Occasionem
628 4154 776 4208 libro
803 4168 1148 4223 causamque
1197 4150 1370 4204 simul
1425 4166 1525 4203 cur
1561 4149 1739 4203 latere
1769 4149 1943 4203 Schil-

232 4252 393 4300 terus
422 4242 629 4309 voluit,
684 4242 904 4297 dedisse
942 4242 1129 4296 ferunt
1187 4241 1427 4294 Ulricum
1480 4239 1817 4305 Obrechtum,
1860 4238 1942 4290 vi-

2046 3102 2191 3156 pure
2222 3085 2500 3155 accipere,
2534 3101 2599 3138 ac
2628 3083 2675 3138 si
2702 3083 2852 3137 licite
2896 3083 3024 3137 ﬁeri
3054 3088 3315 3153 possunt,
3366 3089 3540 3154 atque
3571 3084 3742 3151 adeo,

2048 3190 2177 3245 quae
2198 3174 2263 3227 de
2298 3176 2444 3239 facto
2479 3172 2767 3239 dicuntur,
2797 3187 3104 3243 perperam
3141 3171 3205 3226 de
3244 3172 3371 3241 jure
3400 3172 3743 3243 intelligere.

2052 3265 2119 3317 In
2160 3264 2341 3317 altera
2369 3279 2503 3317 vero
2558 3266 2719 3332 parte
2782 3262 3199 3327 controversiae,
3232 3277 3345 3331 qua
3372 3261 3441 3316 de
3481 3262 3613 3331 jure
3645 3262 3745 3316 ite-

2048 3368 2178 3406 rum
2218 3350 2499 3418 nubendi,
2548 3350 2596 3404 si
2649 3350 2861 3404 factum
2920 3355 3004 3404 est
3051 3350 3383 3420 divortium,
3450 3350 3750 3422 quaeritur,

2046 3440 2433 3511 Augustinum
2500 3439 2622 3493 sine
2675 3456 2845 3493 causa
2903 3440 2972 3493 ab
3026 3439 3241 3509 apertis
3312 3440 3519 3494 Christi
3564 3439 3751 3494 verbis

2047 3530 2238 3585 Matth.
2268 3546 2324 3597 v,
2356 3532 2442 3595 32,
2498 3528 2806 3594 discedere,
2868 3528 3064 3599 eisque
3115 3528 3231 3582 vim
3283 3527 3494 3583 inferre
3553 3531 3753 3593 notat;

2048 3636 2177 3674 cum
2208 3635 2295 3683 ea,
2352 3634 2481 3689 qua:
2528 3616 2822 3688 particulis
2883 3616 3186 3687 exceptivis
3243 3618 3459 3688 regulae
3497 3617 3754 3672 eximun-

2046 3712 2159 3771 tur,
2218 3723 2336 3761 non
2409 3706 2469 3759 in
2518 3706 2633 3759 vim
2687 3704 3052 3776 exceptionis,
3109 3705 3205 3760 sed
3265 3706 3508 3777 exempli
3568 3707 3755 3760 valere

2048 3796 2202 3862 velit,
2242 3794 2421 3849 invito
2453 3811 2621 3849 sensu
2655 3794 2969 3861 communi,
2994 3794 3277 3864 rectisque
3333 3794 3752 3865 interpretandi

2047 3884 2281 3955 regulis,
2314 3884 2383 3938 ad
2417 3884 2832 3951 Grammaticaz,
2894 3884 3137 3954 Logicaa,
3195 3884 3577 3955 subjectaeque
3636 3900 3755 3938 ma-

2048 3974 2209 4028 teriae
2237 3973 2523 4043 principia
2552 3973 2845 4026 revocatis.
2881 3973 3076 4043 Neque
3106 3973 3358 4043 reliquas
3404 3974 3526 4043 ejus
3581 3972 3755 4026 ratio-

2051 4076 2151 4113 nes
2176 4059 2257 4113 ita
2282 4075 2401 4112 esse
2459 4063 2837 4129 comparatas,
2898 4062 2961 4111 ut
3007 4074 3109 4111 nos
3165 4063 3370 4128 cogant
3423 4059 3494 4113 ad
3523 4063 3752 4113 contor-

2050 4153 2167 4202 tam
2195 4147 2725 4218 interpretationem
2784 4146 3091 4200 verborum
3147 4146 3583 4216 perspicuorum
3614 4164 3750 4202 con-

2048 4236 2268 4307 fugere,
2312 4236 2536 4290 evoluto
2556 4235 2831 4306 cujusque
2865 4235 3190 4305 argumenti
3227 4236 3616 4307 paralogismo
3650 4236 3753 4290 de-

230 4351 360 4389 rum
406 4332 657 4403 eleganti
690 4330 950 4386 doctrina
979 4334 1034 4384 et
1082 4328 1279 4383 multis
1311 4327 1477 4382 editis
1533 4326 1756 4398 scriptis
1804 4330 1942 4380 tunc
1982 4312 2348 4379 l)monstrat.
2408 4325 2539 4378 Hinc
2568 4324 2684 4378 fere
2747 4328 2896 4386 sunt,
2944 4336 3081 4394 qua:
3127 4323 3305 4394 priori
3359 4324 3505 4378 libro
3564 4323 3757 4395 dispu-

231 4422 386 4494 apud
428 4424 941 4491 Argentoratenses
987 4417 1292 4489 insignem.
1326 4416 1435 4481 Qui
1482 4433 1613 4470 cum
1644 4420 1933 4487 Argento-

229 4518 353 4567 rato
376 4511 521 4565 urbe
569 4510 629 4563 in
657 4512 995 4580 potestatem
1028 4506 1294 4562 Ludovici
1348 4506 1463 4559 XIV
1500 4505 1725 4559 redacta
1752 4503 1932 4558 lesui-

230 4606 422 4655 tarum
506 4597 863 4669 captionibus
920 4597 981 4650 in
1028 4600 1209 4650 castra
1264 4594 1560 4649 Pontiﬁcia
1611 4597 1757 4648 esset
1811 4594 1934 4664 pel-

231 4691 433 4755 lectus,
514 4688 688 4758 idque
748 4686 954 4741 deinde
1017 4683 1243 4756 praemii
1299 4682 1544 4749 tulisset,
1596 4687 1661 4736 ut
1712 4682 1935 4737 senatui

232 4776 697 4850 Argentoratensi
719 4774 978 4846 praasidis
1019 4773 1255 4828 nomine
1280 4789 1313 4827 a
1360 4788 1494 4842 rege
1526 4771 1933 4841 praeﬁceretur,

232 4883 454 4922 morem
498 4866 557 4919 in
600 4864 832 4935 judiciis
881 4868 1193 4933 receptum,
1249 4861 1615 4916 matrimonia
1669 4861 1937 4915 adulterii

231 4973 402 5011 causa
453 4953 824 5019 dissolvendi,
880 4959 1110 5022 patrum
1161 4950 1324 5004 istius
1379 4949 1665 5004 societatis
1719 4948 1938 5020 placitis

231 5046 384 5101 haud
433 5044 609 5099 dubie
642 5043 1060 5112 obtemperans,
1112 5040 1330 5094 aboleri
1389 5040 1521 5093 fecit
1565 5039 1800 5109 ejusque
1854 5036 1936 5091 rei

234 5135 418 5207 gratia
445 5134 621 5188 etiam
661 5133 813 5186 hunc
845 5128 1148 5201 Augustini
1199 5130 1409 5183 librum
1459 5127 1791 5184 Germanice
1820 5142 1938 5180 ver-

234 5223 367 5278 tisse
398 5222 663 5276 traditur.
699 5220 782 5275 Cf.
815 5221 1078 5274 Morerius
1108 5217 1171 5272 in
1224 5219 1560 5272 Dictionario
1618 5214 1724 5283 (ed.
1757 5215 1934 5269 Amst.

236 5310 554 5379 inSuppl.).
580 5306 829 5362 Tametsi
857 5323 991 5360 vero
1015 5305 1297 5376 posterius
1318 5319 1569 5357 asserere
1591 5318 1709 5357 non
1732 5302 1936 5369 ausim,

240 5400 483 5454 arbitror
516 5404 733 5463 tamen,
757 5393 1066 5467 Augustini
1096 5392 1438 5448 sententiam
1468 5409 1500 5447 a
1529 5407 1713 5446 causae
1769 5391 1940 5463 hujus

242 5488 490 5557 patronis
517 5486 695 5542 fuisse
721 5484 1065 5556 jactitatam,
1116 5482 1288 5554 idque
1345 5481 1535 5554 ipsum
1591 5481 1935 5537 Schilterum

244 5577 531 5649 impulisse
564 5592 683 5631 non
740 5579 808 5629 ut
854 5571 1199 5629 eludendam
1251 5570 1357 5626 sibi
1412 5575 1682 5641 sumeret,
1725 5569 1880 5643 quod
1908 5586 1941 5624 a

2044 4417 2239 4468 tantur
2269 4417 2327 4469 et
2356 4418 2648 4468 notantur.
2691 4413 2883 4467 Altero
2914 4412 3061 4467 libro
3107 4413 3307 4467 eadem
3364 4413 3753 4467 controversia

2045 4502 2368 4565 discutitur,
2401 4519 2434 4556 a
2454 4501 2733 4557 Pollentio
2761 4502 2946 4556 denuo
2987 4506 3044 4555 et
3072 4500 3415 4556 luculentius
3472 4501 3745 4573 exposita,

2044 4592 2322 4662 novisque
2347 4591 2665 4645 rationibus
2695 4591 2938 4657 munita,
2997 4591 3205 4661 quibus
3250 4590 3606 4661 Augustinus
3651 4607 3742 4645 oc-

2045 4680 2242 4747 currit,
2275 4695 2552 4749 suamque
2610 4679 2951 4733 sententiam
3005 4685 3199 4734 tuetur
3255 4684 3312 4734 et
3353 4682 3588 4750 expolit.
3641 4681 3747 4734 Do-

2045 4769 2328 4841 ctissimus
2393 4783 2525 4821 vero
2587 4767 2898 4822 Schilterus
2955 4771 3013 4821 et
3069 4768 3161 4822 hic
3208 4770 3595 4839 Augustinum
3621 4772 3746 4815 κατὰ

2042 4858 2167 4905 πόδα
2198 4855 2477 4927 sequitur,
2511 4861 2568 4910 et
2586 4856 2723 4927 quid
2754 4856 2827 4910 sit
2856 4856 2917 4909 in
2950 4857 3356 4919 controversia,
3389 4858 3551 4928 cujus
3596 4873 3750 4927 pon-

2049 4947 2200 5003 deris
2231 4946 2344 5000 sint
2364 4944 2613 5000 rationes
2660 4949 2760 4998 aut
2812 4945 3210 5014 responsiones
3239 4946 3444 5010 allatae,
3478 4962 3607 5017 qua:
3658 4947 3753 5001 in-

2044 5040 2131 5091 ter
2202 5052 2259 5089 se
2317 5039 2701 5089 consentanea
2767 5033 2881 5087 sint
2962 5039 3059 5088 aut
3110 5034 3490 5103 dissentanea,
3532 5051 3748 5106 magno

2040 5124 2256 5196 judicio
2302 5123 2630 5178 examinat:
2676 5122 2781 5177 sub
2833 5123 3007 5177 tinem
3065 5138 3133 5176 ex
3183 5123 3282 5177 lib.
3336 5139 3375 5176 ιι
3441 5124 3751 5181 Retractat.

2047 5230 2170 5285 cap.
2205 5219 2268 5270 57
2304 5214 2630 5283 observans,
2664 5212 2726 5266 in
2754 5212 2876 5266 haec
2905 5210 3186 5267 sententia
3232 5211 3422 5284 ipsum
3481 5214 3590 5268 sibi
3638 5231 3754 5269 non

2049 5303 2185 5358 satis
2223 5303 2419 5369 ﬁdere,
2454 5319 2559 5357 nec
2605 5302 2926 5357 satisfacere
2970 5301 3431 5373 Augustinum.»
3466 5304 3754 5358 Hactenus

2051 5392 2411 5463 Carpzovius.
2464 5393 2679 5455 Restat,
2734 5395 2800 5446 ut
2855 5390 3242 5457 observemus,
3297 5390 3586 5447 rarissime
3630 5393 3752 5465 jam

2050 5497 2345 5536 occurrere
2399 5480 2831 5536 Schilterianam
2864 5479 3011 5534 hanc
3061 5480 3332 5551 opellam,
3376 5481 3589 5554 quippe
3642 5497 3757 5551 qua

2052 5574 2250 5626 nostra
2278 5571 2453 5625 etiam
2492 5568 2843 5625 Bibliotheca
2900 5574 3053 5624 caret
3092 5570 3370 5641 cujusque
3399 5570 3755 5626 mentionem
