4044 6190
300 298 396 349 163
1301 280 1867 341 SUPPLEMENTUM
1909 279 1997 332 AD
2038 275 2270 332 OPERA
2310 275 2364 327 S.
2407 269 2790 326 AUGUSTINI.
3706 263 3795 314 164

295 417 357 472 in
406 413 690 485 Catalogis
746 411 1165 482 praecipuarum
1215 406 1712 474 bibliothecarum,
1758 407 1990 476 praeter-
2029 404 2073 457 A
2105 414 2191 470 bis
2220 412 2488 468 ﬁnalibus
2536 415 2789 464 astruere
2843 404 3068 471 nititur,
3112 402 3174 458 in
3222 401 3433 474 quibus
3486 400 3684 456 omnia
3729 399 3800 455 ad

301 522 476 577 quam
507 504 567 558 in
601 502 868 571 Catalogo
916 499 1059 555 Bibl.
1121 496 1312 568 Hegias
1372 494 1726 559 Parisiensis,
1781 493 1992 546 frustra

2215 504 2424 558 eralem
2453 517 2521 555 ex
2551 499 2723 554 illatis
2751 495 3178 552 conclusionem
3241 493 3500 564 apprime
3560 491 3803 561 conspi-

302 593 686 666 qmesivimus.
2101 597 2245 647 rent.
2291 590 2590 646 Enimvero
2651 584 2999 642 Benedictini
3055 589 3209 638 tomo
3251 583 3314 648 X,
3373 598 3430 652 p.
3500 599 3557 646 ιι,
3610 579 3810 634 omnia

302 685 510 739 XXXII.
538 682 735 750 —(98)
765 680 960 735 Contra
1006 675 1296 731 secundum
1341 675 1550 730 Iuliani
1575 674 1990 742 responsionem,

2215 699 2224 735 :
2253 697 2399 734 vana
2428 695 2546 734 esse
2577 677 2955 750 pronuntiant
2983 678 3152 745 atque
3183 672 3459 742 exemplis
3503 668 3811 724 contrariis

727 766 923 837 Operis
954 763 1274 835 imperfecti
1318 763 1449 817 libri
1481 764 1567 817 VI.

376 863 530 914 1617.
593 857 820 910 Lutetia:
888 856 1089 919 Paris.,
1155 850 1305 921 apud
1390 850 1604 904 Sebast.
1685 847 1994 917 Chappelet,

302 950 465 1003 iii-80.
506 969 525 994 ε
560 945 620 1000 S.
661 948 797 998 Aur.
830 941 1157 1014 Augustini,
1202 940 1366 1010 Hipp.
1427 955 1516 1009 ep.
1567 942 1762 991 contra
1810 950 2001 989 secun-

304 1038 434 1092 dam
460 1033 674 1089 Iuliani
727 1030 1184 1101 responsionem,
1243 1026 1442 1097 Operis
1495 1024 1834 1095 imperfecti,
1868 1021 2000 1076 libri

304 1127 416 1180 duo
447 1123 688 1194 priores.
724 1122 882 1174 Nunc
938 1120 1190 1190 primum
1230 1133 1296 1170 ex
1351 1113 1752 1184 manuscriptis
1803 1111 2003 1166 codici-

303 1215 410 1270 bus
442 1212 602 1268 editi.
631 1211 874 1265 Additus
905 1213 990 1262 est
1018 1213 1075 1262 et
1103 1206 1358 1277 ejusdem
1397 1203 1700 1275 Augustini
1728 1203 1793 1257 de
1831 1203 2002 1258 Gestis

304 1305 514 1369 Pelagii
531 1301 679 1355 liber
706 1304 835 1352 ante
865 1313 1074 1368 paucos
1102 1312 1282 1349 annos
1307 1293 1511 1348 editus.
1549 1293 1707 1346 Nunc
1751 1291 2004 1362 primum

305 1392 368 1446 in
417 1392 604 1444 lucem
659 1387 844 1441 editus
894 1402 1028 1439 cura
1084 1385 1162 1440 Cl.
1216 1382 1486 1449 Menardi,
1528 1379 1836 1450 Juliomagi
1891 1382 2007 1432 An-

310 1481 469 1534 dium
497 1475 887 1548 proprmtoris.
921 1494 949 1525 »
1009 1476 1237 1536 Paucas,
1293 1471 1390 1525 sed
1457 1471 1678 1524 selectae.
1737 1468 2008 1523 doctrinas

310 1573 475 1623 notas
525 1565 708 1620 editor
764 1564 919 1618 haud
989 1561 1276 1615 inceleber
1334 1557 1591 1629 aspersit.
1651 1556 2011 1625 Nuncupavit

312 1661 502 1711 autem
535 1653 957 1722 archiepiscopo
1002 1648 1368 1719 Lugdunensi
1446 1645 1711 1716 Dionysio
1765 1645 1832 1699 de
1867 1645 2009 1698 Mar-

313 1747 588 1817 quemont
615 1698 787 1812 ep.
823 1698 1007 1811 pridie
1041 1698 1175 1794 agn.
1207 1739 1349 1806 Aug.
1813 1732 2012 1786 eadem
2042 1698 2081 1752 Ο

314 1834 488 1890 editio
519 1833 628 1887 hoc
668 1831 792 1902 ipso
843 1846 992 1883 anno
1023 1827 1092 1892 ab
1145 1827 1348 1881 iisdem
1378 1822 1749 1896 typographis
1781 1821 2012 1876 in-folio

315 1938 538 1978 excusa.
570 1921 686 1977 Cat.
722 1919 868 1973 Bibl.
900 1921 1028 1986 Reg.
1061 1919 1238 1971 Paris.

390 2013 544 2066 1642.
604 2010 852 2070 Lovanii.
911 2006 1062 2075 apud
1116 2006 1332 2060 Cornel.
1393 2003 1792 2065 Canestenium.
1835 2001 2009 2054 ἱππ-4ο.

315 2099 369 2153 8.
404 2101 536 2154 Aur.
591 2095 898 2167 Augustini
943 2098 1140 2148 contra
1170 2093 1474 2147 secundam
1512 2089 1723 2145 Iuliani
1772 2103 2016 2158 respon-

321 2189 564 2252 sionem,
593 2184 794 2254 Operis
845 2182 1188 2253 imperfecti,
1237 2181 1371 2236 libri
1424 2181 1537 2235 duo
1587 2178 1830 2248 priores,
1853 2176 2016 2230 resti-

318 2272 1111 2340 tutiaF.Mich.Paludano,
1172 2270 1496 2324 Gandaven.
1557 2268 1618 2322 Ο.
1675 2264 1905 2321 Eremit.
1959 2264 2012 2319 S.

320 2361 646 2435 Augustini.
681 2360 1118 2415 Prtemittuntur
1146 2358 1321 2412 iidem
1357 2357 1503 2424 libri,
1553 2355 1748 2427 quales
1775 2371 1809 2408 a
1861 2357 2014 2408 1617.

321 2451 554 2509 Parisiis
584 2450 724 2505 editi
753 2450 928 2503 fuere.
963 2450 1090 2502 Cat.
1113 2448 1249 2502 Bibl.
1281 2449 1546 2501 Casanat.

391 2571 462 2582 —-
499 2541 730 2595 Lovanii
768 2537 919 2608 apud
960 2537 1216 2591 Jacobum
1267 2536 1491 2600 Gezers;
1524 2535 1696 2588 ἰη-4ο.
1743 2554 1764 2582 ι
1790 2532 1845 2587 S.
1879 2532 2016 2584 Aur.

2105 772 2423 825 luculenter
2464 769 2944 823 demonstrarunt.
3009 760 3290 818 Praemisit
3345 760 3530 814 editor
3559 759 3815 830 disputa-

2105 859 2325 913 tionem
2370 858 2439 911 de
2495 855 2721 910 Juliano
2753 857 2992 925 ejusque
3022 851 3082 905 in
3116 852 3173 905 Β.
3226 848 3616 920 Augustinum
3676 845 3815 900 scri-

2106 947 2220 1019 ptis
2268 951 2323 1000 et
2383 944 2710 1000 testimonia
2745 949 3023 1007 veterum,
3056 939 3157 1011 qui
3220 939 3428 994 horum
3472 954 3567 992 sex
3631 935 3816 991 libro-

2108 1052 2239 1090 rum
2271 1034 2656 1088 meminerunt
2682 1038 2740 1086 et
2779 1031 2928 1086 locos
2966 1046 3034 1083 ex
3062 1029 3132 1082 iis
3160 1027 3223 1082 in
3278 1043 3410 1082 suos
3458 1029 3819 1081 commenta-

2111 1123 2226 1177 rios
2251 1121 2592 1175 retulerunt.

2862 1206 3067 1259 Versio.

2188 1300 2341 1353 1736.
2385 1298 2564 1364 Paris,
2625 1295 2751 1349 chez
2801 1295 2994 1348 Franc.
3059 1291 3334 1360 Barbuty;
3387 1292 3558 1358 in—l2,
3611 1291 3665 1344 II
3689 1289 3821 1343 υοιι.

2117 1406 2146 1437 (ι
2179 1387 2280 1441 Les
2336 1387 2404 1439 Vl
2447 1385 2619 1438 livres
2668 1383 2737 1437 de
2761 1382 2815 1437 S.
2849 1380 3130 1452 Augustin
3159 1388 3354 1434 centre
3382 1379 3592 1445 Julien,
3628 1377 3828 1432 defen-

2117 1491 2250 1528 seur
2277 1475 2346 1529 de
2367 1473 2621 1528 l’hérésie
2653 1471 3013 1542 pélagienne,
3054 1469 3300 1524 traduits
3348 1485 3419 1522 en
3450 1467 3697 1534 francois
3727 1481 3831 1520 sur

2119 1563 2375 1618 l’édition
2405 1563 2504 1616 des
2531 1563 2634 1615 PP.
2665 1559 3040 1613 Bénédictins.
3078 1580 3100 1606 ι

2225 1653 2460 1706 XXXIII.
2509 1679 2578 1690 —
2638 1648 2744 1719 (99)
2804 1647 3164 1702 Enchiridion
3212 1646 3285 1700 ad
3341 1647 3716 1700 Laurentium.

2191 1740 2320 1795 Sazc.
2355 1740 2466 1794 XV.
2505 1767 2576 1780 —
2606 1739 2732 1794 Sine
2752 1752 2892 1790 anno
2920 1740 2969 1789 et
2992 1736 3120 1803 loco,
3157 1735 3352 1800 in-fol.
3403 1737 3535 1788 min.
3599 1733 3652 1787 S.
3703 1735 3834 1786 Au-

2123 1828 2337 1900 gustini
2390 1826 2778 1882 Enchiridion.
2831 1826 3061 1880 Constat
3125 1823 3276 1878 foliis
3355 1823 3581 1877 XXXIII.
3644 1822 3836 1876 Exor-

2121 1919 2279 1973 dium
2327 1916 2477 1987 capit
2529 1916 2600 1970 ab
2648 1915 2772 1984 ipso
2817 1913 3008 1967 statim
3066 1913 3306 1983 prologo
3357 1911 3577 1966 verbis:
3625 1911 3836 1978 Incipit

2125 2008 2259 2061 liber
2287 2005 2625 2060 enchiridion
2653 1995 2791 2059 scisti
2836 2006 3120 2071 augustini
3178 2003 3244 2057 de
3295 2004 3420 2073 ﬁde,
3472 2018 3564 2072 spe
3598 2006 3648 2054 et
3693 2002 3836 2055 cha-

2123 2099 2305 2150 ritate.
2358 2096 2421 2148 In
2478 2093 2592 2147 ﬁne
2643 2097 2828 2148 textus
2859 2092 2983 2147 folii
3014 2109 3163 2159 xxxi,
3196 2092 3406 2163 pagina
3463 2105 3695 2144 aversa:
3727 2091 3839 2142 Deo

2124 2186 2358 2252 gracias.
2425 2183 2586 2245 Dein,
2637 2189 2767 2253 post
2844 2183 3207 2251 capitulorum
3259 2181 3444 2235 titulos
3491 2179 3626 2233 folio
3677 2194 3839 2232 xxxii

2124 2273 2480 2344 incipientes,
2513 2271 2649 2325 folio
2703 2288 2875 2326 xxxm
2912 2270 3124 2342 pagina
3177 2268 3405 2340 prima:
3457 2269 3649 2323 Amen.
3731 2268 3843 2320 De-

2127 2361 2322 2415 scribit
2359 2361 2506 2415 hanc
2540 2360 2850 2414 editionem
2904 2358 3364 2430 antiquissimam
3413 2372 3554 2428 sane.
3594 2356 3663 2410 c1.
3704 2356 3841 2411 See—

2124 2451 2303 2504 miller
2321 2448 2455 2503 fasc.
2492 2449 2536 2515 Ι,
2566 2466 2622 2519 p.
2658 2451 2756 2503 156
2797 2465 2908 2519 sq.,
2939 2449 3090 2502 inter
3113 2464 3211 2502 eos
3257 2446 3435 2501 libros
3462 2446 3532 2500 de
3581 2459 3842 2516 quorum

2125 2537 2498 2610 typographis
2553 2553 2627 2591 ne
2700 2537 3026 2607 conjectura
3086 2535 3319 2607 quidem
3371 2533 3616 2606 experiri
3664 2548 3845 2586 ausus

322 2629 628 2702 Augustini
659 2626 789 2680 libri
827 2627 941 2680 duo
981 2625 1223 2695 priores,
1256 2624 1456 2694 Operis
1511 2620 1847 2692 imperfecti,
1880 2635 2018 2672 con-
2129 2633 2232 2682 est,
2266 2625 2424 2690 Quod
2484 2631 2710 2680 etatem
2768 2625 2991 2690 attinet,
3049 2631 3180 2678 ante
3231 2639 3446 2678 annum
3484 2625 3616 2677 1477
3670 2636 3847 2675 exon-

321 2726 410 2774 tra
449 2716 659 2772 Iuliani
716 2714 1021 2768 secundam
1079 2712 1556 2782 responsionem:
1593 2727 1656 2764 ex
1689 2708 2020 2764 recensione
2131 2732 2253 2770 sum
2319 2731 2440 2768 esse
2483 2730 2599 2768 non
2629 2714 2870 2779 dubitat,
2908 2715 3266 2784 litterasque,
3316 2711 3525 2783 quibus
3575 2726 3848 2780 expressa

324 2807 606 2865 Michaelis
648 2804 940 2860 Paludani.
975 2825 1002 2853 ›)
1053 2803 1170 2858 Cat.
1223 2802 1359 2856 Βίὸι.
1415 2801 1544 2870 Reg.
1596 2802 1771 2855 Paris.
1808 2799 1870 2852 In
1917 2798 2023 2851 hac
2132 2805 2233 2869 est,
2267 2820 2384 2858 non
2413 2803 2586 2868 fusas,
2620 2803 2720 2857 sed
2761 2801 3014 2872 sculptus
3063 2807 3301 2872 propter
3329 2799 3846 2871 inaquabilitatem

326 2894 628 2951 iteratione
681 2892 887 2964 prioris
940 2890 1208 2946 editionis
1286 2895 1473 2944 errata
1527 2888 1828 2942 innumera
1903 2887 2024 2940 sola
2131 2893 2241 2947 sibi
2291 2891 2470 2947 videri
2523 2891 2722 2957 edixit,
2775 2907 2958 2962 genus
3017 2895 3213 2944 tamen
3268 2904 3468 2944 earum
3555 2887 3848 2943 declarare

327 2983 657 3053 conjectura
689 2984 940 3034 correcta
997 2993 1140 3048 esse,
1188 2993 1255 3032 ex
1303 2977 1502 3032 Riveto
1576 2981 1816 3031 monent
1866 2975 2026 3030 Colo-
2064 2989 2108 3044 Ι)
2137 2981 2347 3036 oblitus
2399 2984 2502 3034 est.
2539 2979 2775 3034 Unicum
2806 2979 2878 3034 ab
2937 2994 3005 3034 eo
3057 2976 3536 3048 interpunctionis
3590 2975 3845 3046 signum,

339 3086 586 3127 111811588.

417 3162 570 3215 1654.
651 3158 882 3212 Parisiis
938 3161 1157 3224 sumptu
1210 3156 1470 3211 Simeonis
1525 3155 1705 3221 Piget;
1750 3153 1944 3218 iri-fol.
1977 3151 2031 3206 S.

335 3245 645 3319 Augustini
692 3243 944 3315 episcopi
974 3243 1236 3298 catholici
1273 3247 1473 3296 contra
1517 3241 1808 3296 lulianum
1855 3240 2035 3294 haere-

340 3339 520 3392 ticum
552 3333 920 3404 Pelagianam
950 3331 1138 3402 operis
1161 3332 1394 3400 perfecti
1417 3329 1551 3384 libri
1580 3345 1692 3383 sex.
1723 3329 1788 3382 In
1834 3328 2032 3398 Suppl.

331 3428 543 3482 Hieror.
583 3423 852 3492 Vignerii.
890 3422 950 3476 T.
977 3421 1050 3489 II,
1081 3437 1136 3491 p.
1174 3421 1326 3475 1322.

404 3515 542 3569 Octo
598 3511 761 3566 libris
834 3526 976 3580 opus
1053 3509 1319 3563 secundas
1390 3506 1779 3579 responsionis
1830 3506 2038 3561 Juliani

338 3600 652 3656 constabat.
708 3599 844 3653 Eam
897 3613 1029 3651 vero
1090 3596 1441 3666 Augustinus
1488 3596 1568 3650 sic
1642 3595 1887 3649 refutare
1939 3611 2038 3666 ag-

334 3706 563 3760 gressus
584 3693 687 3754 est,
730 3692 795 3741 ut
823 3685 1066 3756 singulis
1096 3685 1255 3738 libris
1295 3685 1506 3738 librum
1553 3687 1890 3754 opponeret.
1933 3683 2038 3737 Sed

336 3782 522 3833 morte
585 3779 906 3848 praeventus
953 3773 1181 3827 nonnisi
1233 3789 1326 3826 sex
1376 3773 1553 3826 libros
1602 3771 1895 3826 absolvere
1941 3787 2039 3840 po-

335 3866 470 3931 tuit,
500 3871 672 3936 atque
701 3862 1034 3935 imperfecta
1062 3860 1204 3915 adeo
1235 3860 1359 3914 haec
1387 3860 1509 3930 ejus
1541 3859 1836 3930 responsio
1874 3875 2038 3912 man-

337 3955 431 4023 sit,
461 3957 526 4010 ut
557 3951 844 4008 Possidius
903 3950 1076 4004 etiam
1126 3953 1385 4003 testatur.
1445 3948 1520 4001 Ex
1550 3946 1637 4001 his
1667 3947 1768 4001 diu
1811 3947 2040 4001 nonnisi

339 4045 448 4099 duo
504 4042 865 4098 habebantur
910 4037 1048 4093 editi
1105 4053 1210 4108 per
1278 4036 1482 4092 Claud.
1538 4036 1884 4100 Menardum,
1941 4038 2041 4090 Pa-

339 4134 444 4188 ris.
496 4135 650 4187 1617.
689 4130 989 4186 Enimvero
1041 4128 1256 4181 a.1654
1286 4128 1642 4194 Hieronymus
1706 4127 1926 4192 Vignier
1972 4141 2040 4180 ex

343 4220 538 4276 Soc.J.
595 4219 979 4288 supplementis
1026 4215 1099 4270 ad
1143 4215 1422 4269 editiones
1458 4214 1898 4284 Augustinianas
1935 4230 2038 4268 an-

2146 3074 2420 3142 punctum
2452 3084 2682 3138 nempe,
2731 3072 2902 3138 atque
2928 3067 2986 3122 id
3018 3067 3207 3138 ipsum
3240 3065 3525 3120 rarissime
3577 3064 3846 3118 observa-

2146 3165 2291 3213 tum.
2343 3159 2589 3212 Deerant
2618 3156 2780 3227 signa
2830 3154 3046 3226 quaevis
3095 3155 3441 3228 paginarum
3478 3153 3849 3220 foliorumve,

2145 3263 2390 3301 necnon
2431 3245 2631 3299 litteras
2684 3243 2952 3314 initiales,
2996 3245 3182 3316 capita
3238 3249 3431 3298 tamen
3462 3258 3704 3297 numero
3735 3240 3849 3295 Ro-

2148 3352 2318 3390 mano
2343 3334 2860 3406 distinguebantur.
2891 3333 3092 3388 Lineas
3120 3349 3225 3404 per
3255 3332 3527 3403 paginam
3566 3345 3850 3385 numera-

2148 3426 2246 3480 bat
2274 3427 2362 3480 34.

2219 3515 2352 3569 διες.
2384 3513 2516 3568 XVI.
2546 3541 2619 3553 —
2653 3514 2805 3566 1527.
2835 3511 3098 3579 Augustae
3130 3510 3397 3567 Vindelic.
3431 3525 3529 3563 seu
3572 3509 3812 3563 Coloniae
3827 3526 3851 3573 ,ο

2147 3605 2319 3657 in—80.
2378 3602 2433 3656 S.
2488 3604 2627 3654 Aur.
2685 3597 2989 3670 Augustini
3043 3597 3412 3652 Enchiridion
3467 3596 3536 3650 de
3579 3595 3854 3649 Doctrina

2149 3689 2466 3746 Christiana
2495 3690 2566 3743 ad
2600 3686 2972 3744 Laurentium
3005 3686 3162 3740 urbis
3205 3688 3400 3740 Romae
3432 3683 3847 3755 primicerium,

2149 3796 2252 3833 nec
2299 3795 2413 3832 non
2471 3777 2698 3832 libellus
2754 3776 2824 3830 de
2877 3775 3123 3830 essentia
3183 3772 3502 3828 Divinitatis
3557 3773 3842 3842 ejusdem.

2151 3867 2365 3923 Laudat
2413 3864 2727 3920 chdreich
2797 3865 2858 3917 in
2917 3863 3092 3919 Pand.
3149 3863 3411 3917 Brandeb.
3463 3878 3519 3932 p.
3584 3864 3709 3926 341,
3755 3859 3855 3914 sed

2150 3956 2291 4010 adeo
2321 3954 2682 4024 negligenter
2711 3953 2922 4018 locum,
2955 3950 3054 4006 ubi
3080 3951 3360 4021 impressa
3418 3949 3508 4013 sit,
3541 3948 3720 4003 editio
3758 3947 3853 4001 in-

2150 4044 2323 4110 dicat,
2357 4048 2422 4096 ut
2461 4042 2518 4096 in
2548 4041 2742 4096 medio
2797 4041 3144 4112 relinquam,
3205 4043 3516 4106 Augustam
3569 4053 3644 4092 an
3695 4037 3855 4093 Colo—

2147 4135 2299 4187 niam
2327 4130 2586 4186 voluerit.

2226 4217 2379 4273 1552.
2434 4218 2680 4285 Coloniae,
2731 4232 2823 4286 ap.
2864 4218 3007 4272 Petr.
3065 4219 3280 4282 Horat,
3335 4215 3510 4272 ἑνί-8ο.
3546 4213 3659 4269 «S.
3711 4216 3852 4268 Aur.

340 4309 582 4363 teriores
609 4307 718 4360 hoc
749 4321 898 4358 anno
937 4303 1104 4357 editis
1153 4303 1357 4366 clarus,
1391 4317 1505 4354 non
1558 4302 1744 4355 solum
1791 4307 2038 4372 quatuor
2064 4299 2105 4352 8
2144 4306 2449 4378 Augustini
2505 4305 2867 4360 Eucbiridiou
2896 4306 2964 4360 de
3012 4305 3143 4367 ﬁde,
3195 4322 3292 4376 spe
3346 4309 3404 4358 et
3439 4303 3735 4366 charitate,
3773 4318 3858 4356 ac-

347 4396 418 4450 de
449 4411 596 4448 novo
650 4409 713 4446 ex
763 4390 956 4445 codice
990 4405 1095 4443 ms.
1129 4388 1371 4442 abbatiaa
1401 4387 1846 4442 Clartevallensis
1875 4388 2045 4454 eruit,

347 4481 444 4536 sed
475 4479 583 4535 sibi
612 4479 788 4533 etiam
826 4477 1107 4549 persuasit
1161 4482 1219 4531 et
1260 4476 1383 4530 aliis
1429 4477 1772 4548 persuadere
1810 4480 2047 4530 conatus

348 4575 452 4638 est,
487 4569 775 4639 integrum
824 4565 978 4620 hisce
1025 4566 1095 4619 VI
1148 4564 1309 4619 libris
1362 4564 1671 4635 Augustini
1721 4581 1864 4636 opus
1905 4581 1938 4619 a
1988 4580 2048 4620 se

352 4658 629 4715 exhiberi.
663 4654 1032 4726 Argumentis
1062 4655 1349 4720 utebatur,
1398 4657 1594 4724 primo,
1649 4654 1803 4726 quod
1858 4654 2049 4709 nullus

348 4763 464 4802 ase
493 4747 784 4816 inspectus
831 4743 904 4798 sit
951 4743 1190 4799 Possidii
1239 4744 1437 4809 codex,
1492 4743 1554 4798 in
1609 4759 1724 4815 quo
1768 4759 1874 4798 vox
1919 4743 2048 4811 ista,

348 4837 746 4906 imperfectum,
798 4837 1013 4900 exstet;
1065 4832 1315 4900 secundo,
1373 4832 1528 4904 quod
1573 4831 1636 4886 in
1689 4847 1794 4887 ms.
1845 4831 2052 4886 Clarae-

350 4926 589 4980 vallensi
645 4927 803 4979 sexto
863 4921 1097 4976 demum
1166 4920 1312 4975 libro
1387 4921 1585 4974 vocula
1645 4920 1884 4989 emplicit,
1933 4935 2052 4973 non

351 5013 490 5069 item
521 5012 760 5084 reliquis
788 5011 863 5066 sit
907 5010 1122 5075 addita,
1179 5009 1331 5064 unde
1385 5008 1636 5080 colligit,
1671 5007 1849 5062 ﬁnem
1879 5008 2054 5062 totius

354 5101 547 5172 operis
603 5119 671 5157 eo
715 5099 996 5167 indicari;
1054 5102 1212 5155 tertio
1263 5098 1533 5169 denique,
1585 5097 1642 5150 id
1693 5097 1847 5168 quod
1885 5098 2054 5167 longe

352 5190 503 5244 foret
531 5190 955 5258 gravissimum,
989 5189 1035 5242 si
1081 5187 1399 5260 probasset,
1433 5190 1656 5240 sextum
1684 5185 1896 5240 librum
1953 5201 2057 5239 cae-

353 5276 494 5333 teris
521 5292 642 5330 esse
691 5277 1018 5347 longiorem
1066 5282 1239 5346 atque
1282 5279 1400 5329 tam
1429 5272 1642 5328 Iuliani
1686 5272 2053 5339 invectiones,

356 5381 530 5438 quam
580 5365 890 5434 Augustini
938 5381 1212 5436 responsa
1259 5361 1480 5418 caeteris
1533 5360 1864 5433 prolixiora;
1911 5376 2056 5431 quo-

356 5456 509 5511 circa
539 5451 845 5519 concludit,
903 5453 1201 5525 probabile
1251 5451 1455 5518 videri,
1522 5454 1682 5506 sexto
1757 5449 1866 5505 hoc
1910 5449 2058 5506 libro

355 5549 476 5600 tres
498 5539 711 5597 Iuliani
755 5538 926 5595 simul
953 5555 1076 5597 esse
1109 5539 1372 5597 collectos
1416 5538 1589 5611 idque
1626 5554 1695 5595 ex
1722 5537 1903 5608 ipsius
1929 5554 2058 5593 ver-

2153 4394 2303 4450 cedit
2326 4394 2578 4466 ejusdem
2605 4394 2748 4448 liber
2775 4393 2845 4448 de
2874 4393 3009 4448 Fide
3041 4397 3098 4448 et
3140 4392 3429 4464 operibus.
3466 4411 3494 4443 ι›
3549 4391 3669 4448 Cat.
3702 4389 3854 4445 Bibl.

2159 4485 2334 4538 Thott.

2231 4572 2384 4624 1575.
2438 4566 2705 4642 [Genava]
2739 4569 2890 4638 apud
2942 4571 3199 4625 Eustath.
3266 4571 3509 4637 Vignon;
3563 4570 3730 4623 ἐτι-8ο.
3791 4568 3858 4621 D.

2156 4660 2293 4712 Aur.
2348 4657 2654 4728 Augustini
2718 4657 3085 4712 Enchiridion
3136 4657 3206 4712 ad
3272 4655 3668 4723 Laurentium,
3745 4654 3863 4708 sive

2157 4763 2382 4802 summa
2420 4751 2476 4801 et
2521 4746 2814 4817 praecipua
2844 4747 3017 4801 totius
3047 4746 3383 4802 Christianae
3435 4744 3733 4815 religionis
3765 4760 3864 4798 ca—

2156 4835 2297 4908 pita.
2359 4835 2524 4890 Liber
2579 4834 2920 4889 utilissimus
2965 4835 3035 4888 iis
3091 4834 3382 4904 omnibus,
3440 4833 3539 4906 qui
3595 4832 3863 4886 brevissi-

2160 4940 2315 4979 mam
2378 4923 2807 4995 Augustinianaa
2837 4923 3109 4978 doctrina:
3141 4923 3432 4995 epitomen
3486 4937 3554 4976 ex
3591 4919 3720 4990 ipso
3751 4920 3866 4973 Au-

2161 5011 2410 5085 gustino,
2481 5016 2536 5065 et
2593 5011 2826 5083 quidem
2873 5011 2995 5082 jam
3035 5028 3190 5079 sene,
3250 5012 3461 5066 habere
3515 5007 3864 5071 desiderant,

2161 5099 2358 5154 multis
2384 5099 2610 5154 mendis
2650 5105 2708 5155 et
2735 5100 3118 5170 glossematis,
3152 5100 3362 5172 quibus
3394 5107 3559 5153 antea
3591 5095 3866 5160 scatebat,

2164 5205 2232 5243 ex
2277 5187 2455 5242 veteri
2506 5188 2890 5258 manuscripto
2940 5194 3282 5260 repurgatus
3327 5194 3386 5242 et
3440 5183 3872 5241 commentariis

2163 5276 2501 5334 illustratus.
2538 5277 2647 5331 Per
2677 5276 2868 5332 Lamb.
2909 5275 3198 5333 Danaum.
3255 5275 3502 5333 Accessit
3547 5272 3712 5346 operi
3768 5271 3872 5326 tri-

2163 5365 2293 5436 plex
2320 5364 2510 5420 index.

2236 5451 2467 5508 Divinas
2560 5453 2733 5524 plane
2806 5453 3115 5526 Augustini
3207 5453 3552 5524 scriptorum
3630 5449 3873 5507 virtutes

2172 5541 2352 5596 Lamb.
2387 5543 2630 5599 Danaus
2659 5542 2720 5600 in
2757 5543 3000 5616 epistola
3027 5542 3376 5601 dedicat-irin
3420 5542 3493 5598 ad
3553 5540 3874 5596 Edzardum
