4044 6190
206 329 304 380 165

197 557 429 611 gressus
458 542 526 596 ad
560 544 825 613 querelas
853 545 922 599 de
956 546 1152 617 iniquo
1204 564 1402 603 eorum
1433 551 1602 619 paulo
1655 556 1782 620 post
1813 567 1911 604 au-

197 632 373 684 ctoris
402 631 493 685 sui
524 648 819 687 excessum
854 634 985 699 fato,
1022 636 1157 689 dum
1193 637 1405 707 partim
1439 645 1761 710 temporum
1819 639 1906 693 in-

185 719 350 789 juria
379 720 629 790 perdita,
669 722 876 791 partim
919 724 1219 779 hominum
1275 726 1673 795 improborum
1733 728 1905 781 male-

190 808 449 862 volentia
474 816 746 880 corrupta
777 816 831 864 et
864 812 1214 883 interpolata
1252 814 1482 877 fuerint,
1531 833 1727 870 ansam
1757 816 1910 886 capit

190 914 437 968 operam
472 898 637 952 suam
666 904 978 971 utcumque
1012 904 1474 973 commendandi,
1529 906 1741 976 quippe
1795 921 1908 976 qua

194 1003 318 1041 non
352 988 540 1042 solum
567 989 873 1045 verborum
903 992 1141 1046 vulnera
1191 1010 1440 1063 sanasse,
1493 995 1588 1049 sed
1638 994 1907 1066 Augusti-

191 1092 343 1130 num
374 1076 566 1146 ipsum
594 1077 683 1131 sui
708 1083 909 1133 testem
941 1084 996 1134 et
1024 1082 1399 1152 interpretem
1424 1083 1756 1153 produxisse
1788 1086 1907 1155 glo-

193 1166 410 1220 riatur.
444 1167 521 1220 De
577 1169 990 1239 manuscripto,
1038 1187 1151 1241 quo
1204 1171 1272 1225 ad
1329 1173 1753 1227 emendandum
1783 1180 1903 1229 tex-

190 1258 326 1307 tum
358 1271 497 1308 usus
551 1256 639 1323 sit,
692 1257 839 1311 nihil
896 1259 1141 1329 amplius
1198 1259 1266 1313 ab
1320 1277 1387 1314 eo
1456 1261 1749 1331 proditum
1800 1267 1901 1316 est.

190 1344 637 1399 Prasmittuntur
665 1362 798 1400 vero
828 1353 1038 1417 praeter
1086 1348 1297 1402 dictam
1344 1348 1665 1419 epistolam,
1696 1351 1761 1404 de
1788 1367 1903 1405 me-

193 1432 364 1487 thodo
406 1434 668 1488 librorum
722 1436 1026 1505 Augustini
1067 1442 1117 1491 et
1162 1437 1228 1491 de
1275 1454 1453 1492 eorum
1496 1440 1905 1493 erolvendorum

193 1523 414 1575 ratione
443 1522 763 1591 disputatio,
822 1540 925 1577 nec
983 1541 1101 1578 non
1156 1527 1534 1595 Prolegomena
1583 1528 1653 1581 ad
1694 1528 1903 1582 librum

185 1611 438 1680 jamjam
472 1613 713 1678 editum,
750 1612 807 1666 in
861 1613 1069 1684 quibus
1099 1615 1163 1668 de
1219 1618 1393 1683 titulo,
1435 1618 1694 1685 utilitate,
1745 1622 1902 1672 aetate

192 1704 373 1769 operis
399 1718 465 1754 ac
497 1703 562 1756 de
583 1704 883 1763 Laurentio,
915 1703 989 1757 ad
1019 1720 1173 1773 quem
1204 1705 1487 1773 dirigitur,
1512 1707 1803 1776 praecepit.
1839 1708 1901 1761 In

193 1790 636 1844 Commentariis
664 1792 933 1862 dogmata
962 1808 1091 1846 cum
1121 1795 1555 1863 Augustiniana,
1590 1800 1714 1849 tum
1773 1797 1898 1850 Cal-

182 1878 490 1933 inistarum
538 1881 811 1935 latissime
864 1881 1259 1951 explicantur.
1325 1888 1380 1936 et
1440 1884 1591 1954 quod
1624 1884 1735 1937 ista
1765 1890 1902 1938 mtas

194 1966 254 2019 in
310 1966 533 2021 deliciis
619 1969 829 2023 habere
904 1976 1174 2041 cmperat,
1248 1977 1446 2026 contra
1502 1972 1902 2027 dissentientes

200 2059 435 2109 strenue
464 2056 871 2113 defenduntur.

271 2155 430 2207 15ῖ9.
495 2151 761 2225 [Genevw]
822 2156 972 2224 apud
1024 2158 1178 2210 Eust.
1252 2158 1463 2223 Vigno;
1510 2159 1681 2212 in-8°.
1744 2158 1904 2213 Idem

200 2241 363 2304 liber,
398 2242 648 2297 secunda
676 2243 849 2298 editio
882 2248 1047 2298 aucta
1075 2249 1131 2299 et
1168 2244 1237 2299 ab
1281 2244 1406 2316 ipso
1462 2251 1694 2301 auctore
1750 2264 1904 2302 reco-

237 2330 377 2384 uita.

237 2347 377 2384 una.

198 2347 234 2402 Β
270 2421 432 2474 1583.
466 2422 702 2489 Genevae,
743 2422 926 2487 in-fol.
984 2422 1190 2477 Eadem
1247 2422 1375 2477 libri
1423 2424 1597 2494 hujus
1645 2425 1902 2479 recensio

198 2523 399 2561 recusa
437 2507 498 2561 in
524 2511 793 2579 opusculis
834 2512 1142 2580 theologicis
1172 2512 1364 2566 Lamb.
1418 2515 1607 2569 Danaei
1633 2530 1766 2586 pag.
1798 2518 1903 2569 729

202 2598 322 2651 896.

271 2688 428 2739 1597.
484 2686 709 2753 Ibidem,
769 2690 939 2742 in-8°.
991 2688 1200 2743 Eadem
1277 2691 1552 2746 recensio.
1615 2692 1903 2747 Laudante

196 2774 573 2829 Hendrcichio
602 2776 663 2829 in
689 2777 861 2831 Pand.
896 2777 1167 2831 Brandeb.

263 2863 401 2917 διες.
436 2864 595 2918 XVII.
629 2894 696 2903 —
732 2867 885 2919 1604.
927 2866 1264 2935 Witebergae.
1314 2874 1513 2938 sumpt.
1563 2870 1725 2924 Pauli
1751 2870 1904 2924 Hel-

198 2954 379 3005 wichii
412 2955 557 3021 typis
607 2954 986 3019 Cratonianis;
1013 2957 1183 3011 in-80.
1229 2978 1251 3005 ι
1291 2958 1350 3010 Ι).
1387 2961 1523 3011 Aur.
1582 2962 1723 3029 Aug.
1794 2960 1903 3011 Eu-

1251 333 1525 390 NO'I‘I'I‘IA
1568 337 1981 392 LITTERARIA
2022 338 2091 393 IN
2132 339 2187 393 S.
2231 339 2692 397 AUGUSTINUM.

198 451 393 507 Frisia:
422 451 730 509 Orientalis
762 453 1081 528 principem
1121 456 1414 529 praedicat,
1470 459 1720 533 indeque
1778 478 1907 534 pro-
1944 466 1988 517 A

3622 354 3719 403 166

2733 466 3035 522 Versiones.

2087 554 2409 607 Demetrium
2436 553 2745 623 Cydoniam
2794 555 2852 608 in
2885 558 3132 611 Grecam
3162 557 3420 629 linguam
3462 562 3719 617 Enchiri-

2015 639 2149 693 dion
2179 643 2484 711 Augustini
2518 644 2871 698 transtulisse
2920 646 3178 712 tradunt,
3238 646 3432 718 inquit
3480 652 3717 705 Possevi-

2013 744 2115 783 nus
2136 732 2279 798 App.
2324 732 2404 797 S.,
2445 733 2505 785 T.
2539 734 2579 798 Ι,
2616 736 2829 803 p.153.
2888 734 2996 788 Sed
3045 735 3195 788 unde
3253 736 3399 790 hanc
3456 740 3719 794 notitiam

2013 817 2268 872 hauserit
2290 824 2455 873 tacet.
2489 821 2649 875 Edita
2690 827 2840 875 certe
2868 822 2988 876 haec
3040 825 3221 875 versio
3256 841 3368 877 non
3414 832 3516 891 est,
3567 833 3623 881 et
3673 828 3720 882 si

2014 907 2227 961 exstitit
2275 925 2570 980 umquam,
2602 909 2660 962 in
2688 911 2825 964 Bibl.
2886 913 3152 965 Vaticana
3195 913 3369 966 latere
3398 914 3714 971 etiamnum

2012 994 2181 1049 debet
2212 1001 2301 1066 (α).
2339 998 2411 1051 Ex
2447 999 2675 1052 Gallicis
2727 998 2947 1063 duabus
2995 1002 3229 1053 alteram
3286 1002 3547 1057 Colletetii
3594 1006 3715 1074 jam

2014 1099 2202 1153 supra,
2237 1102 2364 1138 cum
2396 1085 2674 1141 librorum
2706 1087 2771 1142 de
2804 1089 3068 1142 Doctrina
3126 1091 3440 1145 Christiana
3465 1092 3715 1148 editione

2011 1186 2454 1240 recenseremus,
2518 1175 3115 1229 commemoravimus.
3187 1177 3454 1248 Superest
3538 1180 3715 1234 altera

2008 1260 2248 1313 Antonii
2274 1261 2529 1328 Arnaldi,
2568 1278 2695 1332 quas
2736 1262 2968 1333 prodiit.

2087 1349 2238 1401 1648.
2265 1350 2444 1415 Paris,
2474 1351 2598 1403 chez
2626 1352 2826 1405 Anton.
2868 1353 3015 1406 Vitre
3041 1368 3053 1406 :
3087 1354 3261 1408 in-8°.
3293 1374 3314 1402 ι
3354 1356 3424 1408 Le
3454 1356 3592 1409 livre
3641 1357 3710 1411 de

2010 1434 2063 1488 S.
2126 1437 2426 1506 Augustin,
2484 1438 2552 1492 de
2601 1440 2651 1492 la
2677 1440 2807 1509 Foy,
2838 1440 2906 1493 de
2939 1442 3292 1511 l’Esperance
3324 1446 3380 1495 et
3407 1444 3476 1497 de
3499 1445 3550 1497 la
3576 1445 3715 1499 Cha-

2011 1523 2138 1591 rité,
2173 1526 2388 1579 traduit
2418 1544 2489 1581 en
2515 1528 2759 1595 franeois
2788 1545 2892 1598 par
2915 1532 3147 1584 Antoine
3172 1531 3450 1598 Arnauld,
3477 1531 3713 1586 docteur

2012 1612 2078 1665 de
2109 1612 2427 1682 Sorbonne,
2462 1634 2593 1669 avec
2616 1618 2666 1670 le
2699 1618 2835 1670 latin
2867 1619 3106 1685 ensuite,
3163 1636 3331 1673 reveu
3364 1636 3462 1673 sur
3491 1623 3580 1673 sia:
3612 1638 3711 1675 an-

2011 1701 2164 1754 ciens
2197 1719 2328 1755 mss.
2368 1723 2394 1753 »
2427 1705 2594 1757 Addit
2631 1706 3041 1759 l-lendrcichius
3087 1707 3257 1776 hujus
3302 1708 3581 1761 versionis
3630 1726 3715 1763 re-

2009 1789 2320 1859 petitiones
2346 1808 2629 1847 annorum
2660 1797 2795 1847 1652
2827 1799 2883 1847 et.
2910 1797 3065 1849 1656.

2085 1881 2238 1932 1681.
2272 1880 2603 1947 Kiobenhav,
2632 1884 2790 1935 in-SO.
2818 1882 2973 1936 Idem
3015 1883 3161 1937 liber
3192 1885 3424 1954 Danice,
3484 1902 3707 1941 novers.

2009 1967 2083 2020 af.
2122 1969 2286 2021 Henr.
2319 1970 2558 2035 Olafsen.
2591 1992 2612 2018 ι
2651 1970 2728 2025 Cf.
2774 1971 2892 2025 Cat.
2927 1971 3067 2027 Bibl.
3105 1972 3279 2026 Thott.

2081 2054 2335 2109 Pertinet
2389 2056 2459 2109 ad
2506 2056 2656 2111 hunc
2716 2057 3021 2128 Augustini
3077 2058 3289 2112 librum
3346 2061 3712 2131 peculiariter

2010 2145 2351 2214 opusculum
2409 2145 2621 2216 absque
2668 2146 2915 2199 auctoris
2945 2147 3180 2200 nomine
3226 2148 3336 2201 hoc
3388 2149 3556 2203 titulo
3589 2150 3711 2204 edi-

2008 2238 2131 2287 tum
2182 2235 2465 2300 Theologia
2512 2236 2738 2289 Moralis
2778 2235 2833 2290 S.
2885 2238 3212 2303 Augustini,
3247 2240 3305 2290 in
3349 2253 3458 2306 qua
3510 2255 3711 2307 prece-

2003 2328 2167 2391 ptum
2198 2322 2262 2376 de
2290 2339 2470 2377 amore
2490 2325 2586 2377 Dei
2605 2325 2759 2393 plene
2782 2329 3176 2394 pertractatur,
3211 2329 3340 2392 etc.,
3388 2342 3492 2396 per
3527 2330 3593 2382 E.
3642 2330 3707 2384 B.

2007 2411 2064 2466 s.
2098 2412 2263 2467 ΜΗ.
2300 2412 2395 2481 0.,
2444 2412 2513 2466 de
2579 2430 2694 2483 quo
2738 2430 2791 2467 v.
2855 2415 2927 2468 Μ.
2984 2415 3124 2468 Bibl.
3171 2416 3310 2469 Eccl.
3367 2416 3475 2472 Col.
3509 2432 3546 2486 p
3583 2418 3709 2471 744.

2007 2509 2251 2564 XXXIV.
2280 2539 2348 2551 -—
2376 2511 2531 2583 (100)
2567 2515 2636 2566 De
2683 2513 2826 2568 Cura
2865 2528 2968 2582 pro
2991 2514 3219 2567 mortuis
3275 2513 3510 2579 gerenda
3557 2514 3709 2568 liber.

2085 2601 2248 2653 1543.
2284 2600 2542 2665 Parisiis,
2588 2617 2655 2655 ea:
2701 2604 2924 2671 ofﬁcina
2972 2604 3203 2657 Joannis
3260 2603 3486 2671 Patieri,
3538 2604 3708 2657 in-80.

2011 2706 2038 2737 α
2064 2687 2125 2740 Ι).
2160 2689 2465 2758 Augustini
2486 2690 2555 2743 de
2588 2691 2732 2745 Cura
2764 2707 2866 2760 pro
2900 2690 3139 2744 mortuis
3169 2690 3434 2760 gerenda,
3470 2690 3539 2744 ad
3572 2692 3711 2744 Pau-

2008 2774 2194 2830 linum
2227 2778 2369 2832 liber
2400 2794 2548 2832 unus
2578 2794 2591 2841 ;
2616 2779 2749 2832 item
2782 2779 2850 2832 de
2880 2778 3267 2848 Clirysostomi
3303 2778 3561 2844 Homilia,
3616 2778 3715 2831 La-

2008 2864 2149 2930 tine,
2210 2866 2361 2936 quod
2421 2883 2524 2937 pro
2584 2867 2865 2920 defunctis
2919 2867 3234 2937 lugendum
3286 2881 3402 2918 non
3457 2870 3560 2931 est,
3615 2866 3712 2920 sed

2010 2953 2313 3007 orandum.
2349 2975 2376 3003 »
2412 2955 2583 3015 Maitt,
2617 2955 2679 3007 T.
2711 2955 2803 3020 Ill,
2838 2970 2890 3023 p.
2928 2970 2966 3019 ι,
3008 2970 3065 3023 p.
3111 2955 3232 3007 345.
3284 2952 3540 3007 Laudant
3578 2955 3714 3007 Ger-

197 3040 480 3095 chiridion
511 3040 578 3095 ad
616 3041 981 3096 Laurentium
1024 3043 1180 3097 urbis
1230 3045 1426 3098 Romae
1484 3045 1897 3116 primicerium,
1937 3052 1976 3107 C
2008 3043 2279 3096 manicam
2326 3042 2499 3113 hujus
2531 3042 2662 3095 libri
2692 3043 3035 3101 versionem.
3067 3046 3299 3096 auctore
3359 3042 3480 3096 Vito
3526 3043 3709 3097 Mileto

197 3144 296 3182 nec
326 3145 449 3182 non
485 3129 711 3183 libellus
763 3130 831 3184 de
890 3131 1147 3185 Esseutia
1198 3132 1539 3189 Divinitatis.
1597 3138 1696 3204 qui
1752 3135 1902 3188 inter

194 3231 361 3286 opera
398 3215 706 3285 Augustini
735 3223 916 3271 exstat
942 3223 1100 3272 tomo
1133 3226 1376 3290 quarto:
1412 3221 1474 3274 In
1512 3221 1754 3291 gratiam
1786 3227 1900 3276 stu-

195 3303 491 3357 diosorum
522 3304 824 3375 theologia:
855 3306 1095 3361 seorsim
1125 3308 1296 3374 edita,
1332 3325 1459 3363 cum
1494 3310 1790 3378 prmmissa
1827 3310 1899 3365 ad

198 3392 447 3445 illustres
481 3397 537 3445 et
558 3408 867 3463 generosos
913 3395 1176 3455 Baroues.
1240 3398 1401 3451 Dom.
1465 3398 1810 3453 Richardum
1845 3404 1901 3454 et

200 3481 358 3534 Dom.
402 3480 685 3534 Joannem
740 3498 773 3535 a
823 3482 1245 3549 Tschernemel,
1303 3485 1525 3540 devera
1571 3493 1794 3556 patrum
1826 3489 1898 3543 le-

196 3572 363 3623 ctione
381 3574 435 3622 et
465 3570 703 3624 lectionis
746 3572 1002 3640 utilitate,
1044 3574 1381 3642 przefatione
1434 3579 1493 3629 et
1538 3575 1898 3631 dedicatione

198 3659 495 3713 Salomonis
520 3659 760 3724 Gesneri,
794 3660 990 3723 Vheol,
1029 3662 1229 3717 Witeb.
1266 3683 1293 3714 ι»

266 3757 425 3809 1641.
463 3756 641 3823 Lugd.
685 3758 831 3826 Bat.,
875 3760 1041 3813 in-t2.
1096 3759 1254 3814 Idem
1306 3761 1473 3820 liber.
1543 3763 1713 3819 Notat
1762 3766 1899 3818 Hen-

202 3844 386 3899 dreich
416 3843 477 3897 in
508 3845 687 3901 Pand.
722 3847 990 3903 Brandeb.
1018 3848 1056 3902 l.
1087 3850 1123 3903 Ι.

263 3937 425 3989 1656.
484 3934 694 3997 Helst.,
763 3938 932 3991 ἐτι-4ο.
994 3938 1150 3993 Idem
1234 3939 1396 3994 liber.
1468 3940 1785 3996 Hendreich
1837 3942 1897 3996 in

196 4022 373 4077 Pand.
424 4022 698 4078 Brandeb.
752 4023 861 4079 Sed
890 4025 951 4079 in
979 4024 1067 4079 his
1089 4026 1353 4081 omnibus
1383 4027 1523 4082 adeo
1556 4026 1898 4082 desultorius

198 4116 274 4165 est
298 4110 413 4164 viri
441 4111 616 4181 hujus
647 4110 830 4182 labor,
860 4117 944 4181 ut,
983 4115 1242 4185 quamvis
1287 4115 1579 4186 providus,
1642 4121 1895 4170 metuam

196 4204 410 4267 tamen,
442 4216 516 4254 ne
544 4201 693 4256 male
751 4218 883 4256 eum
914 4202 1319 4261 intellexerim.
1361 4206 1568 4258 Vereor
1595 4221 1687 4269 ne,
1744 4205 1897 4275 quod

196 4287 337 4342 hanc
370 4287 689 4344 editionem
738 4290 961 4359 attinet,
994 4290 1055 4344 in
1102 4307 1293 4346 errore
1338 4296 1614 4356 versetur,
1673 4292 1894 4347 diversa

195 4376 505 4447 Augustini
528 4377 757 4449 scripta,
793 4378 1160 4435 Enchiridion
1217 4380 1497 4435 Doctrime
1555 4378 1891 4436 Christianae

197 4481 323 4518 cum
355 4464 522 4519 libris
559 4466 629 4519 IV
680 4467 748 4521 de
800 4467 1067 4521 Doctrina
1121 4468 1462 4524 Christiana.
1521 4486 1571 4523 a.
1630 4471 1763 4523 1655
1794 4469 1899 4524 hac

196 4553 380 4607 forma
409 4554 745 4609 Helmstadii
775 4555 962 4622 editis,
998 4556 1372 4612 confundens.

267 4646 426 4697 1665.
461 4644 839 4713 Paris.,apud
885 4645 1068 4714 Steph.
1122 4647 1396 4713 Loyson...
1454 4645 1761 4716 Augustini
1794 4648 1897 4701 En-

198 4729 480 4785 chiridion
531 4732 603 4785 ad
685 4734 1056 4788 Laurentium
1115 4736 1177 4800 V,
1238 4736 1433 4789 Romae
1483 4734 1892 4805 primicerium.

197 4819 340 4874 Exst.
381 4819 440 4873 in
472 4836 629 4889 opere
657 4822 953 4890 Spirituali
982 4840 1011 4876 a
1042 4840 1172 4894 pag.
1211 4825 1331 4879 I29.

260 4908 396 4963 Sac.
437 4909 626 4963 XVIII.
655 4913 909 4966 -1705,
952 4912 1173 4979 Lipsiae,
1226 4916 1427 4980 sumpt.
1475 4913 1645 4966 Joan.
1698 4912 1899 4967 Heini-

195 4996 304 5050 cliii
328 4997 529 5062 viduae,
574 4998 769 5053 litteris
797 5001 878 5053 Jo.
909 5001 1093 5054 Heinr.
1136 5001 1401 5067 Richteri,
1450 5000 1616 5055 in-80.
1662 5002 1725 5055 D.
1758 5004 1894 5054 Aur.

194 5088 339 5156 Aug.
397 5086 766 5141 Eucliiridion
824 5088 896 5142 ad
943 5088 1333 5153 Laurentium,
1364 5088 1523 5141 urbis
1558 5090 1752 5142 Romae
1781 5089 1896 5158 pri-

196 5174 516 5238 micerium,
573 5174 632 5228 in
661 5191 827 5229 usum
859 5174 1122 5229 studiosae
1149 5175 1484 5245 juventutis,
1518 5191 1646 5228 cum
1695 5176 1897 5245 praefa-

197 5262 345 5317 tione
376 5263 442 5317 de
479 5265 662 5321 studio
688 5265 976 5331 theologico
1029 5266 1095 5318 D.
1154 5263 1367 5318 Adami
1411 5264 1770 5331 Rechenbergi
1813 5280 1899 5318 re-

204 5366 419 5407 casum.
1212 5378 1219 5381 '

272 5528 347 5603 (ᾳ)
377 5530 786 5603 Hendreichius
813 5531 872 5586 in
904 5531 1077 5588 Pand.
1110 5531 1379 5588 Brandeb.
1428 5548 1486 5603 p.
1548 5532 1651 5587 342
1702 5547 1899 5587 mauu-

209 5601 468 5671 scriptam
502 5602 773 5657 Demetrii
825 5604 1150 5659 versionem
1193 5601 1703 5667 laudatfadducto
1753 5607 1895 5659 teste

2010 3129 2322 3200 (Moguntize
2368 3133 2501 3185 1604
2557 3135 2615 3184 et
2686 3134 2841 3199 1631,
2900 3132 3082 3194 in-l2)
3129 3128 3397 3199 Lipenius
3452 3129 3512 3182 in
3562 3130 3707 3185 Bibl.

2011 3220 2189 3274 Theol.
2222 3220 2285 3274 Τ.
2317 3220 2385 3284 ll,
2419 3236 2474 3290 p.
2502 3221 2625 3282 329,
2658 3221 2719 3274 Τ.
2748 3221 2793 3287 Ι,
2827 3236 2881 3290 p.
2916 3221 3041 3280 498,
3066 3223 3122 3272 et
3168 3234 3235 3271 ex
3281 3234 3348 3271 eo
3399 3217 3708 3273 Colonien—

2006 3323 2116 3367 ses.
2172 3308 2321 3378 apud
2375 3324 2518 3379 quos
2571 3313 2849 3379 praeterea
2910 3309 3167 3378 egregias
3215 3306 3488 3377 quasdam
3540 3323 3712 3377 super

2004 3396 2313 3466 Augustini
2345 3396 2415 3451 de
2470 3397 2712 3451 mortuis
2769 3402 2826 3451 et
2856 3402 3182 3450 sanctorum
3230 3397 3380 3449 cultu
3432 3396 3713 3449 sententia

2006 3484 2433 3539 observationes
2463 3501 2527 3538 ex
2554 3484 2853 3539 doctorum
2887 3484 3292 3554 theologorum
3332 3482 3557 3554 scriptis
3602 3484 3711 3539 col-

2004 3574 2176 3627 lectas
2204 3573 2260 3629 h.
2294 3574 2333 3628 l.
2368 3574 2640 3627 invenies.

2004 3671 2209 3725 XXXV.
2264 3699 2337 3711 —
2392 3673 2531 3740 (l02)
2576 3672 2781 3739 Regula
2827 3670 2902 3724 ad
2946 3686 3123 3725 servos
3182 3670 3307 3738 Dei,
3371 3686 3470 3724 seu
3516 3670 3708 3725 verius

2074 3760 2281 3827 Regula
2368 3759 2886 3815 Sanctimoniatibus
2957 3762 3181 3829 scripta,
3253 3759 3392 3813 alias
3456 3760 3708 3828 Epistola

2079 3849 2245 3903 CCXI
2270 3849 2352 3901 vel
2383 3849 2523 3902 CIX.

2076 3937 2389 3991 Bernardus
2453 3936 2751 4004 Vindingus
2783 3941 2839 3990 et
2864 3938 3094 4006 Prosper
3148 3936 3481 4002 Stellartius,
3524 3934 3693 3989 ambo

2004 4040 2071 4078 ex
2105 4025 2320 4078 familia
2352 4024 2789 4094 Augustiuiana,
2821 4025 2993 4095 primi
3016 4024 3301 4089 viderunt,
3332 4025 3592 4090 Regulam
3636 4023 3711 4077 ad

2003 4127 2180 4166 servos
2218 4114 2315 4166 Dei
2339 4127 2406 4165 ex
2437 4112 2674 4182 epistola
2700 4112 2926 4165 laudata
2960 4111 3129 4165 fuisse
3181 4111 3579 4182 depromptam
3627 4110 3709 4164 vi-

2004 4200 2196 4270 risque
2228 4205 2496 4271 aptatam.
2528 4200 2673 4266 Quo,
2697 4198 2904 4270 quibus
2928 4199 2987 4253 id
3016 4200 3228 4253 factum
3260 4199 3335 4253 sit
3358 4198 3708 4265 auctoribus,

2004 4288 2319 4359 ignoratur.
2353 4288 2459 4345 Sed
2495 4292 2718 4343 mature
2751 4287 3067 4342 admodum
3115 4287 3329 4342 factum
3368 4303 3488 4342 esse
3545 4304 3697 4358 appa

2002 4381 2109 4432 ret.
2166 4377 2473 4433 Observaut
2505 4377 2659 4433 enim
2714 4376 3088 4444 Beuedictiui,
3142 4393 3270 4431 eam
3333 4376 3702 4448 perantiquus

2007 4467 2371 4521 Tarnatensis
2402 4468 2613 4539 regula:
2638 4465 3000 4537 potissimam
3024 4471 3244 4536 partem
3276 4466 3461 4520 facere
3484 4470 3540 4519 et
3588 4467 3710 4519 lau-

2007 4556 2130 4610 dari
2160 4556 2219 4611 in
2250 4558 2559 4612 Concordia
2593 4556 2925 4627 regularum
2953 4572 2982 4609 a
3016 4555 3320 4609 Benedicto
3348 4554 3571 4609 Auiano
3604 4555 3709 4609 ab-

2006 4644 2134 4699 bate
2159 4650 2215 4699 et
2246 4645 2305 4699 in
2356 4646 2547 4699 codice
2577 4645 2750 4699 etiam
2812 4644 3165 4712 Corbeiensi,
3196 4644 3351 4698 mille
3399 4659 3706 4710 annorum,

2007 4733 2142 4787 viris
2172 4734 2677 4798 accommodatam,
2715 4737 2773 4786 et
2804 4748 2937 4786 cum
2969 4748 3035 4786 ea
3065 4748 3193 4803 quae.
3225 4732 3559 4786 inscribitur
3602 4734 3712 4785 Re-

2006 4823 2137 4888 gula
2162 4822 2415 4889 secunda,
2449 4821 2509 4875 in
2559 4836 2739 4874 unum
2768 4836 2974 4889 corpus
3030 4825 3384 4891 compactam
3418 4819 3701 4873 exhiberi.

2005 4912 2336 4966 Tenendum
2384 4915 2469 4965 est
2495 4914 2709 4970 autem.
2763 4910 2869 4963 hac
2924 4908 3397 4963 transmutatione
3456 4906 3711 4977 priorem

2006 4998 2263 5069 epistolae
2293 5004 2513 5070 partem
2543 5016 2577 5052 a
2601 4997 2784 5051 verbis
2812 4996 3126 5050 initialibus
3156 5013 3170 5050 :
3202 4997 3354 5052 Sicut
3399 5000 3605 5064 parata
3633 5000 3711 5049 est

2006 5090 2281 5155 severitas,
2324 5094 2453 5155 etc.,
2480 5104 2662 5159 usque
2686 5086 2755 5141 ad
2791 5086 2909 5155 illa,
2941 5086 3047 5141 Sed
3096 5087 3278 5156 potius
3309 5086 3580 5151 lacrymas
3612 5086 3707 5138 Pe-

2008 5180 2084 5232 tri
2120 5180 2380 5247 pastoris,
2416 5177 2643 5247 penitus
2672 5192 2792 5231 esse
2823 5175 3133 5246 abjectam:
3168 5173 3329 5244 cujus
3376 5173 3498 5227 loco
3528 5189 3713 5243 pauca

2007 5267 2128 5321 haec
2170 5265 2442 5337 praemitti
2480 5266 2664 5320 solent
2714 5264 3024 5320 adscititia:
3074 5264 3217 5317 Ante
3263 5265 3465 5328 omnia,
3505 5266 3710 5328 fratres

2007 5356 2333 5423 charissim,
2367 5354 2634 5423 diligatur
2654 5355 2829 5423 Deus,
2860 5352 3053 5407 deinde
3090 5353 3399 5421 proximus,
3449 5352 3580 5419 quia
3604 5352 3713 5404 ista

2005 5533 2321 5600 Hottingero
2352 5530 2414 5585 in
2433 5529 2855 5586 Bibliothecario
2884 5545 2942 5600 p.
2983 5530 3106 5583 3‘72.
3168 5527 3274 5584 Ubi
3303 5532 3497 5583 tamen
3531 5525 3709 5579 altum

2005 5604 2075 5658 de
2096 5619 2165 5657 ea
2192 5603 2505 5657 silentium.
