3926 6192
295 270 390 320 167

1294 263 1858 320 SUPPLEMENTUM
1898 264 1989 318 AD
2028 263 2261 321 OPEBA
2299 266 2354 320 S.
2397 261 2786 319 AUGUSTINI.

3691 267 3786 318 168

285 392 562 459 praecepta
614 391 743 442 sunt
790 386 1176 457 principaliter
1227 385 1380 440 nobis
1428 386 1580 442 data.
1644 388 1829 457 Atque
1887 385 1992 440 hac
2029 388 2070 442 A
2101 387 2201 442 fol.
2236 402 2440 442 cxxxm
2481 385 2668 441 excusi
2722 387 2854 439 sunt
2904 383 3289 439 Commentarii
3334 383 3612 439 Ambrosii
3660 385 3784 442 Cho-

290 479 478 532 forma
506 477 717 548 saepius
775 463 1078 546 separatim
1127 475 1197 529 ab
1252 475 1501 546 Operum
1532 475 1986 541 collectionibus,

287 567 369 621 ita
409 577 470 623 ut
521 569 608 622 vel
643 568 760 620 sola
795 565 1030 635 adjectis
1062 565 1335 618 nimirum
1392 567 1634 632 Hugonis
1686 565 1750 618 de
1780 566 1835 620 S.
1889 567 1986 619 Vi-

292 661 433 711 ctore
478 662 577 711 aut
617 656 934 712 Luirveltzii
963 654 1388 707 commentariis
1431 655 1698 708 volumen
1756 653 1985 718 efliciat,

289 745 377 800 vel
431 761 561 798 cum
613 743 740 798 aliis
796 741 1434 812 ordinisAugustiuiani
1486 743 1988 796 constitutionibus

293 850 498 888 excusa
527 827 628 886 est.
664 832 771 886 Sed
797 847 927 885 cum
953 830 1226 884 latissime
1257 829 1348 884 hic
1377 830 1516 884 ordo
1546 836 1756 901 pateat,
1788 836 1987 902 totque

291 923 527 978 diversae
548 937 615 976 eo
642 920 876 974 nomine
902 919 1466 989 comprehendantur
1493 920 1984 991 congregationes,

288 1027 531 1084 quarum
560 1009 820 1064 omnium
876 1008 1326 1074 constitutiones,
1368 1024 1496 1080 quas
1541 1009 1670 1079 plus
1726 1008 1986 1064 minusve

290 1103 437 1157 hanc
464 1101 723 1171 regulam
762 1097 1094 1168 respiciunt,
1148 1096 1357 1167 sepius
1409 1096 1643 1168 quidem
1696 1101 1828 1150 sunt
1875 1097 1983 1150 im-

285 1205 515 1260 pressae,
555 1188 654 1242 sed
693 1190 898 1242 natura
952 1199 1055 1238 sua
1083 1199 1396 1254 paucorum
1426 1183 1694 1238 manibus
1723 1187 1986 1239 teruntur

285 1282 338 1332 et
365 1277 481 1332 fere
512 1276 884 1330 delitescunt:
936 1271 1292 1342 intelligitur,
1351 1287 1526 1342 quam
1581 1271 1865 1326 lubricum
1914 1272 1986 1325 sit

284 1369 610 1419 accuratum
643 1366 740 1417 aut
764 1362 1002 1432 plenum
1032 1360 1328 1415 editionum
1376 1359 1547 1430 hujus
1585 1362 1787 1432 regulae
1832 1359 1982 1414 indi-

281 1471 405 1508 cem
448 1457 770 1507 contexere.
828 1449 1105 1521 Equidem
1143 1448 1351 1520 Oppido
1411 1465 1620 1519 paucas
1673 1448 1796 1519 ipse
1846 1448 1980 1515 vidi,

286 1560 390 1598 nec
423 1551 586 1613 quos,
618 1540 966 1594 cessantibus
990 1538 1124 1603 illis,
1157 1538 1318 1608 sequi
1359 1537 1669 1608 potuissem
1701 1537 1983 1590 nobilium

281 1631 758 1686 bibliothecarum
790 1629 1092 1698 scriptores
1124 1626 1256 1680 satis
1285 1627 1424 1680 ﬁdos
1453 1627 1558 1680 hac
1587 1626 1646 1679 in
1687 1641 1748 1679 re
1779 1641 1976 1695 exper-

283 1725 374 1773 tus
399 1735 545 1773 sum.
589 1717 805 1788 Collegi
859 1721 1072 1782 tamen,
1107 1721 1388 1786 quantum
1432 1715 1613 1786 potui,
1659 1723 1828 1786 atque
1874 1715 1980 1769 hoc

281 1807 482 1861 saltem
539 1809 828 1860 assecutus
900 1803 1044 1857 mihi
1085 1803 1298 1867 videor,
1355 1807 1421 1856 ut
1466 1804 1618 1874 quod
1667 1802 1833 1869 desit,
1880 1805 1981 1856 aut

280 1895 472 1948 minus
502 1899 652 1948 recte
674 1910 732 1948 se
754 1893 978 1958 habeat,
1014 1892 1061 1946 si
1085 1892 1232 1946 tanti
1278 1895 1514 1963 putatur
1543 1891 1612 1946 ab
1658 1891 1785 1946 aliis
1835 1907 1979 1964 sup-

277 1983 425 2054 pleri
455 1987 553 2037 aut
577 1981 787 2052 corrigi
817 1981 1036 2034 facilius
1072 1980 1254 2050 possit
1280 1965 1373 2049 (a);

348 2071 480 2126 ΞΜ.
514 2073 622 2127 XV.
671 2100 738 2109 —
787 2071 940 2124 1481.
1009 2071 1186 2124 Romae
1233 2069 1418 2134 in-fol.
1475 2068 1693 2138 Regula
1743 2068 1800 2122 S.
1855 2071 1976 2122 Au-

279 2159 495 2232 gustini
550 2175 680 2214 cum
737 2157 1149 2212 commentario
1195 2155 1473 2212 Ambrosii
1537 2157 1824 2214 Coriolani.
1884 2157 1978 2211 0r-

278 2248 438 2302 landi
462 2263 594 2319 pag.
627 2249 732 2301 284
763 2250 819 2299 et
839 2249 963 2300 316.

351 2338 505 2391 1490.
579 2337 915 2404 Argentinae;
972 2349 1072 2404 per
1125 2335 1426 2388 Martinum
1505 2333 1723 2400 Schott;
1785 2335 1973 2401 in-fol.

277 2425 537 2480 Canones
566 2425 784 2480 Aurelii
808 2425 1108 2490 Augustini
1127 2424 1297 2492 juxta
1348 2423 1612 2492 triplicem
1661 2439 1826 2491 quam
1854 2423 1974 2478 edi-

275 2513 361 2568 dit
400 2515 646 2582 regulam
681 2514 828 2568 omni
878 2515 1052 2568 statui
1103 2512 1319 2566 modum
1358 2511 1580 2565 vivendi
1631 2516 1971 2581 praestantes.

275 2602 431 2671 (Haec
484 2602 689 2657 litteris
718 2601 1069 2673 majusculis,
1101 2600 1399 2671 sequentia
1454 2599 1774 2654 minoribus
1821 2601 1975 2655 tituli

271 2690 454 2745 instar
481 2691 542 2746 in
569 2690 759 2761 prima
783 2690 996 2761 pagina
1024 2693 1062 2758 :)
1809 2725 1820 2748 ε

702 2779 932 2834 Prelati.
964 2777 1190 2846 regendi
1229 2778 1438 2846 copiam
1477 2779 1868 2831 nanciscuntur

626 2870 726 2923 Hic
753 2868 1124 2924 Subditi.suis
1154 2867 1360 2920 curatis
1382 2865 1708 2934 obsequendi
1733 2865 1970 2920 debitum

1134 2959 1380 3024 prestare
1408 2946 1682 3008 docentur.

698 3045 882 3097 Mores
910 3044 1186 3111 accipiunt
1209 3044 1313 3110 arpi
1328 3042 1509 3110 fideles
1530 3044 1792 3096 universi.

270 3132 358 3186 Ad
419 3131 668 3186 calcem:
731 3132 877 3200 Opus
923 3147 1186 3186 canonum
1241 3131 1458 3184 Aurelii
1496 3132 1799 3198 Augustini
1852 3147 1972 3187 cum

268 3235 410 3274 nova
439 3236 502 3274 ac
525 3221 797 3290 praetura
818 3221 1262 3290 interpretatione
1300 3217 1588 3272 Ambrosii
1643 3219 1971 3274 Choriolani

267 3310 380 3362 viri
423 3311 865 3378 prestantissimi.
936 3307 1206 3375 generalis
1252 3309 1505 3373 magistri
1547 3309 1711 3362 totius
1763 3308 1970 3364 ordinis

271 3398 654 3452 heremitarum
682 3397 800 3451 divi
827 3397 1142 3463 Augustini.
1179 3412 1280 3466 per
1311 3395 1627 3465 spectabiles
1667 3399 1813 3452 viros
1856 3397 1970 3451 Til-

270 3501 550 3540 manuum
597 3485 928 3556 limperger.
963 3485 1172 3539 ordinis
1223 3485 1605 3539 heremitarum
1655 3488 1831 3540 sancti
1860 3489 1973 3540 Au-

268 3575 478 3642 gustini
530 3575 782 3640 fratrem.
814 3572 1086 3628 Jacobum
1116 3572 1397 3627 fedderer.
1447 3573 1724 3628 Joannem
1775 3574 1968 3627 scher-

269 3677 380 3716 rer.
416 3661 622 3716 artium
679 3663 988 3716 liberalium
1025 3664 1354 3732 professores
1421 3665 1471 3716 et
1506 3677 1657 3717 sacre
1713 3663 1970 3730 theologie

270 3751 612 3806 bachalarios
667 3752 932 3817 formatos
971 3752 1395 3820 exquisitissime
1444 3753 1772 3819 castigatum
1809 3756 1970 3821 atque

265 3842 504 3894 revisam
556 3844 653 3893 est.
720 3841 1151 3908 Impressumque
1216 3839 1526 3909 Argentine
1604 3844 1722 3894 arte
1756 3844 1806 3894 et
1865 3841 1968 3894 im-

261 3934 448 3997 pensis
496 3929 838 3983 solertissimi
881 3930 994 3983 viri
1032 3927 1258 3984 Martini
1304 3929 1506 3984 schott.
1557 3930 1724 3982 Anno
1773 3929 1968 3984 salutis

266 4018 604 4074 MCCCCXC.

339 4107 434 4160 His
461 4106 727 4160 omnibus
751 4105 999 4177 denique
1025 4105 1281 4176 subjecta
1302 4109 1771 4162 suntmonimenta
1795 4107 1870 4160 ad
1899 4108 1967 4162 le-

263 4200 458 4250 ctorem
494 4211 586 4250 sex
615 4194 867 4250 distichis
896 4194 1212 4250 constantia
1238 4195 1685 4267 subsignataque
1723 4194 1960 4250 litteris:

2095 478 2298 531 riolani
2320 479 2379 530 in
2398 477 2637 545 primam
2665 475 2909 542 regulam
2937 473 3437 540 sanctiAugustini
3461 488 3593 527 cum
3612 473 3793 527 tribus

2097 565 2219 637 ejus
2249 565 2308 618 in
2351 565 2543 619 laudes
2594 569 2650 618 et
2677 563 2960 618 doctrinas
2992 562 3266 633 quasdam
3327 561 3497 629 hujus
3553 562 3794 616 doctoris

2097 654 2467 708 orationibus.
2501 652 2787 717 Praefatio,
2819 667 2948 723 qua:
2977 651 3110 704 huic
3142 651 3286 721 parti
3337 653 3430 705 fol.
3464 667 3604 717 CXIX,
3663 667 3790 721 pag.

2096 743 2274 796 altera
2341 741 2712 812 prmmittitur
2757 741 2992 797 ‘Oliverii
3045 741 3224 796 Servii
3279 741 3669 793 Tholentinatis
3727 740 3792 793 ad

2097 831 2456 884 Guillermum
2507 829 2572 883 de
2613 829 2976 882 Estoutevilla
3008 829 3313 898 episcopum
3388 828 3679 883 Ostiensem
3747 833 3797 882 et

2095 919 2450 986 cardinalem,
2486 919 2544 972 in
2567 934 2681 988 qua
2699 934 2757 971 se
2787 916 3040 988 primum
3061 916 3184 970 haec
3212 917 3361 970 foras
3390 916 3620 970 mittere
3654 918 3795 970 scri-

2094 1009 2198 1075 bit,
2235 1008 2306 1062 ad
2339 1009 2528 1074 aliam,
2562 1023 2690 1078 quae
2718 1007 2865 1061 hanc
2893 1005 3268 1076 praecesserit,
3329 1005 3642 1061 editionem
3673 1021 3798 1077 spe-

2093 1102 2244 1152 ctare
2275 1097 2518 1152 videtur.
2553 1098 2833 1151 Caeterum
2881 1094 3081 1150 sedulo
3144 1099 3377 1148 cautum
3423 1097 3509 1148 est
3553 1111 3588 1149 a
3643 1099 3798 1166 typo-

2093 1185 2345 1257 graphis,
2399 1201 2472 1239 ne
2520 1199 2726 1239 vacuas
2777 1182 3014 1254 paginas
3074 1183 3473 1252 admitterent;
3528 1182 3799 1255 quocirca

2091 1274 2327 1346 passim,
2384 1273 2558 1328 veluti
2586 1273 2682 1328 fol.
2717 1289 2812 1326 VIII
2843 1272 3055 1343 pagina
3084 1273 3282 1339 altera,
3314 1289 3419 1327 nec
3450 1288 3566 1327 non
3595 1273 3796 1327 eadem

2091 1365 2302 1436 pagina
2329 1363 2499 1429 tituli,
2523 1361 2659 1417 item
2689 1362 2878 1433 prima
2920 1361 3015 1415 fol.
3051 1378 3176 1415 CXIX
3201 1361 3507 1432 Augustini
3538 1361 3794 1433 efﬁgiem

2092 1453 2248 1520 ligno
2270 1452 2610 1522 impressam
2635 1451 2873 1506 videbis.
2908 1451 3166 1506 Conferri
3196 1451 3368 1505 etiam
3391 1451 3460 1505 de
3490 1451 3598 1506 hoc
3618 1469 3794 1524 opere

2091 1543 2301 1612 poterit
2327 1541 2664 1598 BraunNot.
2698 1543 2766 1596 H.
2799 1542 2933 1606 Lit.,
2986 1541 3050 1594 T.
3084 1541 3305 1612 II,pag.
3349 1545 3465 1596 195.

2170 1631 2321 1684 1500.
2380 1632 2631 1695 Venetiis,
2688 1631 2946 1699 impensis
3002 1631 3242 1698 Giuntw,
3281 1635 3398 1684 arte
3446 1633 3670 1685 Joannis
3728 1631 3798 1685 de

2090 1719 2294 1788 Spira;
2328 1720 2486 1772 ἱππ-4ο.
2521 1717 2575 1772 S.
2609 1717 2911 1787 Augustini
2937 1718 3156 1788 Regula
3194 1734 3309 1772 una
3335 1735 3464 1772 cum
3489 1718 3612 1772 Vita
3642 1719 3792 1789 ejus.

2087 1807 2241 1861 Inter
2269 1808 2499 1874 Regulas
2535 1811 2769 1875 quatuor
2793 1809 3033 1876 primum
3086 1807 3437 1877 approbatas,
3479 1807 3548 1861 de
3579 1807 3797 1878 quibus

2089 1897 2159 1951 ad
2188 1896 2541 1950 Benedictum
2583 1895 2824 1962 dicetur,
2873 1896 3160 1967 simulque
3189 1897 3338 1950 hanc
3369 1895 3684 1950 editionem
3716 1896 3798 1949 la-

2085 1983 2198 2038 tius
2222 1983 2563 2053 descriptam
2594 1983 2877 2038 dabimus.

2155 2073 2288 2127 δερ.
2320 2073 2454 2126 XVI.
2483 2075 2714 2126 —1516.
2748 2072 3025 2141 Lugduni,
3066 2075 3204 2128 in-8°
3235 2071 3317 2144 (ᾧ)
3367 2073 3424 2128 S.
3481 2073 3797 2144 Augustini

2087 2162 2325 2232 Regula.

2157 2247 2369 2322 [1517.]
2425 2251 2553 2306 Sine
2604 2250 2713 2304 loco
2763 2255 2814 2304 et
2843 2251 3200 2320 typographo,
3257 2251 3418 2305 iii-8°.
3473 2251 3533 2304 Β.
3567 2252 3798 2322 Augus-

2081 2338 2189 2393 tini
2217 2338 2471 2410 episcopi
2503 2339 2739 2409 Regula.
2776 2340 2969 2393 Exstat
3018 2338 3079 2392 in
3135 2339 3622 2393 Constitutionibus
3663 2339 3797 2394 fra-

2081 2431 2237 2482 trum
2294 2427 2714 2481 Heremitarum
2782 2426 2971 2482 Sancti
3021 2426 3326 2498 Augustini
3389 2426 3457 2480 ad
3502 2426 3798 2497 Apostoli-

2081 2532 2280 2570 corum
2353 2515 2786 2586 privilegiorum
2869 2515 3114 2569 formam
3190 2530 3294 2584 pro
3371 2513 3793 2568 reformatione

2077 2604 2449 2662 Alemannim.
2534 2603 2914 2658 Prmmittitur
2942 2603 3018 2658 ad
3054 2617 3230 2658 omnes
3263 2601 3472 2657 ordinis
3536 2605 3794 2669 fratrum

2079 2695 2477 2748 Heremitarum
2522 2693 2579 2748 S.
2641 2694 2942 2759 Augustini
2982 2708 3086 2762 per
3128 2693 3510 2747 Alemanniam
3556 2693 3801 2747 Conven-

2080 2787 2167 2837 tus
2195 2782 2506 2836 adhortatio
2554 2781 2787 2835 Joannis
2831 2781 2901 2836 de
2939 2780 3215 2852 Staupitz.
3266 2782 3472 2850 prioris
3513 2782 3798 2847 generalis

2078 2868 2153 2922 ad
2175 2869 2446 2936 negotium
2468 2866 2627 2920 dictae
2674 2867 3078 2933 reformationis
3122 2870 3246 2920 tunc
3291 2866 3506 2931 vicarii,
3557 2865 3797 2936 signata

2005 2965 2045 3022 c
2077 2971 2128 3010 a.
2159 2959 2313 3011 1517.

2153 3046 2307 3099 1526.
2358 3044 2697 3100 Parisiis...
2725 3084 2738 3098 .
2794 3044 3038 3110 Hugonis
3085 3057 3120 3096 a
3164 3042 3226 3096 S.
3287 3043 3500 3097 Victore
3563 3040 3627 3096 in
3675 3043 3797 3098 Re—

2078 3133 2272 3203 gulam
2332 3133 2397 3186 D.
2441 3130 2747 3202 Augustini
2775 3130 3076 3202 expositio,
3117 3130 3269 3185 edita
3320 3129 3382 3183 in
3414 3129 3602 3200 prima
3631 3127 3796 3184 inte-

2079 3236 2181 3290 gra
2202 3220 2433 3289 Operum
2460 3219 2697 3289 ejusdem
2727 3219 3062 3274 collectione
3094 3218 3152 3274 h.
3187 3235 3236 3272 a.
3264 3218 3427 3272 facta.
3461 3218 3608 3271 Num
3656 3216 3800 3287 ipsa

2080 3325 2311 3380 quoque
2374 3309 2577 3375 Regula
2619 3324 2737 3362 una
2780 3323 3045 3379 expressa
3095 3307 3184 3372 sit,
3244 3307 3465 3377 ignoro.
3525 3307 3798 3376 Hugonis

2077 3413 2210 3452 vero
2268 3396 2722 3452 Commentarius
2765 3402 2964 3467 postea
3014 3395 3229 3467 pariter
3284 3409 3535 3454 recusus,
3580 3398 3669 3447 est
3720 3393 3797 3447 in

2078 3485 2323 3541 editione
2384 3488 2584 3541 Veneta
2639 3485 2808 3556 (apud
2871 3487 2950 3540 Jo.
2996 3485 3166 3553 Bapt.
3223 3485 3553 3552 Somascum)
3615 3483 3793 3550 1588,

2079 3579 2136 3630 et
2164 3573 2488 3630 Coloniensi
2541 3577 2693 3641 £617,
2741 3589 2847 3628 nec
2876 3589 2994 3628 non
3020 3572 3346 3641 novissima,
3380 3586 3554 3643 quam
3583 3570 3795 3640 singu-

2077 3662 2237 3717 latim
2267 3662 2664 3718 indicabimus.

2156 3754 2307 3808 1550.
2368 3753 2624 3815 Venetiis,
2661 3753 2830 3806 in-4°.
2863 3750 2918 3806 S.
2946 3749 3250 3822 Augustini
3297 3749 3514 3820 Regula
3541 3748 3614 3803 ad
3646 3749 3795 3803 Ser-

2075 3856 2176 3894 vos
2228 3841 2348 3908 Dei,
2397 3847 2489 3895 seu
2537 3843 2719 3895 uerius
2783 3840 3004 3910 Regula
3059 3837 3592 3894 Sanctimonialibus
3623 3852 3796 3906 prm-

2077 3929 2323 3999 scripta:
2355 3931 2443 3983 cui
2457 3931 2816 3999 premittitur
2844 3929 3079 4000 Regulae
3109 3927 3329 3982 clericis
3359 3926 3581 3980 traditas
3630 3925 3798 3998 frag—

2075 4021 2336 4072 mentum
2393 4033 2522 4072 cum
2577 4017 2797 4089 Regula
2854 4016 3106 4071 secunda
3149 4014 3570 4087 (supposititia).
3627 4015 3792 4070 Exst.

2075 4107 2224 4162 inter
2243 4111 2487 4178 quatuor
2511 4106 2764 4177 primum
2797 4106 3142 4176 approbatas
3167 4105 3430 4176 Regulas,
3476 4103 3797 4158 collectore

2073 4197 2169 4252 Jo.
2210 4197 2495 4251 Francisco
2548 4195 2841 4263 Brimiano,
2898 4210 3172 4265 congreg.
3224 4194 3278 4249 S.
3337 4192 3570 4249 Justinus
3609 4192 3675 4247 Ο.
3725 4193 3796 4249 S.

263 4285 473 4338 F.D.L.
515 4283 600 4338 Ab
646 4283 814 4337 initio
873 4283 1090 4337 occurit
1147 4257 1431 4337 Tilmanni
1467 4257 1780 4353 Limperger
1821 4301 1963 4355 prie-
2000 4257 2044 4312 θ
2076 4285 2453 4354 Benedicti;...
2483 4287 2627 4340 circa
2663 4257 2846 4356 ﬁnem.

264 4371 406 4424 fatio
437 4371 508 4425 ad
532 4371 854 4427 Nicholaum
880 4373 1077 4434 Friess,
1101 4371 1429 4441 theologum
1455 4372 1960 4442 Augustinianum,

267 4458 599 4529 episcopum
629 4458 1066 4530 Tripolitanum.
1101 4458 1318 4512 Deinde
1360 4475 1393 4511 a
1428 4459 1565 4513 folio
1595 4459 1730 4514 inde
1776 4461 1963 4531 primo

265 4563 448 4617 usque
477 4547 545 4601 ad
576 4550 836 4601 octavum
864 4546 1294 4618 praemittuntur
1338 4549 1465 4602 Vita
1522 4549 1824 4616 Augustini
1865 4565 1964 4619 per

267 4635 631 4702 Coriolanum,
664 4640 722 4691 et
749 4635 1136 4691 commendatio
1164 4637 1362 4704 regulae
1415 4638 1669 4706 ejusdem.
1713 4638 1964 4692 Tandem

264 4723 400 4780 folie
427 4739 482 4777 1x
503 4723 786 4794 incipiunt
819 4725 1213 4778 Commentarii
1239 4740 1403 4794 super
1445 4727 1635 4794 regula
1673 4726 1791 4780 divi
1836 4727 1964 4781 Au-

265 4815 564 4883 gustini...
625 4812 761 4866 editi
809 4812 878 4866 ab
955 4813 1242 4868 Ambrosio
1288 4815 1659 4870 Coriolano....
1714 4830 1817 4884 per
1863 4830 1965 4868 mo-

264 4900 396 4955 dum
427 4900 681 4968 Dialogi;
709 4899 1121 4955 continuantur
1147 4917 1279 4956 vero
1308 4917 1485 4973 usque
1514 4902 1583 4956 ad
1637 4901 1760 4956 folii
1802 4917 1963 4955 cxvm

265 4988 462 5042 tinem.
489 4988 706 5043 Dehinc
757 4989 1062 5059 separatim
1118 4990 1257 5045 folio
1304 5007 1408 5044 cxx
1448 5007 1629 5062 usque
1687 4990 1758 5045 ad
1788 4989 1962 5044 ﬁnem

336 5095 414 5164 (a)
444 5095 581 5159 Quae
605 5111 758 5150 cruce
786 5099 1078 5162 notantur,
1121 5113 1214 5151 eas
1270 5096 1628 5152 solummodo
1689 5097 1750 5151 in
1797 5099 1964 5152 Cata-

265 5167 382 5233 logo
414 5165 559 5238 Bibl.
608 5166 925 5222 Bodleianse
979 5167 1236 5238 laudatas
1288 5167 1498 5238 reperi,
1553 5167 1654 5238 qui
1708 5171 1774 5222 ut
1812 5168 1964 5223 inter

261 5237 766 5310 praestantissimos
805 5237 1281 5293 bibliothecarum
1331 5237 1690 5310 publicarum
1748 5238 1962 5310 indices

260 5307 467 5363 merito
497 5315 853 5376 numeratur,
883 5310 962 5365 ita
1009 5310 1162 5364 haud
1208 5307 1352 5364 raro
1395 5309 1962 5365 bibliothecariorum

265 5379 461 5452 usibus
480 5379 679 5452 imagis
731 5397 904 5452 quam
934 5381 1229 5436 communi
1258 5380 1493 5436 utilitati
1517 5385 1602 5435 est
1633 5395 1960 5452 accommo-

263 5451 448 5517 datus,
479 5451 772 5535 librosque
802 5452 1010 5535 quibus
1039 5453 1218 5535 aliqui
1245 5456 1514 5535 tractatus
1563 5451 1762 5535 inserti
1808 5455 1956 5532 sunt,

261 5539 377 5578 non
395 5523 582 5578 verbis
611 5523 840 5591 indicat,
869 5523 968 5579 sed
998 5524 1097 5579 ubi
1135 5523 1204 5579 in
1249 5523 1451 5579 forulis
1474 5523 1854 5594 reperiantur,
1885 5523 1958 5577 si-

2146 4376 2302 4428 1561.
2355 4375 2606 4441 Venetiis,
2663 4388 2763 4442 per
2815 4371 3224 4426 Bernardinum
3272 4371 3582 4435 Fasianum,
3633 4384 3801 4424 sum-

2069 4462 2256 4532 ptibus
2286 4463 2673 4518 Canonicorum
2701 4462 3056 4530 Regularium
3090 4460 3560 4514 Lateranensium.
3598 4460 3799 4513 Mense

2071 4551 2302 4618 Aprili;
2324 4551 2482 4604 ίη-4ο.
2509 4548 2569 4605 S.
2600 4548 2908 4620 Augustini
2939 4549 3179 4618 Regula,
3234 4563 3364 4601 cum
3422 4546 3801 4616 expositione

2072 4639 2312 4704 Hugonis
2341 4638 2406 4692 de
2437 4638 2492 4693 S.
2529 4639 2741 4693 Victore
2773 4639 2961 4692 Latine
2987 4642 3038 4691 et
3066 4637 3278 4691 Italiae.
3305 4636 3421 4692 Cat.
3472 4634 3629 4689 Bibl.
3694 4635 3798 4690 Pi.

2075 4728 2202 4780 nell.
2237 4725 2307 4779 cf.
2354 4726 2572 4781 Fabric.
2605 4727 2666 4780 in
2708 4725 2862 4780 Bibl.
2911 4727 2986 4782 Μ.
3032 4730 3083 4780 et
3134 4725 3254 4791 Inf.
3285 4725 3409 4779 Lat.
3467 4721 3558 4776 ed.
3596 4722 3798 4777 Μειηεὶ

2069 4815 2130 4868 Τ.
2163 4815 2259 4875 Ill,
2291 4830 2425 4884 pag.
2459 4817 2583 4870 θοι.

2147 4905 2298 4956 1575.
2353 4902 2586 4958 Coloniae
2615 4903 2881 4973 Agripp.,
2926 4905 3085 4958 in-80.
3119 4903 3173 4957 S.
3222 4899 3530 4971 Augustini
3556 4899 3802 4971 Regula

2021 4979 2026 4984 ’
2071 4994 2125 5045 et
2157 4990 2606 5046 Constitutiones
2661 4991 2906 5047 fratrum
2958 4991 3079 5046 ord.
3115 4990 3580 5045 Praedicatorum.
3643 4989 3792 5046 Cat.

2072 5097 2198 5168 gnis
2251 5096 2521 5153 declarat.
2567 5097 2848 5152 Czeterum
2898 5097 3088 5152 nescio
3136 5097 3311 5152 etiam
3358 5113 3431 5151 an
3456 5111 3667 5150 omnes
3698 5114 3809 5152 0b

2072 5167 2221 5223 diuis
2269 5168 2676 5238 Augustiniani
2716 5168 3164 5224 Constitutiones
3202 5167 3479 5223 editiones
3531 5169 3812 5235 regulam

2070 5239 2219 5294 hanc
2247 5255 2282 5311 a
2319 5239 2518 5294 limine
2571 5239 2898 5311 praeferant.
2940 5239 3090 5295 Alias
3138 5255 3416 5294 numerus
3465 5253 3670 5311 earum
3716 5255 3814 5295 ex

2072 5309 2307 5392 Lipenio
2363 5311 2530 5378 (Bibl.
2572 5309 2766 5366 'Theol.
2815 5315 2858 5365 t.
2891 5311 2935 5378 Ι,
2968 5327 3100 5381 pag.
3142 5312 3241 5366 118
3298 5311 3463 5435 sqq),
3511 5309 3822 5391 Hendrei.

2072 5381 2201 5435 chio
2232 5381 2428 5435 (Pand.
2459 5381 2763 5435 Brandeb..
2785 5396 2919 5435 nae.
2951 5383 3102 5435 343.)
3152 5397 3218 5435 ex
3249 5381 3384 5435 Cata
3408 5395 3518 5435 οπο
3559 5379 3813 5435 Βὼιιο-

2071 5379 2201 5462 chio
2232 5381 2428 5462 (Palici.
2459 5381 2930 5462 Brandebq‘pag;
3145 5397 3218 5462 ex
3249 5379 3518 5462 Catalogo
3559 5379 3813 5462 ΒΗ)ιὶοτ

2070 5451 2254 5507 thecas
2307 5451 2698 5508 Casanatensis
2756 5451 2832 5521 (ἢ.
2872 5451 3321 5515 Constitutiones)
3367 5451 3532 5507 facile
3575 5455 3817 5522 augeri

2069 5527 2284 5592 posset.
