3926 6192
289 320 370 369 171
1308 308 1865 365 SUPPLEMENTUM
1908 307 1995 360 AD
2035 303 2268 360 OPERA
2307 305 2361 358 S.
2406 301 2789 358 AUGUSTINI.

2008 431 2051 483 A
2083 441 2116 478 a
2144 427 2198 481 S.
2239 427 2554 494 Laurentio,
2586 423 2704 478 ord.
2755 423 2885 477 Min.
2953 423 3093 492 Reg.
3128 419 3512 475 Observautiae
3560 420 3784 475 lectoris

640 438 927 492 XXXVIII.
960 464 1032 476 —
1052 433 1199 504 (l06)
1227 434 1306 486 De
1334 432 1653 486 Haeresibus

351 529 502 580 1ὕ76.
569 525 807 588 Genevaz,
866 523 1020 593 apud
1082 522 1433 576 Eustathium
1501 522 1742 588 Vignon;
1804 520 1966 572 iii-80.

277 635 302 666 ει
338 616 400 668 D.
430 617 564 667 Aur.
599 611 919 683 Augustini,
949 610 1114 679 Hipp.
1149 625 1236 679 ep.
1264 608 1408 662 liber
1439 607 1508 662 de
1546 607 1875 672 haeresibus,
1901 605 1970 659 ad

274 702 748 767 Quodvultdeum.
795 699 1072 752 Lamberti
1122 700 1312 752 Danaei
1344 713 1519 767 opera
1549 696 1884 750 emendatus
1915 699 1973 747 et

275 789 693 844 commentariis
720 787 1058 856 illustratus,
1089 802 1122 839 a
1152 802 1266 857 quo
1325 785 1528 839 eodem
1579 784 1787 838 additm
1841 785 1972 836 sunt

273 880 518 933 haereses
567 877 638 930 ab
678 875 814 929 orbe
845 875 1076 929 condito
1109 875 1180 929 ad
1223 873 1598 928 constitutum
1639 871 1972 942 Papismum

273 970 329 1020 et
358 963 874 1030 Mohametismum,
908 964 1079 1018 etiam
1107 979 1210 1032 eae,
1271 978 1400 1033 quae
1449 961 1540 1016 hic
1571 965 1734 1015 erant
1763 961 1833 1014 ab
1863 961 1968 1013 Au-

271 1054 500 1125 gustino
547 1053 965 1124 praetermissus.
1015 1051 1264 1106 Accessit
1306 1051 1466 1122 operi
1506 1050 1860 1121 quadruplex
1889 1048 1974 1102 in-

273 1143 396 1210 dex,
431 1148 494 1197 ut
524 1158 642 1197 non
677 1142 843 1196 modo
900 1139 1286 1211 chronologiee
1341 1140 1633 1194 hazreseon
1665 1139 1830 1206 ratio,
1874 1136 1973 1191 sed

271 1231 466 1297 etiam,
501 1247 627 1301 quae
672 1247 736 1283 ex
766 1229 877 1284 illis
905 1229 1124 1284 utilitas
1171 1228 1388 1299 percipi
1444 1228 1645 1298 possit,
1685 1225 1971 1296 intellige-

269 1323 448 1386 retur,
475 1323 531 1373 et
555 1335 588 1372 a
617 1319 824 1389 quibus
856 1318 913 1371 in
951 1333 1300 1388 unoquoque
1340 1315 1606 1385 Decalogi
1662 1319 1974 1386 praecepto,

269 1407 526 1478 Symboli
577 1406 872 1478 apostolici
901 1406 1160 1472 articulo,
1187 1405 1325 1459 item
1353 1403 1737 1474 disputatione
1767 1403 1835 1456 de
1867 1402 1972 1456 Sa-

269 1494 575 1551 cramentis
602 1495 672 1549 sit
701 1500 972 1549 erratum.
1007 1495 1072 1547 In
1100 1493 1249 1548 calce
1280 1493 1467 1563 operis
1511 1491 1704 1546 addita
1751 1494 1836 1546 est
1880 1506 1972 1544 ar-

269 1585 373 1638 bor
401 1583 716 1650 haereseon,
750 1598 815 1636 ex
876 1599 990 1653 qua
1027 1581 1317 1652 quomodo
1366 1579 1490 1633 aliae
1544 1594 1612 1633 ex
1669 1578 1794 1633 aliis
1824 1581 1972 1632 natm

270 1671 383 1726 sint
402 1677 460 1726 et
484 1674 834 1741 propagatae,
867 1674 924 1723 et
954 1672 1018 1723 ut
1039 1684 1189 1738 saepe
1208 1683 1324 1721 una
1344 1667 1609 1737 quaedam
1639 1666 1820 1736 hydra
1838 1666 1970 1736 plu-

3689 304 3781 353 1ἶῖ

2071 513 2324 584 jubilati,
2359 513 2541 583 ejusd.
2567 513 2689 566 ord.
2741 509 3054 580 scriptoris,
3114 509 3174 562 in
3211 510 3466 563 Romana
3496 509 3784 579 provincia

2079 603 2328 656 ministri
2382 600 2769 671 provincialis,
2829 597 3087 654 dioecesis
3142 597 3512 651 Viterbiensis
3565 598 3786 652 exami-

2080 690 2294 745 natoris
2325 689 2622 760 synodalia,
2676 705 2847 742 sacrae
2893 685 3354 755 congregationis
3413 685 3620 739 Indicis
3651 703 3785 740 con-

2081 777 2332 831 sultoris.
2387 777 2570 832 Oblati
2629 775 2982 830 eminentiss.
3037 779 3092 828 et
3158 773 3548 829 Reverendiss.
3605 775 3660 829 S.
3721 777 3784 830 lt.

2083 866 2139 919 E.
2175 865 2579 933 cardinalibus,
2638 864 2891 934 ejusdem
2919 864 2974 918 S.
3035 861 3498 933 congregationis
3556 860 3784 915 Indicis.

2082 953 2290 1024 «Opus
2331 953 2639 1024 omnigena
2681 952 3002 1006 eruditione
3050 951 3345 1005 refertum.
3409 950 3552 1004 Utile
3601 951 3788 1004 Theo-

2079 1041 2244 1112 logis,
2277 1042 2657 1113 philosophis,
2715 1041 3107 1111 scriptoribus,
3142 1040 3444 1105 historicis,
3489 1039 3792 1093 conciona-

2080 1131 2300 1184 toribus
2360 1130 2738 1196 confessariis,
2789 1146 2984 1184 curam
3042 1128 3369 1183 animorum
3421 1127 3788 1192 habentibus,

2080 1219 2464 1273 humanarum
2519 1218 2956 1289 divinarumque
3009 1217 3329 1272 litterarum
3381 1220 3549 1288 atque
3591 1232 3791 1271 rerum

2083 1307 2598 1361 Ecclesiasticarum
2681 1306 2971 1362 studiosis.
3059 1309 3195 1361 Pars
3259 1309 3444 1376 prima
3508 1308 3788 1360 continens

2082 1395 2300 1450 hereses
2352 1398 2450 1450 XII
2511 1411 2546 1450 a
2600 1396 2811 1451 Simone
2865 1397 3024 1461 Mago
3080 1410 3248 1464 usque
3301 1395 3376 1448 ad
3439 1396 3789 1450 Marcionem.

2079 1484 2314 1556 Adjecta
2341 1485 2412 1539 ad
2459 1485 2669 1539 calcem
2725 1485 3136 1554 cujuscumque
3181 1484 3413 1538 hazresis
3469 1483 3791 1538 Collatione

2081 1573 2335 1644 ejusdem
2387 1589 2518 1627 cum
2586 1573 2971 1627 recentiorum
3036 1572 3503 1643 Evangelicorum
3559 1569 3796 1624 haeresi-

2079 1661 2206 1716 bus.
2252 1664 2429 1717 Romae
2480 1665 2635 1728 1707,
2671 1664 2815 1731 typis
2873 1663 2962 1717 Ge.
3020 1663 3228 1728 Plachi,
3288 1661 3590 1730 sumptibus
3662 1660 3792 1713 Val.

269 1718 1322 1828 HabitaExsulat}:
1640 1718 1763 1809 Fel
1797 1718 1970 1809 relum-
2010 1718 2051 1773 Β
2082 1753 2383 1818 Fregianti.
2414 1754 2464 1820 (ὅ
2491 1718 2659 1821 Alph.
2691 1718 2944 1821 1l‘plagg.
2975 1753 3030 1804 et
3051 1718 3226 1804 Praef:
3252 1718 3444 1820 plagg.
3473 1748 3548 1818 6.)
3581 1777 3650 1788 —
3679 1749 3798 1801 Au-

269 1847 400 1901 dem
444 1848 508 1901 L.
540 1849 814 1900 Danaeum.
848 1843 1086 1899 Additus
1134 1849 1220 1898 est
1267 1847 1546 1914 praeterea
1592 1846 1862 1898 tractatus
1901 1843 1970 1897 de

271 1934 530 2002 Ecclesia,
565 1933 681 1995 ubi,
709 1933 917 2005 quibus
949 1933 1163 1988 sensim
1193 1933 1462 2004 gradibus
1513 1932 1612 1987 illa
1647 1933 1880 1988 tandem
1911 1932 1972 1986 in

275 2022 611 2094 Papisticam
653 2021 1014 2093 tyrannidem
1063 2021 1349 2089 inciderit,
1407 2021 1747 2076 ostenditur.
1786 2043 1806 2070 ιι
1845 2021 1973 2091 Dig-

269 2127 343 2164 na
367 2115 454 2165 est
480 2127 600 2164 aevo
631 2109 740 2164 isto
797 2115 852 2164 et
906 2109 1192 2180 imprimis
1232 2110 1405 2180 hujus
1432 2109 1627 2164 eximii
1676 2111 1971 2164 haereseou

269 2199 669 2271 genealogistae
700 2197 934 2269 ingenio
978 2198 1223 2269 epistola
1249 2199 1321 2253 ad
1363 2203 1625 2253 senatum
1679 2201 1969 2253 Geneven-

267 2303 387 2342 sem
419 2287 489 2341 ab
521 2303 588 2340 eo
609 2286 838 2356 scripta,
872 2302 987 2357 qua
1017 2291 1229 2340 sortem
1263 2285 1371 2340 sibi
1402 2286 1723 2356 gratulatur
1759 2285 1970 2340 divinis

269 2381 360 2431 tus
390 2391 734 2440 concessam,
772 2375 921 2445 quod
953 2373 1014 2428 in
1044 2389 1112 2429 ea
1161 2374 1386 2428 civitate
1430 2373 1616 2427 vivere
1647 2373 1968 2444 contigerit,

231 2523 238 2530 ,
267 2479 441 2535 quam
470 2463 614 2518 nulli
653 2463 837 2534 gloria
866 2462 927 2516 in
957 2462 1333 2533 exstirpandis
1362 2461 1494 2534 igne
1548 2463 1815 2534 ferroque
1847 2463 1968 2516 hae-

269 2552 480 2607 resium
530 2551 861 2607 auctoribus
889 2551 1197 2606 secundam
1236 2551 1453 2605 censeri
1486 2555 1760 2622 Oporteat,
1798 2556 1971 2622 atque

270 2639 628 2694 laetabundus
674 2639 953 2711 supplicia
994 2639 1063 2694 ab
1118 2639 1404 2694 hasreticis
1462 2641 1701 2694 Genevae
1744 2644 1973 2710 sumpta

267 2733 542 2784 recenset.

343 2820 495 2872 I578.
541 2817 770 2878 Ibidem,
827 2817 978 2886 apud
1027 2818 1284 2883 eumdem,
1333 2820 1488 2871 in-8°.
1549 2817 1754 2871 Eadem
1799 2817 1969 2886 plane

268 2905 463 2961 editio.
499 2908 622 2962 Cat.
659 2905 798 2959 Bibl.
832 2906 1007 2960 Thott.

2080 1840 2295 1910 gustini
2324 1840 2496 1894 verba
2525 1841 2681 1894 velut
2710 1842 2835 1895 rari
2860 1844 3049 1894 nantes
3085 1842 3144 1893 in
3189 1841 3404 1907 gurgite
3426 1841 3577 1892 vasto
3603 1853 3794 1908 appa-

2079 1935 2226 1984 rent.
2275 1929 2568 1984 Potiorem
2606 1928 2911 1983 voluminis
2948 1933 3169 2000 partem
3224 1927 3453 1982 collatio
3503 1927 3562 1979 in
3615 1925 3794 1980 titulo

2079 2017 2386 2088 praedicata
2415 2023 2671 2089 occupat.
2696 2018 2976 2072 Caeterum
3017 2018 3241 2085 ignoro,
3274 2021 3469 2071 utrum
3515 2015 3650 2086 plus
3678 2013 3794 2068 viri

2080 2107 2249 2161 ardor
2277 2111 2463 2161 morte
2517 2107 2589 2160 sit
2642 2107 2971 2173 exstinctus,
3005 2123 3077 2160 an
3106 2122 3237 2161 vero
3267 2105 3582 2178 bibliopola
3616 2103 3795 2174 juve-

2079 2195 2254 2249 nilem
2306 2195 2537 2266 jubilati
2585 2195 2876 2266 scriptoris
2931 2194 3210 2266 impetum
3283 2193 3640 2264 represserit.
3699 2192 3792 2246 Cf.

2078 2285 2242 2337 Mém.
2306 2283 2372 2336 de
2427 2285 2850 2350 Trévoum,Juin
2911 2286 3066 2347 1707,
3124 2300 3257 2354 pag.
3323 2285 3478 2350 1110,
3540 2286 3590 2337 et
3643 2282 3799 2336 Acta

2079 2372 2276 2437 Erud.,
2301 2373 2450 2440 Lips.
2493 2374 2644 2439 1708,
2678 2374 2838 2440 Νου.,
2869 2389 2926 2442 p.
2960 2372 3083 2426 489.

2079 2461 2320 2515 XXXIX.
2383 2462 2528 2528 (llO.
2590 2462 2732 2530 111.)
2789 2463 2869 2514 De
2924 2461 3399 2516 Pmdestinatione
3475 2463 3800 2514 sanctorum

2150 2549 2280 2602 libri
2325 2548 2450 2616 duo,
2498 2563 2725 2616 quorum
2773 2551 2912 2604 alter
2940 2550 3166 2604 inscribi
3208 2549 3338 2603 solet
3367 2548 3431 2602 de
3477 2551 3620 2602 Dono
3651 2550 3798 2603 Pcr—

2149 2640 2479 2691 severantia.

2080 2726 2160 2780 Cf.
2195 2727 2260 2780 de
2290 2728 2489 2780 Gratia
2526 2731 2576 2780 et
2623 2727 2789 2781 libero
2839 2727 3086 2782 Arbitrio
3120 2742 3175 2780 η.
3237 2729 3368 2792 103;
3430 2725 3566 2780 item
3598 2727 3800 2795 Opus-

2149 2817 2276 2871 cula
2313 2817 2526 2869 selecta.

2152 2906 2306 2956 1711.
2351 2905 2608 2972 Parisiis,
2657 2903 2810 2973 apud
2848 2905 2992 2960 Guil.
3042 2907 3306 2973 Desp-rez;
3338 2906 3528 2971 in-foI.
3563 2904 3617 2958 8.
3665 2905 3795 2958 Au-

341 2997 497 3049 1583.
557 2996 800 3059 ϐεηευω,
885 2995 1078 3060 iit-fol.
1141 2993 1297 3048 Idem
1352 2994 1498 3048 liber
1561 2994 1620 3048 in
1681 2996 1964 3063 Opusculis
2006 3011 2044 3065 ο
2078 2990 2293 3061 gustiui
2321 2991 2389 3045 de
2428 2991 2934 3046 Praedestinatione
2964 2997 3017 3047 et
3049 2993 3117 3046 de
3149 2995 3310 3047 Dono
3339 2993 3798 3064 perseverantiae

272 3081 596 3148 Theologicis
630 3081 820 3146 Lamb,
844 3083 1051 3136 Danzei.
1075 3097 1245 3151 pagg.
1279 3084 1576 3136 897-1048.

345 3171 498 3222 1595.
537 3169 776 3235 Generis,
816 3169 971 3222 iri-80.
1007 3168 1166 3222 Idem
1219 3167 1363 3222 liber
1391 3185 1522 3222 cum
1555 3169 1756 3224 iisdem
1807 3160 1967 3224 com-7

267 3255 581 3310 mentariis.
608 3257 726 3312 Cat.
758 3255 899 3309 Bibl.
922 3256 1077 3311 Bodl.

342 3347 494 3398 1621.
528 3344 871 3410 Helmstadii,
913 3345 1058 3412 typis
1089 3343 1359 3398 haeredum
1389 3345 1575 3398 Jacobi
1609 3343 1764 3414 Levi;
1805 3347 1961 3401 ιἠ-4ο.

266 3433 330 3487 D.
362 3433 500 3486 Aur.
541 3430 843 3502 Augustini
877 3431 1020 3485 liber
1066 3432 1134 3486 de
1183 3431 1503 3486 Hzeresibus
1539 3433 1608 3486 ad
1648 3433 1966 3497 Quodvult-

266 3521 456 3575 deum.
483 3522 624 3574 Item
655 3520 708 3575 S.
744 3519 1032 3574 Philastrii
1059 3521 1182 3591 ejus
1213 3521 1486 3575 coaetanei
1520 3522 1822 3592 Catalogus
1853 3522 1967 3577 1η-

264 3609 474 3662 resium
502 3624 647 3679 pene
679 3608 961 3675 omnium,
993 3625 1123 3679 quae
1153 3625 1185 3662 a
1215 3609 1444 3663 condito
1479 3609 1694 3664 mundo
1724 3611 1798 3663 ad
1823 3610 1965 3665 illud

265 3713 444 3768 usque
485 3698 754 3751 saeculum
813 3701 966 3751 nota:
1021 3697 1277 3752 fuerunt.
1351 3699 1600 3753 Accessit
1662 3698 1963 3770 utriusque

261 3783 457 3854 scripti
486 3784 948 3854 supplementum
979 3789 1034 3838 et
1062 3785 1234 3840 index
1263 3785 1546 3855 genuinus
1579 3803 1592 3840 :
1625 3802 1772 3842 unus
1799 3787 1961 3840 chro-

263 3870 580 3942 nologicus,
631 3872 773 3925 alter
827 3872 1234 3942 alphabeticus.
1273 3896 1292 3922 υ

334 3963 488 4016 1631.
549 3961 789 4026 anniae,
852 3963 1006 4015 in-8°.
1062 3961 1116 4016 S.
1183 3959 1488 4032 Augustini
1525 3961 1670 4016 liber
1725 3961 1794 4016 de
1847 3963 1964 4016 Hae-

258 4049 496 4104 resibus.
529 4051 647 4107 Cat.
687 4049 832 4103 Bidt.
877 4049 1036 4104 Bodl.

332 4141 486 4192 1673.
527 4137 873 4205 Helmstadii,
922 4154 1010 4207 ap.
1045 4141 1128 4193 Jo.
1186 4144 1238 4194 et
1278 4138 1436 4192 Frid.
1477 4138 1820 4203 Luderwald,
1871 4142 1962 4194 in-

258 4231 334 4282 4ο.
376 4227 532 4281 Idem
584 4227 729 4282 liber
776 4244 905 4282 cum
962 4228 1391 4284 commentariis
1437 4232 1492 4281 et
1547 4229 1961 4299 supplementis

259 4314 450 4368 Lamb.
497 4315 712 4381 Danaei,
754 4331 889 4370 cura
927 4315 1210 4370 Gebhardi
1255 4316 1540 4383 Theodori,
1597 4320 1800 4372 Meieri.
1831 4317 1954 4372 Vid.

256 4404 372 4459 Cat.
398 4404 609 4456 Bunav.

327 4491 482 4543 l687.
524 4490 910 4559 Cantabrigiz,
942 4493 1109 4545 iit-l2.
1151 4490 1308 4546 Idem
1360 4490 1505 4544 liber
1558 4507 1676 4545 cum
1715 4492 1955 4547 Vincen-

252 4577 318 4631 tii
348 4576 658 4631 Lirinensis
689 4579 1109 4633 Commentario
1146 4595 1320 4650 pagg.
1363 4582 1484 4648 169,
1518 4583 1643 4635 269.
1678 4581 1807 4638 Cat.
1840 4584 1956 4637 Bu—

251 4681 377 4720 nav.
412 4665 582 4720 Addit
619 4666 737 4720 Cat.
773 4667 914 4721 Bibl.
950 4668 1269 4722 Bodleiana}
1305 4684 1316 4722 :
1370 4685 1490 4723 cum
1518 4671 1660 4723 notis
1707 4670 1949 4725 Baluzii.

328 4757 480 4809 1721.
537 4754 754 4822 Oronti,
814 4771 842 4809 e
895 4757 1103 4812 theatro
1141 4757 1536 4825 Sheldoniano;
1593 4761 1753 4814 in-8°.
1801 4778 1826 4811 α
1884 4761 1948 4816 D.

249 4847 387 4898 Aur.
429 4843 755 4913 Augustini,
817 4843 982 4914 Hipp.
1033 4861 1122 4917 ep.
1188 4846 1332 4901 liber
1378 4847 1448 4901 de
1506 4847 1826 4901 Haeresibus
1884 4848 1953 4902 ad

251 4932 730 4997 Quodvultdeum,
779 4949 894 4987 una
943 4950 1074 4988 cum
1125 4936 1406 4991 Geunadii
1452 4936 1810 4991 Massiliensis
1859 4953 1952 5007 ap-

247 5021 506 5089 pendice.
540 5020 725 5075 Edidit
768 5019 1037 5092 notisque
1074 5021 1379 5076 illustravit
1408 5023 1702 5077 Eduardus
1740 5024 1952 5077 Welch-

250 5123 434 5175 mann,
483 5109 626 5164 Eccl.
687 5109 908 5180 Anglic.
951 5109 1140 5181 presb.
1191 5111 1333 5164 Coll.
1386 5111 1603 5164 Merton
1660 5112 1951 5181 quondam

249 5196 452 5250 socius.
515 5219 535 5245 υ
587 5199 744 5253 Notas
797 5202 930 5252 sunt
969 5201 1140 5268 aptae,
1195 5199 1291 5252 sed
1349 5198 1530 5253 doctis
1584 5215 1949 5270 nequaquam

251 5283 498 5353 scriptae.

322 5389 351 5420 ει
399 5370 809 5427 Commentarii
876 5371 1476 5442 historico-dogmatici
1523 5373 1582 5426 in
1623 5372 1836 5427 librum
1888 5375 1944 5429 S.

246 5457 553 5529 Augustini
601 5459 670 5514 de
726 5461 1043 5517 Hazresibus
1099 5461 1170 5516 ad
1221 5460 1684 5525 Quodvultdeum
1730 5461 1949 5531 Digesti

247 5550 418 5618 atque
474 5545 740 5602 illustrati
783 5549 976 5605 labore
1008 5554 1063 5604 et
1092 5547 1279 5606 studio
1310 5549 1383 5604 P.
1445 5549 1730 5606 Laurentii
1776 5551 1948 5608 Cozza

2078 3079 2229 3134 libri.
2264 3081 2410 3134 Exst.
2444 3079 2501 3133 iu
2533 3081 2670 3150 Opp.
2704 3081 2759 3135 S.
2804 3080 3068 3152 Prosperi
3091 3099 3120 3135 a
3150 3098 3207 3152 p.
3259 3086 3348 3137 23.

2781 3171 3080 3224 Versiones.

2147 3259 2374 3312 Italicae.
2438 3261 2592 3312 1637.
2639 3259 2867 3312 Βνρεσέα
2902 3301 2916 3326 ,
2975 3276 3070 3328 per
3114 3259 3374 3314 Lodovico
3421 3262 3789 3326 Britannico;

2077 3346 2245 3406 iri-«io.
2313 3363 2337 3396 α
2389 3346 2545 3399 Della
2603 3346 3101 3401 Prcdestinazione
3146 3347 3230 3401 de’
3262 3348 3352 3402 SS.
3385 3364 3413 3402 e
3468 3348 3557 3401 del
3629 3347 3801 3401 bene

2076 3434 2224 3487 della
2281 3435 2718 3501 Perseveranza;
2776 3456 2803 3484 ››
2863 3436 3076 3506 absque
3132 3435 3363 3489 nomine
3412 3435 3800 3490 traductoris.

2152 3525 2304 3577 1544.
2342 3525 2590 3591 Venezia,
2625 3525 2679 3577 at
2706 3539 2865 3590 segno
2905 3525 2989 3579 det
3017 3527 3223 3589 Pozzo;
3267 3527 3444 3578 iri-16.
3477 3543 3504 3574 «
3551 3524 3653 3577 Del
3687 3524 3808 3578 be-

2075 3628 2145 3665 ne
2194 3613 2341 3666 della
2389 3614 2819 3679 Perseverauza,
2865 3613 3107 3675 tradotto
3156 3613 3227 3666 da
3256 3612 3530 3683 :Lodovico
3578 3615 3807 3666 Dome-

2072 3701 2240 3754 nichi.
2279 3720 2302 3748 ι

2147 3790 2301 3842 1547.
2340 3790 2590 3856 Venezia,
2617 3804 2712 3858 per
2750 3789 2936 3844 Comin
2966 3789 3038 3842 da
3074 3791 3275 3855 Trino;
3333 3790 3507 3843 iri-8°.
3548 3808 3573 3837 (ι
3608 3788 3810 3846 Libro

2073 3875 2163 3929 del
2194 3877 2337 3930 bene
2365 3876 2516 3931 della
2556 3879 2970 3931 Perseverauza
3021 3882 3313 3948 composto
3356 3877 3448 3931 dal
3480 3878 3538 3941 Β,
3589 3880 3812 3949 Agos-

2073 3963 2194 4017 tiuo
2240 3980 2473 4017 vescovo
2526 3966 2863 4034 Ippouense,
2916 3965 2973 4018 di
3001 3965 3178 4019 latino
3212 3964 3270 4017 in
3329 3965 3554 4036 volgare
3595 3981 3808 4021 nova—

2073 4055 2262 4105 meute
2292 4051 2558 4106 tradotto.
2589 4073 2610 4100 ι
2646 4054 2738 4107 Est
2781 4053 2962 4107 versio
3011 4053 3290 4124 superior,
3332 4052 3602 4124 quicquid
3634 4053 3808 4110 titu—

2059 4141 2159 4194 --lus
2188 4139 2463 4220 venditet;
2524 4140 2582 4194 id
2613 4141 2766 4211 quod
2789 4141 2961 4195 etiam
2995 4141 3064 4195 de
3097 4141 3355 4212 sequenti
3386 4143 3552 4195 valet.

2142 4259 2208 4267 —
2233 4229 2455 4296 Ibidem,
2477 4231 2652 4284 ενι-8ο.
2678 4250 2704 4277 ‹‹
2734 4231 2774 4282 11
2807 4229 2951 4284 libro
2974 4230 3063 4284 del
3083 4232 3142 4285 B.
3172 4231 3444 4301 Agostino
3474 4232 3534 4284 V.
3566 4232 3588 4284 Ι
3622 4230 3810 4287 della

1997 4301 2041 4355 D
2069 4316 2565 4372 Predestinazione
2608 4317 2692 4372 de’
2751 4318 2932 4384 Santi,
2964 4319 3021 4372 di
3058 4319 3236 4373 latino
3276 4319 3336 4372 in
3378 4320 3605 4390 volgare
3666 4336 3811 4374 no-

2065 4409 2328 4459 vamente
2360 4406 2631 4460 tradotto.
2679 4426 2704 4454 ι
2747 4407 3074 4461 Laudantur
3128 4408 3252 4462 istae
3291 4407 3615 4462 versiouum
3649 4410 3812 4464 edi-

2068 4491 2253 4546 tiones
2283 4492 2342 4545 iu
2388 4495 2528 4548 Bibl.
2580 4494 2726 4561 degli
2753 4498 2890 4549 Aut.
2950 4497 3090 4564 volg.
3126 4498 3343 4550 Inserta
3372 4497 3430 4551 in
3461 4500 3616 4552 Racc.
3672 4499 3819 4557 d’O

2063 4595 2213 4648 pusc.
2267 4597 2341 4636 sc.
2374 4597 2400 4634 e
2439 4583 2600 4652 ﬁlol.,
2659 4584 2718 4636 T.
2769 4585 2969 4651 XXXII,
3003 4601 3067 4655 p.
3107 4587 3228 4640 349.
3272 4585 3330 4640 Ei
3381 4602 3514 4640 vero
3543 4586 3824 4657 potissi-

2066 4683 2223 4722 mum
2255 4669 2604 4723 Fontauinus
2635 4674 2830 4724 auctor
2859 4671 2993 4726 fuit.

2136 4757 2372 4812 Gallicae.
2400 4787 2469 4798 -—-
2529 4759 2794 4814 Gallicam
2835 4759 3135 4831 utriusque
3169 4760 3318 4828 libri,
3350 4761 3559 4816 editam
3616 4763 3822 4831 Lug—

2063 4845 2198 4898 duni
2251 4849 2404 4912 1619,
2463 4853 2916 4902 commemorant
2983 4849 3361 4903 Colonienses.
3416 4849 3617 4903 Notior
3664 4858 3820 4916 est,

2065 4949 2212 5003 qum,
2263 4934 2433 5004 longo
2487 4935 2694 4990 abhinc
2741 4936 2943 5006 spatio,
2994 4936 3210 5006 prodiit
3264 4941 3490 4991 auctore
3532 4937 3824 5010 Dubois,

2064 5025 2126 5075 ut
2168 5023 2461 5092 proditum
2511 5029 2595 5078 est
2651 5025 2710 5078 in
2758 5025 2900 5079 Bibl.
2953 5025 3096 5079 Eccl.
3131 5025 3454 5080 Coloniensi
3501 5024 3580 5095 (p.
3615 5029 3826 5097 746)-

2061 5109 2167 5163 Sed
2203 5109 2371 5164 aliam
2403 5110 2671 5182 iudigitat
2720 5113 3018 5183 Catalogus
3068 5112 3207 5167 Bibl.
3243 5115 3390 5184 Reg.
3431 5113 3844 5175 Parisiensis

2061 5197 2169 5252 hoc
2195 5199 2361 5252 titulo
2394 5216 2412 5252 :

2136 5290 2288 5341 1676.
2325 5288 2502 5355 Paris,
2543 5289 2667 5341 che:
2724 5290 2866 5343 Guil.
2904 5292 3138 5359 Desprez
3189 5293 3421 5345 iri-12.:
3486 5292 3584 5345 Les
3615 5292 3852 5358 deux

2060 5375 2228 5429 livres
2279 5375 2347 5429 de
2405 5376 2459 5430 S.
2529 5377 2833 5446 Augustin,
2922 5377 2990 5432 de
3037 5379 3090 5432 la
3157 5380 3611 5434 Prédestination
3668 5381 3856 5444 des

2060 5462 2234 5517 saints
2277 5468 2331 5517 et
2378 5463 2455 5518 du
2507 5464 2629 5518 Dou
2661 5464 2729 5519 de
2779 5465 2830 5518 la
2888 5467 3313 5536 persévérance,
3360 5483 3491 5522 avec
3520 5468 3602 5522 les
3653 5469 3860 5529 let...

2060 5555 2172 5605 tres
2234 5552 2351 5619 l05,
2414 5554 2513 5607 106
2557 5557 2616 5608 et
2670 5555 2763 5607 107
2821 5553 2890 5608 de
2941 5568 3002 5608 ce
3034 5553 3183 5610 saiut
3229 5553 3508 5610 docteur:
3549 5555 3603 5611 le
3636 5559 3858 5624 tout
