4044 6190
147 322 240 372 173
1157 321 1430 375 NO'I‘ITIA
1475 321 1897 376 LITTERARIA
1936 321 2002 374 IN
2042 322 2096 376 S.
2138 322 2598 377 AUGUSTINUM.
3537 329 3635 380 174

142 439 344 495 traduit
387 456 458 494 en
506 440 752 508 fraucois
799 458 904 511 par
941 445 1086 496 Jean
1140 444 1320 510 Segui.
1363 463 1390 494 »
1432 443 1833 514 Ephemerides
1868 445 1912 500 A
1940 444 2140 512 majori
2177 431 2641 498 commendatione.
2681 460 2735 498 se
2788 446 3013 511 dignum
3032 446 3284 501 exhibens
3316 449 3632 518 legentibus,

145 529 307 584 Paris.
343 530 568 597 (Journ.
609 530 700 583 des
726 530 908 600 Scav.)
943 531 1001 585 h.
1037 548 1086 584 a.
1118 547 1276 585 num.
1310 534 1443 600 XIV,
1477 549 1608 604 pag.
1645 537 1729 599 92,
1765 531 1833 586 de

141 622 358 670 auctore
387 616 629 670 omnino
664 623 873 672 tacent.

207 725 361 776 1715.
417 723 604 789 Paris,
665 724 791 777 chez
846 728 1000 792 Jacq.
1057 728 1346 791 Estienne;
1397 728 1581 779 iri-12.
1647 747 1672 776 «
1732 727 1832 780 Les

137 812 268 865 deux
325 811 498 864 livres
563 813 632 866 de
683 813 739 866 S.
793 813 1098 882 Augustin,
1162 814 1231 867 de
1297 814 1350 867 la
1380 814 1832 868 Prédestination

137 901 224 953 des
272 898 458 953 saints
516 906 573 954 et
626 901 703 954 du
757 903 880 955 Don
925 902 994 954 de
1042 903 1096 955 la
1126 904 1552 972 persévérance,
1585 920 1714 956 avec
1754 904 1834 956 les

136 990 322 1041 lettres
367 991 620 1055 105,106
651 993 706 1042 et
749 991 843 1043 107
877 989 954 1044 du
1001 989 1188 1044 meme
1234 990 1420 1057 saiut;
1469 992 1521 1044 le
1573 995 1700 1045 tout
1726 997 1835 1045 tra-
1877 995 1880 1000 ’

135 1076 246 1129 duit
275 1091 354 1130 en
384 1077 648 1143 fraucois.
688 1097 717 1127 ι)
758 1111 763 1115 -

195 1181 246 1234 S.
296 1182 603 1252 Augustini
634 1184 918 1238 sententia
949 1185 1017 1238 de
1052 1185 1559 1240 Praedestinatione
1592 1191 1648 1240 et
1699 1188 1835 1240 Per-

133 1271 449 1324 severantia
505 1277 785 1341 excerpta,
832 1289 964 1326 cum
1023 1274 1252 1327 scholiis
1282 1275 1499 1341 Georgii
1530 1275 1837 1329 Cassandri

133 1361 327 1426 Belgae.
368 1359 600 1413 Parisiis
642 1364 796 1414 1616.
831 1362 1038 1415 Eadem
1085 1363 1313 1431 Anglice
1368 1379 1474 1433 per
1536 1365 1588 1416 Ι.
1647 1365 1834 1433 Scorg,

133 1449 290 1501 iit-8°.
332 1450 522 1517 Lipen.
551 1449 690 1502 Bibl.
730 1451 851 1515 Th.,
888 1451 947 1503 T.
979 1451 1020 1516 Ι,
1049 1467 1108 1520 p.
1139 1454 1260 1505 525.

255 1556 378 1608 XL.
411 1584 484 1595 —
515 1555 653 1626 (113)
677 1556 961 1626 Speculum
990 1573 1056 1610 eae
1086 1562 1314 1626 utroque
1339 1561 1690 1613 Testamento.

191 1659 419 1713 Diversi
467 1661 571 1715 sub
629 1663 737 1716 hoc
788 1663 1023 1718 nomine
1079 1664 1216 1718 editi
1272 1669 1490 1720 exstant
1538 1665 1692 1732 libri,
1736 1666 1834 1736 qui

133 1747 328 1819 utique
382 1749 456 1803 ab
516 1749 830 1805 editoribus
897 1752 1013 1806 suis
1067 1753 1387 1824 Augustino
1434 1733 1829 1810 vindicantur:
1874 1733 1915 1787 Β

130 1853 297 1906 unus,
331 1837 436 1908 qui
479 1838 540 1892 in
587 1839 856 1894 omnibus
912 1841 1188 1896 hactenus
1240 1859 1478 1913 operum
1531 1843 1835 1913 Augustini

132 1925 478 1980 editionibus
511 1928 772 1998 vulgatus
821 1934 1063 1999 prostat,
1093 1936 1149 1984 et
1197 1930 1257 1984 in
1304 1931 1613 1986 novissima
1660 1934 1834 1986 Bene-

131 2010 470 2064 dictionibus
499 2012 831 2082 Antuerpiae
877 2029 1073 2067 recusa
1124 2019 1468 2083 recensetur,
1521 2017 1696 2069 Tomo
1737 2019 1833 2083 III,

134 2117 158 2152 a
184 2117 324 2171 pag.
359 2103 462 2155 507
501 2100 571 2154 ad
637 2104 759 2169 612,
787 2101 949 2171 juxta
977 2101 1182 2156 seriem
1226 2102 1508 2156 librorum
1557 2105 1619 2158 V.
1681 2108 1738 2158 et
1768 2105 1832 2158 N.

133 2190 184 2242 Τ.
211 2189 614 2260 compositus;
667 2190 831 2256 alter,
892 2190 992 2261 qui
1029 2189 1100 2244 ab
1129 2191 1468 2258 Hieronymo
1506 2194 1732 2260 Vignier
1775 2191 1839 2245 in

134 2278 415 2348 supplem.
469 2279 530 2331 T.
592 2279 635 2346 Ι,
705 2295 737 2332 a
776 2295 906 2349 pag.
962 2283 1062 2333 515
1095 2279 1166 2332 ad
1206 2281 1330 2339 545,
1383 2296 1450 2333 ex
1479 2281 1835 2350 autographa

139 2367 451 2422 Bibliorum
470 2383 612 2423 mss.
645 2368 981 2438 Theodalphi
996 2370 1414 2423 Aurelianensis
1441 2369 1712 2440 episcopi,
1737 2368 1839 2439 qui

137 2456 272 2510 circa
301 2474 355 2510 a.
390 2459 496 2511 820
529 2455 693 2524 obiit,
746 2461 830 2510 est
876 2457 1152 2526 prolatus,
1212 2457 1271 2511 in
1329 2474 1442 2528 quo
1491 2459 1559 2512 ad
1588 2457 1839 2527 capitula

140 2550 277 2598 certa
316 2544 560 2597 moralia
615 2544 926 2598 Bibliorum
971 2544 1268 2599 sententiae
1322 2546 1666 2611 referuntur,
1708 2545 1836 2598 abs-

139 2650 236 2703 que
287 2632 654 2702 praefatione.
714 2634 872 2686 Ilunc
919 2633 1087 2704 plane
1138 2634 1400 2704 spurium
1446 2639 1679 2688 censent
1728 2635 1837 2686 Be-

141 2721 437 2789 nedictini,
471 2721 626 2792 quod
655 2725 711 2774 et
741 2721 931 2775 minus
964 2738 1092 2775 cum
1144 2723 1386 2776 Possidii
1410 2721 1594 2776 verbis
1625 2727 1680 2776 et
1707 2737 1839 2774 cum

141 2810 472 2880 praefatione
526 2809 829 2880 Augustini
892 2810 1206 2880 exemplari
1254 2827 1287 2864 a
1331 2829 1388 2864 se
1419 2811 1572 2864 edito
1604 2811 1840 2881 praeﬁxa

142 2900 454 2953 conveniat.
491 2898 892 2952 Praefationem
925 2904 1115 2952 autem
1172 2898 1338 2952 istam
1382 2915 1550 2953 nemo
1582 2914 1698 2952 non
1727 2901 1838 2952 Au-

1942 549 2103 600 quam
2131 533 2410 600 quibusvis
2458 533 2634 587 verbis
2666 536 2935 603 explicari
2960 538 3172 603 possit:
3211 542 3269 591 ut
3315 542 3364 590 et
3407 539 3464 591 in
3487 555 3636 606 prae-

1939 623 2146 687 fatione
2166 627 2215 674 et
2240 623 2462 690 prologo
2483 624 2654 690 ipsius
2676 623 2947 677 evidenter
2974 626 3157 690 colligi
3177 631 3372 694 potest.
3423 627 3636 692 Quanto

1942 725 2064 763 vero
2107 710 2287 764 studio
2344 715 2394 762 et
2440 713 2779 764 accuratinne
2808 716 3154 779 castigatum,
3205 716 3543 770 emendatum
3588 722 3636 771 et

1941 798 2253 852 ordinatum
2280 801 2353 853 sit
2375 816 2392 851 :
2421 798 2483 852 hi
2507 799 2767 866 iudicent,
2809 804 2904 868 qui
2955 803 3092 855 illud
3121 804 3246 858 aliis
3271 806 3540 860 similibus
3559 809 3635 860 si-

1944 887 2034 940 bi:
2065 888 2182 940 sine
2208 903 2376 941 manu
2400 891 2621 956 scriptis
2647 904 2660 940 :
2689 891 2799 942 sive
2831 906 2932 943 mre
2966 893 3242 959 impressis
3273 894 3467 946 litteris
3507 909 3635 946 con-

1944 976 2185 1030 tulerint.
2220 977 2655 1031 Consummatum
2698 979 2918 1032 Basilew
2967 995 3065 1048 per
3112 983 3434 1048 magistrum
3457 983 3636 1034 Joan-

1942 1080 2060 1117 nem
2090 1064 2498 1119 deAmerbach.
2548 1068 2713 1118 Anno
2769 1066 2868 1119 dni
2920 1069 3484 1124 M.CCCCLXXXIX.
3532 1069 3639 1123 im-

1943 1168 2205 1221 pressum
2236 1158 2319 1207 est
2347 1154 2670 1207 charactere
2701 1153 2936 1208 Gothico
2977 1154 3035 1207 in
3085 1156 3304 1209 duabus
3333 1157 3634 1210 columnis.

1942 1241 2168 1294 Adsunt
2218 1241 2549 1311 signatores,
2606 1241 2809 1295 litterae
2856 1240 3102 1295 iuitiales
3153 1259 3343 1312 parvae
3399 1250 3456 1298 et
3481 1244 3640 1315 pagi-

1943 1345 2150 1382 narum
2202 1330 2377 1395 tituli,
2438 1346 2555 1382 non
2616 1329 2752 1383 item
2810 1331 3071 1384 custodes
3118 1335 3172 1384 et
3227 1331 3498 1386 foliorum
3527 1349 3636 1387 nu-

1944 1417 2107 1472 meri.
2167 1419 2230 1473 In
2273 1418 2461 1488 prima
2513 1418 2634 1471 folii
2683 1418 2854 1489 primi
2909 1419 3118 1489 pagina
3168 1420 3489 1475 charactere
3531 1423 3640 1476 Go-

1945 1505 2098 1559 thico
2174 1521 2385 1576 magno
2457 1506 2839 1575 impressum:
2894 1509 3034 1560 Aur.
3109 1509 3411 1575 Augustini
3458 1511 3644 1563 Prima
3715 1513 3730 1524 ‘

1947 1595 2358 1661 Quinquagena.
2416 1593 2694 1648 Praecedit
2755 1593 2928 1648 iudex
3007 1611 3202 1649 rerum
3253 1597 3643 1666 alphabeticus

1944 1696 2034 1733 xw
2065 1681 2230 1734 foliis.
2285 1682 2550 1750 Exempla
2594 1681 2764 1751 hujus
2819 1682 2908 1737 ed.
2957 1687 3178 1736 exstant
3206 1683 3266 1737 in
3310 1684 3446 1738 Bibl.
3493 1685 3642 1738 Bod—

1943 1767 2131 1822 leiaua
2185 1773 2240 1822 et
2285 1770 2456 1823 Acad.
2510 1769 2993 1840 Ingolstadiensis.
3039 1771 3125 1826 Cf.
3185 1773 3455 1826 Seemitler
3505 1774 3639 1827 fasc.

1943 1858 2038 1924 III,
2074 1873 2129 1928 p.
2173 1858 2288 1910 164.
2321 1857 2810 1912 Adde'Braunium
2834 1859 2872 1912 l.
2906 1859 2970 1924 1.,
3002 1860 3062 1912 T.
3099 1860 3164 1924 ΙΙ,
3199 1876 3255 1929 p.
3306 1864 3425 1914 181.

2018 1948 2170 2000 1493.
2226 1947 2483 2011 Venetiis,
2525 1962 2626 2015 per
2685 1946 3012 2000 Bernardin.
3070 1947 3397 2013 Benalium;
3455 1950 3642 2014 in-fol.

1942 2033 2293 2104 Augustinus
2323 2034 2383 2087 in
2414 2034 2685 2088 Psalmos.
2720 2034 2951 2089 Orlandi
2987 2051 3044 2104 p.
3074 2037 3198 2089 284.

2014 2151 2084 2163 —
2134 2123 2370 2187 Basileaa,
2427 2138 2527 2190 per
2579 2123 2675 2175 Jo.
2734 2123 3191 2191 Amerbachium;
3224 2125 3406 2190 in-fol.
3449 2127 3644 2194 Augu-

1945 2209 2083 2264 stini
2112 2225 2254 2280 opus
2284 2209 2344 2262 in
2365 2210 2639 2264 Psalmos.
2670 2211 2887 2278 Maitt.,
2920 2211 3042 2279 T.I,
3071 2227 3127 2282 p.
3163 2227 3219 2276 ιι,
3254 2228 3312 2281 p.
3343 2214 3464 2266 563.

2022 2299 2172 2352 1494.
2209 2298 2428 2352 Ibidem.
2463 2300 2657 2364 in-fol.
2706 2299 3062 2368 Augustinus
3115 2299 3176 2352 in
3216 2299 3646 2355 Psalmos.-Eo-

1945 2386 2064 2440 dem
2095 2391 2221 2440 teste
2251 2387 2286 2439 l.
2314 2386 2351 2439 l.

2021 2476 2175 2528 1495.
2205 2474 2426 2541 Ibidem,
2457 2490 2559 2543 per
2587 2474 2862 2540 eumdem;
2896 2476 3087 2541 in-fol.
3116 2475 3275 2530 Idem
3304 2493 3466 2546 opus.

2021 2564 2176 2617 1497.
2211 2563 2462 2631 Basileae,
2482 2578 2580 2630 per
2615 2563 2709 2617 Jo.
2747 2563 2812 2616 de
2839 2565 3184 2630 Amer-bach;
3269 2567 3458 2631 in-fol.
3493 2565 3645 2619 Idem

1947 2667 2089 2720 opus
2120 2651 2555 2706 Consummatum
2615 2666 2755 2704 anno
2805 2651 2903 2704 dni
2955 2653 3505 2708 M.CCCC.XCVII.
3540 2653 3645 2707 Sed

1945 2739 2072 2792 loco
2111 2737 2293 2803 exilis,
2345 2754 2519 2806 quem
2548 2739 2610 2791 iu
2665 2738 2845 2808 priori
2876 2739 3126 2792 editione
3168 2741 3509 2806 notavimus,
3558 2741 3650 2794 in-

1949 2826 2107 2894 dicis,
2147 2826 2380 2879 seorsim
2413 2826 2503 2879 hic
2533 2827 2751 2895 adjecta
2792 2832 2878 2880 est
2901 2829 3297 2896 principalium
3351 2831 3650 2882 sententia-

1945 2931 2067 2968 rum
2098 2917 2396 2980 annotatio,
2425 2931 2553 2983 qua:
2583 2914 2704 2967 sola
2733 2915 2792 2967 in
2821 2915 3086 2969 volumen
3143 2915 3378 2969 modica:
3429 2916 3650 2986 magni-

145 2986 536 3055 εοειίηίεωυω
565 2987 848 3039 calamum
894 2986 1492 3076 saPl”?Inﬂmefttur-
1546 2987 1658 3039 Nec
1704 3002 1837 3076 V9“)
1869 3021 1907 3075 ε
1947 3001 2161 3056 tudinis
2191 3003 2461 3055 excrevit.
2522 3003 2652 3072 Ejus
2682 3004 2974 3072 exemplar
3021 3010 3375 3059 memoratur
3416 3020 3647 3076 quoque

146 3090 435 3128 assensum
468 3073 550 3128 cis
607 3089 956 3144 quemquam
998 3073 1058 3126 in
1101 3073 1209 3126 hoc
1258 3090 1492 3144 negasse
1522 3073 1836 3143 comperio,

147 3163 244 3216 nisi
273 3162 437 3232 quod
497 3166 682 3215 textus
719 3161 954 3214 biblicos
1001 3160 1310 3228 concernit,
1353 3162 1451 3232 qui
1481 3178 1613 3216 non
1641 3177 1708 3214 ex
1738 3178 1838 3214 au-

148 3253 314 3322 tiqua,
373 3267 490 3322 qua
550 3250 745 3320 procul
794 3249 966 3304 dubio
1013 3250 1364 3320 Augustinus
1411 3251 1697 3317 utebatur,
1744 3249 1840 3304 sed

147 3356 200 3392 ex
232 3339 680 3408 Ilieronymiaua
723 3354 822 3392 seu
877 3338 1107 3409 vulgata
1153 3338 1410 3393 versione
1449 3344 1582 3393 sunt
1629 3338 1841 3393 descri-

149 3429 244 3498 pti.
282 3427 592 3498 Augustini
638 3443 874 3481 manum
913 3444 943 3480 a
992 3427 1163 3481 sciolo
1214 3427 1410 3499 aliquo
1451 3427 1727 3481 monacho
1757 3432 1841 3480 te-

151 3522 417 3571 meratam
450 3533 594 3580 esse,
626 3532 739 3569 non
770 3515 1228 3587 improbabiliter
1278 3516 1386 3570 viri
1419 3516 1597 3587 aliqui
1637 3515 1842 3570 doctis-

152 3605 286 3672 simi,
377 3603 805 3675 refragantibus
879 3609 1074 3658 tamen
1149 3604 1551 3672 Benedictinis,
1611 3608 1843 3659 conten-

156 3691 284 3746 dunt
312 3691 417 3761 (τι).

221 3801 365 3851 1679.
422 3798 620 3863 Roma,
678 3797 831 3865 apud
887 3797 1176 3866 Josephum
1239 3799 1603 3865 Vanuccium;
1674 3800 1842 3851 ἐπι-8ο.

162 3887 212 3939 D.
237 3890 368 3940 Aur.
421 3884 727 3954 Augustini
775 3885 1108 3955 Speculum,
1157 3886 1314 3939 utin
1361 3902 1446 3950 eo,
1502 3902 1674 3956 quam
1704 3885 1842 3939 obe-

159 3974 297 4027 dieus
325 3975 468 4041 Deo,
512 3972 960 4044 inobediensque
999 3973 1092 4040 sit,
1141 3973 1364 4028 facilius
1396 3973 1637 4046 quisque
1667 3990 1846 4043 agno-

163 4069 275 4131 scat,
331 4063 442 4117 hac
500 4063 710 4116 minori
765 4062 951 4116 forma
1006 4062 1259 4132 primum
1310 4063 1547 4118 editum.
1601 4061 1848 4116 Accessit

164 4152 369 4222 ejudem
420 4150 666 4204 doctoris
698 4148 1053 4216 Psalterium,
1110 4151 1267 4222 quod
1318 4151 1490 4205 matri
1536 4168 1654 4204 suae
1690 4166 1844 4203 com-

163 4241 350 4309 posuit.
387 4240 572 4294 Edidit
616 4245 672 4294 et
701 4241 972 4311 praefatus
1013 4244 1098 4294 est
1127 4239 1298 4294 tacito
1356 4246 1550 4294 tamen
1611 4238 1847 4293 nomine

1951 3089 2102 3144 inter
2123 3089 2340 3143 rariora
2371 3089 2511 3143 Bibl.
2548 3091 2687 3159 lteg.
2719 3090 3012 3144 Budeusis.

2026 3181 2180 3233 1519.
2224 3178 2496 3244 Lugduni,
2545 3179 2729 3244 in-fol.
2784 3180 2843 3232 Β.
2898 3179 3250 3249 Augustinus
3282 3179 3342 3233 in
3375 3179 3649 3235 Psalmos.

1953 3267 2240 3321 Laudatur
2269 3283 2302 3320 a
2339 3265 2717 3332 Henireichio,
2768 3266 2828 3320 in
2857 3267 3031 3321 Pand.
3092 3268 3360 3323 Brandeb.
3412 3286 3470 3339 p.
3525 3271 3647 3324 342.

1951 3359 2288 3410 Asservatur
2313 3355 2373 3408 in
2421 3355 2566 3409 Bibl.
2598 3356 2934 3409 monasterii
2961 3356 3094 3410 0rd.
3132 3357 3364 3411 Eremit.
3410 3357 3473 3412 S.
3530 3360 3652 3410 Au-

1953 3442 2168 3512 gustini
2224 3443 2522 3496 Mouachii.
2558 3446 2699 3497 teste
2747 3445 3032 3512 Ossingero
3083 3444 3144 3498 in
3196 3447 3299 3500 Bil.
3353 3447 3646 3513 Augustin.

1952 3547 2082 3602 pag.
2115 3534 2199 3584 11.

2029 3621 2184 3675 1529.
2226 3621 2471 3686 Basileae,
2504 3621 2697 3686 in-fol.
2754 3620 2909 3674 Idem
2969 3620 3131 3686 liber,
3165 3627 3653 3678 commemorante

1954 3707 2332 3761 Hendrcichio.
2365 3707 2475 3762 Sed
2532 3708 2684 3762 haud
2725 3707 2897 3762 dubie
2953 3709 3202 3779 pertinet
3244 3711 3313 3765 ad
3343 3711 3656 3765 editionem

1958 3797 2207 3866 primam
2284 3798 2537 3866 Operum
2600 3796 2858 3850 omnium
2915 3813 2981 3850 ex
3028 3799 3357 3853 recensione
3416 3799 3650 3853 Erasmi.

1953 3884 2119 3954 Apud
2172 3884 2440 3937 eumdem
2495 3883 2681 3936 solum
2738 3884 3000 3938 laudatas
3070 3885 3297 3939 invenio
3354 3891 3657 3956 sequentes

1957 3971 2264 4027 editiones:
2317 3975 2450 4026 1543
2499 3975 2556 4024 et
2606 3975 2762 4036 1555,
2827 3973 3096 4036 Parisiis;
3159 3977 3312 4040 1555,
3354 3974 3652 4040 Lugduni;

1962 4063 2116 4126 1556,
2167 4061 2436 4126 Basileae;
2505 4062 2658 4124 1561,
2738 4059 2890 4125 1562,
2949 4063 3103 4124 1563,
3159 4061 3448 4127 Lugduni:
3499 4061 3653 4116 haud

1955 4146 2199 4217 graviori
2227 4147 2356 4200 ﬁde.
2559 4151 2572 4164 ’

2034 4237 2191 4289 1569.
2232 4235 2472 4301 Basilez,
2531 4250 2631 4303 per
2683 4234 3022 4301 Frobeni-um,
3084 4234 3270 4302 in-fol.
3305 4236 3658 4306 Augustinus

162 4305 413 4398 dosophus
472 4331 652 4383 Maria
697 4305 966 4384 I‘ommasi
1021 4329 1185 4396 (forte
1229 4330 1601 4398 Tommasius),
1660 4327 1850 4382 Alica-
1886 4305 1930 4360 Ῑ)
1962 4322 2020 4377 in
2052 4323 2321 4378 Psalmos.
2354 4323 2442 4377 Sic
2470 4323 2704 4394 quidem
2742 4328 2924 4378 exstat
2953 4323 3013 4376 in
3044 4325 3261 4390 Georgii
3287 4305 3417 4391 allg.
3451 4328 3656 4394 Europ.

167 4419 318 4472 tensis
346 4419 410 4471 in
440 4417 630 4471 Sicilia
659 4416 896 4470 clericus
953 4416 1271 4488 Regularis,
1329 4417 1480 4472 idem
1512 4417 1612 4488 qui
1654 4420 1852 4486 postea
1960 4411 2282 4467 Biicherlex.
2335 4411 2532 4482 Suppl.
2568 4415 2610 4478 Ι,
2660 4429 2709 4482 p.
2775 4415 2864 4466 21.
2922 4411 3033 4466 Sed
3071 4428 3373 4482 perperam
3403 4413 3660 4479 omnino,

166 4506 666 4573 {Romm1709—12,
714 4507 789 4558 Ill
844 4507 1001 4574 voll.,
1069 4504 1248 4575 in-8o)
1297 4505 1464 4559 titulo
1520 4506 1854 4572 Theologico-
1963 4499 2011 4554 si
2039 4500 2108 4554 de
2165 4498 2444 4552 sinhulari
2498 4499 2877 4569 descriptione
2933 4500 3373 4570 intelligendum
3404 4500 3510 4554 sit:
3543 4516 3660 4554 non

165 4611 266 4649 rum
291 4597 665 4663 antiquiorum
702 4596 930 4648 Patrum
969 4594 1174 4648 selecta
1223 4595 1547 4648 Grmcorum
1602 4597 1657 4645 et
1706 4591 1854 4646 Lati-

167 4699 353 4736 uorum
386 4683 662 4752 opuscula
685 4681 971 4752 evulgavit
993 4682 1084 4751 (b).

226 4789 352 4843 XLI.
381 4790 1040 4856 —(114)Enarrationes
1100 4789 1157 4840 in
1187 4787 1437 4840 Psalmos
1470 4784 1690 4839 Dovidis
1739 4785 1852 4838 CL.

233 4880 377 4931 1489.
429 4877 680 4943 Basileaa,
707 4892 809 4945 per
853 4877 986 4930 Joa.
1039 4876 1104 4929 de
1131 4875 1476 4939 Amerbach;
1513 4874 1705 4939 in-fol.
1747 4874 1858 4926 Au-

169 4963 277 5015 relii
322 4963 630 5034 Augustini
677 4964 886 5034 prima,
948 4963 1195 5017 secunda
1247 4980 1312 5016 ac
1358 4961 1528 5016 tertia
1571 4959 1860 5031 Quinqua-

172 5066 318 5119 geua.
381 5054 444 5106 In
498 5053 614 5106 ﬁne
669 5053 888 5107 tertiae:
949 5055 1072 5107 Post
1126 5055 1373 5106 exactam
1442 5051 1860 5119 diligentemque

1961 4589 2102 4643 item
2173 4587 2219 4640 si
2278 4588 2431 4641 inter
2487 4589 2671 4657 Opera
2726 4604 2967 4658 quaeras.
3021 4589 3370 4644 Genevensem
3409 4587 3664 4657 ejusdem

1965 4675 2104 4728 anni
2133 4675 2446 4728 editionem
2477 4679 2638 4728 notat
2675 4677 2996 4729 Ilendreich.
3060 4678 3266 4730 Vereor
3319 4681 3531 4741 autem,
3589 4689 3662 4728 ne

1965 4762 2025 4815 in
2055 4762 2191 4816 anni
2220 4762 2430 4816 indicio
2488 4763 2778 4816 erraverit.
2837 4765 3028 4816 Exstat
3074 4764 3229 4817 enim
3278 4763 3367 4816 ed.
3415 4763 3662 4830 Operam

1965 4848 2271 4920 Augustini
2301 4851 2538 4904 Genevee
2580 4853 2738 4918 1596,
2767 4867 2882 4903 non
2939 4853 3093 4915 1569,
3145 4851 3310 4916 facta,
3363 4849 3436 4903 ad
3487 4862 3662 4918 quam

1968 4942 2090 4995 haec
2115 4941 2368 4994 fortassis
2401 4940 2699 4994 referenda
2751 4945 2853 4994 est.

2044 5039 2198 5090 1570.
2235 5038 2490 5100 Venetiis,
2524 5037 2720 5102 in-fol.
2762 5036 2920 5090 Idem
2977 5051 3136 5106 opus.
3189 5034 3508 5088 Hendreich.
3557 5032 3668 5096 Qui

173 5140 575 5194 emendationem
631 5142 882 5207 (auctore
949 5141 1081 5208 Deo)
1158 5142 1459 5208 perfectum
1515 5146 1592 5192 est
1649 5139 1844 5203 insigne

2020 5124 2060 5178 l.
2117 5125 2310 5178 Venet.
2375 5125 2624 5194 Operum
2673 5140 2829 5179 omn.
2891 5124 2949 5185 h,
3007 5141 3060 5176 a.
3111 5121 3353 5191 uovarit,
3389 5120 3671 5191 intelliget

178 5232 315 5295 atque
363 5230 694 5299 praeclarum
758 5230 851 5282 hoc
926 5243 1057 5296 opus
1133 5229 1537 5296 erplanationis
1620 5226 1859 5279 Psalmo-

181 5330 315 5384 rum;
346 5319 465 5372 diei
489 5335 552 5372 ac
596 5321 786 5384 magni
835 5318 1069 5371 doctoris
1100 5317 1421 5381 Augustini.
1454 5329 1585 5383 Opus
1630 5318 1694 5366 r’e
1736 5329 1862 5366 vera

244 5490 306 5560 (ιι)
334 5490 414 5544 Cf.
469 5491 698 5554 Cavens,
738 5491 1010 5556 Dapinius
1069 5490 1124 5541 et
1168 5487 1322 5541 Rich.
1383 5486 1564 5540 Simon
1619 5483 1678 5536 in
1717 5486 1860 5537 Crit.

191 5558 306 5614 Bibl.
337 5561 503 5628 Eccl.,
534 5561 598 5615 T.
629 5561 674 5625 I,
711 5575 766 5630 p.
804 5562 920 5614 143.

1971 5217 2252 5284 quantum
2279 5213 2343 5266 in
2374 5229 2440 5266 eo
2469 5211 2588 5266 veri
2616 5212 2707 5266 sit.

2049 5313 2202 5364 1571.
2262 5309 2536 5378 Lugduni,
2619 5309 2770 5378 apud
2832 5309 2951 5362 Seb.
3011 5309 3363 5368 Honoratum,
3417 5308 3565 5360 iri-8°
3620 5307 3668 5360 II

1981 5483 2116 5606 Γφέ
2145 5484 2404 5554 Purpura
2429 5500 2478 5537 a.
2515 5485 2648 5536 1712
2695 5497 2726 5534 a
2756 5481 3042 5536 Clemente
3091 5479 3157 5534 XI
3215 5480 3478 5548 donatus,
3530 5479 3674 5534 obiit

2023 5575 2036 5606 ι
2125 5592 2138 5606 ο

2023 5575 2138 5606 HJ.
