3926 6192
300 308 396 359 175
1224 299 1226 302 '
1323 301 1880 356 SUPPLEMENTUM
1919 303 2008 355 AD
2045 301 2278 357 opem
2317 303 2372 355 s.
2415 267 2800 358 AUGUSIINI.
3700 309 3791 358 ne

291 428 424 482 voII.
475 424 780 496 Augustini
836 423 1236 478 Enarrationes
1287 422 1340 475 in
1396 424 1667 477 Psalmos.
1732 424 1987 477 Laudant
2023 426 2066 478 A
2101 425 2343 492 explicit.
2380 454 2446 462 —
2477 424 2779 478 Character
2835 424 3123 478 Romanus
3165 427 3250 477 est
3300 428 3684 495 praeterquam
3735 424 3789 477 in

289 516 592 572 Hendreich
621 518 676 566 et
707 513 1052 570 Colonienses.
1084 511 1166 563 Tu
1197 509 1346 578 Vide,
1378 527 1504 581 quas
1535 526 1706 582 supra
1747 511 1805 564 in
1861 513 1984 564 An-
2091 512 2284 576 titulo,
2328 511 2427 582 qui
2461 528 2620 565 more
2669 511 3031 565 Amerbachii
3085 510 3330 567 Gothicis
3365 511 3568 565 litteris
3599 528 3786 565 exara-

285 607 504 659 nalibus
555 603 677 658 edd.
739 602 969 669 Operam
1015 599 1248 651 omnium
1299 599 1371 652 ad
1419 599 1476 652 h.
1538 615 1588 654 a.
1641 599 1979 652 notavimus.
2090 603 2180 652 tus
2215 605 2316 653 est.
2356 601 2628 669 Epistolas
2652 599 2905 654 continet
2958 600 3130 654 CCVI.
3180 599 3454 653 Piazcedit
3510 617 3582 654 vn
3639 600 3790 654 foliis

284 693 558 750 Similiter
586 694 778 743 autem
806 703 864 740 se
899 684 1070 739 habet
1099 701 1229 739 cum
1276 685 1362 740 ed.
1427 687 1750 755 Parisiensi,
1806 703 1980 757 quam
2088 686 2275 740 brevis
2337 688 2630 741 annotatio
2690 687 3046 757 singularum
3125 687 3533 757 epistolarum,
3598 688 3786 757 initia,

284 781 496 836 ibidem
521 781 700 832 notat.
2085 776 2383 830 materiam
2417 782 2587 848 atque
2617 777 2879 831 ordinem
2919 792 3224 847 exponens.
3263 778 3396 829 Post
3421 777 3785 846 subscriptio-

359 869 510 931 1576,
549 867 678 918 1577
707 866 763 915 et
817 863 969 916 1579.
1027 861 1412 930 Antuerpiz...
1466 861 1772 932 Augustini
1805 864 1977 916 Enar-
2085 880 2217 919 nem
2249 865 2421 919 index
2462 864 2872 919 sententiarum
2923 871 2980 919 et
3036 864 3409 918 materiarum
3462 865 3784 936 copiosissi-

277 955 523 1010 rationes
571 953 632 1006 in
690 951 963 1018 Psalmos,
1008 949 1291 1020 Sponsore
1342 950 1716 1003 Ilendreichio.
1778 948 1976 1002 Nescio
2083 969 2210 1007 mus
2237 953 2504 1009 succedit.
2541 953 2807 1007 Eamdem
2840 953 2900 1006 in
2935 953 3076 1008 Bibl.
3121 953 3516 1007 Ratisbonensi
3563 953 3786 1008 notavit

274 1058 408 1096 vero
451 1041 719 1110 pluresne
780 1043 966 1090 tomos
1013 1036 1248 1090 diversis
1305 1036 1467 1090 armis
1520 1036 1718 1097 editos,
1770 1052 1843 1089 an
1889 1036 1972 1090 di‘
2083 1043 2357 1097 Gemeiner
2384 1058 2440 1112 p.
2474 1044 2598 1107 213,
2630 1057 2734 1094 nec
2763 1057 2876 1094 non
2905 1040 2960 1094 in
3011 1039 3317 1095 Lubeccusi
3343 1043 3545 1095 Gesner
3596 1057 3654 1111 p.
3690 1045 3779 1104 56,

268 1146 456 1184 versas
485 1127 768 1183 editiones
797 1125 971 1180 totius
1027 1124 1216 1195 operis
1272 1124 1525 1179 indicare
1582 1124 1844 1178 voluerit.
1908 1124 1973 1177 ll-
2079 1131 2142 1184 In
2177 1132 2441 1197 catalogo
2474 1131 2620 1183 Bibl,
2652 1131 2961 1195 Bernensis,
2994 1131 3116 1193 Τ,Ι⁹
3146 1145 3201 1198 ρ,
3242 1132 3327 1195 15,
3357 1130 3620 1183 laudatur
3645 1131 3781 1201 Epi-

268 1218 366 1273 Iud
397 1222 589 1271 autem
619 1214 757 1280 scio,
811 1230 928 1267 non
979 1212 1240 1277 seorsim,
1301 1213 1396 1266 sed
1443 1229 1573 1266 cum
1632 1212 1912 1282 Operibus

2080 1219 2354 1272 stolarum
2379 1218 2553 1272 editio
2583 1217 3030 1272 Amerbachiana
3060 1216 3128 1270 de
3154 1232 3305 1270 anno
3337 1218 3492 1271 1483.

270 1303 719 1362 Lovaniensibus
749 1301 915 1356 editis
967 1302 1114 1355 hanc
1161 1304 1397 1354 exstare.
1466 1302 1618 1355 Unus
1661 1300 1809 1354 idem
1843 1316 1937 1369 pro

2155 1311 2308 1363 1494.
2376 1307 2628 1373 Basilez,
2685 1322 2776 1376 ap.
2827 1307 2958 1360 Joh.
3017 1307 3082 1359 de
3126 1306 3462 1359 Amerbach.
3508 1326 3523 1372 ;
3585 1308 3779 1372 in-fol.

267 1394 377 1449 fert
405 1392 708 1455 editiones,
770 1392 1026 1445 Venetam
1078 1391 1233 1454 1584,
1293 1392 1350 1442 et
1399 1387 1770 1469 Parisiensem
1810 1391 1937 1442 1586

2078 1396 2236 1450 Idem
2286 1397 2451 1450 liber.
2522 1397 2713 1450 Exstat
2765 1394 2824 1447 in
2905 1393 3259 1448 Bibliotheca
3306 1394 3632 1448 Lubecensi.
3691 1395 3777 1448 Cf.

268 1483 338 1538 de
369 1481 578 1554 quibus
623 1480 775 1534 idem
833 1479 1006 1533 valet.
1057 1478 1162 1533 Sed
1219 1477 1615 1547 Lugdunensis
1663 1477 1752 1531 ed.
1808 1480 1965 1541 1586,
2079 1486 2293 1550 Gesner,
2325 1501 2381 1554 p.
2416 1487 2503 1538 58.

265 1588 395 1643 quae
420 1571 512 1636 sit,
544 1585 662 1623 non
685 1567 1047 1621 contendam.
2143 1601 2216 1613 —
2252 1575 2510 1639 Venetiis,
2581 1587 2678 1641 per
2725 1571 3152 1625 {Bernardinum
3220 1573 3536 1637 Benalium;
3604 1574 3778 1627 invto.

341 1661 497 1713 1653.
528 1656 868 1723 Rothomagi,
899 1656 1046 1752 typis
1080 1653 1248 1760 .Da‘v.
1297 1657 1349 1707 et
1382 1655 1529 1752 petri
1576 1651 1860 1760 (fee/710%;
1881 1655 1966 1706 in-
2005 1705 2048 1760 Β
2077 1661 2232 1715 Idem
2259 1661 2416 1715 liber.
2441 1662 2567 1714 Cat.
2591 1659 2745 1715 Bibl.
2780 1660 2995 1725 Pinell.,
3025 1661 3086 1713 T.
3121 1661 3167 1724 Ι,
3204 1675 3260 1730 p.
3289 1661 3378 1714 92.

263 1750 343 1814 8ο,
392 1746 564 1801 tomis
618 1745 711 1798 III.
788 1741 1094 1813 Augustini
1152 1743 1549 1795 Enarrationes
1598 1742 1658 1795 in
1712 1742 1964 1795 Psalmos
2005 1741 2048 1760 "
2144 1751 2276 1802 Sine
2303 1764 2461 1815 anno,
2517 1749 2626 1802 loco
2682 1753 2733 1802 et
2790 1748 3146 1815 typographo,
3209 1748 3401 1813 in—fol.
3457 1764 3673 1816 magno.
3715 1749 3777 1804 S.

261 1852 392 1890 cum
420 1833 754 1900 praefatione
792 1830 1126 1885 recentioris
1167 1830 1467 1901 cujusdam
1523 1831 1762 1900 (inserta
1792 1829 1937 1884 etian

2072 1837 2376 1908 Augustini
2408 1836 2579 1907 episc.
2612 1837 2758 1890 liber
2813 1835 3217 1906 Epistolarum.
3272 1835 3452 1889 Editio
3507 1836 3781 1906 princeps

260 1925 352 1979 ed.
387 1921 931 1990 Benedictinorum.)

1981 1938 1984 1940 ‘
2072 1924 2447 1995 Epistolarum
2478 1923 2782 1993 Augustini
2845 1939 2879 1976 a
2911 1923 2990 1977 Cl.
3050 1925 3292 1978 Braunio
3323 1922 3576 1992 primum
3620 1924 3778 1978 dete-

337 2015 490 2068 1662.
543 2010 877 2079 Antuerpiae,
931 2007 1118 2072 in-fol.
1180 2006 1339 2060 Idem
1383 2023 1525 2077 opus
1591 2022 1720 2060 cum
1773 2007 1961 2061 indice
2070 2017 2158 2065 cta
2179 2017 2234 2066 et
2265 2012 2545 2082 descripta
2570 2013 2632 2064 in
2656 2013 2867 2067 Notitia
2923 2013 3064 2064 Hist.
3103 2011 3437 2080 litt.(1788),
3492 2027 3626 2081 pag.
3683 2017 3773 2066 11.

257 2097 704 2156 concionatorio.
774 2095 1098 2152 Hendreich.
1141 2094 1202 2147 in
1248 2095 1436 2148 Pand.
1497 2095 1765 2149 Brandeb.
1817 2095 1855 2149 I.
1908 2097 1949 2149 l.

258 2190 618 2243 Colonienses.

332 2278 488 2330 1680.
553 2273 898 2340 Antuerpiae.
915 2310 952 2324 ..

260 2365 592 2420 Willemant.
626 2359 873 2416 Eremita
910 2358 1349 2428 Augustiniano.

956 2447 1260 2501 Versiones.

331 2544 484 2596 1521.
534 2539 833 2606 Hagenau,
891 2535 973 2589 bei
1028 2535 1569 2600 Thom.Ansshelm;
1625 2537 1798 2590 in—to.
1838 2557 1858 2584 ‹
1895 2535 1948 2589 S.

2068 2098 2347 2151 Volumen
2377 2102 2463 2151 est
2481 2096 2749 2150 foliorum
2779 2111 2992 2160 CCLXIII,
3033 2095 3379 2163 impressum
3436 2097 3774 2152 charactere

2067 2186 2400 2256 majusculo,
2416 2186 2634 2240 duabus
2659 2184 2964 2252 columnis,
2988 2184 3046 2237 in
3064 2184 3258 2238 charta
3270 2185 3484 2239 munda
3496 2191 3553 2240 et
3573 2185 3770 2241 ﬁrma.

1014 2270 1171 2325 Idem
1233 2287 1396 2342 opus,
1462 2274 1696 2324 curante
1764 2271 1957 2325 Jacobo
2066 2275 2344 2329 Columna
2383 2274 2600 2345 quaevis
2644 2274 2826 2327 lineas
2881 2276 2948 2327 50
2989 2273 3279 2339 continet;
3337 2274 3544 2328 desunt
3598 2275 3776 2344 signa

2065 2363 2278 2434 quavis
2315 2362 2654 2434 paginarum
2710 2361 3071 2428 foliorumve,
3112 2378 3218 2416 nec
3249 2377 3367 2416 non
3409 2362 3614 2416 littera:
3647 2364 3772 2418 ini-

2062 2451 2246 2506 tiales.
2279 2450 2772 2520 Interpunctiones
2806 2450 2994 2514 habet,
3029 2455 3328 2520 punctum,
3373 2451 3537 2503 colon
3587 2457 3647 2504 et
3673 2452 3772 2504 in-

2062 2538 2387 2608 terrogandi
2435 2537 2684 2608 signum.
2747 2539 2830 2592 Ab
2898 2536 3100 2592 initio:
3159 2538 3322 2591 Liber
3389 2540 3772 2607 Epistolarum

251 2627 603 2701 Augustinus
621 2627 955 2695 Auslegung
981 2624 1125 2677 iiber
1168 2623 1280 2677 den
1343 2640 1499 2677 enm
1531 2624 1738 2678 Psalm.
1772 2623 1951 2678 durch
2060 2627 2238 2679 sancti
2266 2626 2584 2693 Augustini.
2644 2627 2843 2694 Incipit
2896 2627 3170 2692 feliciter;
3223 2625 3566 2679 terminatur
3623 2643 3772 2681 vero

251 2719 454 2788 Georg.
490 2716 837 2785 Spalatinum
899 2712 1220 2768 vertetscht.
1258 2734 1279 2759 ι

323 2804 598 2860 Eamdem
639 2802 928 2856 Psalmum
966 2801 1163 2856 Italice
1214 2815 1549 2853 conversum
1579 2803 1791 2853 exstare
1820 2816 1947 2854 mo-

249 2898 347 2948 net
385 2893 706 2957 Hendreich,
751 2888 851 2960 qui
900 2889 962 2942 in
1011 2887 1278 2942 notandis
1331 2887 1502 2941 variis
1542 2887 1751 2942 horum
1790 2904 1945 2942 com-

249 2981 664 3038 mentariorum
691 2977 1049 3032 versionibus
1073 2975 1206 3029 satis
1227 2979 1310 3029 est
1339 2976 1624 3030 confusus.

323 3072 482 3124 1683.
522 3069 710 3132 Paris,
757 3067 882 3120 chez
924 3067 1107 3119 Pierre
1149 3066 1195 3118 le
1236 3065 1416 3131 Petit;
1451 3066 1608 3130 iii-8°,
1650 3066 1764 3120 VII
1814 3065 1941 3119 υοιι.

251 3181 271 3206 ε
304 3141 578 3212 δθτωοηέ
622 3155 691 3209 de
734 3153 789 3209 S.
839 3151 1120 3223 Augustin
1151 3167 1248 3205 sur
1272 3152 1352 3205 les
1383 3154 1671 3218 Psaumes,
1703 3152 1942 3206 traduits

244 3263 318 3301 en
371 3242 616 3310 francois
673 3257 776 3311 par
827 3239 1061 3294 Antoine
1116 3239 1396 3294 Arnauld.
1454 3259 1482 3291 η
1550 3241 1710 3294 Tom.
1770 3228 1937 3295 l-VII.

245 3335 363 3390 Cat.
395 3334 605 3387 Bunav.
651 3328 794 3383 Bibl.
824 3330 952 3394 Reg.
988 3327 1169 3381 Paris.

311 3508 534 3562 Recueil
588 3505 687 3560 des
742 3503 1123 3559 consolations
1156 3507 1211 3556 et
1243 3501 1611 3557 instructions
1641 3504 1937 3558 salutaires

241 3596 312 3652 de
344 3597 508 3650 I‘Ame
555 3594 744 3662 ﬁdele,
815 3591 1020 3646 extrait
1083 3591 1162 3645 du
1206 3590 1344 3645 livre
1400 3591 1469 3645 de
1525 3591 1604 3645 St.
1656 3592 1940 3663 Augustin

240 3701 339 3739 sur
390 3685 472 3738 les
528 3683 804 3748 Psalmes,
855 3696 958 3750 par
1009 3682 1237 3747 Jacques
1292 3679 1357 3733 de
1410 3680 1574 3747 Billy.
1627 3682 1785 3734 Paris
1814 3683 1938 3735 chez

241 3774 661 3917 mtilitisdtj‘uctions
720 3857 1088 3914 Chrétiennes
1144 3872 1241 3910 sur
1303 3855 1383 3910 les
1427 3858 1717 3912 Psaumes.
1791 3861 1932 3912 Bru-

233 3952 342 4005 mel.
389 3952 545 4014 1662,
585 3950 747 4002 iri-8°.

309 4039 489 4106 Re'gles
564 4037 634 4091 de
705 4035 758 4090 S.
819 4033 1101 4106 Augustin
1173 4049 1323 4104 pour
1391 4033 1792 4105 l’intelligence
1835 4035 1932 4089 des

235 4130 540 4183 Psaumes:
582 4126 752 4180 Paris
781 4128 839 4177 et
865 4124 1088 4178 Brumel.
1126 4125 1279 4188 1685,
1320 4123 1490 4176 ενι-12.

692 4213 858 4267 XLII.
902 4241 958 4249 —
1005 4210 1156 4280 (115)
1187 4211 1471 4278 Epistola.

2061 2713 2274 2782 absque
2300 2713 2416 2766 ulla
2448 2712 2863 2782 subscriptione
2895 2713 3107 2783 pagina
3139 2713 3357 2779 ultima,
3400 2713 3459 2766 in
3487 2715 3774 2769 columna

2057 2801 2266 2870 prima,
2300 2800 2541 2870 epistola
2569 2801 2640 2854 ad
2671 2800 2999 2854 Asellicum.
3041 2800 3327 2870 Epistola,
3361 2817 3489 2870 quae
3543 2802 3768 2871 partim

2055 2889 2235 2958 ipsius
2256 2888 2560 2959 Augustini
2587 2878 2738 2954 sunt,
2771 2889 2982 2959 partim
3015 2888 3260 2942 aliorum
3287 2890 3358 2944 ad
3391 2889 3602 2960 ipsum,
3640 2907 3768 2944 nu-

1987 2989 2026 3043 c
2059 2981 2352 3031 merantur
2384 2977 2624 3045 CXCVII,
2669 2976 2728 3030 in
2756 2977 2964 3047 quibus
2994 2977 3164 3031 etiam
3198 2977 3311 3031 illa:
3360 2978 3768 3043 Africanorum

2050 3067 2416 3134 episcome
2454 3065 2530 3120 ad
2567 3067 2940 3120 Innocentium
2991 3067 3026 3121 Ι
3061 3065 3348 3137 hujusque
3419 3066 3487 3120 ad
3520 3066 3648 3121 illos
3681 3069 3770 3122 le-

2092 3169 2287 3207 untur.
3109 3199 3112 3204 ~

2092 3169 2170 3205 un
2273 3193 2287 3207 .
3109 3199 3112 3204 .

2051 3168 2090 3224 Β
2122 3157 2400 3294 ΞὲἐῗΧνῐ
2462 3257 2526 3294 ετ
2577 3241 2738 3295 XVII.
2798 3271 2865 3282 —
2917 3243 3070 3296 1541.
3119 3243 3390 3296 Bononiam
3450 3242 3506 3297 S.
3550 3244 3765 3313 Augu-

2051 3327 2185 3382 stini
2232 3327 2479 3398 Epistola
2538 3328 2759 3382 decima
2816 3329 2889 3384 ad
2945 3331 3181 3400 Xystum
3238 3330 3635 3402 presbyterum
3677 3333 3764 3388 de

2050 3416 2241 3471 Gratia
2272 3416 2394 3470 Dei.
2429 3417 2731 3471 Hendreich
2754 3417 2814 3471 in
2846 3419 3019 3472 Pand.
3052 3418 3343 3485 Brandeb.,
3373 3435 3429 3489 p.
3455 3421 3577 3474 342.

2123 3506 2278 3560 1604.
2338 3508 2644 3573 Μοραητίεε,
2699 3506 2850 3574 apud
2921 3506 3153 3560 Balthas
3226 3508 3520 3576 Lippium;
3576 3511 3761 3565 ἰη-Αἱρο.

2047 3591 2100 3647 S.
2134 3592 2438 3662 Augustini
2473 3591 2722 3662 Epistola
2749 3592 2817 3646 de
2856 3592 2911 3646 S.
2946 3593 3282 3663 Martyribus
3331 3598 3388 3647 et
3429 3593 3498 3647 de
3551 3595 3765 3650 Inimi-

2047 3679 2126 3734 cis
2158 3680 2466 3751 diligendis
2521 3697 2654 3736 cum
2696 3680 2846 3735 notis
2904 3683 3144 3736 Gerardi
3204 3684 3398 3738 Vossii.
3457 3683 3762 3755 Lipen.in

2045 3769 2194 3823 Bibl.
2232 3771 2328 3824 Th.
2361 3771 2419 3823 T.
2466 3769 2533 3834 ll,
2565 3785 2697 3840 pag.
2729 3771 2854 3837 254,
2889 3771 3050 3841 quasi
3101 3770 3336 3825 seorsim
3369 3771 3581 3826 editam
3610 3774 3757 3829 lau-

2045 3856 2158 3910 dat.
2189 3849 2488 3909 Euimvero
2522 3855 2734 3908 inserta
2776 3861 2862 3909 est
2896 3857 3144 3925 operibus
3177 3859 3430 3926 Gregorii
3471 3860 3761 3915 Thauma—

2045 3947 2196 4013 turgi
2244 3943 2733 4008 (Neocaesariensis
2780 3943 2952 4014 episc.
3015 3944 3104 4015 (ab
3151 3946 3350 4000 eodem
3397 3947 3590 4000 Vossio
3624 3965 3760 4004 una

2042 4049 2174 4086 cum
2206 4032 2330 4086 aliis
2378 4033 2613 4091 Patrum
2662 4032 2952 4102 opusculis
2983 4033 3151 4087 editis
3176 4051 3232 4104 p.
3265 4037 3392 4089 228.
3437 4036 3566 4090 Erat
3605 4054 3756 4094 vero

2042 4120 2299 4175 Vosssius
2355 4119 2452 4174 ille
2508 4120 2843 4191 praepositus
2895 4121 3152 4174 Ecclesiae
3211 4123 3576 4191 Tungrensis,
3639 4129 3755 4197 qui

2036 4210 2204 4279 plura
2226 4209 2284 4262 id
2320 4208 2546 4279 generis
2579 4208 2784 4278 scripta
2813 4213 2946 4263 tunc
2994 4209 3200 4276 emisit,
3231 4211 3477 4281 deinque
3506 4212 3652 4266 obiit
3683 4233 3752 4271 a.

300 4303 481 4356 Variae
512 4301 814 4370 Augustini
855 4268 1106 4370 epistolae
1141 4268 1357 4367 passim
1397 4298 1562 4352 edita;
1618 4304 1753 4354 sunt
1791 4317 1924 4356 cum
1961 4268 2008 4322 Β
2041 4268 2194 4353 1609.
2229 4268 2352 4352 Vidi
2403 4298 2648 4366 Foppens
2690 4268 2832 4352 bibl.
2883 4299 3054 4364 Belg.,
3084 4299 3143 4352 Τ.
3178 4268 3222 4365 I,
3260 4268 3431 4370 pagg.
3488 4303 3610 4369 362,

229 4391 471 4445 aliorum
525 4391 778 4455 Patrum,
843 4386 1020 4440 veluti
1085 4387 1424 4453 Hieronymi,
1484 4387 1726 4451 Paulini,
1788 4391 1926 4443 Pro-

226 4480 374 4548 speri
402 4478 691 4545 Aquitani,
722 4480 852 4539 etc.,
881 4473 1168 4544 operibus,
1211 4472 1420 4543 quibus
1473 4472 1791 4528 indicandis
1819 4476 1924 4530 hoc

226 4568 353 4620 loco
406 4563 776 4634 supersedere
841 4563 1016 4625 Iubet,
1085 4560 1223 4614 dum
1276 4560 1508 4614 nonnisi
1559 4562 1922 4618 collectiones

228 4652 490 4710 omnium
522 4650 862 4722 pluriumve,
897 4650 982 4704 vel
1030 4648 1211 4703 sicubi
1243 4649 1480 4704 seorsim
1529 4649 1767 4722 singula:
1800 4653 1922 4707 edi-

224 4747 299 4798 tae
329 4741 462 4809 sint,
497 4754 833 4794 enumerare
878 4737 1319 4804 instituerimus,
1374 4754 1618 4809 quarum
1653 4740 1920 4795 elenchus

223 4836 310 4887 est
335 4844 599 4901 sequens.

292 4920 428 4974 Sac.
461 4918 564 4973 XV.
596 4947 664 4957 —
699 4919 853 4971 1493.
885 4916 1126 4980 Basileae,
1155 4931 1255 4985 per
1282 4916 1401 4969 Joh.
1433 4916 1763 4970 Amerbach.
1798 4933 1810 4982 ;
1842 4919 1919 4971 in-

219 5010 318 5074 fol.
367 5007 535 5062 Liber
566 5004 946 5075 Epistolarum
1001 5002 1150 5057 beati
1199 5001 1506 5069 Augustini
1558 5003 1730 5073 episc.
1778 5004 1914 5074 Hip-

215 5095 486 5168 ponensis
544 5092 824 5149 Ecclesiae.
875 5093 938 5145 In
983 5091 1122 5144 line:
1186 5095 1249 5146 D.
1311 5091 1447 5144 Aur.
1499 5093 1799 5159 Augustini
1829 5096 1910 5148 Η.

216 5187 322 5252 Ep.
356 5184 491 5237 liber
518 5185 692 5251 Epist.
742 5182 1002 5248 vigilanti
1049 5181 1458 5233 accuratissima
1512 5181 1695 5239 studio
1751 5197 1915 5234 emen-

217 5272 472 5326 daturum
502 5276 551 5324 et
598 5273 1013 5338 impressamm:
1047 5271 1510 5334 Argumentorum
1559 5283 1768 5336 quoque
1814 5285 1909 5322 no-

211 5375 402 5414 vorum
427 5361 813 5427 pramotatione
841 5359 1103 5412 succincte
1133 5360 1183 5408 et
1214 5355 1452 5408 dilucide
1499 5357 1866 5423 expositurum
1893 5373 1905 5410 :

214 5452 378 5516 atque
403 5461 566 5514 opera
615 5448 869 5512 magistri
894 5447 1133 5500 Joannis
1165 5443 1228 5497 de
1259 5443 1563 5497 Amerbaeh
1601 5445 1733 5497 civis
1762 5446 1907 5499 Basi-

209 5537 336 5590 lien.
393 5536 798 5604 perfecturum:
847 5535 1004 5587 Anno
1074 5533 1191 5599 cini,
1248 5535 1355 5586 etc.
1406 5531 1593 5586 XCIII.
1661 5533 1907 5587 Feliciter

2111 4388 2266 4441 1638.
2307 4415 2380 4427 —
2427 4387 2631 4441 Flewia’
2682 4386 2775 4454 (La
2817 4387 3054 4453 F1éche,,
3108 4390 3261 4441 in-IIO.
3313 4387 3368 4442 S.
3423 4393 3556 4444 Aur.
3615 4395 3747 4446 Au-

2035 4473 2247 4544 gustini
2296 4474 2675 4544 Epistolarum
2728 4475 3064 4528 selectarum
3110 4475 3242 4529 libri
3288 4478 3384 4532 III.
3429 4479 3751 4536 Recensuit

2032 4561 2304 4632 primum,
2349 4562 2703 4633 argumentis
2761 4562 3126 4618 uberioribus
3194 4565 3513 4635 explicavit,
3557 4572 3748 4639 atque

2034 4650 2521 4704 observationibus
2570 4650 2871 4704 illustravit
2931 4653 3199 4707 Rolandus
3251 4655 3556 4722 Phigerius,
3599 4657 3740 4712 Soc.

2028 4739 2182 4805 Iesu,
2226 4739 2565 4792 Armoricus.
2601 4766 2674 4779 —
2702 4739 2866 4793 Liber
2909 4741 3132 4810 primus
3161 4741 3484 4808 didacticas,
3531 4760 3750 4801 secun-

2030 4827 2136 4881 dus
2173 4827 2386 4881 ethicas
2418 4833 2474 4881 et
2503 4827 2894 4897 paraaneticas,
2928 4829 3130 4884 tertius
3175 4829 3371 4885 mistas
3391 4837 3449 4886 et
3480 4832 3744 4889 familia-

2027 4930 2118 4968 res
2151 4914 2566 4985 complectitur.
2605 4915 2952 4973 Colonienses.
2990 4918 3213 4973 Exstitit
3243 4919 3421 4974 etiam
3449 4920 3508 4974 in
3564 4922 3732 4978 Bibl.

2031 5003 2342 5056 Thottiana.

2100 5094 2252 5146 1662.
2315 5092 2560 5157 Lovanii,
2609 5093 2786 5147 ἱη-12.
2853 5095 2916 5147 D.
2967 5095 3266 5164 Augustini
3323 5096 3584 5167 Epistolaa
3635 5115 3746 5153 se-

2025 5180 2200 5248 lectae,
2232 5195 2359 5233 cum
2393 5180 2704 5250 appendice
2733 5182 3250 5253 supposititiarum.
3287 5185 3610 5240 Hendreich.

2098 5270 2250 5322 1678.
2313 5270 2589 5335 Francof.,
2648 5274 2846 5338 sumpt.
2901 5273 2994 5326 Uo.
3063 5273 3350 5334 Crameri;
3420 5275 3592 5329 in-«io.
3664 5277 3736 5332 S.

2019 5359 2152 5411 Aur.
2209 5357 2513 5427 Augustini
2551 5361 2606 5411 et
2658 5357 2903 5412 aliorum
2953 5360 3334 5430 quorumdam
3397 5361 3466 5415 ad
3525 5361 3740 5432 ipsum

2017 5445 2103 5498 vel
2161 5445 2282 5516 ejus
2328 5461 2500 5500 causa
2561 5446 2787 5517 scriptae
2846 5447 3107 5518 Epistolae.
3157 5449 3524 5516 CCLXXVIII,
3583 5468 3738 5509 cum

2015 5532 2325 5603 appendice
2374 5534 2889 5605 supposititiarum,
2939 5535 3108 5591 variis
3170 5537 3509 5593 lectionibus
3549 5540 3738 5595 aliis-
