3922 6188
172 255 269 304 177

1201 252 1482 310 ΝΟΤΙΤΙΑ
1523 256 1941 311 LITTEBARIA
1982 257 2049 310 IN
2092 259 2148 308 8.
2192 258 2653 313 AUGUSTINUM.

3570 260 3666 311 178

165 391 273 446 que
327 375 738 445 marginalibus
808 380 864 429 et
917 375 1198 429 indicibus
1248 376 1561 431 utilissimis
1622 379 1856 432 seorsim
1898 382 1941 433 A
1975 396 2237 449 evesque,
2292 381 2359 433 de
2423 379 2678 433 l’heresie
2754 379 3080 449 Rogatiane,
3145 378 3256 432 fort
3325 378 3668 432 convenable

162 463 585 517 accuratissime
621 463 786 517 editae
843 480 981 517 cura
1026 466 1181 519 Lucae
1235 465 1500 520 Friderici
1554 468 1858 533 Reinharti,

164 549 663 620 Norimbergensis
706 551 761 605 S.
818 552 1016 605 Theol.
1069 552 1127 605 in
1185 552 1487 609 Universit.
1547 554 1863 609 Altdortina

158 641 306 709 prof.
345 641 507 710 publ.

224 728 503 799 Cypriani
556 728 831 798 Epistolas
878 728 948 781 ab
1005 728 1209 783 eodem
1265 730 1386 783 viro
1443 730 1608 784 docto
1643 731 1864 802 aliquot

152 818 322 870 annis
355 822 483 887 post
516 816 696 870 editas
739 816 797 869 in
848 821 1005 869 tomo
1042 817 1226 886 primo
1262 820 1857 873 commemoravimus

148 907 270 958 Non
326 904 653 975 segniorem
705 920 939 974 operam
992 906 1311 974 Augustino
1364 907 1652 976 praestitit,
1704 907 1761 960 in
1794 925 1861 961 eo

147 993 442 1064 pmcipue
476 992 812 1057 laudandus,
849 992 1002 1062 quod
1034 992 1222 1062 plures
1263 993 1385 1062 ejus
1412 994 1696 1063 epistolas,
1729 1012 1857 1065 quae

146 1098 211 1133 eo
265 1097 453 1151 usque
536 1080 810 1149 temporis
867 1080 1122 1132 nondum
1175 1095 1305 1133 cum
1362 1080 1594 1151 reliquis
1640 1084 1855 1155 colligi,

143 1170 237 1221 sed
280 1185 387 1238 per
416 1168 665 1238 reliquos
691 1174 875 1222 tomos
905 1184 1145 1237 operum
1177 1168 1300 1238 ejus
1331 1171 1576 1237 sparsim
1615 1187 1720 1240 pro
1774 1189 1859 1227 re-

143 1272 279 1309 rum
326 1256 701 1310 similitudine
749 1250 1005 1310 exhiberi
1037 1264 1471 1320 consueverunt,
1504 1260 1857 1328 conjunctim

144 1342 379 1413 primus
409 1343 724 1413 proposuit.
752 1343 1058 1397 Commode
1074 1344 1283 1397 factum
1307 1350 1408 1411 est,
1437 1347 1591 1415 quod
1609 1347 1856 1403 aliorum

139 1431 208 1484 ad
244 1432 640 1501 Augustinum
673 1432 894 1501 scriptas
917 1432 1171 1511 epistolas
1190 1433 1383 1486 Italico
1412 1435 1734 1490 charactere
1760 1454 1855 1491 ex-

142 1520 561 1585 scriberentur,
595 1520 734 1574 dum
789 1519 970 1589 ipsius
1027 1521 1331 1590 Augustini
1365 1521 1619 1591 epistolis
1658 1530 1855 1578 rotun-

142 1608 250 1660 dus
291 1608 582 1662 adhibitus
607 1613 710 1662 est.
744 1610 805 1661 In
850 1608 1109 1678 margine
1160 1614 1280 1662 tum
1334 1611 1499 1664 varias
1557 1612 1849 1679 lectiones,

139 1701 270 1749 tum
302 1696 685 1766 Allegationes
715 1696 1020 1766 Scripturaa
1050 1697 1103 1751 8.
1137 1698 1390 1769 itemque
1423 1700 1642 1753 Codicis
1670 1702 1851 1756 Theo-

139 1785 396 1847 dosiani,
427 1785 596 1855 _Juris
638 1785 926 1851 Canonici,
979 1786 1280 1839 Lombardi
1315 1791 1370 1840 et
1407 1788 1640 1842 Thomas
1672 1791 1849 1860 Aqui-

139 1874 297 1927 natis
324 1876 470 1937 loca,
532 1890 662 1944 quae
715 1875 803 1927 vel
834 1890 903 1927 ex
936 1875 1255 1944 Augustino
1287 1874 1557 1930 illustrari
1597 1885 1845 1948 possent,

136 1963 219 2015 vel
259 1963 435 2015 verba
464 1963 585 2031 ejus
614 1962 965 2029 exhiberem,
1001 1967 1135 2025 sunt
1163 1968 1374 2018 notata.

204 2051 347 2104 Sic.
404 2052 588 2105 XVIII.
629 2080 702 2091 —
733 2053 886 2105 1721.
923 2052 1159 2106 Parisiis
1187 2053 1371 2117 in-fol.
1430 2053 1485 2107 S.
1544 2055 1848 2123 Augustini

311 2138 577 2208 Epistolas
630 2139 796 2203 duas;
830 2139 1019 2209 prima
1078 2140 1151 2193 ad
1208 2140 1561 2195 Bonifacium
1599 2158 1842 2212 papam;

133 2228 390 2281 secunda
422 2229 491 2282 ad
531 2228 917 2283 Caelestinum.
974 2230 1121 2282 Exst.
1170 2228 1318 2282 inter
1372 2231 1644 2298 Epistolas
1692 2234 1841 2286 Rom.

136 2316 383 2385 Ponti/7‘.
420 2332 524 2387 per
549 2318 861 2381 Coustant.,
892 2318 953 2370 T.
980 2318 1023 2381 Ι,
1049 2332 1218 2386 pagg.
1256 2318 1389 2370 1023
1420 2321 1477 2370 et
1511 2319 1667 2371 1051.

208 2408 373 2460 i732.
414 2408 636 2461 Vienna:
666 2408 926 2460 Austriz.
986 2408 1132 2474 typis
1170 2407 1265 2459 Jo.
1298 2407 1465 2461 Petri
1492 2422 1599 2459 van
1625 2407 1841 2463 Ghelen.

137 2496 328 2559 in-fol.
380 2496 517 2563 maj.
573 2495 627 2548 8.
683 2494 1010 2564 Augustini,
1070 2495 1169 2563 Ep.
1224 2494 1393 2563 Hipp.
1455 2494 1525 2549 ad
1574 2495 1842 2564 Optatum

136 2582 392 2653 episcop.
427 2582 815 2635 Milevitanum
847 2583 916 2637 de
972 2582 1188 2635 Natura
1237 2586 1295 2635 et
1335 2582 1567 2651 Origine
1619 2583 1843 2637 Animae

137 2670 397 2739 Epistula
419 2671 685 2724 secunda.
720 2670 966 2723 Accessit
995 2670 1253 2739 ejusdem
1305 2669 1359 2723 S.
1392 2668 1697 2738 Augustini
1727 2670 1843 2740 epi-

134 2758 279 2811 stola
308 2758 381 2812 de
409 2758 594 2828 poenis
623 2760 1014 2828 parvulorum,
1043 2758 1141 2828 qui
1171 2758 1294 2810 sine
1346 2757 1630 2827 baptismo
1686 2759 1843 2812 dece-

132 2849 275 2902 dunt
301 2847 518 2918 scripta
546 2849 613 2901 ad
658 2849 889 2901 Petrum
919 2853 977 2901 et
1007 2848 1314 2901 Abraham.
1350 2846 1638 2899 Prodeunt
1688 2863 1841 2901 nunc

1974 484 2118 537 pour
2148 472 2416 521 remettre
2456 471 2489 520 a
2519 467 2715 521 l’unité
2744 468 2812 521 de
2842 467 3069 538 l’Eglise
3122 466 3444 537 catholique
3476 467 3557 519 les
3588 482 3667 519 se-

1972 572 2136 626 parez
2163 561 2220 609 et
2248 556 2592 626 heretiques,
2626 572 2848 609 comme
2882 571 3026 626 pour
3053 573 3086 627 δ·
3110 556 3415 610 maintenir
3444 560 3501 609 et
3532 571 3664 608 con-

1972 659 2160 695 server
2184 659 2323 696 ceux
2371 644 2471 713 qui
2516 661 2551 713 y
2612 650 2741 698 sont
2795 644 3095 698 demeurez
3125 650 3182 697 et
3210 648 3529 707 retournez,
3564 659 3667 712 par

1971 732 2211 785 Clement
2247 734 2491 787 Vaillant
2522 752 2549 781 »
2614 733 3094 799 (Bellovacensem
3148 733 3207 785 in
3251 748 3518 801 suprema
3560 748 3663 784 cu-

1971 820 2055 872 ria
2086 821 2396 875 Causarum
2430 820 2773 891 patronum).
2826 851 2894 861 —
2926 821 3174 891 Epistola
3213 820 3272 873 in
3328 820 3417 874 ed.
3454 819 3659 872 Bened.

1971 914 2308 961 numeratur
2357 913 2443 964 93.
2500 909 2754 963 Pertinet
2795 910 2865 962 ad
2923 910 3183 963 eamdem
3242 907 3663 979 quodammodo

1971 999 2287 1064 Disquisitio
2347 999 2658 1063 Theologica
2712 997 2777 1050 de
2843 1001 3124 1060 sententia,
3203 1013 3272 1050 an
3334 997 3569 1050 haeretici
3612 998 3663 1048 et

1967 1085 2302 1138 schismatici
2326 1087 2383 1137 vi
2406 1085 2479 1138 ad
2496 1085 2656 1153 ﬁdem
2686 1088 2797 1138 sint
2823 1084 3047 1151 cogendi
3072 1084 3100 1139 ?
3123 1084 3229 1138 Ubi
3259 1084 3425 1137 simul
3458 1083 3662 1152 ingens

1967 1172 2272 1225 discrimen
2304 1173 2621 1227 ostenditur
2668 1173 2819 1227 inter
2877 1188 3105 1225 causam
3160 1172 3577 1225 Donatistarum
3609 1174 3665 1223 et

1967 1261 2430 1314 Protestantium.
2460 1265 2704 1314 Auctore
2741 1263 2801 1315 D.
2846 1262 2970 1314 Elia
3015 1262 3233 1327 Veielio,
3284 1260 3459 1313 Ulma:
3502 1260 3659 1324 1689,

1965 1349 2130 1416 in-40,
2179 1350 2385 1419 scripta
2422 1350 2714 1403 occasione
2757 1348 3170 1419 persecutionis
3202 1348 3658 1402 Reformatorum

1964 1436 2023 1490 in
2055 1437 2252 1504 Gallia,
2284 1439 2443 1508 cujus
2474 1439 2722 1492 fautores
2750 1437 3133 1509 Augustinum
3163 1436 3333 1490 etiam
3383 1436 3442 1489 in
3472 1439 3659 1506 partes

1963 1526 2187 1580 trahere
2212 1528 2400 1580 conati
2430 1532 2609 1581 erant.

2038 1617 2192 1671 1574.
2231 1617 2277 1669 Α
2327 1618 2523 1681 Reims,
2570 1632 2678 1684 par
2732 1618 2864 1669 Jean
2922 1615 2986 1668 de
3030 1617 3268 1682 Foigny;
3314 1616 3473 1667 iri-8°.
3521 1631 3549 1662 α
3581 1612 3658 1664 La

1963 1704 2143 1757 forme
2173 1708 2228 1757 et
2258 1704 2509 1757 maniére
2549 1704 2618 1758 de
2647 1703 2780 1757 bien
2809 1694 2967 1773 prier
3000 1703 3136 1756 Dieu
3165 1719 3175 1755 :
3207 1701 3305 1772 qui
3336 1706 3421 1755 est
3466 1715 3657 1753 muvre

1958 1791 2272 1861 principale
2322 1792 2398 1845 du
2449 1792 2563 1865 bon
2622 1791 2923 1858 Chrétien;
2987 1790 3155 1843 écrite
3212 1788 3658 1858 premiérement

1959 1895 2028 1932 en
2061 1878 2199 1932 latin
2250 1895 2355 1948 par
2408 1879 2556 1932 saint
2609 1879 2913 1948 Augustin,
2967 1895 3038 1932 en
3098 1894 3198 1930 son
3238 1876 3417 1947 epitre
3474 1878 3588 1937 £01,
3624 1878 3656 1927 a

1957 1967 2160 2032 Probe,
2218 1982 2416 2032 veuve,
2478 1973 2534 2020 et
2588 1967 2836 2021 traduite
2889 1983 2958 2020 en
3006 1965 3248 2033 francois
3293 1980 3399 2034 par
3435 1964 3652 2021 Nicolas

1957 2055 2259 2121 Chesneau,
2293 2074 2319 2104 ››
2352 2056 2743 2125 (Retelensem
2799 2055 3079 2108 decanum
3136 2060 3193 2107 et
3222 2051 3561 2106 canonicum
3591 2051 3645 2105 S.

1954 2142 2355 2212 Symphoriani
2383 2143 2759 2209 Rhemensis).
2793 2143 3099 2197 Duverdie-r
3131 2157 3239 2211 par
3280 2142 3538 2207 Juvigny,
3586 2140 3648 2192 T.

1952 2232 2013 2291 V.
2046 2247 2102 2299 p.
2130 2234 2253 2285 109.

2028 2323 2268 2374 1653-59.
2340 2321 2518 2383 Paris,
2594 2321 2719 2373 chez
2800 2321 2983 2374 Pierre
3034 2321 3081 2372 le
3140 2320 3314 2382 Petit;
3378 2318 3544 2380 in-12,
3606 2316 3654 2369 V

1950 2409 2074 2462 υοιι.
2131 2428 2152 2455 α
2190 2408 2438 2477 Epistres
2495 2406 2735 2460 choisies
2774 2406 2843 2460 de
2899 2408 2957 2463 8.
3018 2406 3323 2477 Augustin,
3377 2404 3653 2459 traduites

1951 2513 2021 2549 en
2053 2496 2301 2562 francois
2357 2511 2460 2565 par
2507 2497 2669 2549 Louis
2701 2497 2859 2563 θίγῃ.
2900 2515 2926 2546 ››
2979 2497 3190 2550 Tomus
3234 2496 3338 2548 [et
3363 2494 3432 2557 ΙΙ,
3470 2495 3644 2559 1653;

1952 2585 2045 2650 ΙΙΙ,
2084 2587 2254 2648 1656;
2300 2585 2388 2649 IV,
2446 2586 2610 2650 1658;
2665 2585 2727 2651 V,
2787 2588 2941 2653 1659,
2985 2583 3296 2654 exscriptus
3328 2586 3429 2635 est.
3481 2582 3647 2635 Hen-

1950 2671 2133 2725 dreich
2172 2672 2230 2724 in
2300 2671 2454 2725 Pand
2522 2672 2792 2725 Brandeb.
2847 2672 3039 2739 aliam,
3091 2671 3404 2740 interprete
3465 2669 3529 2722 de
3594 2669 3648 2722 la

1950 2758 2149 2821 Gaude,
2180 2774 2232 2811 a.
2280 2762 2412 2812 1653
2444 2758 2726 2827 producit.

2026 2848 2180 2900 1684.
2248 2849 2406 2900 Paris
2477 2847 2601 2900 cher.
2673 2848 2805 2899 Jean
2878 2848 3036 2914 Bapt.
3094 2845 3395 2912 Coignard;
3452 2845 3641 2910 ili-fol.

134 2937 389 3005 primum
422 2952 487 2989 ex
522 2935 867 2990 Bibliotheca
905 2936 1122 2989 Libera:
1153 2942 1209 2989 et
1269 2937 1555 3004 Exemptae
1615 2935 1841 2989 Ordinis
1872 2942 1911 2996 C
1952 2936 2148 2989 ιιυοιι.
2209 2957 2237 2983 ‹‹
2272 2936 2371 2988 Les
2424 2935 2617 2987 lettres
2666 2935 2733 2987 de
2783 2935 2836 2988 S.
2894 2933 3195 3003 Augustin.
3251 2932 3525 2986 traduites
3575 2947 3646 2985 en

134 3026 184 3079 S.
217 3024 515 3079 Benedicti
572 3024 857 3078 Inferioris
908 3024 1150 3078 Austrim
1215 3023 1457 3077 abbatiae
1508 3024 1839 3077 Gottwicen-

138 3114 223 3166 sis.
298 3113 532 3167 Eaedem
586 3115 830 3180 sequenti
890 3127 1051 3177 anno,
1115 3112 1316 3166 ibidem
1375 3112 1525 3181 apud
1581 3115 1837 3166 Joannem

136 3200 411 3254 Adamum
438 3200 795 3265 Schmidium,
864 3199 1103 3269 Bibliop.
1164 3200 1627 3269 Norimbergens.
1686 3202 1837 3271 typis

136 3288 431 3358 descriptas
476 3292 625 3342 sunt.
657 3316 730 3328 —
756 3288 821 3341 In
854 3288 1187 3357 praefatione
1244 3288 1315 3342 ad
1368 3289 1636 3342 lectorem
1662 3290 1837 3343 abbas

137 3376 479 3431 Godefridus
516 3375 585 3429 de
631 3376 925 3430 occasione
973 3377 1271 3447 utriusque
1319 3376 1573 3446 epistolae
1614 3379 1836 3432 erudite

137 3469 550 3519 commentatus
581 3470 683 3517 est.
715 3465 913 3533 Codex,
958 3465 1019 3518 in
1064 3481 1178 3535 quo
1231 3470 1472 3534 repertae
1514 3469 1665 3529 sunt,
1701 3466 1835 3518 uni-

139 3567 225 3605 cus
278 3558 346 3606 ut
386 3554 516 3622 jure
573 3569 675 3605 suo
732 3552 1080 3605 existimasse
1137 3552 1359 3606 videtur
1415 3552 1836 3606 eruditissimus

138 3641 323 3708 abbas,
384 3644 648 3694 exaratus
704 3644 789 3693 est
826 3640 886 3694 in
940 3640 1311 3705 membranis,
1372 3640 1626 3706 in-folio,
1680 3645 1735 3694 et
1763 3641 1833 3693 ad

138 3729 402 3781 saeculum
436 3727 744 3781 minimum
775 3727 1179 3781 duodecimum
1210 3728 1280 3782 ab
1311 3727 1411 3781 illo
1442 3728 1709 3793 refertur,
1743 3744 1832 3780 re-

138 3815 446 3884 periundus
480 3815 539 3867 in
571 3815 724 3868 illius
755 3816 994 3870 abbatiae
1023 3815 1389 3882 bibliotheca,
1412 3815 1525 3870 Lit.
1555 3820 1608 3877 6,
1639 3818 1708 3870 Ν.
1744 3819 1828 3869 10.

140 3903 491 3975 Nuncupavit
519 3912 746 3974 κειμηλῖα
783 3905 970 3958 hazcce
1013 3904 1249 3959 fortuito
1299 3905 1518 3959 detecta
1560 3904 1831 3958 cardinali

138 3992 462 4060 Passioneo,
490 4008 721 4062 magno,
753 3997 886 4045 tunc
915 3992 1193 4061 temporis
1223 3991 1282 4045 in
1313 3993 1480 4047 Italia
1509 3993 1829 4046 litterarum

136 4080 323 4133 statori
365 4083 424 4133 et
480 4079 842 4133 bibliotheca:
915 4081 1197 4134 Vaticanae
1250 4081 1558 4151 aliquando
1606 4096 1829 4135 summo

134 4168 415 4235 prazfecto.

202 4257 357 4310 173-3.
406 4256 660 4321 Parisiis,
715 4256 866 4324 apud
905 4256 1128 4310 viduam
1176 4258 1481 4324 Reymundi
1536 4260 1825 4325 Mazieres;

136 4345 316 4408 in-fol.
344 4343 399 4397 8.
428 4346 564 4396 Aur.
586 4343 891 4412 Augustini
923 4344 1175 4414 epistolas
1198 4345 1348 4410 duas,
1374 4361 1571 4399 recens
1600 4346 1659 4399 in
1691 4348 1828 4401 Ger-

136 4432 317 4483 mania
359 4435 624 4500 repertaz,
676 4431 826 4485 notis
855 4431 1085 4498 criticis,
1145 4432 1429 4487 historicis
1472 4434 1828 4505 chronologi-

135 4516 319 4588 eisque
345 4518 664 4579 illustrataa,
722 4533 897 4587 opera
943 4523 998 4571 et
1053 4520 1242 4573 studio
1290 4522 1353 4573 D.
1386 4520 1573 4574 Jacobi
1599 4523 1825 4587 Martia,

137 4606 311 4671 presb.
346 4621 618 4675 congreg.
652 4605 709 4659 8.
743 4605 935 4659 Marci.
968 4607 1084 4661 Cat.
1109 4606 1248 4660 Bibl.
1291 4608 1419 4674 Reg.

200 4722 265 4732 —
290 4695 481 4762 Paris,
513 4695 636 4747 chez
665 4709 826 4747 veuve
858 4695 1118 4748 Maziéres
1138 4711 1151 4761 ;
1174 4696 1347 4750 in-8°.
1389 4715 1416 4745 (ι
1444 4697 1659 4749 Lettres
1692 4713 1830 4750 nou-

139 4781 295 4834 velles
327 4781 398 4834 de
428 4781 483 4834 S.
520 4780 822 4850 Augustin,
862 4781 1137 4835 traduites
1165 4797 1238 4835 en
1293 4782 1559 4849 francois,
1593 4800 1724 4837 avec
1776 4786 1828 4838 le

140 4868 265 4921 latin
296 4872 327 4921 ὲ
360 4869 488 4922 cbté
520 4873 576 4922 et
607 4885 739 4922 avec
765 4868 863 4922 des
911 4875 1076 4923 notes
1125 4870 1419 4940 critiques,
1480 4871 1828 4943 historiques

138 4956 184 5003 et
209 4952 675 5022 chonologiques,
710 4957 765 5005 et
795 4968 874 5005 un
908 4952 1073 5006 traité
1107 4953 1175 5007 de
1237 4954 1501 5025 l’origine
1558 4956 1626 5010 de
1662 4957 1826 5009 l’atme

141 5039 231 5092 tiré
260 5040 327 5093 de
383 5056 472 5093 ses
526 5040 713 5104 écrits,
766 5042 1193 5095 nouvellement
1243 5045 1502 5096 trouvées
1554 5045 1695 5098 dans
1747 5060 1825 5097 un

142 5141 232 5180 ms.
262 5130 328 5181 de
358 5129 625 5199 l’Abbaye
675 5130 744 5182 de
782 5130 1033 5195 Gottwic,
1072 5130 1204 5199 pres
1234 5130 1289 5184 la
1339 5129 1471 5185 ville
1507 5130 1576 5185 de
1611 5132 1824 5186 Vienne

144 5229 203 5267 en
226 5216 510 5271 Autriche.

840 5308 1138 5361 Versiones.

208 5394 351 5447 1473.
422 5395 600 5459 Paris,
650 5394 775 5447 chez
832 5395 1072 5449 Malhur.
1134 5396 1392 5462 Prevost;
1448 5397 1607 5449 iii-8°.
1668 5414 1696 5446 ‹‹
1750 5396 1826 5450 La

149 5476 358 5534 XLVIIIe
389 5481 604 5551 epistre
654 5481 723 5536 de
761 5481 839 5536 St.
896 5483 1200 5554 Augustin,
1234 5483 1492 5537 adressée
1516 5486 1549 5536 ὰ
1589 5483 1827 5539 Vincent

1870 4225 1911 4279 ο
2018 4255 2172 4307 1690.
2201 4253 2252 4307 Α
2302 4253 2521 4321 Lyon...

1948 3023 2192 3089 francois
2224 3039 2323 3076 sur
2352 3021 2606 3075 l’édition
2648 3022 2909 3075 nouvelle
2933 3022 3030 3075 des
3058 3020 3418 3075 Bénédictins
3468 3020 3537 3074 de
3592 3021 3646 3073 la

1949 3128 2142 3181 congr.
2178 3111 2248 3164 de
2285 3110 2641 3177 Saint-Maur,
2694 3112 2770 3164 ou
2818 3111 2954 3165 elles
3008 3116 3136 3163 sont
3189 3111 3426 3180 rangées
3485 3110 3644 3163 selon

1948 3199 2153 3253 l’ordre
2212 3198 2310 3252 des
2365 3204 2527 3252 tems.
2586 3200 2806 3253 Revues
2855 3203 2911 3252 et
2957 3198 3242 3269 corrigées
3292 3214 3389 3251 sur
3425 3199 3506 3252 les
3536 3214 3640 3251 an-

1948 3288 2100 3341 ciens
2136 3287 2475 3341 manuscrits
2506 3292 2561 3341 et
2607 3290 2975 3358 augmentées
3020 3287 3088 3342 de
3121 3287 3396 3357 quelques
3426 3289 3639 3354 lettres,

1947 3392 2078 3429 avec
2104 3377 2201 3429 des
2232 3380 2391 3429 notes
2436 3393 2533 3429 sur
2572 3376 2655 3430 les
2708 3376 2899 3446 points
2951 3375 3262 3439 d’histoire,
3294 3376 3363 3429 de
3395 3378 3643 3431 chrono—

1946 3464 2094 3533 logie
2126 3469 2181 3517 et
2207 3470 2396 3518 autres
2447 3465 2546 3535 qui
2576 3469 2823 3535 peuvent
2854 3464 3011 3518 avoir
3049 3463 3248 3518 besoin
3302 3464 3639 3518 d’éclaircis-

1944 3554 2183 3611 sement,
2214 3566 2319 3618 par
2361 3551 2610 3619 Philippe
2651 3550 2897 3606 Goibaud
2924 3550 2998 3604 du
3040 3552 3183 3604 Bois.
3241 3568 3267 3600 »
3324 3550 3439 3605 Cat.
3499 3550 3642 3603 Bibl.

1948 3640 2069 3704 Reg.
2130 3639 2302 3691 Paris.
2339 3638 2606 3692 Eamdem
2637 3640 2703 3692 Vl
2755 3638 3158 3705 voluminibus,
3197 3638 3434 3704 octonis,
3470 3638 3643 3693 habet

1944 3726 2057 3780 Cat.
2118 3726 2268 3780 Bibl.
2320 3728 2450 3780 Duc.
2511 3728 2573 3780 de
2604 3729 2656 3781 la
2714 3728 2834 3782 Val.
2900 3727 3038 3781 Vide
3097 3727 3270 3780 etiam
3312 3729 3499 3781 Journ.
3548 3728 3639 3781 des

1941 3827 2086 3877 scav.
2121 3815 2299 3867 Paris.
2356 3832 2404 3867 a.
2468 3817 2621 3881 1685,
2679 3830 2737 3867 n.
2794 3814 2864 3883 Il,
2913 3820 2971 3867 et
2995 3815 3206 3869 Novella
3234 3814 3299 3866 de
3344 3817 3471 3882 Rep.
3506 3814 3641 3868 delle

1940 3903 2163 3956 Lettere.
2216 3918 2288 3955 m.
2338 3902 2630 3958 Novembre
2686 3902 2838 3955 1684.
2885 3903 2958 3955 Ex
2989 3901 3152 3955 codd.
3187 3917 3320 3955 mss.
3382 3902 3504 3954 loca
3532 3901 3635 3954 ali-

1940 3993 2078 4059 quot
2110 3988 2376 4043 editionis
2409 3990 2899 4043 Benedictinorum
2955 3989 3218 4042 correxit.
3258 3990 3427 4043 Notas
3477 3991 3635 4043 Tille-

1939 4080 2131 4130 montii
2160 4093 2280 4130 esse
2332 4077 2513 4131 aiunt.
2547 4077 2627 4131 Cf.
2679 4093 2806 4146 qua:
2866 4077 3226 4131 Colonienses
3272 4077 3635 4133 adduxerunt
3688 4132 3693 4135 .

1942 4164 2287 4218 testimonia.

2584 4274 2603 4299 ι
2658 4252 2841 4305 Lettre
2878 4252 3076 4307 XXXIX
3127 4253 3237 4318 (ed.
3301 4254 3532 4325 Lovan.)
3565 4255 3634 4308 de

1940 4342 1995 4395 8.
2028 4340 2311 4409 Augustin
2343 4344 2376 4393 ὰ
2398 4356 2476 4394 un
2500 4341 2677 4410 jeune
2710 4340 2940 4394 homme
2969 4341 3289 4410 (Licentius)
3330 4342 3430 4413 qui
3488 4344 3638 4398 avait

1939 4431 2026 4483 ἐξῑέ
2059 4445 2158 4483 son
2179 4428 2411 4499 disciple
2439 4432 2495 4482 et
2522 4428 2623 4499 qui
2671 4428 2853 4482 s’était
2880 4430 3097 4498 engagé
3128 4429 3267 4483 dans
3295 4432 3348 4484 le
3378 4432 3564 4486 siécle.
3606 4452 3632 4483 η

1940 4517 2085 4569 Exst.
2117 4516 2177 4569 in
2208 4518 2263 4570 la
2284 4517 2528 4571 Solitude
2556 4518 2886 4583 Chre’tienne,
2919 4518 2979 4571 Τ.
3006 4519 3049 4581 Ι,
3078 4534 3134 4588 p.
3160 4520 3285 4573 471.

2013 4601 2172 4659 1700.
2217 4607 2261 4658 Α
2292 4605 2534 4672 Cologne.
2574 4626 2596 4653 ι
2636 4606 2821 4659 Lettre
2852 4606 2921 4659 de
2951 4606 3004 4659 S.
3031 4608 3313 4676 Augustin
3347 4624 3416 4661 au
3449 4614 3633 4663 comta

1939 4692 2201 4745 Boniface
2228 4692 2493 4761 (secunda
2519 4709 2588 4746 ex
2616 4693 2800 4747 tribus
2840 4694 2910 4748 ad
2948 4694 3217 4749 eumdem
3266 4696 3537 4766 scriptis),
3560 4698 3630 4751 de

1937 4781 1990 4832 la
2019 4780 2339 4833 traduction
2389 4780 2457 4834 de
2514 4781 2584 4835 M.
2634 4781 2708 4835 du
2757 4781 2911 4835 Bois.
2960 4802 2985 4832 ι)
3044 4784 3194 4837 Exst.
3248 4783 3307 4836 in
3357 4786 3401 4837 le
3443 4785 3632 4839 Soldat

1936 4869 2183 4923 Chre’tien
2212 4869 2457 4935 instruit,
2500 4873 2629 4936 etc.,
2664 4885 2765 4939 par
2793 4869 2844 4923 le
2874 4872 2935 4925 P.
2965 4871 3152 4926 Henri
3190 4871 3480 4939 Godefroy.

2012 4958 2164 5008 1707.
2189 4957 2240 5007 Α
2295 4957 2446 5018 Lille,
2478 4958 2603 5010 chez
2648 4958 2979 5028 Jean-Bapt.
3010 4958 3320 5023 Brodellio;
3356 4960 3518 5012 in-l2.
3561 4962 3630 5016 VI

1935 5044 2059 5096 υοιι.
2116 5061 2141 5093 α
2176 5044 2279 5097 Les
2311 5044 2503 5098 lettres
2551 5045 2619 5099 de
2657 5045 2710 5099 S.
2745 5046 3045 5116 Augustin,
3080 5045 3353 5099 traduites
3382 5062 3451 5099 en
3480 5048 3631 5103 fran-

1935 5130 2053 5198 cois
2078 5147 2175 5184 sur
2200 5133 2455 5188 1’édition
2502 5135 2765 5187 nouvelle
2819 5134 2917 5188 des
2950 5136 3051 5188 PP.
3085 5132 3445 5188 Bénédictins
3475 5136 3545 5191 de
3575 5138 3630 5191 1a

1936 5220 2341 5291 congrégation
2373 5222 2441 5276 de
2461 5222 2514 5276 8.
2550 5223 2726 5289 Maur,
2747 5222 2821 5276 ou
2849 5223 2982 5275 elles
3024 5224 3153 5274 sont
3181 5222 3417 5292 rangées
3467 5225 3627 5279 selon

1938 5310 2142 5363 l'ordre
2172 5310 2269 5363 des
2296 5314 2502 5380 temps,
2535 5327 2733 5365 revues
2762 5315 2819 5365 et
2847 5309 3130 5379 corrigées
3166 5326 3265 5363 sur
3282 5310 3366 5364 les
3395 5312 3626 5367 anciens

1936 5406 2277 5468 manuscrts,
2306 5403 2362 5452 et
2415 5400 2785 5468 augmentées
2844 5398 2912 5451 de
2952 5398 3225 5468 quelques
3279 5398 3474 5455 lettres
3526 5402 3627 5472 qui

1936 5486 2217 5540 n’avaient
2246 5504 2346 5557 pas
2370 5502 2574 5541 encore
2618 5502 2781 5556 paru,
2812 5502 2945 5540 avec
2978 5487 3058 5541 les
3084 5492 3264 5550 notes,
3314 5504 3421 5559 par
3448 5490 3516 5544 Μ.
3550 5490 3627 5544 du
