3922 6188
267 258 366 310 179

1275 250 1837 308 SUPPLEMENTUM
1879 250 1968 305 AD
2005 249 2237 306 OPERA
2277 250 2332 304 S.
2372 250 2760 307 AUGUSTINI.
3672 257 3770 309 I80

260 379 403 432 Bois.
428 373 739 430 Troisieme
770 373 1001 430 edition.
1041 395 1062 421 ι
1094 374 1211 430 Cat.
1242 373 1461 428 Bunav.
1522 378 1579 427 et
1634 375 1770 429 Bibl.
1822 376 1951 439 Reg.
1990 375 2034 428 A
2064 380 2412 444 caeterosque
2457 374 2778 430 cardinales
2831 374 3127 431 Annotatio
3173 376 3492 431 brevissima
3519 380 3581 432 in
3621 393 3768 433 erro-

260 465 437 519 Paris.
476 465 603 517 Haec
632 462 756 533 ipsa
808 463 1041 519 fortasse
1099 465 1183 514 est
1235 460 1523 531 repetitio,
1579 477 1753 531 quam
1791 460 1849 516 h.
1906 476 1957 514 a.

264 552 628 608 Colonienses
657 549 1062 605 Amstelodami
1089 550 1236 603 facta
1266 548 1663 619 prodiderunt.

333 641 627 706 Anglicum
675 637 993 692 versionem
1034 638 1290 706 Epistolas
1331 636 1555 691 XLVIII
1592 636 1695 690 sub
1746 636 1911 690 titulo
1945 654 1958 691 :

272 728 586 783 .Judicium
613 727 667 781 S.
724 724 1028 796 Augustini
1078 725 1147 780 de
1189 725 1433 796 Legibus
1482 724 1805 795 pcenalibus
1863 725 1963 779 ad-

263 832 457 870 versus
489 813 879 868 conventicula
904 817 960 868 et
1007 814 1075 867 de
1131 813 1353 867 unitate
1413 812 1707 883 religionis
1751 828 1962 883 propo-

265 904 437 958 situm
462 903 522 956 in
554 918 644 973 ep.
693 904 782 968 48,
813 902 1050 956 Londini
1080 904 1236 967 1670,
1295 903 1456 969 iii-4°,
1514 906 1837 955 memorant
1866 902 1965 957 Co-

262 993 571 1058 lonienses,
604 990 797 1045 addito
830 989 1163 1044 testimonio
1190 990 1404 1058 Lipenii
1460 989 1516 1044 in
1549 990 1700 1044 Bibl.
1756 990 1960 1046 Philas.

264 1098 313 1135 v.
346 1081 751 1136 Conventicula.

2068 477 2180 516 rem
2206 463 2555 518 scribentium
2576 469 2828 539 sanetum
2839 467 3215 532 Augustinum
3232 468 3407 533 fuisse
3435 467 3767 520 heremitam.

2069 554 2250 622 Atque
2279 552 2402 607 haec
2434 553 2553 623 ipsa
2582 554 2777 608 omnia
2820 554 2881 607 in
2936 553 3182 623 epistola
3237 553 3589 608 dedicatoria
3618 555 3769 609 libro

2070 640 2204 694 huic
2233 640 2417 695 inesse
2443 642 2721 695 Corradus
2751 641 2909 703 dicit.
2958 656 3062 695 nec
3103 640 3188 695 ibi
3234 641 3470 712 quidem
3515 643 3775 713 epistolae

2070 729 2224 783 illius
2255 728 2607 784 mentionem
2631 729 2783 795 facit,
2815 745 2946 783 cum
2979 732 3177 783 contra
3224 729 3287 784 in
3322 730 3553 785 laudata
3575 731 3772 785 tabula

2069 818 2193 872 haec
2221 820 2502 873 annotatio
2549 833 2669 873 non
2714 818 2789 873 sit
2812 817 3083 872 indicata.
3115 817 3199 873 Ad
3231 819 3443 872 calcem
3472 823 3672 873 tamen
3704 820 3776 872 le-

2071 905 2263 976 gitur:
2296 908 2445 960 Finis
2476 906 2629 960 adest
2666 907 2829 960 trium
2874 921 3177 960 sermonum
3213 906 3357 960 beati
3382 907 3689 973 Augustini
3716 907 3779 960 de

2071 994 2393 1050 Clericorum
2450 996 2566 1048 vita
2619 994 2963 1063 moribusque
3040 1009 3154 1049 una
3216 1010 3335 1049 cum
3390 998 3509 1050 vita
3546 996 3603 1050 S.
3657 1001 3775 1049 Au-

2070 1084 2298 1152 gustini,
2329 1098 2423 1136 nec
2476 1098 2581 1137 non
2625 1083 2913 1151 cujusdam
2967 1084 3189 1152 epistola
3236 1082 3455 1153 ipsius:
3486 1086 3576 1137 An
3606 1084 3772 1137 cleri-

338 1169 595 1239 Denique
653 1166 910 1236 Epistolw
953 1165 1019 1219 de
1074 1168 1251 1235 pomis
1307 1167 1685 1235 parvulorum,
1728 1169 1827 1235 qui
1852 1169 1968 1221 sine
2072 1170 2168 1238 cis,
2201 1175 2321 1236 etc.,
2344 1187 2446 1239 que
2468 1174 2649 1225 omnia
2667 1173 2931 1241 impressa
2954 1173 3107 1238 fuere
3126 1172 3317 1226 Padue
3329 1188 3429 1241 per
3447 1174 3775 1238 magistrum

263 1260 542 1327 Baptismo
571 1255 850 1320 decedunt,
881 1254 1066 1308 versio
1112 1270 1231 1307 esse
1260 1253 1509 1319 videtur,
1546 1271 1676 1325 quae
1724 1255 1788 1309 in
1845 1255 1962 1310 Cat.

2071 1260 2346 1314 Matheum
2374 1259 2645 1316 Cerdonis.
2696 1263 2859 1314 Anno
2903 1261 3125 1314 Domini
3169 1262 3326 1314 1484.
3371 1260 3770 1331 Colophonem

264 1347 420 1401 Bibl.
486 1346 773 1399 Firmianae
823 1347 1180 1397 memoratur
1226 1343 1335 1396 hoc
1387 1343 1598 1397 titulo:
1631 1345 1878 1400 Sermone
1907 1344 1968 1398 di
2073 1346 2233 1401 addit
2261 1348 2378 1403 Oda
2398 1349 2455 1400 in
2493 1346 2707 1401 laudem
2745 1349 3067 1415 Augustini,
3126 1346 3445 1417 incipiens:
3509 1348 3591 1401 De
3641 1364 3777 1417 pro-

268 1436 325 1490 S.
388 1435 671 1503 Agostino,
721 1434 779 1485 in
832 1434 933 1486 cui.
957 1433 1009 1486 si
1034 1436 1206 1485 tratta
1234 1431 1379 1486 della
1422 1446 1565 1502 pena
1610 1432 1675 1486 de
1712 1433 1970 1499 fanciulli
2071 1435 2265 1502 fundis
2296 1434 2652 1490 tenebrarum.
2685 1435 3016 1490 Absolvitur
3058 1436 3181 1490 haec
3210 1435 3385 1489 editio
3438 1436 3591 1491 foliis
3621 1437 3778 1491 3611-

267 1524 430 1577 morti
447 1537 609 1575 senza
632 1520 948 1587 Battesimo,
982 1519 1128 1574 trad.
1160 1535 1256 1574 con
1276 1522 1628 1574 annotazioni
1674 1520 1750 1574 da
1795 1523 1866 1577 G.
1894 1523 1962 1574 G.

268 1613 464 1679 Pavia,
499 1612 657 1678 1778,
686 1611 854 1664 in-80.

2075 1523 2199 1577 neis
2228 1538 2332 1593 per
2374 1523 2649 1593 paginam
2689 1508 3010 1595 impressis.
3052 1524 3355 1579 Character
3386 1527 3471 1578 est
3510 1524 3778 1580 Gothicus

2076 1611 2418 1665 luculentus.
2453 1612 2668 1665 Praeter
2699 1611 3025 1665 chartarum
3054 1627 3325 1665 numeros
3377 1616 3531 1666 notae
3583 1612 3779 1682 cujus-

338 1729 407 1738 —-
432 1696 815 1767 lnsigniorum
856 1695 1162 1766 Augustini
1192 1695 1572 1767 Epistolarum
1629 1700 1968 1767 argumenta
2006 1695 2048 1718 ”
2078 1715 2324 1769 cumque
2355 1699 2581 1769 generis
2615 1699 2883 1754 foliorum
2936 1699 3346 1771 paginarumve
3378 1700 3603 1756 desunt.
3638 1702 3783 1755 Sunt

267 1787 438 1842 modo
466 1786 680 1851 brevia,
712 1784 882 1839 modo
910 1784 1221 1855 prolixiora
1276 1785 1346 1839 c1.
1398 1786 1677 1840 Roeslerus
1724 1784 1970 1840 inseruit

270 1880 429 1930 tomo
476 1876 521 1929 V
576 1874 672 1928 der
726 1874 1056 1929 Bibliotheck
1112 1874 1167 1928 d.
1201 1875 1632 1940 Kirchenvaeter,
1664 1889 1796 1945 pag.
1853 1876 1954 1929 417

266 1972 449 2036 usque
472 1963 543 2018 ad
564 1963 666 2017 ﬁn.

550 2053 746 2107 XLIII.
771 2081 839 2091 —
864 2052 1002 2122 (116)
1036 2052 1311 2106 Sermones
1337 2056 1389 2106 et
1414 2052 1682 2106 Homiliae.

340 2143 475 2197 Sac.
500 2142 608 2195 XV.
644 2170 713 2179 —
746 2142 900 2194 1475.
933 2141 1218 2206 Augusta,
1232 2156 1330 2209 per
1357 2140 1655 2194 Antonium
1690 2142 1968 2206 Sorg,-in-

266 2232 369 2299 fol.
401 2232 533 2284 min.
564 2228 619 2283 S.
648 2227 956 2298 Augustini
982 2227 1148 2294 liber,
1182 2228 1281 2298 qui
1300 2231 1534 2282 vocatur
1561 2228 1971 2296 Quinquaginta

269 2319 387 2373 sive
416 2318 661 2372 Homilies
690 2317 754 2370 L.
798 2317 864 2369 In
892 2316 1007 2370 flne
1040 2334 1053 2371 :
1108 2318 1268 2371 Anno
1318 2318 1429 2371 dm.
1487 2317 1965 2373 M.CCCC.LXXV.

270 2408 489 2461 circiter
514 2407 636 2460 Kal.
661 2405 949 2460 Februarii
977 2406 1270 2474 impressus
1318 2409 1398 2458 est
1448 2404 1582 2458 liber
1637 2406 1740 2459 iste
1772 2404 1847 2458 ad
1875 2405 1971 2459 ho-

270 2511 452 2551 norem
473 2495 576 2561 dei,
604 2510 707 2564 per
725 2494 1024 2549 Antonium
1066 2496 1227 2561 Sorg.
1268 2495 1330 2548 In
1378 2495 1652 2562 Augusta.
1704 2493 1909 2564 Incipit
1938 2511 1973 2548 a

270 2583 515 2655 registro
566 2581 959 2648 homiliarum,
1008 2582 1161 2652 quod
1205 2581 1459 2651 primum
1495 2580 1699 2635 folium
1746 2581 1967 2652 implet.

273 2672 577 2727 Character
607 2669 875 2725 Gothicus
910 2672 1013 2731 est,
1067 2668 1166 2722 sed
1220 2669 1469 2738 elegans.
1504 2669 1617 2723 Nec
1666 2668 1839 2733 foliis,
1868 2685 1973 2723 nec

271 2760 498 2833 paginis
541 2758 769 2812 numeri
814 2762 1033 2811 notaave
1081 2762 1215 2813 sunt
1248 2755 1499 2826 ascripti,
1540 2759 1683 2810 teste
1710 2757 1778 2810 cl.
1808 2759 1967 2825 Zapf.

270 2849 332 2905 in
352 2849 555 2905 Annal.
602 2849 739 2917 Typ.
763 2847 999 2913 August.
1031 2861 1088 2915 p.
1113 2848 1202 2909 32,
1227 2846 1529 2901 Seemillero
1556 2845 1690 2899 fasc.
1724 2845 1767 2909 Ι,
1789 2861 1847 2915 p.
1878 2848 1968 2899 70.

271 2938 429 2993 Adde
458 2936 773 2991 Bruanium
809 2936 933 2991 Not.
982 2937 1051 2988 Η.
1084 2936 1193 2988 Lit.
1231 2932 1439 3004 (1788),
1471 2950 1527 3004 p.
1564 2936 1684 2988 179.

353 3028 505 3080 1477.
534 3025 777 3090 Mutinae,
807 3039 907 3091 per
938 3022 1350 3076 Balthassarem
1378 3022 1449 3075 de
1499 3022 1769 3087 Struciis;
1800 3024 1971 3076 ἐτι-4ο.

276 3113 333 3169 S.
359 3111 665 3182 Augustini
692 3112 998 3165 Sermones
1046 3109 1110 3163 ad
1144 3111 1367 3163 Fratres
1415 3108 1479 3162 in
1532 3111 1796 3164 Heremo.
1832 3110 1975 3163 Nus-

275 3216 452 3272 quam
475 3199 588 3253 nisi
616 3199 677 3253 in
704 3200 827 3254 Cat.
862 3197 1011 3251 Bibl.
1041 3198 1233 3251 Pinell.
1278 3198 1339 3251 T.
1374 3197 1419 3263 I,
1444 3213 1502 3267 p.
1537 3200 1625 3264 92,
1686 3198 1971 3253 laudatam

282 3286 636 3343 invenimus.

350 3376 506 3430 1482.
541 3375 735 3443 Spirae,
766 3374 973 3439 factore
996 3374 1150 3427 Petro
1179 3371 1351 3425 drach
1396 3372 1613 3440 juniore
1669 3373 1748 3444 (in
1782 3372 1977 3442 vigilia

274 3465 586 3519 nativitatis
606 3463 778 3517 marie
805 3459 1058 3531 virginis)
1077 3480 1098 3525 ;
1117 3460 1300 3526 in-fol.
1332 3460 1371 3513 Β
1419 3460 1726 3530 Augustini
1755 3477 1976 3516 sermo-

276 3569 378 3607 nes
406 3551 550 3606 varii
574 3568 587 3617 ;
621 3550 682 3603 in
715 3550 1002 3606 Omeliario
1028 3549 1225 3602 Karoli
1249 3549 1439 3615 Magni
1468 3548 1640 3618 hujus
1670 3549 1762 3603 ed.

350 3641 506 3696 l484.
546 3638 858 3705 Mediolani,
915 3654 1017 3707 per
1069 3639 1406 3692 Teutonicos:
1467 3638 1628 3692 in-4°.
1687 3637 1741 3692 8.
1773 3640 1976 3709 Augu-

277 3728 411 3785 stini
440 3729 739 3784 Sermones
769 3726 839 3780 ad
868 3727 1088 3780 Fratres
1128 3724 1189 3778 in
1244 3726 1507 3779 Heremo.
1542 3724 1663 3780 Cat.
1699 3726 1835 3783 Bibl.
1877 3728 1976 3780 Ρι-

274 3818 400 3872 nell.
431 3817 492 3871 τ.
519 3816 567 3883 1,
598 3831 657 3886 p.
681 3816 769 3869 92.

202 3956 207 3967 ,
318 3904 640 3960 .-Ραάιιεε
654 3919 755 3974 per
780 3903 1081 3957 Mathzum
1139 3901 1402 3956 Cerdonis
1470 3903 1638 3957 ἱππ-4ο.
1694 3903 1754 3957 Β.
1782 3904 1928 3974 Augt

277 3994 413 4050 stini
467 4008 755 4048 sermones
804 3998 920 4047 tres
964 3990 1034 4045 de
1065 3990 1409 4046 Clericorum
1431 3989 1547 4045 vita
1596 3996 1654 4046 et
1696 3991 1972 4049 moribus.

276 4114 343 4125 —-
374 4083 567 4139 Editor
595 4086 680 4137 est
723 4081 986 4136 Eusebius
1043 4080 1315 4137 Corradus
1373 4080 1832 4150 Mediolanensis,
1865 4081 1974 4137 Ca—

274 4172 511 4228 nonicus
567 4169 843 4242 regularis
892 4168 1174 4240 Congreg.
1234 4168 1656 4231 Lateranensis,
1720 4185 1754 4222 a
1810 4170 1972 4240 cujus

276 4262 502 4330 epistola
556 4240 655 4312 adv
683 4260 903 4313 Siccium
941 4261 1218 4326 quartum,
1272 4256 1581 4327 pontiﬁcem
1635 4260 1964 4312 maximum:
2011 4240 2055 4294 D

272 4364 372 4418 pro
403 4346 697 4415 auferendo
726 4345 792 4398 de
818 4345 1059 4398 Ecclesia
1084 4359 1261 4397 errore
1286 4344 1667 4398 scribentium:
1702 4348 1971 4412 Augusti-

274 4452 405 4490 num
457 4435 706 4490 Ecclesiss
751 4433 1016 4486 doctorem
1082 4432 1251 4498 fuisse
1314 4431 1625 4485 heremitam
1703 4434 1971 4488 volumen

276 4523 583 4578 exorditur.
612 4523 824 4576 Praeter
859 4520 1035 4575 dictos
1062 4523 1176 4573 tres
1204 4534 1514 4586 sermones,
1559 4535 1807 4591 quorum
1846 4522 1970 4591 pri-

276 4629 403 4667 mus
422 4610 645 4682 incipit,
678 4610 964 4663 Charitali
990 4613 1198 4674 uestrae,
1227 4613 1333 4663 etc.
1362 4625 1374 4675 ;
1408 4608 1711 4673 secundus,
1743 4609 1974 4679 Propter

274 4700 420 4771 quod
447 4700 593 4754 volui
615 4702 665 4751 et
692 4699 903 4766 rogavi,
929 4701 1033 4751 etc.
1064 4716 1080 4761 ;
1103 4696 1325 4763 tertius,
1357 4700 1505 4753 Ante
1532 4699 1715 4752 omnia
1742 4699 1970 4765 fratres,

274 4794 379 4846 etc.
406 4807 419 4858 ;
442 4788 593 4844 inest
620 4786 796 4842 etiam
827 4787 953 4841 Vita
982 4786 1283 4854 Augustini
1307 4803 1340 4839 a
1379 4786 1634 4841 Possideo
1673 4785 1786 4856 (sic)
1836 4803 1972 4841 con-

273 4879 481 4950 scripta
507 4880 583 4940 et,
618 4873 726 4930 nisi
774 4873 1013 4928 mendax
1071 4872 1263 4933 fuerit,
1319 4877 1720 4928 contentorum
1779 4875 1973 4930 tabula

271 4971 401 5037 post
429 4965 732 5036 epistolam
781 4960 1187 5016 dedicatoriam
1218 4961 1409 5016 statim
1465 4963 1740 5033 subjecta.
1798 4964 1971 5018 etiam

270 5055 529 5123 Epistola
555 5052 873 5120 Augustini,
905 5052 955 5104 si
973 5051 1131 5105 liceat
1158 5050 1365 5104 clericis
1391 5050 1654 5118 populum
1682 5055 1733 5104 et
1760 5066 1972 5119 gregem

272 5141 379 5196 sibi
424 5140 847 5196 commendatum
892 5139 1287 5208 persecutionis
1351 5141 1583 5206 tempore
1647 5139 1966 5207 relinquere.

274 5231 410 5284 Eam
442 5245 574 5283 vero
621 5228 683 5282 in
734 5226 1068 5298 exemplari,
1112 5226 1267 5298 quod
1296 5223 1562 5279 manibus
1618 5229 1810 5292 teneo,
1851 5242 1971 5281 non

272 5316 524 5383 invenio,
555 5332 661 5370 nec
697 5332 966 5372 mancum
1003 5314 1149 5370 illud
1201 5313 1445 5376 videtur,
1493 5313 1590 5368 sed
1639 5314 1792 5368 illius
1845 5314 1969 5368 loco

273 5408 453 5463 exstat
489 5404 723 5460 editoris
753 5405 825 5460 ad
856 5404 1078 5461 Sixtum
1104 5400 1174 5459 IV
1203 5408 1261 5458 et
1288 5403 1358 5457 ad
1380 5401 1764 5473 patriarcham
1789 5403 1967 5474 Aqui-

272 5494 568 5562 leiensem,
628 5493 974 5549 cardinalem
1020 5498 1077 5549 et
1124 5492 1301 5548 sancti
1351 5491 1517 5548 Marci
1559 5496 1964 5564 protectorem,

2076 1792 2272 1843 tamen
2328 1786 2530 1841 litterae
2581 1786 2830 1841 initiales
2888 1788 3151 1842 formulis
3214 1788 3422 1859 ligneis
3477 1805 3777 1860 expressae.

2078 1873 2335 1929 Meminit
2361 1874 2484 1944 ejus
2534 1889 2764 1945 quoque
2813 1877 3087 1930 Braunius
3143 1877 3269 1933 Not.
3323 1879 3392 1931 H.
3440 1878 3548 1932 Lit.
3592 1879 3659 1933 T.
3710 1877 3777 1945 II,

2075 1966 2292 2034 p.111.

2145 2051 2299 2105 1486.
2354 2052 2580 2118 Briatiw,
2640 2067 2740 2121 per
2793 2051 3049 2107 Iacobum
3106 2042 3484 2109 Britannicum
3536 2054 3775 2110 Brixia-

2076 2138 2486 2203 num;in-8°.S.
2516 2139 2826 2209 Augustini
2854 2140 3109 2212 episcopi
3138 2141 3441 2197 Sermones
3480 2143 3550 2198 ad
3579 2143 3780 2199 fratres

2079 2226 2412 2281 Heremitas.
2445 2227 2510 2279 In
2540 2226 2691 2280 line:
2723 2228 3048 2296 Impressum
3100 2228 3320 2283 Brixia:
3364 2246 3468 2299 per
3516 2232 3775 2286 Iacobum

2077 2316 2452 2369 Britannicum
2527 2317 2876 2372 Brixianam.
2961 2319 3125 2371 Anno
3218 2319 3444 2374 domini.
3496 2322 3776 2379 M.CCCC.

2078 2404 2374 2458 LXXXVI.
2408 2403 2495 2457 die
2528 2405 2579 2459 V
2603 2402 2887 2460 Januarii.

2152 2490 2425 2545 Editionis
2474 2491 2646 2561 hujus
2692 2492 2839 2546 nulli
2888 2492 3421 2565 bibliographorum
3475 2501 3643 2550 antea
3680 2513 3780 2550 co-

2080 2580 2255 2650 gnitae
2287 2578 2551 2633 notitiam
2580 2578 2734 2632 solus
2754 2580 2971 2649 praebet
2996 2582 3180 2635 Braun
3225 2584 3347 2638 Not.
3380 2585 3448 2637 H.
3474 2586 3585 2638 Dii.
3616 2585 3679 2639 T.
3711 2586 3783 2651 ll,

2079 2683 2137 2739 p.
2168 2670 2289 2734 130,
2322 2666 2650 2738 signiﬁcans
2680 2668 2946 2722 volumen
2977 2684 3096 2723 esse
3125 2685 3226 2724 ιιι
3281 2672 3647 2742 plagularum
3699 2674 3783 2727 fa-

2082 2754 2303 2808 sciculis
2358 2758 2713 2819 contentum,
2775 2754 3096 2810 charactere
3149 2757 3409 2812 Romano
3464 2773 3527 2811 ac
3572 2759 3788 2829 perele-

2081 2842 2241 2914 ganti
2290 2842 2656 2913 impressum,
2705 2842 3101 2898 deﬁcientibus
3135 2845 3592 2916 quibuscumque
3619 2846 3782 2902 folio-

2003 2949 2043 3004 (ς
2081 2947 2211 2985 rum
2243 2930 2653 3001 paginarumve
2684 2930 2856 2996 notis,
2896 2932 3201 3002 parvisque
3252 2932 3459 2987 litteris
3496 2934 3618 2987 loco
3671 2934 3782 2988 ini-

2081 3018 2308 3073 tialium
2336 3018 2658 3073 miniatoris
2703 3020 2888 3089 gratia
2913 3020 3208 3090 appositis.
3265 3021 3530 3077 Continet
3586 3022 3783 3077 omnia

2084 3106 2400 3178 eademque
2456 3107 2600 3161 serie
2653 3123 2718 3161 ac
2759 3124 3023 3179 sequens,
3074 3125 3147 3162 ne
3199 3125 3532 3165 sermonum
3581 3111 3779 3165 tabula

2085 3195 2315 3268 quidem
2346 3200 2577 3265 excepta
2590 3236 2604 3251 .

2158 3286 2313 3339 1487.
2350 3286 2606 3350 Veneliis,
2626 3299 2727 3352 per
2752 3284 3102 3352 Paganinum
3127 3284 3193 3338 de
3237 3287 3537 3353 Paganinis
3561 3304 3575 3353 ;
3608 3290 3783 3342 iri-8°.

2084 3373 2138 3427 S.
2172 3371 2475 3443 Augustini
2508 3372 2809 3426 Sermones
2848 3373 2920 3427 ad
2955 3373 3253 3430 Eremitas.
3321 3375 3407 3429 Ab
3451 3364 3658 3430 initio:
3692 3377 3789 3430 In—

2085 3463 2296 3532 cipiunt
2319 3475 2584 3516 sermones
2614 3463 2790 3516 sancti
2818 3462 3133 3529 Augustini.
3183 3462 3258 3516 ad
3278 3465 3579 3519 Heremitas
3604 3481 3617 3518 :
3647 3480 3785 3519 non-

2083 3552 2226 3605 nulli
2252 3550 2327 3604 ad
2363 3550 2661 3604 sacerdotes
2692 3564 2852 3604 suos:
2912 3550 2987 3604 ad
3040 3551 3253 3619 aliquos
3298 3554 3454 3608 alios.
3509 3555 3589 3608 Et
3604 3557 3789 3622 primo

2085 3638 2151 3693 de
2209 3630 2477 3695 istitutioe
2532 3640 2799 3705 regularis
2864 3642 2970 3694 vite
3035 3656 3175 3696 ssmo
3234 3657 3271 3710 p
3326 3641 3447 3711 (sic)
3505 3642 3572 3695 In
3630 3642 3787 3696 ﬁne:

2084 3729 2408 3797 Impressum
2460 3730 2695 3783 Venetiis
2762 3744 2863 3797 per
2938 3732 3279 3797 Paganinum
3348 3731 3414 3785 de
3485 3732 3791 3799 paganinis

2084 3818 2431 3871 Brimianum.
2452 3817 2612 3871 Anno
2643 3818 2896 3872 Domini:
2927 3820 2998 3873 Μ.
3033 3818 3242 3875 CCCC.
3266 3820 3509 3875 lmmmeii.
3540 3819 3631 3872 die
3649 3821 3795 3874 xxvi

2086 3904 2258 3958 Maii.

2155 3993 2369 4046 Praeter
2395 4007 2684 4045 sermones
2734 3993 2863 4059 LIX,
2919 3993 3227 4048 accedunt:
3281 3997 3337 4047 1°
3366 3992 3432 4046 de
3459 3999 3653 4049 sancta
3686 3997 3795 4051 M0;

2084 4082 2208 4135 nica
2253 4096 2423 4135 sermo
2465 4082 2558 4136 LX
2574 4097 2586 4145 ;
2639 4084 2698 4137 2ο
2754 4083 2947 4137 Calisti
3010 4084 3259 4137 narratio
3312 4082 3377 4135 de
3448 4086 3793 4138 conversione

2082 4169 2139 4225 S.
2174 4170 2509 4237 Augustini;
2542 4173 2598 4224 3o
2626 4170 2927 4237 Sigiberthi
2963 4170 3030 4223 de
3071 4171 3251 4225 eodem
3297 4173 3548 4225 narratio
3578 4187 3647 4224 ea:
3678 4174 3792 4241 epi-

2081 4259 2221 4313 stola
2249 4258 2323 4312 ad
2350 4258 2753 4326 Macedoniam;
2784 4260 2842 4313 40
2864 4262 3139 4327 Emeerpta
3161 4259 3410 4327 quaedam
3435 4274 3514 4327 ex,
3526 4259 3792 4314 Chronico

2080 4345 2241 4400 Beda:
2259 4365 2279 4410 ;
2307 4350 2363 4398 5ο
2388 4347 2688 4400 Relationes
2724 4347 2848 4401 aliae
2876 4350 3200 4401 incertorum
3216 4351 3495 4401 auctorum
3515 4366 3538 4414 ;
3562 4350 3623 4401 6ο
3651 4348 3789 4403 Ora-

2082 4436 2157 4486 tio
2230 4433 2296 4487 de
2357 4435 2610 4488 Passione
2657 4436 2886 4500 Domini,
2945 4452 2979 4488 a
3029 4436 3302 4490 nonnullis
3374 4436 3428 4489 S.
3477 4436 3793 4502 Augustino

2080 4524 2341 4590 ascripta,
2368 4536 2531 4590 quam
2558 4536 2656 4590 per
2676 4522 3052 4589 quadraginta
3080 4526 3357 4577 continuos
3401 4523 3517 4577 dies
3545 4528 3791 4579 recitan-

2082 4610 2222 4664 tibus
2274 4609 2599 4676 Bonifacius
2643 4609 2802 4663 VIII
2836 4612 3141 4679 plenariam
3192 4614 3450 4666 concessit
3496 4612 3794 4681 indulgen-

2081 4701 2233 4752 tiam.
2279 4699 2520 4752 Textum
2574 4698 2846 4768 praecedit
2895 4699 3088 4754 tabula
3127 4714 3458 4753 sermonum
3489 4699 3608 4753 duo
3658 4701 3797 4755 folia

2079 4800 2196 4838 non
2225 4786 2448 4855 integra
2472 4786 2872 4857 complectens.
2915 4787 3221 4858 Impressio
3253 4788 3399 4842 facta
3428 4792 3517 4842 est
3563 4788 3796 4844 duabus

2079 4872 2362 4927 columnis
2393 4874 2715 4929 charactere
2750 4874 3003 4929 Gothico.
3041 4875 3292 4930 Initiales
3331 4876 3556 4930 litteras
3585 4892 3796 4946 parvas

2079 4962 2466 5033 typographus
2492 4962 2781 5017 interdum
2812 4962 3028 5017 addidit
3050 4969 3108 5017 et
3136 4964 3330 5018 omisit
3348 4964 3510 5018 alibi.
3563 4965 3796 5019 Charta:

2079 5048 2316 5120 signatae
2346 5054 2478 5103 sunt
2526 5066 2633 5104 a-r.
2682 5051 2978 5117 Custodes,
3035 5052 3284 5119 numeri,
3326 5051 3796 5125 paginarnmque

2077 5137 2229 5192 tituli
2254 5138 2479 5192 desunt.
2513 5139 2792 5195 Seemiller
2821 5138 2955 5193 fasc.
2982 5140 3079 5201 ιιι,
3113 5156 3170 5210 p.
3197 5142 3283 5195 92.

2154 5229 2306 5282 1492.
2363 5228 2620 5295 Venetiis,
2680 5228 2831 5296 apud
2888 5229 3129 5283 Vincent.
3172 5228 3238 5281 de
3293 5229 3578 5297 Benaliis;
3606 5233 3784 5286 in.8°.

2076 5314 2130 5369 S.
2191 5314 2494 5387 Augustini
2565 5316 2869 5370 Sermones
2917 5317 2988 5371 ad
3047 5317 3358 5371 Heremitas
3412 5321 3469 5371 et
3515 5318 3588 5372 ad
3619 5319 3790 5373 alios.

2077 5405 2228 5460 Exst.
2260 5420 2391 5459 cum
2437 5406 2499 5460 D.
2554 5404 2828 5460 Bernardi
2875 5405 2947 5460 ad
2992 5405 3255 5460 Sororem
3304 5405 3480 5459 modo
3524 5406 3678 5462 bene
3704 5407 3791 5461 vi-

2078 5493 2267 5548 vendi.
2300 5494 2494 5549 Venet.
2547 5494 2702 5550 1493.
2750 5494 2840 5549 Sic
2892 5493 3137 5562 Audiﬂ'r.
3197 5493 3257 5548 in
3305 5495 3433 5548 Cat.
3479 5496 3624 5551 Bibl.
3657 5497 3786 5551 Cas.
