3922 6188
181 299 253 349 181
1148 289 1416 344 ΝΟΤΙΤΙΑ
1458 289 1780 345 LITTERAI

1966 290 1982 342 l
2023 290 2077 343 S.
2119 288 2584 345 AUGUSTINUM.

3517 299 3614 351 {8'2

231 414 359 468 1493.
403 412 636 478 Basilez,
684 409 892 476 factore
943 409 1158 466 Nicotao
1196 411 1412 464 Kessler
1458 410 1657 481 (pridie
1689 413 1802 468 Cal.
1845 414 1887 468 A
1997 413 2060 465 V.
2111 412 2275 478 Ibid,
2327 428 2424 482 per
2471 412 2743 480 eumdem;
2796 415 2977 481 in-fol.
3005 415 3158 485 Opus
3191 417 3616 490 quinquaginta

171 499 428 568 Octobris);
476 499 651 565 in-fot.
703 498 762 551 Β.
807 496 1110 566 Augustini
1155 497 1457 553 Sermones
1528 500 1699 564 varii;
1752 500 1810 554 in

172 590 446 646 Homeliario
492 587 800 650 Doctorum,
850 584 950 655 qui
999 586 1094 638 hoc
1136 602 1189 640 a.
1242 593 1290 641 et
1335 588 1371 642 ι.
1414 604 1551 642 cura
1577 591 1808 643 Joannis

171 679 304 734 t'lrici
344 676 572 741 Surgunt
621 675 748 727 AA.
808 678 856 726 et
923 675 1260 727 Decretorum
1331 678 1416 738 D.,
1482 680 1610 742 etc.,
1674 693 1806 746 pro-

167 768 264 831 diit,
315 768 372 818 ut
424 761 713 833 prmmissa
765 760 1008 832 epistola
1059 764 1180 832 ejus
1247 762 1317 816 ad
1389 763 1506 817 Nic.
1587 765 1809 818 Kessler

165 857 380 908 testatur.

217 942 348 996 1494.
381 940 420 993 Ι.
451 940 672 993 Βαείιθω
697 940 903 1008 perJo.
934 939 999 992 de
1024 939 1351 994 Amerbach.
1406 942 1463 992 in
1491 940 1587 1006 fol.
1628 963 1653 988 ‹‹
1675 941 1806 994 Ser-

161 1045 320 1084 mones
339 1027 449 1082 divi
469 1027 683 1081 Aurelii
704 1028 1006 1098 Augustini
1027 1029 1095 1082 ad
1117 1029 1320 1083 fratres
1337 1045 1470 1082 suos
1491 1029 1549 1082 in
1571 1031 1805 1085 heremo

158 1119 552 1179 commorautes,
584 1119 639 1168 et
671 1115 945 1186 quosdam
975 1115 1138 1169 alios.
1171 1138 1198 1164 »
1233 1118 1588 1187 Quamquam
1621 1135 1806 1190 neque

156 1209 296 1270 locus,
320 1221 498 1275 neque
518 1220 721 1269 anuus,
746 1221 930 1274 neque
954 1206 1350 1275 typographus
1377 1206 1604 1260 disertis
1623 1209 1804 1262 verbis

155 1295 198 1347 in
214 1295 303 1348 hoc
323 1293 601 1346 volumine
616 1293 688 1347 sit
708 1293 892 1346 editus
917 1311 930 1347 :
948 1310 1310 1364 nequaquam
1331 1299 1524 1349 tamen
1537 1295 1802 1350 dubitan-

151 1389 217 1437 ter
239 1382 352 1435 illos
377 1381 774 1447 indicavimus,
826 1398 956 1436 cum
1004 1382 1115 1436 alia
1145 1384 1448 1453 Augustini
1481 1385 1707 1456 scripta,
1745 1387 1804 1439 in

150 1486 296 1524 unum
323 1470 590 1523 volumen
616 1485 747 1524 cum
790 1471 1062 1541 praesenti
1111 1487 1282 1542 opere
1327 1478 1636 1543 compacta,
1674 1490 1801 1544 quae

149 1562 228 1613 ista
255 1559 437 1612 omnia
458 1559 635 1613 veluti
669 1577 698 1612 a
729 1559 892 1614 nobis
938 1561 1122 1630 posita
1168 1561 1500 1631 praeferunt,
1534 1562 1800 1616 similitu-

147 1648 248 1702 dine
277 1648 629 1714 characteris,
674 1649 1070 1719 descriptionis
1122 1654 1178 1702 et
1208 1649 1614 1720 dispositionis,
1641 1652 1798 1721 judi-

146 1738 264 1790 cium
307 1741 566 1790 nostrum
618 1741 906 1791 tueantur.
961 1737 1188 1791 Litterae
1231 1737 1493 1792 videlicet
1526 1745 1658 1793 sunt
1687 1741 1796 1794 Go-

145 1826 297 1886 thiae,
322 1825 547 1896 paginae
581 1826 862 1879 columnis
896 1825 1043 1879 binis
1070 1826 1384 1897 impressas.
1417 1827 1501 1880 Ab
1532 1827 1697 1881 initio
1725 1830 1796 1897 (a)

144 1931 332 1968 carmen
353 1915 671 1984 elegiacum
694 1915 1005 1970 Sebastiani
1019 1917 1191 1969 Brant
1211 1916 1284 1969 ad
1298 1917 1505 1969 Divum
1516 1919 1800 1972 Aurelium

142 2005 483 2068 Augustinum,
540 2003 796 2056 Romano
836 2003 1157 2058 charactere
1225 2006 1590 2076 exscriptum,
1653 2023 1797 2077 pra:-

143 2091 350 2145 mitlitur
375 2091 510 2144 satis
533 2091 824 2163 prolixum
852 2108 866 2144 :
901 2091 992 2144 cui
1041 2092 1266 2146 brevior
1294 2093 1361 2148 de
1391 2099 1532 2158 ortu,
1563 2097 1794 2163 ingenio,

140 2180 416 2246 eruditione,
464 2195 670 2241 errore,
732 2183 1070 2233 conversione
1135 2197 1197 2234 ac
1259 2197 1418 2235 sacra
1483 2183 1801 2252 baptismati

139 2272 493 2337 regeneratione
556 2270 671 2338 ejus
719 2271 964 2322 narratio
1009 2269 1326 2340 subjicitur.
1396 2272 1523 2325 Haec
1593 2271 1798 2341 excipit

137 2360 340 2428 Hymnus
396 2358 822 2423 Ambrosianus,
886 2373 1055 2412 sermo
1121 2358 1360 2426 ejusdem
1415 2361 1475 2413 Β.
1518 2360 1800 2414 Ambrosii

134 2461 265 2516 super
314 2449 656 2501 conversione
694 2449 1014 2514 Augustini,
1063 2446 1201 2501 item
1250 2451 1355 2502 tres
1400 2449 1562 2516 hujus
1599 2449 1797 2517 regula

136 2536 428 2592 monachates
448 2542 499 2589 et
523 2539 726 2603 forma,
755 2537 1044 2590 secundum
1067 2552 1230 2604 quam
1256 2553 1580 2591 communem
1601 2538 1794 2591 sobrie-

135 2629 265 2676 tatem
283 2626 350 2678 eis
382 2625 618 2689 dederit,
655 2628 750 2693 qui
779 2641 871 2679 suo
900 2629 1246 2694 fratrumque
1276 2641 1494 2680 suorum
1515 2629 1795 2681 consortiis

133 2714 349 2780 conjungi
394 2714 682 2781 aptabant.
737 2714 987 2766 Tandem
1031 2714 1242 2784 prmvia
1277 2717 1675 2768 contentorum
1710 2720 1793 2768 ta-

131 2799 250 2866 bula,
299 2801 400 2871 ipsi
455 2817 729 2855 sermones
778 2803 1010 2868 LXXVI,
1063 2819 1193 2855 cum
1245 2803 1559 2873 appendice
1612 2804 1792 2857 varia-

133 2905 232 2942 rum
257 2891 319 2944 de
347 2890 673 2961 Augustino
703 2891 1120 2958 narrationum,
1171 2908 1236 2944 ex
1271 2891 1510 2946 diversis
1539 2892 1794 2947 auctori—

1916 499 2297 554 homeliarum
2374 501 2487 554 divi
2563 505 2697 556 Aur.
2792 506 2937 562 Aug.
3009 505 3074 557 In
3139 505 3290 559 fine:
3369 508 3606 562 Basilew.

1917 591 1990 643 Μ.
2016 591 2196 645 CCCC.
2230 591 2440 644 XCIIII.

1991 681 2143 732 1495.
2178 681 2301 731 Bas.
2339 695 2430 746 ap.
2461 680 2554 733 Jo.
2583 679 2648 732 de
2676 681 2998 734 Amerbach.
3026 703 3037 744 ;
3074 684 3264 748 in—fol.
3311 683 3613 739 Sermones

1915 766 2094 819 sancti
2118 767 2417 836 Augustini
2451 767 2518 821 de
2545 772 2800 837 tempore
2853 769 3127 838 (CCLVI);
3175 772 3609 842 subscriptionis

1915 854 2158 907 formula
2184 855 2384 909 eadem
2425 859 2595 926 atque
2641 856 2698 910 in
2745 858 3104 911 sermonibus
3151 859 3219 913 de
3263 861 3450 914 verbis
3501 847 3610 915 Dol-

1914 943 2057 996 mini
2085 943 2222 996 anni
2263 944 2654 1014 praicedentis.
2694 945 3034 999 Sermonum
3085 952 3486 1001 contentorum
3518 953 3608 1002 ta-

1913 1030 2048 1085 bula
2076 1032 2514 1102 diligentissime
2547 1037 2630 1086 est
2656 1033 2987 1103 composita.
3022 1034 3125 1088 Sed
3155 1035 3323 1088 index
3348 1037 3609 1090 materia-

1913 1135 2041 1173 rum
2087 1126 2142 1174 et
2187 1120 2598 1174 sententiarum
2650 1121 2842 1175 minus
2898 1122 3156 1192 copiosus
3217 1123 3445 1177 videtur
3503 1141 3606 1195 pro

1912 1209 2082 1279 hujus
2117 1209 2422 1262 voluminis
2461 1211 2631 1271 mole,
2665 1209 2713 1263 si
2761 1226 2890 1264 cum
2922 1210 3204 1264 indicibus
3248 1212 3607 1282 superiorum

1912 1292 2313 1346 collectionum
2359 1293 2794 1362 comparaveris.
2853 1294 3135 1347 Caeterum
3187 1294 3425 1348 interior
3452 1296 3602 1351 tituli

1912 1381 2124 1450 pagina
2173 1381 2422 1451 efﬁgiem
2471 1381 2929 1435 emblematicam
2977 1382 3136 1452 ligno
3180 1383 3520 1453 impressam
3553 1391 3608 1438 et

1912 1469 2152 1522 disticha
2182 1470 2360 1523 latina
2391 1470 2449 1523 in
2467 1471 2614 1523 hanc
2635 1470 2944 1524 editionem
2975 1477 3177 1541 parata
3207 1472 3392 1526 offert.

1979 1560 2109 1612 Sine
2142 1575 2302 1624 anno,
2341 1575 2440 1627 per
2496 1560 2811 1614 Conradum
2839 1561 2901 1614 de
2933 1561 3231 1614 l-Iomborch
3251 1579 3272 1625 ;
3304 1547 3508 1628 in-fol:
3544 1563 3601 1616 Β.

1909 1647 2211 1717 Augustini
2267 1647 2568 1701 Sermones
2623 1649 2765 1702 varii
2813 1648 2873 1702 in
2929 1649 3049 1703 dies
3126 1649 3495 1704 dominicales
3551 1656 3608 1705 et

1910 1735 2113 1804 festos;
2148 1735 2206 1789 in
2233 1737 2519 1790 Omeliario
2541 1738 2723 1791 Caroli
2750 1740 2826 1794 Μ.
2853 1737 3024 1807 hujus
3056 1738 3143 1792 ed.

1983 1826 2108 1879 Sine
2155 1840 2295 1878 anno
2339 1829 2387 1877 et
2429 1826 2558 1889 loco,
2608 1827 2782 1878 ἐτι-40.
2825 1825 3130 1880 Sermones
3177 1828 3353 1882 sancti
3403 1830 3601 1898 Augu-

1911 1912 2044 1965 stini
2075 1912 2142 1966 ad
2176 1912 2508 1966 Heremitas.
2549 1914 2674 1966 Herc
2716 1915 2775 1967 in
2824 1914 2992 1968 titulo
3041 1915 3244 1969 litteris
3292 1917 3603 1986 grandibus

1910 2017 2190 2070 expressa.
2259 2001 2558 2054 Sermones
2604 2007 2736 2055 sunt
2792 2003 2965 2069 CLIX,
3021 2019 3149 2057 cum
3198 2004 3601 2067 additamentis

1909 2089 2270 2160 quibusdam,
2313 2089 2635 2144 charactere
2683 2090 2938 2155 Gothico,
2986 2092 3136 2146 binis
3183 2092 3462 2147 columnis
3492 2092 3599 2146 im-

1908 2178 2108 2248 pressi,
2145 2178 2266 2232 sine
2300 2178 2417 2231 ullo
2443 2178 2549 2232 loci
2571 2183 2627 2232 et
2655 2179 2791 2232 anni
2835 2179 3068 2234 indicio.
3115 2182 3472 2252 Quapropter
3501 2197 3600 2234 ne-

1910 2266 2045 2332 scio,
2080 2267 2288 2338 quibus
2317 2269 2673 2337 argumentis
2718 2268 2984 2323 inductus
3024 2269 3216 2335 fuerit,
3269 2270 3369 2341 qui
3408 2275 3601 2324 nostro

1908 2356 2218 2426 exemplari
2263 2355 2541 2427 appinxit,
2592 2357 2740 2410 circa
2794 2374 2844 2411 a.
2899 2358 3034 2412 1490
3078 2360 3262 2412 lucem
3300 2359 3600 2429 aspexisse.

1906 2443 1969 2497 In
2017 2445 2344 2498 Bibliotheca
2401 2445 2779 2499 Batisbonensi
2838 2450 2978 2500 teste
3024 2449 3304 2501 Gemeiner
3351 2449 3386 2501 l.
3447 2452 3494 2501 1.
3544 2464 3602 2517 p.

1906 2536 2028 2592 276.
2072 2537 2253 2586 exstat
2298 2533 2504 2587 horum
2548 2549 2877 2588 sermonum
2913 2534 3086 2588 editio
3136 2535 3350 2606 absque
3392 2535 3503 2589 loci
3551 2540 3605 2588 et

1907 2620 2043 2674 anni
2077 2620 2286 2675 indicio
2320 2621 2614 2691 quaternis
2646 2622 2941 2692 impressa,
2991 2640 3118 2694 quae
3155 2624 3302 2678 foliis
3347 2626 3444 2678 108
3475 2639 3604 2676 con-

1907 2715 2065 2763 stans
2109 2726 2399 2764 sermones
2449 2710 2678 2764 exhibet
2727 2712 2850 2765 I.I.\'.
2921 2712 3194 2766 Editionis
3257 2715 3484 2767 Veneta:
3549 2729 3598 2766 a.

1909 2800 2046 2852 1490
2090 2797 2274 2851 obiter
2325 2799 2680 2851 mentionem
2732 2799 2866 2851 facit
2913 2801 3187 2854 Gemeiner
3234 2802 3274 2855 Ῑ.
3313 2802 3350 2853 l.
3383 2805 3599 2871 p.277;

1907 2885 2049 2938 adde
2079 2887 2379 2938 Braunium
2404 2885 2461 2937 in
2486 2886 2610 2940 Not.
2646 2889 2712 2939 Η.
2749 2888 2852 2939 Lit.
2878 2886 2939 2938 T.
2965 2887 3032 2949 Il,
3057 2903 3113 2956 p.
3155 2890 3240 2940 53.

2792 506 2937 574 Aug.
3009 505 3074 557 In
3139 505 3290 559 fine:

131 2976 227 3042 bus,
277 2995 526 3049 quorum
583 2979 818 3034 nomina
863 2997 927 3032 ex
975 2984 1136 3050 parte
1175 2981 1345 3033 etiam
1382 2979 1605 3050 prodita
1637 2985 1780 3046 sunt,

1975 2971 2100 3025 Sine
2137 2988 2275 3025 anno
2321 2978 2370 3025 et
2415 2975 2560 3038 loco;
2608 2974 2766 3026 ίη-4ο.
2815 2974 3089 3029 Sermones
3138 2974 3243 3027 duo
3307 2975 3449 3045 (haec
3511 2976 3600 3030 lit-

129 3065 271 3119 veluti
310 3067 537 3133 Calixti,
587 3067 889 3137 Sigeberti,
952 3067 1246 3136 Antonini,
1303 3067 1670 3148 exhibentur;
1729 3070 1792 3122 In

128 3152 242 3207 ﬁne:
267 3158 590 3225 Expliciunt
615 3157 830 3210 collecta
861 3157 1108 3224 quaedam
1139 3173 1204 3210 θαι
1235 3157 1462 3210 diversis
1494 3161 1544 3210 et
1569 3157 1644 3210 ad
1674 3159 1791 3224 glo-

128 3245 240 3295 riam
289 3243 334 3298 b.
391 3247 554 3312 Aug.
628 3246 960 3298 sermonibus
1004 3245 1078 3299 ad
1119 3248 1196 3311 fr.
1244 3249 1301 3299 in
1349 3247 1402 3300 h.
1461 3247 1786 3316 subjuncta:

126 3331 334 3392 feliciter.
371 3334 676 3386 Postremo
699 3332 863 3386 index
887 3332 1258 3388 materiarum
1289 3338 1344 3388 et
1375 3334 1789 3388 sententiarum

125 3420 471 3489 amplissimus
511 3438 543 3474 x
577 3421 725 3474 foliis
748 3421 1016 3474 volumen
1045 3422 1272 3476 claudit.

180 3509 235 3561 ll.
280 3509 449 3575 Ibid,
491 3525 593 3578 per
621 3509 903 3576 eumdem;
949 3512 1135 3576 in-fol.
1183 3511 1354 3564 Divus
1392 3511 1654 3565 Aurelius
1675 3515 1788 3566 Au-

126 3597 347 3661 gustinus
369 3598 436 3650 de
467 3598 662 3652 verbis
697 3597 923 3651 Domini
965 3599 1261 3667 (Sermones
1308 3599 1507 3667 LXIV).
1541 3599 1606 3652 In
1635 3599 1784 3653 ﬁne:

125 3683 402 3754 Erplicitus
445 3692 534 3740 est
577 3687 712 3740 liber
747 3702 1047 3740 sermonum
1077 3727 1114 3741 ..
1174 3689 1303 3741 Bas.
1339 3702 1441 3755 per
1468 3690 1790 3753 magistrum

121 3775 185 3825 Jo.
229 3775 288 3828 de
329 3776 661 3830 Amerbach.
693 3775 853 3831 Anno
905 3777 1185 3842 salutiferi
1235 3781 1429 3844 partus
1494 3776 1788 3843 virginalis

119 3867 421 3931 nonagesimo
500 3868 693 3932 quarto
773 3879 944 3932 supra
1022 3865 1362 3918 millesimum
1425 3866 1783 3919 centesimum.

122 3947 409 4007 Consonant
456 3952 660 4006 omnia
708 3969 837 4006 cum
881 3952 1263 4024 praecedentia
1314 3953 1502 4022 operis
1550 3953 1783 4008 adorna-

125 4037 248 4094 tione
278 4043 445 4095 etiam
485 4041 676 4112 quoad
704 4040 1077 4096 materiarum
1107 4045 1162 4096 ct
1188 4041 1599 4096 sententiarum
1630 4043 1788 4097 tabu-

124 4126 211 4180 lam
242 4134 291 4182 et
319 4145 653 4184 sermonum
685 4129 952 4184 indicem.

179 4216 258 4270 lll.
285 4219 400 4272 Ibid
431 4261 476 4282 .,
503 4235 604 4288 per
633 4219 908 4284 eumdem;
950 4221 1136 4286 in-fol.
1169 4219 1295 4273 Divi
1315 4222 1451 4274 Aur.
1489 4224 1636 4291 Aug.
1660 4219 1783 4274 Ser-

1901 3059 2040 3112 teris
2098 3059 2348 3113 Gothicis
2409 3061 2852 3130 grandiusenlis,
2920 3061 3217 3132 sequentia
3273 3062 3600 3118 charactere

1903 3149 2160 3201 Romano
2206 3148 2411 3218 majori
2464 3148 2745 3218 exscripta
2804 3149 2951 3218 sunt)
3012 3152 3232 3204 Aurelii
3295 3153 3600 3218 Augustini

1899 3237 2136 3304 episcopi
2185 3235 2250 3290 de
2312 3238 2438 3290 Vita
2485 3241 2533 3289 et
2581 3237 2819 3291 Moribus
2882 3239 3217 3292 clericorum.
3280 3237 3423 3291 Sunt
3484 3239 3598 3293 duo

1899 3323 2118 3394 priores
2162 3340 2226 3378 ex
2277 3323 2480 3394 tribus,
2525 3325 2624 3395 qui
2661 3324 2722 3378 in
2773 3324 3024 3379 editione
3066 3326 3337 3380 Paduana
3376 3343 3424 3380 a.
3465 3329 3597 3382 1484

1899 3413 2167 3467 eduntur.
2194 3412 2433 3466 Additur
2462 3430 2595 3467 vero
2624 3429 2690 3467 ex
2746 3413 3233 3468 Retractationum
3282 3414 3427 3468 libro
3475 3415 3597 3470 ani-

1898 3500 2212 3554 madversio
2239 3500 2358 3570 ejus
2388 3501 2448 3554 in
2486 3501 2697 3555 librum
2727 3501 2796 3555 de
2827 3517 2958 3554 vera
2997 3501 3314 3572 Religione.
3349 3504 3594 3574 Impres-

1897 3603 2022 3640 snm
2048 3592 2131 3641 est
2162 3588 2485 3644 charactere
2517 3589 2753 3644 Gothico
2782 3590 2994 3644 minori
3034 3591 3344 3646 admodum
3392 3593 3594 3659 nitido,

1897 3678 2116 3731 duabus
2164 3678 2462 3732 columnis.
2523 3679 2841 3733 Voluminis
2904 3685 3308 3750 argumentum
3387 3681 3593 3736 litteris

1899 3765 2167 3820 Romanis
2195 3766 2467 3836 scriptum
2490 3783 2593 3838 per
2622 3767 2978 3838 singularum
3009 3768 3348 3840 paginarum
3380 3769 3592 3840 margi-

1896 3871 1996 3908 nes
2028 3871 2324 3925 supremos
2357 3855 2625 3909 decurrit.

1969 3943 2105 3997 Sac.
2169 3944 2304 3997 XVI.
2355 3975 2422 3983 —
2470 3948 2624 3999 1513.
2693 3947 2994 3999 Parisiis...
3066 3945 3386 3999 Editionem
3451 3946 3596 3999 hanc

1896 4031 2205 4085 Sermonum
2236 4031 2310 4084 ad
2338 4034 2606 4086 Eremitas
2629 4034 2832 4098 fratres
2864 4033 3049 4086 obiter
3099 4033 3291 4086 laudat
3317 4035 3599 4086 Gemeimr

1898 4120 1939 4173 Ι.
1974 4120 2009 4172 1.
2043 4136 2101 4189 p.
2152 4123 2275 4172 277.
2319 4119 2623 4188 (Clementia
2672 4125 2728 4173 et
2777 4120 3063 4186 Ossingero
3099 4121 3493 4190 sponsoribus,
3534 4128 3597 4175 ut

1891 4207 2012 4278 jam
2045 4206 2327 4278 conjicio).

121 4317 289 4359 moues
333 4307 400 4361 de
443 4281 634 4361 verbis
673 4281 928 4378 Apostoli
977 4281 1217 4376 (XXXV).
1275 4309 1336 4362 In
1384 4309 1534 4362 ﬁne:
1580 4281 1780 4377 VEmpli-

1974 4299 2135 4351 1516.
2182 4296 2460 4365 Lugduni,
2513 4312 2610 4365 per
2669 4298 2924 4350 Joannem
2991 4295 3150 4350 Clem.
3239 4297 3597 4350 Alemannum

121 4393 232 4446 citus
269 4401 341 4448 est
389 4397 530 4450 liber
581 4398 959 4451 Sermonum...
1014 4398 1082 4450 D.
1133 4401 1206 4450 Α.
1259 4398 1404 4464 Aug.
1440 4400 1686 4452 Busileae.
1736 4398 1785 4451 Α

123 4483 260 4536 D.1I.
290 4485 492 4541 CCCC.
526 4485 708 4540 XCIV.
747 4485 900 4538 Nihil
931 4502 963 4538 a
993 4485 1384 4556 superioribus
1413 4486 1714 4557 discrepat.

179 4570 255 4625 IV.
293 4574 459 4639 Ibid.,
488 4589 583 4642 per
615 4573 894 4642 eumdem;
934 4575 1124 4641 in—fol.
1182 4575 1469 4644 Expositio
1509 4575 1622 4629 divi
1652 4579 1785 4630 Aur.

123 4661 242 4729 Aug.
269 4660 325 4714 in
357 4663 666 4733 Epistolam
697 4661 849 4716 beati
879 4661 1132 4716 Joannis.

181 4763 242 4833 (a)
284 4767 365 4838 lla
410 4769 756 4838 plerumque
806 4767 1176 4838 conspicitur.
1244 4767 1575 4822 Tenendum
1635 4785 1787 4834 vero,

130 4831 507 4905 integrioribus
556 4831 978 4908 exemplaribus
1026 4837 1329 4908 praeﬁxum
1385 4855 1504 4892 esse
1559 4831 1790 4892 titulum

124 4913 428 4973 sequentem
480 4909 684 4963 litteris
735 4910 984 4962 Gothicis
1033 4914 1362 4962 exaratum:
1414 4911 1582 4963 Plura
1620 4927 1682 4963 ac
1704 4910 1793 4962 di-

122 4988 254 5049 t'ersa
277 4979 390 5031 divi
421 4982 642 5034 Aurelii
669 4981 968 5046 Augustini
984 4981 1294 5033 Sermo-num
1318 4982 1493 5049 Opera
1513 4982 1788 5034 videlicet:

122 5044 238 5121 (huc
260 5064 437 5121 usque
489 5044 840 5105 characteres
887 5051 1262 5121 grandiores;
1300 5044 1518 5120 reliqua
1548 5051 1790 5105 minori-

122 5113 211 5188 bus
230 5113 632 5188 absolvuntur.)

181 5187 526 5312 Αίιχλίζγῗενρε
601 5187 658 5245 in
737 5195 945 5246 heremo
1030 5197 1453 5247 commorantes:
1519 5194 1793 5248 Sermones

181 5329 246 5380 De
269 5332 444 5386 verbis
461 5333 698 5388 domini:
732 5333 1014 5388 Sermones
1037 5336 1222 5388 LXIV.

183 5400 248 5472 De
272 5403 446 5456 verbis
474 5406 722 5472 Apostoti
738 5425 755 5461 :
777 5406 1057 5459 Sermones
1085 5407 1292 5460 XXXV.

183 5469 246 5544 Iri
282 5469 558 5539 epistolam
632 5478 958 5531 Canonicam
1012 5476 1154 5530 beati
1215 5477 1452 5529 Joannis
1519 5477 1789 5543 primum;

213 5541 476 5596 Sermones
497 5547 557 5599 X.

1900 4385 1986 4451 (D.
2017 4383 2258 4454 septimo
2297 4385 2424 4438 idus
2468 4383 2758 4454 Augusti)
2809 4386 2990 4450 in-fol.
3036 4385 3102 4438 Β.
3141 4385 3445 4455 Augustini
3477 4386 3599 4440 Ser-

1899 4490 2096 4528 mones
2123 4474 2295 4542 varii;
2330 4473 2390 4527 in
2442 4473 2779 4527 Homiliario
2819 4472 3095 4526 doctorum
3148 4473 3321 4539 edito,
3357 4474 3404 4526 si
3444 4480 3595 4528 recte

1901 4580 1964 4616 ex
2019 4563 2255 4633 praefixa
2311 4562 2549 4632 epistola
2594 4561 3010 4630 concludimus,
3091 4568 3326 4618 curante
3383 4564 3600 4617 Joanne

1905 4653 2100 4720 Thiery
2125 4649 2475 4720 Lingonensi
2506 4651 2569 4704 V.
2603 4651 2644 4703 Ι.
2679 4649 3020 4719 professore.

1972 4757 2206 4810 Homelie
2227 4773 2242 4809 :
2267 4756 2328 4809 id
2356 4760 2432 4810 est
2453 4756 2727 4810 Sermones
2750 4757 3046 4823 populares
3078 4758 3143 4810 L.

1972 4830 2042 4880 De
2074 4832 2335 4895 tempore;
2369 4827 2644 4881 Sermo-nes
2674 4824 2804 4881 CCL
2817 4828 2905 4880 VI.

1971 4901 2044 4950 De
2071 4899 2272 4952 sanctis
2297 4913 2310 4951 :
2343 4898 2622 4951 Sermones
2643 4898 2738 4952 LI.

1907 4968 2061 5021 Unde
2109 4967 2280 5021 simul
2317 4968 2600 5038 proditur,
2647 4969 2814 5037 plura
2865 4967 3014 5021 hanc
3051 4979 3385 5019 sermonum
3431 4964 3598 5017 colle-

1901 5038 2148 5092 ctionem
2193 5039 2262 5092 ab
2312 5039 2476 5092 initio
2531 5040 2707 5093 fuisse
2763 5040 3137 5107 complexam,
3209 5050 3383 5105 quam
3447 5050 3600 5107 nunc

1902 5109 2253 5185 exemplaria
2300 5111 2574 5185 pleraque
2611 5105 2996 5185 retinuerunt,
3042 5122 3144 5185 nec
3185 5121 3473 5185 _v_eroup.ro
3507 5105 3601 5185 _in-

1905 5176 2094 5256 tegris
2110 5176 2372 5256 habenda
2401 5176 2542 5245 esse,
2577 5196 2732 5256 quae,
2763 5185 2827 5256 ut
2855 5183 3062 5256 nostra,
3099 5177 3163 5256 in
3185 5176 3444 5256 llomiliis
3492 5176 3598 5256 de:

1902 5245 2130 5305 ﬁeinnt.
2170 5252 2450 5328 Craterum
2485 5245 2680 5328 aversa
2708 5250 2829 5304 folii
2850 5247 3059 5328 pagina
3075 5245 3325 5328 efﬁgiem
3341 5246 3600 5328 episcopi

1904 5338 2008 5391 pro
2050 5322 2323 5375 concione
2369 5322 2608 5376 dicentis
2645 5322 2802 5390 ligno
2849 5317 3185 5386 impressam
3234 5317 3401 5380 sistit,
3465 5317 3598 5370 sub-

1905 5392 2130 5460 scriptis
2167 5393 2494 5446 versiculis:
2552 5392 2708 5448 Sulve
2771 5404 2978 5455 gemma
3031 5391 3422 5455 con/asserum:
3483 5391 3598 5441 Au-

1905 5466 2118 5529 gustine
2149 5465 2246 5516 tuac
2276 5465 2566 5517 doctorum.
