3926 6192
253 210 346 262 183
1263 205 1814 261 SUPPLEMENTUM
1855 206 1944 259 AD
1982 205 2212 260 oram
2250 207 2306 260 s.
2349 171 2733 261 AUGUSTINI.
3657 205 3751 256 εει

314 360 382 369 -—
427 328 682 394 Parisiis,
735 344 834 398 per
882 328 1153 382 Berthold.
1210 328 1501 382 Rcmbolt:
1557 329 1735 394 in-fol.
1788 344 1939 382 mam.
1983 330 2024 381 A
2132 330 2292 383 1647.
2357 330 2554 390 Roma,
2604 325 2755 396 apud
2802 325 3481 393 Ludovic.—Grignanum;
3525 326 3669 378 in-io
3699 325 3752 378 S.

249 435 270 464 ι
298 417 738 470 Ρταξοιεινὶεεὶηιλ
767 421 824 470 et
847 415 1259 469 inmstimabilis
1303 415 1577 470 doctrinae
1623 422 1790 487 atque
1823 417 1944 470 uti—

243 505 419 558 litatis
449 505 564 559 divi
604 508 741 560 Aur.
791 503 1090 574 Augustini
1137 503 1479 558 Sermonum
1521 521 1730 575 opera:
1761 521 1946 574 nuper

245 609 471 648 summa
514 609 649 646 cura
698 597 754 646 et
797 591 1101 662 diligentia
1152 592 1413 662 magistri
1455 593 1743 646 Bertholdi
1773 593 1943 647 Rem-

243 681 364 736 bolt
418 683 709 752 impressa.
764 681 930 746 Apud
993 680 1366 751 impessorem
1420 679 1610 750 ipsum
1663 681 1782 734 sub.
1818 682 1944 735 Sole

244 773 432 823 Aureo
477 770 537 823 in
578 768 669 822 via
705 769 961 822 Jacobma
994 768 1231 822 Parisii:
1266 767 1404 821 etin
1436 768 1680 821 ofﬁcinis
1708 768 1944 822 Joannis

244 857 527 927 Coberger
571 873 635 910 ac
680 856 877 910 Jodoci
934 855 1092 909 Badii
1130 855 1352 909 venalia
1421 857 1737 926 comperies
1813 874 1942 927 qua:

246 945 352 998 hoc
401 945 599 999 ordine
642 945 702 998 in
740 945 848 1000 hoc
877 944 1243 997 continentur
1289 943 1599 998 volumine.
1635 944 1941 1000 Videlicet:

313 1032 396 1086 Ad
470 1032 672 1087 fratres
738 1032 799 1086 in
874 1033 1082 1101 Eremo,
1155 1037 1594 1086 commorantes.
1669 1033 1946 1088 Sermones

248 1122 478 1175 LXXVI.

319 1209 396 1262 De
425 1208 611 1263 verbis
628 1207 876 1274 Domini,
911 1210 1184 1263 Sermones
1214 1211 1410 1263 LXIV.

320 1298 397 1351 De
428 1297 612 1352 verbis
642 1297 918 1368 Apostoli,
946 1298 1121 1352 Serm.
1163 1299 1367 1351 XXXV.

317 1387 383 1438 In
433 1385 744 1455 Epistolam
802 1384 1147 1440 Canonicam
1187 1385 1342 1439 beati
1383 1384 1616 1439 Joannis
1674 1385 1942 1455 primam,

251 1476 538 1528 Tractatus
566 1476 629 1528 X.

320 1562 616 1631 Homeliae,
644 1562 701 1616 id
735 1567 820 1616 est
836 1563 1111 1617 Sermones
1133 1562 1429 1630 populares
1453 1563 1514 1616 L.

321 1651 386 1703 In
441 1650 804 1720 Evangelium
885 1650 1198 1704 secundum
1278 1651 1578 1715 Joannem,
1659 1651 1944 1703 Tractatus

252 1739 405 1793 CXXI
423 1738 490 1792 V.

323 1825 400 1877 De
421 1825 733 1894 Tempore,
763 1826 1037 1881 Sermones
1071 1826 1340 1882 CCLXVI.

323 1913 401 1966 De
431 1912 670 1979 Sanctis,
704 1915 980 1969 Sermones
1007 1916 1093 1968 LI.

250 2000 390 2054 Cum
449 2001 656 2055 tabulis
712 2007 768 2056 et
806 2002 1137 2073 repertoriis
1185 2001 1626 2072 amplissimis.»
1690 2005 1753 2057 In
1793 2004 1945 2058 ﬁne:

247 2089 499 2158 Emplicil
557 2092 788 2144 Parisiis
832 2094 890 2144 in
939 2090 1146 2145 Edibus
1200 2092 1459 2155 Magistri
1500 2091 1948 2147 BertholdiRem-

250 2177 372 2230 bolt.
401 2179 558 2232 Anno
594 2181 934 2233 Domini.....
971 2181 1068 2233 Die
1085 2195 1207 2233 vero
1239 2181 1358 2232 XIX
1378 2180 1698 2235 Decembris.

321 2264 550 2318 Litterae
605 2270 737 2320 sunt
797 2267 1067 2334 Gothicae,
1128 2267 1355 2338 paginae
1427 2268 1709 2321 columnis
1787 2268 1952 2322 sectis

251 2358 385 2407 sunt
408 2353 720 2424 impressae,
756 2371 857 2409 nec
879 2354 1026 2409 alius
1055 2361 1288 2409 ornatus
1310 2357 1486 2410 deest.

325 2444 479 2496 1521.
549 2445 833 2510 Hagenoae,
877 2458 976 2512 per
1021 2445 1186 2497 Henr.
1247 2445 1422 2509 Grau;
1474 2447 1651 2511 in-fol.
1711 2446 1770 2498 B.
1831 2447 1950 2499 Au-

253 2529 468 2600 gustini
497 2531 938 2599 praeclarissima
967 2547 1300 2585 sermonum
1330 2548 1537 2602 opera:
1589 2549 1815 2586 summa
1843 2550 1950 2586 nu-

252 2633 356 2688 per
383 2617 680 2689 diligentia
712 2619 896 2672 revisa
929 2623 1100 2690 atque
1135 2620 1444 2690 recognila,
1495 2624 1615 2674 tum
1664 2621 1952 2692 plerisque

255 2705 394 2758 locis
439 2706 752 2761 emendata.
803 2707 867 2760 In
911 2706 1056 2760 ﬁne:
1109 2709 1445 2776 Impressum
1493 2713 1569 2762 est
1630 2711 1953 2777 praeclarum

255 2793 349 2847 hoc
374 2809 506 2863 opus
533 2796 589 2847 in
627 2796 849 2863 ofﬁcina
894 2795 1158 2848 industrii
1187 2796 1422 2849 Henrici
1450 2797 1632 2852 Grau:
1681 2799 1810 2851 civis
1843 2800 1952 2851 im-

2051 419 2187 470 Aur.
2221 415 2524 486 Augustini
2554 415 2749 469 Sermo
2787 415 2848 467 in
2878 414 3055 468 natali
3093 414 3145 468 S.
3191 413 3426 467 Joannis
3462 411 3750 483 Baptistae,

2056 519 2204 556 nunc
2247 503 2500 572 primum
2545 504 2605 556 in
2647 504 2833 556 lucem
2881 502 3086 568 editus,
3137 517 3272 565 cum
3301 499 3750 554 observationib.

2051 592 2276 644 Joannis
2311 591 2568 659 Baptista:
2587 591 2748 645 Mari.
2779 590 2897 644 Cat.
2931 589 3071 643 Bibl.
3104 591 3236 656 Reg.

2127 679 2280 732 1648.
2352 680 2587 742 Matriti,
2649 680 2792 747 typis
2837 680 3046 744 Regiis;
3109 676 3283 742 iii-fol.
3329 675 3383 730 8.
3447 674 3757 746 Augustini

2053 764 2357 818 Sermones
2382 767 2592 833 aliquot
2623 765 2691 819 de
2725 766 2784 817 Β.
2818 764 3070 834 Virgine.
3126 764 3275 816 Exst.
3311 761 3373 815 in
3421 762 3757 817 Bibliotheca

2061 854 2334 920 Virginali
2375 855 2432 906 P.
2468 853 2533 907 de
2577 854 2750 920 Alea,
2795 853 2855 906 Τ.
2891 853 2990 918 ΙΙΙ,
3033 868 3066 905 a
3093 867 3224 922 pag.
3266 853 3390 905 448.
3434 850 3762 920 Audiﬂ’redi

2053 940 2112 994 in
2143 943 2260 997 Cat.
2282 941 2421 995 Bibl.
2453 943 2720 998 Casanat.

2128 1031 2280 1083 1685.
2363 1031 2615 1095 Parisiis,
2647 1028 2781 1082 chez
2833 1031 2893 1082 P.
2953 1029 3018 1081 de
3067 1029 3273 1082 Laulne
3305 1044 3318 1094 ;
3357 1029 3522 1082 iri-8°.
3555 1027 3608 1082 S.
3643 1029 3760 1082 Au-

2053 1118 2266 1188 gustini
2296 1117 2635 1172 Sermonum
2682 1118 2750 1172 ad
2800 1116 3073 1171 Eremitas
3119 1117 3438 1186 fragmenta
3467 1116 3595 1181 tria,
3630 1116 3760 1186 qui-

2053 1207 2158 1260 bus
2205 1207 2576 1276 praemittitur
2623 1206 2881 1275 Syllabas
2922 1205 3264 1259 Sermonum
3297 1205 3367 1258 ad
3404 1205 3506 1258 FF.
3532 1204 3594 1257 in
3620 1205 3757 1258 Ere-

2055 1312 2172 1363 mo,
2203 1296 2545 1348 Sermonum
2587 1295 2655 1348 ad
2688 1294 3052 1365 presbyteros
3096 1293 3490 1364 Ilipponeuses
3537 1298 3595 1346 et
3624 1293 3759 1346 Ser-

2055 1398 2291 1436 monum
2347 1382 2417 1435 ad
2474 1384 2755 1452 populum
2809 1398 2877 1435 ex
2929 1382 3289 1451 autographo
3354 1380 3614 1434 Jordanis
3683 1381 3758 1434 de

2055 1470 2318 1524 Saxonia.
2380 1471 2530 1524 Exst.
2574 1470 2633 1523 in
2687 1471 2962 1540 Supplem.
3026 1472 3136 1524 PP.
3199 1471 3315 1523 Jac.
3375 1469 3663 1537 Hommey,
3725 1485 3762 1522 a

2052 1574 2187 1629 pag.
2220 1560 2342 1612 644.

2764 1649 3061 1702 Vcrsioncs.

2133 1738 2287 1790 1493.
2358 1738 2597 1795 Firenze,
2653 1751 2754 1805 per
2824 1737 3055 1790 Maestro
3127 1736 3367 1789 Antonio
3400 1736 3758 1798 ‘Miscomini,

2060 1824 2128 1894 (Α
2182 1823 2244 1878 di
2296 1826 2523 1878 XXVIII
2594 1823 2652 1877 di
2713 1824 2943 1893 Giugno)
3007 1824 3169 1891 iit-40,
3226 1825 3361 1875 min.
3427 1843 3450 1871 α
3487 1822 3760 1876 Sermoni

2059 1913 2280 1982 Volgari
2340 1912 2432 1965 del
2493 1911 2820 1966 Venerando
2877 1913 3096 1965 dottore
3147 1911 3318 1964 Santo
3377 1911 3608 1964 Aurelio
3635 1913 3764 1963 Au-

2057 2001 2303 2070 gustino,
2335 2000 2514 2053 Padre
2545 1999 2692 2054 della
2713 1999 2909 2069 regola
2939 1999 3274 2067 eremitana,
3307 1999 3483 2052 molto
3540 1998 3764 2066 devoti,

2060 2106 2089 2142 e
2120 2087 2406 2159 Spirituali
2436 2088 2504 2142 ad
2539 2087 2855 2159 acquistare
2886 2087 2939 2140 la
2966 2087 3145 2158 gloria
3189 2087 3482 2157 spirituale
3528 2087 3620 2141 del
3651 2088 3766 2140 Pa-

2062 2177 2268 2231 radiso.
2309 2198 2330 2224 ι
2365 2178 2495 2230 Cat.
2525 2178 2806 2233 Crevennaa
2833 2178 3038 2230 noviss.
3077 2176 3136 2229 T.
3172 2176 3215 2242 Ι,
3241 2192 3297 2245 p.
3336 2177 3453 2229 107.

2138 2267 2292 2320 1546.
2371 2268 2622 2334 Venezia,
2668 2282 2766 2334 per
2813 2265 3038 2318 Gabriel
3095 2265 3294 2318 Giolito
3359 2265 3439 2317 de’
3497 2266 3759 2332 Ferrari;

2060 2355 2224 2407 iit-40.
2262 2373 2288 2403 ‹‹
2321 2355 2447 2424 Varj
2483 2353 2731 2407 sermoni
2761 2352 2817 2406 di
2850 2353 2909 2407 8.
2947 2352 3245 2423 Agostino,
3281 2369 3309 2405 e
3348 2352 3534 2406 d’altri
3569 2357 3761 2406 catto-

2061 2441 2154 2494 lici
2182 2442 2250 2495 ed
2282 2441 2494 2496 antichi
2526 2441 2693 2495 Padri
2722 2441 2847 2494 utili
2872 2439 2983 2494 alla
3019 2441 3196 2493 salute
3227 2439 3356 2493 dell’
3389 2440 3578 2494 anime
3612 2457 3764 2494 mes-

2062 2529 2108 2582 si
2156 2529 2395 2584 insieme
2428 2547 2458 2583 e
2488 2530 2612 2584 fatti
2639 2529 2859 2600 volgari
2888 2529 2959 2583 da
2986 2528 3261 2598 Monsign.
3313 2529 3580 2582 Galeazzo
3629 2545 3767 2583 ves-

2060 2633 2197 2671 covo
2231 2618 2288 2671 di
2315 2618 2495 2685 Sessa,
2527 2633 2635 2671 con
2665 2617 2776 2670 due
2808 2615 3017 2682 tavole,
3045 2615 3099 2668 1a
3131 2614 3318 2684 prima
3357 2615 3443 2668 de’
3488 2616 3766 2669 Sermoni

2061 2705 2128 2759 ed
2180 2705 2422 2770 Omilie;
2473 2721 2502 2758 e
2555 2705 2609 2758 la
2653 2703 2898 2758 seconda
2942 2703 3090 2757 delle
3135 2718 3262 2756 cose
3302 2702 3403 2772 piu
3432 2703 3692 2756 notabili.
3740 2725 3763 2749 ι

2062 2794 2200 2848 Bibl.
2238 2793 2383 2860 degli
2429 2795 2560 2846 Aut.
2613 2793 2756 2860 volg.
2787 2791 2846 2845 in
2883 2792 3136 2846 Raccolla
3175 2791 3460 2860 d’Opucul.
3501 2795 3688 2845 scient.
3740 2809 3770 2843 ρ

248 2884 478 2950 perialis
509 2882 702 2951 oppidi
749 2885 1016 2950 Hagenow
1042 2899 1054 2935 :
1097 2883 1398 2952 sumptibus
1447 2888 1496 2936 et
1517 2887 1763 2952 expensis
1794 2885 1955 2953 probi
1989 2895 2030 2951 ο
2060 2880 2193 2952 ﬁlol.
2225 2882 2286 2936 Τ.
2315 2881 2514 2944 XXXII,
2537 2897 2594 2950 p.
2626 2882 2746 2934 345.

252 2971 362 3024 viri
384 2972 608 3024 Joannis
638 2973 887 3037 Rgnman
919 2971 984 3023 de
1013 2971 1270 3036 Oringaw
1302 2970 1767 3040 archibibliopole,
1799 2988 1953 3026 men-

254 3073 308 3111 se
339 3057 555 3112 Octobri
583 3074 723 3111 anno
753 3075 787 3112 a
809 3064 935 3112 nato
967 3060 1177 3114 Christo
1214 3061 1367 3114 1521.

332 3148 483 3198 1525.
527 3145 800 3212 Lugduni,
862 3161 965 3215 per
1013 3148 1273 3199 Joannem
1322 3147 1545 3215 Crespin
1590 3147 1701 3215 (die
1751 3150 1797 3202 Χ
1849 3152 1948 3203 Ja-

255 3231 500 3302 nuarii);
551 3233 728 3298 in-fol.
781 3233 840 3286 Β.
893 3231 1196 3301 Augustini
1239 3233 1540 3286 Sermones
1565 3234 1705 3287 varii
1732 3234 1791 3288 in
1825 3235 1953 3289 Dies

258 3320 627 3374 dominicales
674 3324 729 3374 et
783 3319 987 3385 festos;
1048 3320 1197 3372 inter
1255 3321 1527 3374 Homclias
1561 3323 1952 3390 praclarorum

260 3407 534 3462 docto-rum
566 3410 621 3462 in
666 3409 975 3474 Evangelia
1024 3407 1396 3474 dominicalia,
1431 3425 1571 3479 quas
1625 3411 1788 3480 jussu
1847 3411 1950 3464 Ca-

261 3496 369 3550 roli
414 3498 482 3550 Μ.
528 3496 821 3566 collegisse
866 3495 1048 3549 fertur
1098 3496 1385 3562 Alcuinus,
1431 3497 1611 3550 editas
1639 3499 1700 3550 h.
1740 3498 1779 3552 l.
1813 3502 1869 3551 et
1899 3514 1948 3552 a.

259 3599 390 3637 cum
440 3583 770 3654 praefatione
822 3583 909 3637 Fr.
967 3583 1244 3637 Lamberti
1291 3584 1638 3653 Campestris,
1674 3584 1848 3638 tbeol.
1883 3584 1952 3638 ad

258 3672 725 3742 Simphorianum
757 3671 1122 3740 Camperium
1154 3671 1455 3725 Patritium
1489 3673 1948 3741 Lugdunensem.

335 3761 488 3814 1564.
530 3761 776 3826 Lovanii,
801 3759 952 3829 apud
977 3761 1192 3813 Hieron.
1223 3761 1532 3826 Wellaeum;
1566 3762 1692 3814 in—i.
1721 3761 1783 3814 D.
1811 3763 1948 3814 Aur.

257 3847 564 3920 Augustini
593 3863 902 3913 sermones,
953 3855 1008 3901 et
1037 3847 1295 3914 Possidii,
1347 3848 1696 3902 Calamensis
1736 3848 1951 3918 episco-

259 3938 342 4008 pi,
393 3936 678 3991 indiculus
726 3951 966 4006 operum
1019 3936 1082 3990 D.
1126 3935 1470 4006 Augustini:
1516 3951 1585 3990 ex
1614 3936 1864 3990 editione
1896 3941 1953 3990 et

258 4041 387 4079 cum
430 4025 654 4079 scholiis
699 4024 1111 4094 marginalibus
1161 4026 1387 4078 Joannis
1443 4027 1775 4080 Vlimmerii.
1832 4027 1947 4081 Cat.

259 4115 396 4169 Bibl.
447 4117 577 4181 Reg.
623 4113 845 4179 Confer,
891 4129 1020 4185 quae
1066 4129 1240 4183 supra
1269 4113 1341 4168 ad
1371 4113 1680 4168 editionem
1712 4130 1952 4184 operum

265 4201 639 4255 Basileensem
670 4218 720 4254 a.
754 4201 890 4256 1569
912 4201 1118 4255 tradita
1149 4205 1301 4254 sunt.

335 4291 484 4342 1576.
529 4289 756 4343 Colonia
800 4290 1037 4356 Agripp.
1088 4290 1262 4354 in-fol.
1313 4288 1372 4342 8.
1413 4289 1716 4358 Augustini
1757 4289 1953 4343 Homi-

263 4375 350 4428 liaa
381 4375 572 4428 varias.
608 4375 761 4428 Exst.
796 4375 855 4428 in
881 4376 1196 4430 Collectione
1214 4377 1304 4427 Fr.
1340 4375 1578 4428 Alcuini.

337 4462 492 4515 1588.
533 4460 812 4529 Lugduni,
845 4461 1028 4526 in-fol.
1055 4460 1109 4514 S.
1143 4461 1445 4530 Augustini
1489 4461 1748 4515 Homilia:
1791 4478 1954 4532 quaa-

261 4549 392 4603 dam
421 4547 479 4601 in
509 4548 836 4602 Bibliotheca
865 4548 1076 4602 Homil.
1103 4549 1334 4605 Cumdii.

329 4636 464 4690 Sac.
525 4635 686 4690 XVII.
727 4639 983 4691 -1631,
1052 4639 1300 4704 Parisiis,
1355 4639 1507 4706 apud
1559 4639 1766 4694 Sebast.
1820 4639 1955 4694 Cra-

259 4725 460 4792 moisy;
512 4726 678 4778 ἱη-8ο.
721 4724 778 4790 8,
809 4726 947 4778 Aur.
987 4725 1294 4796 Augustini
1332 4726 1634 4781 Sermones
1673 4728 1804 4782 novi
1846 4729 1951 4792 XL,

258 4827 389 4866 cum
411 4812 668 4884 quinque
700 4811 825 4865 aliis
856 4827 920 4866 ex
953 4813 1204 4884 antiquis
1245 4815 1668 4885 exemplaribus
1711 4816 1952 4883 collecti,

257 4917 387 4956 cum
439 4901 611 4964 notis,
663 4901 852 4955 studio
901 4905 957 4955 et
1013 4918 1185 4972 opera
1232 4903 1419 4958 Jacobi
1474 4904 1770 4959 Sirmondi.
1823 4907 1950 4960 Cat.

258 4991 396 5044 Bibl.
421 4993 548 5058 Reg.
573 4994 623 5045 et
644 4992 904 5046 Casanat.

332 5081 486 5132 1644.
530 5082 723 5148 Rom,
778 5095 874 5150 per
926 5081 1119 5134 Franc.
1172 5081 1467 5146 Monetam;
1514 5083 1684 5136 ἑτι-4ο.
1726 5082 1953 5137 Sermo-

261 5182 363 5220 nes
416 5167 636 5237 aliquot
675 5169 728 5222 S.
776 5172 910 5224 Aur.
961 5168 1280 5237 Augustino
1325 5169 1612 5238 adscripti,
1658 5186 1723 5224 ex
1747 5170 1954 5225 biblio-

261 5253 442 5309 thecis
469 5254 736 5310 Vaticana
766 5263 823 5310 et
848 5257 1155 5311 Barberina
1191 5256 1460 5327 excerpti,
1506 5274 1658 5310 nunc
1699 5259 1954 5327 primum

267 5343 325 5395 in
351 5341 534 5396 lucem
565 5342 702 5396 editi
731 5354 787 5398 et
815 5345 1160 5414 quibusdam
1194 5345 1340 5398 uotis
1386 5344 1656 5398 illustrati
1686 5345 1875 5400 studio
1901 5350 1957 5400 et

262 5445 436 5502 opera
462 5431 699 5484 Joannis
730 5431 997 5500 Baptista
1025 5436 1202 5488 Mari:
1235 5435 1353 5490 Cat.
1387 5433 1524 5487 Bibl.
1557 5434 1687 5501 Reg.

2139 2972 2290 3023 1553.
2343 2971 2406 3022 In
2461 2971 2712 3036 Vinegia,
2771 2983 2964 3038 presso
3017 2968 3085 3022 (ἓ.
3139 2968 3342 3021 Giolito
3398 2967 3482 3020 de’
3527 2968 3772 3020 Farrari

2065 3059 2373 3112 Fratelli....
2436 3077 2463 3107 «
2521 3057 2724 3110 Alcuni
2777 3055 3042 3110 Sermoni
3098 3055 3157 3108 di
3208 3054 3262 3109 S.
3306 3054 3576 3125 Agostino
3610 3055 3768 3109 delle

2062 3146 2257 3200 Parole
2291 3146 2533 3215 Signore
2556 3161 2585 3198 e
2608 3145 3030 3214 dell’Apostolo,
3057 3143 3181 3197 fatti
3214 3142 3428 3213 volgari
3452 3143 3522 3196 da
3544 3144 3766 3198 Monsr.

2063 3232 2322 3287 Galeazzo
2376 3232 2695 3284 Florimonte
2769 3231 3011 3283 Vescovo
3063 3229 3366 3300 d'Aquino.
3406 3248 3432 3280 ν
3493 3231 3645 3284 Exst.
3702 3230 3771 3285 in

2073 3321 2204 3388 Varj
2250 3320 2494 3373 Sermoni
2543 3318 2604 3371 di
2637 3318 2692 3372 S.
2743 3320 3008 3384 Agostino
3053 3317 3118 3370 ed
3159 3319 3292 3370 altri
3335 3317 3534 3371 doltori
3558 3318 3767 3388 volga—

2060 3407 2252 3461 rizzati
2277 3407 2368 3460 dal
2417 3406 2749 3460 medesimo.
2783 3407 2860 3460 Cf.
2897 3407 3015 3460 Cat.
3053 3406 3195 3460 Bibi.
3226 3406 3481 3461 Casanat.
3545 3405 3606 3459 In
3638 3407 3765 3462 Cat.

2060 3496 2226 3548 iii-40.
2250 3494 2388 3548 Bibl.
2418 3493 2613 3548 Smith.
2643 3510 2693 3548 a.
2729 3500 2812 3548 est
2832 3497 2984 3557 1588,
3011 3495 3168 3547 iit-40.

2136 3585 2286 3640 1567.
2356 3583 2606 3646 Venezia,
2651 3598 2751 3652 per
2804 3583 2844 3636 il
2903 3583 3334 3650 Giolito;in-4°.
3381 3601 3407 3632 «
3445 3583 3590 3652 Varj,
3620 3583 3769 3637 Ser-

2064 3673 2242 3737 moni,
2273 3680 2378 3726 etc.
2404 3693 2430 3723 ››

2135 3763 2290 3814 1568.
2384 3763 2631 3826 Venezia,
2693 3776 2793 3829 per
2837 3762 2878 3814 il
2930 3761 3264 3827 Sansovino;
3324 3763 3492 3816 iii-4°.
3556 3781 3584 3810 α
3630 3761 3768 3832 Varj

2060 3849 2322 3904 Sermoni
2351 3849 2407 3903 di
2453 3849 2508 3904 S.
2545 3850 2816 3919 Agostino
2866 3867 2896 3903 e
2945 3849 3131 3904 d’altri
3169 3849 3416 3904 cattolici
3446 3850 3514 3903 ed
3541 3849 3772 3904 antichi

2060 3936 2291 4002 dottori,
2332 3953 2403 3990 ne
2449 3937 2605 4008 quali
2652 3937 2981 3991 trattandosi
3019 3937 3254 4008 Idiverse
3299 3938 3534 3992 materie
3588 3954 3773 4008 sopra

2060 4025 2267 4080 diversi
2298 4025 2494 4096 luoghi
2524 4026 2672 4079 della
2700 4026 2868 4080 Sacra
2897 4025 3172 4080 Scrittura
3201 4027 3290 4080 del
3320 4026 3547 4080 vecchio
3575 4041 3604 4080 e
3664 4027 3766 4081 del

2065 4129 2254 4168 nuovo
2302 4115 2665 4169 Testamento
2697 4114 2742 4168 si
2789 4115 3052 4168 contiene
3104 4114 3382 4170 Cristiano
3430 4113 3771 4168 desideroso

1991 4182 2122 4257 l)di
2181 4202 2368 4256 vivere
2423 4206 2760 4274 puramente
2813 4202 2899 4256 fra
2958 4203 3010 4256 le
3060 4219 3318 4273 persone,
3353 4201 3556 4256 edella
3576 4201 3771 4256 salute

2065 4290 2192 4344 dell’
2252 4290 2443 4344 anima
2497 4307 2621 4360 sua,
2679 4291 2849 4344 messi
2906 4291 3143 4345 insieme
3192 4307 3221 4343 e
3263 4289 3389 4344 fatti
3435 4289 3654 4359 volgari
3688 4288 3771 4343 d4

2067 4379 2401 4448 monsignor
2449 4379 2738 4445 Galcazzo,
2781 4395 3016 4432 vescovo
3065 4378 3124 4432 di
3178 4378 3359 4443 Sessa,
3410 4394 3518 4431 con
3537 4377 3647 4431 due
3675 4382 3770 4431 ta-

2063 4469 2212 4534 vole,
2245 4468 2397 4521 l’una
2427 4468 2512 4522 de’
2531 4468 2808 4531 Sermoni,
2846 4484 2875 4521 e
2900 4468 3086 4521 l’altra
3115 4467 3260 4521 delle
3290 4483 3419 4520 cose
3452 4465 3710 4519 notabili.
3742 4489 3766 4514 ι

2140 4557 2292 4608 157?.
2360 4557 2642 4622 Fiorenza,
2693 4557 2833 4624 peri
2888 4554 3118 4621 Gizmli;
3176 4556 3331 4608 in-iO.
3393 4573 3420 4603 (ι
3481 4552 3648 4606 Libro
3705 4571 3772 4607 ιιι

2066 4641 2150 4695 de’
2207 4643 2320 4713 varj
2393 4642 2654 4696 Sermoni
2733 4642 2790 4695 di
2837 4643 2889 4696 S.
2949 4641 3338 4712 Agostino.....
3388 4640 3615 4694 raccolti
3667 4640 3774 4693 in-

2065 4730 2239 4784 sieme
2286 4747 2316 4784 e
2371 4730 2496 4784 fatti
2547 4731 2765 4801 volgari
2791 4731 2862 4784 da
2887 4730 3153 4799 Raffaello
3184 4731 3492 4787 Castruccio
3523 4743 3773 4782 monaco

2064 4819 2212 4873 della
2261 4818 2429 4873 badia
2469 4818 2525 4873 di
2561 4819 2794 4872 Firenze
2825 4836 2854 4872 a
2885 4818 3215 4872 imitazione
3241 4818 3299 4873 di
3340 4816 3619 4886 monsign.
3656 4817 3774 4870 Ga-

2063 4907 2272 4973 leazzo,
2316 4923 2548 4960 vescovo
2595 4907 2652 4960 di
2684 4907 2862 4962 Sessa.
2901 4928 2928 4956 »
2961 4906 3177 4961 Prodiit
3197 4907 3372 4961 etiam
3401 4905 3545 4959 liber
3582 4919 3772 4974 quar-

2065 4999 2177 5063 tus,
2225 4995 2323 5048 sed
2359 4995 2419 5048 in
2469 5012 2582 5066 quo
2638 4996 2780 5049 nihil
2804 4996 3110 5067 Augustini
3140 4999 3473 5049 contentum
3504 4993 3625 5047 fuit.
3663 4992 3772 5046 Se-

2064 5085 2310 5138 cundam
2360 5100 2492 5138 vero
2559 5089 2779 5156 partem
2826 5083 3162 5155 impressam
3236 5083 3461 5137 invenio
3517 5098 3569 5134 a.
3625 5084 3774 5136 1654

2063 5171 2116 5225 h.
2149 5172 2233 5226 tit.
2260 5190 2272 5225 :

2140 5262 2295 5314 1654.
2369 5261 2618 5326 Venczia,
2660 5276 2761 5329 per
2800 5258 3076 5314 Girolamo
3103 5259 3317 5326 Scotto;
3373 5259 3541 5313 in-i".
3582 5280 3602 5304 ι
3661 5258 3772 5312 Se-

2064 5347 2244 5401 conda
2290 5353 2452 5418 parte
2479 5348 2562 5401 de’
2603 5347 2868 5402 Sermoni
2901 5348 2959 5401 di
2999 5348 3054 5402 8.
3105 5347 3475 5417 Agostino....
3526 5345 3776 5400 tradotti

2063 5436 2124 5488 in
2177 5436 2406 5507 volgare
2440 5436 2511 5490 da
2558 5437 2737 5506 Msgn.
2791 5437 3059 5490 Galeazzo
3092 5435 3496 5501 Florimonzio,
3519 5448 3667 5488 vesc.
3705 5434 3773 5488 di
