3922 6188
132 311 232 361 185

1178 308 1454 363 NOTITIA
1492 310 1909 365 LITTERARIA
1946 311 2011 364 IN
2052 312 2104 365 S.
2149 299 2611 366 AUGUSTINUM.
3539 315 3637 365 186

129 430 312 495 Sessa,
375 446 478 483 con
531 430 721 482 alcuni
778 430 983 483 Omilie
1040 429 1130 483 del
1211 431 1539 485 medesimo.
1614 451 1639 482 ι)
1710 434 1835 486 Hinc
1872 433 1915 486 Α
1945 434 2189 499 excudit,
2225 433 2394 487 fuisse
2424 434 2787 504 impressum.
2814 435 2895 488 Ibi
2927 440 3120 489 tamen
3152 435 3400 505 insignia
3428 436 3639 491 Schaef-

130 518 323 572 omnia
356 518 523 571 nobis
576 517 961 588 suppeditavit
991 518 1129 572 Bibl.
1163 518 1309 586 degli
1355 520 1490 574 Aut.
1530 522 1670 589 eolg.
1705 522 1742 575 l.
1782 526 1831 576 1.

202 608 342 661 1694
393 611 448 660 et
507 608 659 660 1700.
722 608 876 660 Paris
931 606 1055 659 chez
1106 622 1268 660 veuve
1320 608 1659 677 Jcan-Bapt.
1707 611 1835 663 Coi-

125 696 346 762 gnard;
397 698 556 759 in-80,
607 697 695 749 IV
739 696 865 749 voll.
901 715 927 745 ‹‹
963 695 1063 749 Les
1093 711 1350 749 sermons
1379 696 1447 749 de
1508 696 1563 751 S.
1607 700 1830 769 Augus-

126 785 207 838 tin
240 801 345 838 sur
398 786 449 838 le
497 785 764 838 Nouveau
796 785 1139 850 Testament,
1190 785 1431 838 traduits
1484 802 1554 838 en
1586 785 1832 852 franqois

122 889 219 926 sur
248 872 510 926 l’édition
542 872 715 925 latine
760 872 857 925 des
885 873 989 927 PP.
1026 872 1404 941 Bénédictins,
1431 890 1535 943 par
1581 876 1833 943 Philippe

121 961 383 1017 Goibaud
403 961 477 1014 du
502 963 645 1015 Bois.
684 980 710 1010 ››

194 1053 358 1105 1ῖ31.
414 1051 480 1103 In
526 1052 748 1103 Firenze
809 1065 1003 1119 presso
1054 1053 1202 1104 Dom.
1258 1050 1334 1104 Μ.
1397 1052 1625 1117 Hunni;
1676 1053 1832 1105 ενι-4ο

122 1159 147 1186 ι
183 1138 717 1208 Volgarizzamento
758 1138 846 1191 de’
875 1139 958 1192 XL
993 1138 1258 1192 Sermoni
1297 1139 1633 1197 falsamente
1665 1139 1833 1193 attri-

120 1226 270 1279 buiti
299 1243 333 1280 a
365 1226 420 1280 S.
476 1226 771 1295 Agostino,
828 1226 965 1280 fatto
1024 1227 1097 1281 da
1136 1243 1213 1280 un
1248 1227 1533 1298 Religioso
1562 1228 1692 1282 dell’
1724 1228 1825 1282 Or-

118 1315 257 1368 dine
294 1314 454 1368 detto
486 1315 542 1368 di
567 1314 620 1369 S.
656 1315 948 1386 Agostino,
972 1316 1101 1369 nell’
1135 1332 1287 1369 anno
1322 1320 1475 1381 1300,
1510 1333 1560 1382 e,
1597 1333 1753 1370 come
1785 1316 1829 1369 si

119 1401 311 1470 crede,
346 1402 420 1455 da
452 1403 537 1456 Fr.
591 1402 866 1473 Agostino
908 1404 980 1457 da
1026 1403 1339 1473 Scarperia.
1380 1426 1401 1452 ι
1438 1405 1554 1461 Cat.
1589 1406 1723 1469 Bibl,
1758 1406 1821 1460 S.

118 1491 274 1557 Ang.
314 1490 392 1543 ad
417 1491 626 1545 Nidum
671 1492 914 1561 Neapoli,
950 1492 1269 1561 Audiffredi
1299 1493 1359 1547 in
1386 1496 1514 1547 Cat.
1549 1494 1697 1548 Bibl.
1724 1495 1830 1548 Ca-

115 1583 327 1643 sanat.,
361 1578 425 1632 it.
460 1580 578 1635 Cat.
604 1580 741 1633 Bibl.
776 1580 973 1635 Smith.

366 1676 570 1729 XLIV.
606 1707 671 1714 —
703 1680 844 1745 (ll9)
880 1680 950 1729 De
975 1676 1152 1730 decem
1186 1677 1403 1731 chordis
1434 1678 1585 1731 liber.

1942 521 2046 575 feri
2077 538 2211 588 non,
2249 521 2387 575 utin
2417 521 2522 575 hoc
2550 522 2859 587 volumine,
2895 522 3120 576 desunt.

2410 630 2497 683 VI.
2532 659 2600 668 ——
2634 629 2737 699 (36)
2769 632 2842 682 De
2871 630 3152 684 Amicitia.

2019 727 2171 779 l5l0.
2228 726 2448 793 Lipsiae,
2504 727 2671 778 ἐτι-4ο.
2738 743 2763 776 α
2797 727 2862 779 D.
2914 728 3051 779 Aur.
3105 726 3432 796 Augustini,
3470 728 3635 799 Hipp.

1942 812 2112 881 episc.
2148 812 2216 865 de
2249 812 2499 866 amicitia
2537 813 2702 876 liber,
2741 814 2799 866 in
2857 830 2970 883 quo
3003 814 3288 867 Ciceronis
3314 822 3501 869 errata
3543 834 3641 871 ca-

1942 901 2240 969 stigantur,
2274 902 2509 967 cunctis,
2543 903 2641 972 qui
2696 918 2915 972 pacem,
2949 904 3312 957 concordiam
3365 910 3419 957 et
3451 921 3643 959 veram

1940 993 2110 1058 atque
2140 990 2448 1059 perfectam
2492 991 2740 1059 diligunt
2772 990 3100 1051 amicitiam,
3147 991 3303 1043 utilis
3333 996 3388 1044 et
3419 1008 3642 1047 summe

1942 1078 2305 1133 necessarius.
2335 1099 2360 1128 δ
2411 1078 2801 1148 Subjiciuntur
2857 1078 2991 1132 huic
3039 1078 3202 1132 titulo
3235 1079 3426 1133 statim
3479 1080 3639 1134 disti-

1940 1166 2045 1218 cha
2074 1167 2365 1237 sequentia
2395 1186 2410 1220 :

2063 1272 2388 1329 Augustinus
2418 1273 2470 1320 in
2497 1272 2597 1335 hoc
2628 1271 2884 1335 ephorum
2916 1270 3226 1335 (siclgloria
3252 1272 3422 1333 gentis

2128 1336 2255 1391 Quae
2280 1336 2349 1383 sit
2376 1348 2496 1382 vera
2528 1334 2671 1382 libro
2691 1338 2869 1382 narrat
2899 1334 3128 1381 amicitia

2064 1397 2285 1455 Magnus
2314 1396 2618 1444 Aristoteles
2646 1396 2842 1443 callens
2864 1409 3053 1442 arcana
3083 1395 3259 1456 capaci

2126 1459 2335 1506 Naturae
2364 1459 2578 1519 ingenio
2613 1473 2623 1505 :
2658 1458 2865 1505 nescius
2896 1456 3053 1518 hujus
3078 1463 3191 1503 erat

2066 1521 2281 1568 Nescius
2310 1518 2604 1581 eras'hujus
2636 1520 2780 1567 Plato
2814 1524 2868 1566 tu
2904 1519 3081 1565 divine
3108 1518 3359 1579 magister

2127 1583 2272 1629 Hanc
2299 1587 2532 1629 veterum
2564 1583 2814 1643 ignorans
2838 1581 3049 1629 ethnica
3074 1581 3231 1627 turba
3265 1581 3455 1627 virum.

1872 1718 1911 1773 Β
1944 1678 2007 1730 In
2033 1677 2146 1731 ﬁne
2184 1695 2197 1731 :
2222 1680 2547 1747 Impressum
2580 1679 2789 1746 Lyptzk
2808 1694 2864 1746 p.
2895 1677 3319 1731 Baccalaureum
3347 1677 3645 1745 Wol/fgan-

194 1762 376 1832 Hujus
428 1766 729 1819 versionem
783 1767 1157 1834 Hispanicum,
1220 1768 1447 1819 auctore
1503 1768 1835 1822 θυηᾰίεαίυο
1874 1762 1911 1773 ν
1941 1782 2071 1836 gum
2126 1768 2409 1820 Monaceu.
2467 1769 2631 1820 Anno
2684 1768 2835 1820 1510.
2871 1795 2939 1805 -
2969 1766 3271 1819 Character
3319 1770 3409 1818 est
3446 1765 3643 1818 Gothi-

124 1852 333 1904 Garzia
380 1852 446 1905 de
485 1853 686 1908 Sancta
725 1855 925 1919 Maria,
970 1855 1493 1923 Czesaraugustano,
1528 1855 1746 1909 editam
1777 1872 1829 1908 a.

128 1942 282 2005 1494,
326 1943 503 1995 in-8°.
556 1943 657 1995 Los
718 1942 983 1995 Tratados
1013 1943 1079 1995 de
1124 1944 1204 1995 tas
1235 1944 1354 1996 dies
1414 1943 1637 1997 cuerdas
1668 1944 1733 1997 de
1779 1945 1833 1997 la

122 2028 371 2081 rariidad
425 2030 513 2082 del
567 2030 765 2084 mundo
830 2036 1284 2084 commemorant
1339 2047 1401 2084 ex

126 2117 263 2170 Bibl.
290 2118 451 2186 Hisp.
483 2136 537 2189 p.
565 2120 665 2173 425
694 2119 1082 2173 Colonienses.

1460 2033 1577 2086 Nic.
1620 2034 1829 2085 Anton.

554 2249 796 2286 ARTICULI
845 2249 1067 2287 SECUNDI
1128 2250 1437 2295 SEQUENTIA.

214 2338 450 2386 Annales
480 2338 769 2387 editionum
796 2339 1129 2402 singulorum
1160 2340 1437 2403 Augustini
1464 2340 1737 2390 librorum.

569 2433 595 2503 ἓ
619 2436 684 2489 ll.
718 2436 1044 2504 Spuriorum
1062 2439 1403 2505 scriptorum.

505 2542 548 2595 Ι.
582 2572 647 2579 -
680 2543 759 2611 (6)
796 2545 869 2596 De
898 2543 1116 2596 Musica
1142 2542 1278 2596 libri
1304 2557 1417 2597 sex.

192 2628 395 2682 Nescio
448 2628 737 2700 equidem,
796 2646 867 2683 an
903 2630 1015 2683 huc
1069 2636 1308 2701 spectat,
1340 2630 1438 2701 qui
1466 2630 1523 2683 in
1559 2631 1829 2702 Catalogo

132 2717 262 2770 Bibl.
296 2717 626 2771 Bobleianze
672 2722 1024 2771 memoratur
1060 2720 1115 2773 S.
1164 2721 1465 2787 Augustini
1504 2719 1715 2774 libellus
1767 2722 1832 2776 de

130 2808 355 2859 Iusica.
392 2806 644 2860 Basileae.
682 2811 833 2868 1511,
870 2808 1017 2860 ἐπι-«1ο

474 2904 545 2955 11.
576 2932 641 2941 -
678 2904 785 2971 (18)
822 2902 901 2955 De
922 2904 1297 2956 Grammatica
1326 2903 1480 2957 liber.

1942 1871 2061 1909 cus.
2100 1854 2369 1907 Praefatus
2399 1860 2481 1907 est
2509 1855 2582 1907 ad
2609 1854 2877 1907 studiosos
2921 1858 2969 1906 et
3008 1852 3246 1905 eruditos
3300 1853 3486 1906 bonor.
3550 1868 3641 1905 ar-

1944 1944 2078 1995 tium
2108 1944 2166 1995 in
2198 1942 2353 1996 acad.
2386 1944 2633 2011 Liptzen.
2690 1943 2978 1996 Amatores
3031 1943 3263 2006 Magnus
3294 1940 3483 1994 Ilundt
3519 1956 3643 2009 par-

1943 2031 2395 2099 thenopolitanus,
2445 2030 2826 2097 theologorum,
2866 2034 2930 2082 ut
2977 2028 3213 2098 quidem
3264 2044 3322 2081 se
3367 2028 3638 2096 appellat,

1940 2119 2183 2188 inﬁmus,
2218 2137 2307 2190 ep.
2339 2120 2468 2174 data
2532 2122 2589 2173 in
2610 2120 2824 2185 collegio
2858 2120 3124 2186 principis
3156 2118 3242 2171 die
3271 2118 3497 2172 Catia-ti.

2441 2226 2560 2279 VII.
2592 2254 2664 2264 —
2687 2224 2798 2293 (39)
2827 2224 3144 2292 Soliloquia.

2018 2316 2169 2368 1473.
2199 2315 2256 2369 S.
2300 2314 2540 2379 Lin-fol.
2592 2310 2895 2381 Augustini
2944 2310 3313 2380 soliloquium
3359 2310 3428 2364 de
3461 2310 3646 2363 Arrha

1940 2401 2168 2455 animae.
2189 2401 2446 2454 Abinitio
2464 2416 2476 2453 :
2492 2402 2691 2468 Incipit
2710 2400 3049 2465 soliloquium
3064 2399 3360 2452 beatissimi
3368 2400 3644 2465 Augusti-

1938 2491 2000 2541 ni
2014 2492 2250 2558 episcopi
2260 2492 2524 2559 yponensi
2546 2488 2669 2557 (sic)
2690 2488 2755 2541 de
2774 2488 2924 2541 Arra
2941 2489 3152 2541 anime.
3177 2488 3240 2539 In
3262 2487 3401 2539 tine:
3427 2487 3645 2554 Raptus

1939 2581 2019 2631 est
2045 2580 2171 2645 ﬁnis
2211 2579 2374 2645 hujus
2398 2581 2661 2630 tractatus
2706 2577 3008 2641 Augustini
3042 2575 3107 2628 de
3127 2591 3259 2628 arra
3299 2577 3478 2627 anime
3500 2576 3646 2639 feria

1940 2669 2107 2719 tertia
2135 2670 2255 2733 post
2282 2667 2479 2730 festum
2510 2665 2687 2717 sancti
2721 2665 2959 2733 Dyonisy
2981 2664 3140 2717 Anno
3170 2663 3268 2715 dni
3301 2663 3508 2716 lXXlII
3534 2662 3645 2715 X0

1939 2753 2082 2821 (sic).
2118 2753 2381 2823 Ejusdem
2411 2756 2495 2805 est
2524 2750 2794 2805 editionis
2824 2766 2888 2802 ac
2922 2752 3221 2817 Soliloquia
3245 2750 3496 2819 genuina
3523 2766 3568 2801 s.
3602 2750 3640 2803 1.

1940 2847 1995 2895 et
2025 2857 2077 2894 a.
2111 2847 2166 2895 et
2198 2839 2639 2909 Hieronymiana
2664 2839 2731 2892 de
2751 2840 2981 2891 essentia
3028 2838 3164 2903 div.,
3206 2844 3319 2891 etc.
3362 2837 3526 2891 Conf.
3558 2837 3644 2890 di-

1939 2934 2028 2981 cta
2064 2930 2137 2983 ad
2166 2929 2381 2982 librum
2409 2925 2715 2996 Augustini
2740 2925 2806 2977 de
2854 2925 3173 2989 Quantitate
3203 2927 3417 2979 animm.
3452 2925 3645 2977 Extre-

196 2992 351 3044 l605.
414 2992 727 3056 Hannoviaz,
772 2992 929 3044 ἑτι-4ο.
994 2990 1345 3060 Augustinus
1401 2992 1469 3045 de
1527 2993 1725 3046 Gram:

2003 3032 2049 3068 ω
2082 3016 2329 3069 raritatis
2367 3031 2485 3068 esse
2518 3014 2719 3067 exinde
2759 3013 2963 3078 discas,
2999 3012 3153 3081 quod
3190 3012 3409 3065 nemini
3447 3013 3641 3066 hacte-

133 3080 246 3132 tilra.
285 3080 443 3132 Exst.
498 3078 646 3132 inter
677 3083 861 3132 Auctt.
909 3079 1139 3149 Antiqq.
1172 3078 1240 3132 de
1284 3079 1663 3134 Grammatica
1712 3082 1829 3136 Lat.

133 3169 338 3220 collect.
376 3165 446 3220 ab
477 3168 628 3220 Helia
660 3169 944 3234 Putschio,
970 3185 1002 3220 a
1032 3184 1160 3237 pag.
1210 3171 1363 3222 1975.

135 3257 215 3309 111.
240 3286 309 3293 —
335 3256 455 3323 (l9)
486 3256 766 3324 Principia
788 3256 1099 3310 Dialectices
1139 3261 1188 3309 et
1210 3257 1513 3311 Rhetorices
1546 3257 1679 3311 libri
1700 3257 1826 3311 duo.

200 3347 355 3397 H79.
379 3344 679 3410 Florentiae,
704 3344 854 3411 apud
883 3344 940 3398 S.
982 3344 1249 3397 Jacobum
1288 3345 1354 3398 de
1390 3346 1609 3413 Ripoli;
1656 3347 1829 3399 ἰη-4ο.

134 3430 427 3501 Augustini
462 3431 679 3501 Logica.
714 3433 841 3486 Cat.
871 3431 1017 3503 Bibl.
1057 3433 1323 3486 Casanat.

198 3522 358 3573 1599.
416 3520 672 3585 Parisiis,
730 3522 899 3573 inuia".
942 3519 1244 3589 Augustini
1288 3519 1571 3590 principia
1624 3520 1831 3575 Rheto-

136 3609 283 3662 rices.
316 3609 470 3662 Exst.
502 3609 652 3662 inter
680 3611 956 3676 Antiquos
986 3610 1236 3663 Rhetores
1257 3626 1290 3663 a
1319 3626 1451 3679 pag.
1488 3612 1613 3664 290.

198 3699 351 3750 1643.
388 3698 463 3749 In
493 3698 739 3763 Venezia,
790 3698 933 3751 nella
982 3698 1266 3765 Salicata;
1310 3700 1487 3751 ἐνὶ-4ο.
1526 3719 1553 3748 α
1594 3699 1648 3751 S.
1684 3700 1831 3767 Ago-

135 3786 268 3839 stino
305 3785 458 3839 della
500 3785 777 3839 Retorica.
814 3806 842 3837 n
878 3786 1025 3840 Exst.
1060 3788 1293 3840 Auctori
1339 3787 1423 3840 del
1466 3786 1564 3841 ben
1605 3788 1831 3855 parlare

136 3874 297 3926 Τοωο
336 3874 489 3939 XXX,
518 3889 648 3943 pag.
684 3875 772 3926 2t.

230 3964 330 4017 1V.
364 3992 432 4001 —
468 3961 577 4029 (34)
608 3962 768 4015 Liber
787 3961 852 4015 de
881 3962 1013 4016 Fide
1042 3962 1116 4015 ad
1159 3964 1378 4017 Petrum
1408 3966 1719 4017 Diaconum.

202 4049 413 4103 Prodiit
438 4049 677 4103 seorsim
727 4052 843 4103 sine
905 4051 1013 4104 loco
1060 4055 1109 4103 et
1152 4067 1313 4119 anno,
1342 4053 1535 4118 in-fol.
1564 4051 1676 4105 Sed
1704 4051 1830 4106 vide

142 4140 469 4205 Fulgentium
521 4143 675 4191 tomo
734 4139 828 4192 Ill.
882 4138 964 4193 Cf.
999 4155 1171 4209 supra
1220 4140 1279 4192 in
1330 4140 1629 4209 Opusculis
1676 4141 1745 4194 ad
1775 4158 1827 4196 a.

148 4228 286 4293 1473,
317 4243 374 4280 n.
416 4231 465 4280 1.
770 4256 781 4267 -

480 4324 542 4377 V.
566 4352 634 4361 —
667 4322 787 4392 (35)
819 4325 901 4377 De
922 4324 1142 4393 Spiritu
1170 4329 1219 4378 et
1257 4326 1485 4377 Anima.

210 4414 356 4465 1472.
391 4412 450 4467 S.
486 4412 522 4465 l.
571 4416 621 4464 et
662 4417 875 4480 typogr.
903 4430 916 4477 ;
948 4414 1119 4466 ἑτι-4ο.
1158 4413 1209 4465 S.
1258 4412 1561 4481 Augustini
1592 4412 1735 4466 liber
1763 4413 1832 4467 de

147 4499 319 4552 anima
346 4504 401 4553 et
444 4499 671 4569 spiritu,
704 4500 771 4554 de
815 4500 1108 4565 ebrietate,
1142 4501 1212 4555 ad
1242 4500 1490 4571 virgines
1537 4501 1606 4555 de
1660 4502 1833 4555 casti-

148 4591 248 4640 tate
276 4592 328 4641 et
372 4588 701 4653 sobrietate,
744 4589 812 4642 de
870 4593 1117 4659 quatuor
1169 4588 1472 4642 virtutibus
1516 4589 1827 4643 charitatis.

150 4672 208 4725 de
250 4674 594 4728 contritione
622 4674 824 4728 cordis.
888 4676 950 4728 ln
982 4675 1094 4729 fine
1125 4692 1137 4729 :
1185 4678 1396 4730 Finitus
1422 4681 1500 4729 est
1526 4677 1662 4729 liber
1692 4677 1835 4730 beati

151 4762 450 4831 Augustini,
476 4779 561 4832 ep.
607 4765 898 4831 Yponensis
947 4779 1066 4817 cum
1114 4766 1301 4817 ceteris
1334 4766 1642 4818 tractatulis
1680 4764 1833 4833 ejus-

151 4847 270 4902 dem.
309 4853 468 4905 Anno
534 4852 816 4904 millesimo
860 4851 1389 4918 quadringentesimo
1442 4855 1833 4921 septuagesimo

149 4940 356 4992 secundo
384 4942 575 5008 quinto
614 4940 741 4992 Idus
793 4940 927 4994 Nov.
978 4939 1169 4992 Exstat
1197 4939 1255 4991 in
1318 4938 1458 4992 Bibl.
1522 4939 1833 4993 Lubecensi

151 5026 385 5081 Gessner.
413 5028 449 5080 l.
497 5030 545 5093 l,
576 5043 631 5096 p.
666 5028 751 5079 26.
787 5027 839 5079 ls
868 5042 999 5079 vero
1024 5042 1091 5079 ex
1118 5027 1437 5080 litterarum
1460 5026 1832 5081 similitudine

150 5118 197 5166 et
239 5115 502 5169 cbartarii
556 5114 716 5185 signo
769 5114 973 5183 (capite
1025 5115 1278 5184 taurino)
1313 5115 1443 5185 jure
1482 5114 1674 5186 aliquo
1729 5130 1831 5168 suo

150 5205 466 5257 concludere
542 5204 648 5256 sibi
708 5202 947 5268 videtur,
1015 5205 1311 5271 Moguntiis
1384 5204 1535 5271 apud
1603 5205 1833 5258 Petrum

153 5290 497 5359 Schwﬂ'erum,
522 5292 621 5361 qui
652 5291 855 5345 eadem
884 5293 1068 5345 forma
1098 5292 1310 5362 absque
1348 5291 1458 5345 loci
1503 5296 1558 5345 et
1586 5291 1723 5344 anni
1752 5291 1834 5344 in-

157 5376 282 5433 dicio
327 5381 500 5435 libros
530 5381 595 5434 de
618 5383 733 5434 vita
766 5382 1093 5435 Christiana
1120 5386 1176 5435 et
1219 5396 1357 5435 verm
1385 5383 1511 5435 vitae
1538 5383 1834 5448 cognitione

1942 3120 2048 3156 nus
2100 3103 2633 3173 bibliograpliorum
2662 3101 2922 3171 cognitus
2952 3101 3139 3154 fuerit.
3181 3101 3483 3155 Summum
3510 3116 3641 3153 vero

1942 3193 2000 3245 in
2028 3209 2095 3245 eo
2126 3193 2195 3246 ad
2235 3197 2461 3245 aetatem
2505 3192 2738 3244 illorum
2794 3191 3201 3259 opusculorum
3253 3189 3643 3243 deliniendam

1941 3280 2115 3334 situm
2148 3297 2267 3333 esse
2295 3285 2656 3333 momentum
2690 3295 2859 3331 nemo
2882 3278 3045 3331 facile
3076 3277 3329 3347 negabit,
3363 3278 3406 3329 si
3437 3293 3507 3330 ne
3535 3278 3643 3331 mi-

1941 3367 2160 3420 nimum
2192 3366 2426 3436 quidem
2454 3365 2523 3418 ab
2554 3365 2666 3417 illis
2696 3365 2925 3418 ditlerre
2958 3363 3170 3418 dixero.
3198 3363 3361 3427 Quod
3392 3362 3439 3416 si
3470 3363 3645 3433 igitur

1939 3472 2067 3509 vere
2098 3472 2165 3507 ea
2196 3454 2474 3509 Guntheri
2518 3452 2741 3506 Zaineri
2772 3470 2805 3506 a
2846 3452 3189 3522 quibusdam
3238 3456 3376 3505 sunt
3404 3451 3641 3517 credita,

1940 3548 2002 3596 ut
2028 3542 2293 3612 equidem
2329 3542 2519 3594 nullus
2551 3541 2767 3601 dubito,
2802 3540 3079 3610 sequitur,
3116 3538 3486 3609 Hambergeri
3508 3554 3639 3592 sen-

1938 3633 2197 3695 tentiam,
2223 3632 2521 3683 Zainerum
2554 3634 2684 3698 post
2738 3644 2951 3680 annum
3010 3630 3143 3680 1472
3188 3627 3512 3680 charactere
3542 3642 3639 3695 go-

1936 3721 2088 3774 tbico
2113 3719 2194 3772 uti
2214 3717 2779 3786 desiisse,postquam
2805 3717 3057 3785 primum
3101 3730 3293 3768 mense
3335 3714 3641 3768 Novembri

1938 3808 2060 3877 ejus
2109 3806 2247 3860 anni
2288 3807 2572 3860 Romanos
2606 3811 2771 3874 typos
2799 3804 3011 3857 Isidoro
3060 3803 3444 3874 imprimendo
3474 3802 3641 3856 adhi-

1938 3895 2157 3950 buisset
2186 3895 2281 3962 (a),
2308 3894 2495 3963 ipsum
2532 3892 2818 3956 fefellisse,
2852 3892 3005 3962 quod
3051 3892 3337 3962 plerisque
3386 3890 3643 3943 accidere

1938 3983 2101 4045 solet,
2137 3982 2237 4051 qui
2292 3981 2464 4035 nimis
2492 3980 2701 4033 exactis
2747 3980 3007 4032 formulis
3038 3979 3248 4031 limites
3289 3994 3350 4031 ac
3383 3983 3643 4047 tempora

1939 4078 2248 4124 eventuum
2278 4074 2375 4122 ant
2420 4070 2814 4122 institutorum
2859 4066 3246 4135 quorumdam
3275 4064 3639 4118 circumscri-

1936 4159 2071 4212 bere
2100 4162 2315 4211 amant.
2367 4162 2441 4211 Ac
2485 4170 2750 4225 quaenam
2799 4170 2968 4206 causa
3015 4160 3132 4206 tam
3165 4152 3449 4223 repentini
3483 4151 3642 4205 fasti-

1942 4248 2023 4302 dii
2075 4245 2293 4301 Gothici
2328 4244 2668 4298 characteris
2702 4242 2762 4296 in
2800 4259 2866 4295 eo
2912 4242 3029 4295 viro
3086 4257 3215 4295 cum
3244 4240 3637 4295 verisimilitu-

1943 4337 2077 4391 dine
2107 4334 2250 4404 tingi
2280 4332 2459 4404 possit
2486 4334 2513 4385 ?

2694 4402 2992 4456 Versiones.

2017 4505 2170 4557 1489.
2205 4504 2332 4557 Sine
2372 4500 2481 4556 loco
2524 4505 2573 4553 et
2614 4504 2826 4567 typogr.
2888 4501 2939 4551 Α
2994 4497 3054 4550 di
3079 4498 3169 4551 XX
3196 4496 3256 4549 di
3285 4499 3479 4565 giogno
3516 4497 3643 4566 (sic)

1940 4594 2097 4645 ἱη-4ο
2128 4592 2261 4643 min.
2315 4610 2341 4637 «
2374 4588 2438 4640 Li
2466 4586 2745 4655 Soliloquj
2780 4585 2869 4638 del
2909 4585 3037 4639 divo
3088 4585 3266 4639 Padre
3300 4590 3461 4639 santo
3493 4589 3643 4655 Ago-

1939 4680 2106 4732 stino.
2160 4698 2186 4729 »
2227 4678 2529 4732 Character
2567 4674 2846 4727 rotundus
2895 4678 2997 4727 est.
3048 4674 3393 4727 Florentiam
3426 4674 3643 4727 natales

1940 4768 2062 4837 ejus
2096 4783 2213 4820 esse
2246 4764 2565 4834 suspicatur
2594 4762 2777 4817 editor
2798 4763 2926 4815 Cat.
2962 4764 3251 4815 Crevennae
3282 4764 3479 4816 noviss.
3514 4761 3575 4815 T.
3599 4761 3640 4824 1,

1987 4858 2155 4909 .111.

1940 4872 2171 4996 p.392:
2250 4943 2485 4995 Firense.
2558 4939 2607 4992 A
2678 4936 2738 4990 di
2802 4935 3120 5001 Novembre;
3181 4938 3346 4989 ενι-4ο.
3412 4956 3435 4985 ι
3492 4933 3643 4988 Soli-

1942 5031 2094 5101 loquj
2128 5029 2184 5084 di
2215 5033 2375 5083 santo
2403 5026 2725 5097 Augustino
2752 5024 2988 5095 volgari.
3018 5044 3045 5076 »
3077 5025 3203 5078 Cat.
3237 5024 3374 5078 Bibl.
3414 5024 3640 5079 Creveri-

1940 5135 2022 5172 περ
2050 5119 2247 5171 noviss.
2278 5118 2316 5170 1.
2349 5117 2384 5170 1.

2018 5207 2171 5259 1492.
2250 5204 2681 5258 Mediolani.....
2734 5202 2895 5255 ino80.
2950 5200 3127 5270 Hujus
3176 5199 3335 5265 anni,
3402 5198 3511 5253 loci
3578 5216 3643 5253 ac

1942 5294 2139 5347 formae
2165 5293 2485 5345 versionem
2518 5292 2768 5345 Italicam
2818 5290 3026 5342 horum
3068 5288 3345 5342 librorum
3385 5304 3638 5342 comme-

1948 5386 2134 5434 morat
2163 5380 2417 5434 Denisius
2448 5378 2655 5433 Garell.
2685 5378 2838 5432 Bibl.
2871 5393 2925 5445 p.
2967 5378 3093 5429 235.

219 5542 289 5601 (al
320 5542 621 5596 Zuverlass.
657 5542 889 5597 Nachrr.
921 5543 981 5595 Τ.
1006 5542 1109 5613 7.1V,
1143 5557 1200 5611 p.
1251 5542 1375 5605 806,
1426 5540 1525 5594 ubi
1557 5540 1625 5594 de
1654 5540 1980 5595 Zaineriana
2013 5540 2105 5594 ed.
2135 5540 2368 5593 Thomas
2399 5536 2669 5607 Kempisii
2698 5533 2976 5604 praecipit.
