3922 6188
217 322 319 374 189

1249 317 1522 376 ΝΟΤΙΤῙΑ
1568 318 1988 374 LITTERARIA
2028 320 2094 379 IN
2136 320 2188 373 S.
2235 319 2696 375 AUGUSTINUII.

3624 323 3726 375 190

209 443 362 496 Poet.
424 441 641 495 Christ.
687 443 854 496 Basil.
904 443 1060 506 1564,
1103 443 1274 502 iii-4°,
1313 458 1371 512 p.
1405 445 1529 509 815,
1564 446 1761 496 monet
1790 441 1908 496 Au-
1948 444 1991 498 A
2025 441 2255 513 signum
2302 443 2770 497 Schoetferianum
2824 443 3023 510 minio,
3083 447 3148 497 ut
3188 445 3348 512 solet,
3382 443 3723 514 impressum

211 529 487 598 diﬂ‘redus
509 532 566 583 in
589 531 707 586 Cat.
730 532 870 585 Bibl.
894 532 1151 587 Casanat.

754 620 839 672 IX.
873 650 942 659 ——-
969 620 1081 689 (42)
1105 619 1378 672 Manuale.

284 708 442 758 H71.
513 707 758 760 Turcisii
812 722 908 776 per
959 706 1266 760 Gerardum
1310 709 1495 761 Lisam
1533 707 1599 760 de
1629 705 1912 769 Flandria,

209 796 355 849 in-io
373 797 512 848 min.
547 795 604 848 S.
637 794 941 865 Augustini
973 795 1115 848 liber
1144 795 1213 848 de
1260 796 1474 861 Salute,
1500 794 1614 848 sive
1645 795 1714 849 de
1744 792 1914 862 Aspi-

207 882 442 936 ratione
493 883 700 936 animm
749 884 820 937 ad
865 885 1061 937 Deum.
1113 883 1198 936 Ad
1241 885 1448 938 calcem
1496 883 1697 938 litteris
1718 881 1914 937 uncia-

209 969 362 1024 libus
395 987 672 1024 excusum
713 970 911 1024 visitur

407 1058 700 1130 [noluit-de
731 1060 1009 1130 scriptoris
1028 1060 1373 1130 epigramma.

333 1120 516 1169 Gloria
545 1122 767 1170 debetur
791 1120 1005 1170 Girardo
1029 1120 1259 1169 makima
1284 1122 1429 1170 lisae.

336 1182 512 1246 Quem
544 1183 727 1246 genuit
756 1184 953 1246 campis
984 1183 1227 1231 Flandria
1246 1183 1384 1246 picta
1405 1184 1534 1231 suis.

338 1245 436 1292 Hic
466 1244 737 1292 Tarvisiua
767 1244 889 1292 naui
913 1246 1111 1307 primus
1153 1244 1311 1307 erepit
1333 1246 1386 1293 in
1409 1246 1554 1304 urbe,

333 1307 541 1354 Artiﬁci
566 1321 711 1355 raros
732 1321 848 1354 aere
873 1312 1056 1355 notare
1080 1307 1257 1355 libros.

335 1367 564 1432 Quoque
591 1370 757 1430 magis
782 1368 989 1417 faveant
1016 1369 1206 1417 excelsi
1231 1370 1456 1432 numina
1493 1368 1647 1430 regis.

333 1431 540 1478 Aurelii
563 1444 768 1478 sacrum
792 1445 934 1479 nunc
964 1445 1192 1480 unum
1215 1431 1376 1479 dedit.

937 1495 1176 1548 TARVISII

825 1565 890 1617 N.
923 1565 1111 1620 CCCC.
1140 1565 1312 1620 LXXI.

208 1669 446 1724 Constat
495 1670 669 1726 hocce
717 1671 1076 1741 opusculum,
1115 1688 1145 1725 a
1176 1687 1288 1742 quo
1310 1669 1749 1742 typographiam
1777 1669 1911 1722 Tar-
1952 1663 1974 1742 _'

209 1757 458 1812 visinam
508 1759 736 1813 initium
788 1759 1012 1813 duxisse
1051 1760 1367 1831 suspicatur
1397 1759 1658 1813 Morellus
1691 1758 1788 1828 (a),
1825 1756 1909 1810 fo-

210 1847 299 1900 liis
342 1863 439 1911 χχ,
492 1848 836 1918 impressum
885 1849 1208 1902 charactere
1249 1848 1492 1902 rotundo
1523 1847 1793 1917 eleganti,
1840 1845 1910 1898 li-

212 1936 335 1989 neis
382 1939 451 1990 22
501 1953 606 2006 per
649 1938 905 2007 paginas.
960 1937 1367 2007 Complectitur
1413 1937 1534 1990 sola
1563 1953 1692 1989 χχιν
1721 1935 1913 2006 priora

212 2025 399 2094 capita
431 2025 603 2095 juxta
665 2024 993 2096 sequiorum
1051 2026 1371 2080 editionum
1414 2024 1904 2080 distributionem.

211 2110 539 2179 Audi/fredi
580 2114 636 2165 in
658 2113 782 2167 Cat.
819 2113 962 2169 Bibl.
997 2115 1251 2169 Casanat.
1296 2114 1456 2168 Adde
1487 2115 1766 2170 Crevenna:
1792 2114 1908 2168 Cat.

211 2203 587 2255 novissimum.

573 2289 632 2342 Χ.
666 2319 732 2328 -
766 2290 878 2360 (44)
911 2290 1196 2359 Speculum
1230 2293 1554 2361 peccatoris.

282 2374 414 2429 Sine
435 2390 603 2443 anno,
631 2376 739 2429 loco
765 2381 816 2430 et
843 2382 1055 2446 typogr.
1074 2397 1095 2444 ;
1120 2380 1278 2432 ἑτι-4ο.
1315 2379 1371 2431 Β.
1419 2377 1726 2448 Augustini
1768 2379 1913 2448 Spe—

213 2461 408 2516 culum
456 2469 841 2533 peccatorum.
889 2468 1054 2520 Vetus
1110 2467 1272 2521 editio
1324 2470 1468 2521 circa
1517 2482 1719 2520 annum
1756 2469 1908 2520 1500.

213 2550 296 2604 Sic
322 2553 442 2607 Cat.
473 2553 616 2607 Bibl.
640 2556 770 2622 Reg.

279 2639 409 2692 Sine
441 2655 608 2700 anno,
639 2642 750 2694 loco
780 2645 832 2695 et
866 2646 1080 2711 typogr.
1106 2660 1120 2710 ;
1153 2644 1330 2709 in-fot.
1362 2643 1418 2697 S.
1443 2642 1747 2712 Augustini
1776 2642 1956 2712 Spe-’

211 2728 404 2780 culum
456 2729 787 2798 peccatoris.
833 2730 969 2784 Vide
1024 2747 1153 2801 quae
1193 2732 1261 2784 ad
1294 2731 1553 2785 libellum
1585 2731 1652 2786 de
1683 2733 1916 2801 Quanti-

212 2820 318 2869 (αρε
337 2819 542 2871 animae
571 2818 826 2887 ejusdem
859 2818 1122 2872 editionis
1147 2825 1280 2874 sunt
1305 2824 1519 2875 notata.

534 2906 691 2959 XL—
727 2909 836 2977 (47)
868 2908 933 2960 de
955 2924 1093 2962 verae
1121 2909 1258 2964 Vitae
1275 2911 1592 2976 cognitione.

466 3009 630 3100 ",zfm-
678 2997 988 3100 λιξουωξτίεε»
1040 2999 1192 3096 om,
1234 3000 1342 3096 Pet;
1403 2997 1680 3065 Semen
1741 3000 1805 3051 ut
1950 3026 1988 3082 ο
2022 2995 2729 3100 ...ααίηείρίιεριεείίέιη.
2765 3050 2791 3081 ,,

206 3082 421 3152 insigni
483 3083 616 3136 illus
673 3085 741 3138 ad
787 3086 996 3139 calcem
1057 3085 1233 3140 minio
1307 3086 1584 3157 impresso
1653 3090 1907 3156 apparet.

203 3174 349 3226 iii-4°
387 3171 600 3243 Incipit
631 3189 663 3226 a
686 3173 1070 3244 capitulorum
1113 3175 1306 3230 tabula
1335 3180 1449 3229 tres
1478 3191 1627 3245 pene
1674 3173 1912 3244 paginas

201 3264 544 3331 occupante,
593 3262 755 3332 cujus
800 3263 1062 3318 versiculi
1113 3280 1316 3318 novem
1363 3264 1582 3335 praeﬁxi
1631 3267 1764 3317 sunt
1806 3265 1911 3317 hoc

200 3347 447 3402 exordio
473 3363 486 3401 :

331 3437 826 3502 Augustinepater,
857 3440 1091 3502 aquilino
1120 3454 1266 3488 more
1300 3441 1519 3488 Joannis

332 3499 546 3563 Ingenii
575 3499 704 3549 velis
734 3503 864 3564 petis
893 3499 998 3551 alta
1024 3503 1296 3550 recondita
1326 3502 1466 3561 celis,
1499 3505 1596 3550 etc.

197 3581 264 3633 In
322 3580 480 3634 ﬁne:
531 3583 838 3649 Augustini
879 3582 944 3636 de
983 3599 1034 3635 υ.
1068 3600 1118 3637 υ.
1153 3599 1196 3636 c.
1233 3583 1441 3636 libellus
1465 3582 1711 3650 emplicit.
1765 3581 1909 3635 Cha-

197 3675 391 3722 racter
431 3671 605 3739 plane
652 3671 806 3724 idem
845 3676 930 3724 est
955 3687 1084 3724 cum
1110 3670 1487 3740 praecedentis
1519 3670 1649 3723 libri
1686 3669 1906 3723 formis.

194 3761 372 3830 Anno
424 3758 652 3811 circiter
707 3762 841 3812 1470
885 3776 1187 3828 procusam
1217 3759 1537 3830 suspicatur
1565 3758 1911 3813 Deburiusin

195 3845 323 3899 Cat.
356 3846 507 3900 Bibl.
553 3850 713 3901 Ducis
758 3849 822 3901 de
851 3851 906 3903 la
940 3850 1060 3904 Val.
1091 3851 1152 3903 Τ.
1181 3851 1228 3914 Ι,
1261 3866 1316 3919 p.
1357 3851 1472 3902 176.
1511 3848 1702 3901 Exstat
1733 3848 1910 3901 etiam

193 3933 262 3986 in
320 3935 468 3988 Bibl.
518 3935 844 3989 Lubecensi.
897 3938 958 3991 V.
1013 3938 1237 3993 Gessner
1285 3938 1464 4008 p.14,
1497 3953 1530 3990 a
1560 3953 1674 4008 quo
1729 3937 1908 3991 Schei-

197 4021 436 4076 hornius
480 4021 541 4075 in
599 4022 840 4077 diatriba
876 4025 950 4077 ad
986 4025 1194 4090 Qui-ria.
1247 4025 1496 4094 (Lindav.
1531 4028 1688 4091 1761,
1716 4025 1907 4094 ἑτι-40),

197 4125 256 4178 p.
322 4113 415 4175 37,
469 4116 526 4163 et
571 4111 962 4166 Schieindclius
1013 4113 1072 4166 in
1121 4114 1254 4167 Not.
1309 4113 1442 4166 hist.
1468 4113 1592 4167 crit.
1625 4113 1755 4168 libr.
1791 4118 1899 4166 vet.

199 4213 320 4251 rar.
357 4199 393 4253 l.
430 4215 675 4266 xxxxvu,
709 4201 1035 4256 laudantur.

279 4289 450 4342 1578.
500 4289 792 4344 Βαείιθεε...
845 4290 899 4343 S.
959 4290 1262 4360 Augustini
1313 4290 1382 4343 de
1430 4290 1706 4344 Trinitate
1754 4289 1906 4359 frag-
1947 4311 1991 4365 ι)

197 4381 476 4429 mentum
501 4393 565 4429 ex
603 4377 745 4430 libro
778 4378 878 4448 qui
906 4378 1236 4432 inscribitur
1265 4379 1332 4433 de
1373 4378 1711 4448 Cognitione
1757 4394 1907 4430 verte

197 4464 338 4516 vitm
406 4466 580 4533 (cujus
642 4467 842 4520 Auctor
900 4469 1169 4522 Honorius
1223 4468 1759 4537 Augustodunensis)
1816 4467 1907 4521 Gr.

201 4552 332 4605 Lat.
392 4555 440 4607 1.
490 4553 814 4608 Leunclavio
869 4557 1146 4624 inteprete.
1205 4558 1360 4609 Exst-
1415 4572 1545 4609 cum
1605 4555 1910 4624 Legatione

196 4639 345 4709 imp.
382 4642 531 4695 Caes.
572 4642 718 4695 Man.
753 4641 1030 4696 Comneni
1061 4644 1131 4696 ad
1164 4647 1463 4711 Armenos,
1501 4648 1607 4697 etc.

281 4731 440 4783 1670.
497 4733 740 4784 Romae...
799 4731 955 4784 Idem
1010 4747 1128 4785 cum
1185 4734 1288 4786 levi
1317 4732 1543 4800 aliquod
1571 4732 1903 4785 discrimine.

195 4818 357 4872 Exst.
440 4819 592 4872 inter
663 4819 947 4888 Opuscula
1017 4825 1200 4874 Aurea
1263 4821 1453 4874 Theo].
1527 4821 1906 4890 quorumdam

192 4905 416 4960 Graec.
473 4907 709 4961 collecta
765 4924 796 4962 a
848 4907 918 4960 P.
973 4909 1216 4964 Arcadio
1257 4925 1290 4962 a
1328 4925 1458 4978 pag.
1507 4911 1628 4963 672.
1663 4908 1754 4964 Sic
1783 4913 1904 4963 Au-

191 4993 472 5059 diﬂ'redus
492 4997 550 5048 in
580 4996 697 5050 Cat.
731 4996 872 5050 Bibl.
903 4998 1168 5051 Casanat.

598 5083 713 5137 XII.
738 5112 811 5124 —
836 5083 944 5153 (48)
967 5087 1039 5138 De
1068 5087 1194 5139 Vita
1215 5085 1547 5140 Christiana.

262 5172 402 5227 Sine
448 5187 590 5225 anno
634 5177 686 5223 et
730 5173 838 5225 loco
889 5172 1217 5243 (Moguntize,
1253 5173 1404 5242 apud
1442 5173 1587 5227 Petr.
1622 5171 1905 5241 Siue/Ter);

193 5264 354 5316 ἐπι-4ο
369 5301 383 5315 .
412 5262 623 5329 Incipit
650 5263 904 5329 prologus
926 5262 1068 5316 beati
1100 5264 1407 5329 Augustini
1429 5263 1494 5316 de
1513 5265 1628 5315 vita
1647 5264 1695 5316 X
1709 5264 1901 5331 pinna.

195 5352 256 5405 In
302 5351 461 5404 ﬁne:
523 5351 767 5420 Explicit
815 5351 949 5404 liber
1003 5351 1053 5403 b.
1113 5356 1265 5419 Aug.
1315 5351 1380 5405 de
1423 5368 1476 5405 υ.
1513 5353 1638 5407 Chr.
1673 5353 1779 5404 Hec
1806 5352 1903 5416 fa-

194 5441 389 5494 ciendo
415 5441 648 5509 quisque
690 5441 861 5492 vitam
903 5439 1163 5494 obtinebit
1185 5446 1439 5495 eternam.
1472 5442 1732 5494 Extremo
1776 5440 1900 5492 loco

265 5568 341 5634 (α)
379 5565 442 5618 In
470 5566 588 5619 Cat.
619 5564 760 5618 Bibl.
782 5565 971 5618 Pinell.

2027 531 2399 601 conspicitur.
2453 532 2754 587 Character
2799 547 2865 585 ex
2901 531 3138 585 Gothico
3170 533 3244 586 ad
3272 533 3586 588 rotundum
3623 535 3726 589 de-

2027 620 2221 687 ﬂectit,
2247 620 2344 673 sed
2374 636 2652 690 perquam
2684 619 2844 673 exilis
2876 624 2930 673 et
2960 621 3117 674 rudis
3172 625 3275 676 est.
3321 621 3640 689 Signatura:
3669 627 3728 676 et

2027 706 2254 760 numeri
2312 706 2579 760 foliorum
2625 708 2793 777 plane
2853 707 3080 761 absunt.
3131 709 3211 762 Cf.
3256 708 3377 763 Cat.
3411 710 3550 763 Bibl.
3581 711 3721 764 Duc.
3778 727 3782 731 '

2029 795 2093 848 de
2135 796 2188 848 la
2233 797 2353 850 Val.
2402 798 2463 851 T.
2506 798 2550 862 I,
2594 813 2650 866 p.
2709 798 2826 849 174.
2874 797 3164 850 Laudatur
3189 814 3417 868 quoque
3451 798 3512 851 in
3543 801 3715 855 Calai.

2027 885 2166 937 Bibl.
2203 887 2433 952 Bunav.,
2492 884 2745 954 itemque
2785 883 2844 936 in
2879 884 3018 938 Bibl.
3052 886 3359 939 Lubeceusi
3409 891 3611 941 exstat.

2098 973 2225 1026 Sine
2291 989 2430 1025 anno
2481 975 2733 1040 Parisiis,
2787 973 2937 1041 apud
2991 974 3157 1026 Joan.
3211 975 3498 1040 Lambert;
3560 977 3715 1028 ἑτι-8ο.

2027 1059 2193 1113 Liber
2249 1060 2400 1114 beati
2454 1059 2759 1131 Augustini
2803 1059 2871 1114 de
2921 1060 3043 1113 Vita
3100 1061 3438 1116 Christiana.
3472 1063 3602 1116 Haec
3659 1062 3718 1116 in

2027 1165 2295 1218 suprema
2323 1149 2551 1220 paginae
2589 1154 2771 1219 parte,
2807 1149 3028 1218 reliqua
3069 1149 3295 1220 signum
3338 1150 3581 1204 ofﬁcina:
3611 1167 3718 1220 pro

2027 1252 2182 1289 more
2219 1239 2645 1308 typothetarum
2676 1237 3083 1292 l’arisiensium
3118 1243 3360 1293 exeunte
3391 1240 3596 1293 saeculo
3626 1256 3720 1303 xv,

2027 1329 2084 1378 et
2117 1326 2219 1380 sub
2251 1326 2479 1381 initium
2509 1344 2596 1380 χγι
2623 1331 2879 1395 occupat.
2915 1328 2978 1380 In
3011 1327 3122 1379 ﬁne
3149 1344 3161 1380 :
3192 1328 3452 1396 Ewplicit,
3485 1332 3590 1383 etc.
3618 1330 3720 1382 Im-

2018 1427 2239 1480 pressus
2264 1417 2494 1483 parisiis
2526 1431 2626 1485 per
2648 1407 2905 1470 Johduem
2939 1416 3165 1470 lambert
3197 1420 3253 1470 in
3284 1419 3394 1471 vico
3422 1419 3598 1471 sancti
3615 1418 3718 1485 ja-

2026 1503 2142 1556 cobi
2161 1509 2567 1559 commorantem
2585 1521 2644 1574 p.
2675 1506 2942 1575 Dyonisio
2975 1507 3126 1560 Roce.
3181 1505 3406 1560 Littera:
3451 1510 3584 1560 sunt
3609 1507 3715 1560 Go-

2022 1591 2190 1646 thicm
2215 1593 2470 1647 minutae.

2098 1681 2253 1734 1467.
2314 1685 2414 1736 Per
2470 1683 2707 1736 Olricum
2763 1683 2850 1736 Zel
2906 1682 2971 1736 de
3023 1685 3272 1748 Hanow;
3321 1683 3497 1736 ἐνί-4ο.
3561 1682 3718 1736 Beati

2022 1768 2328 1838 Augustini
2358 1769 2505 1824 liber
2534 1771 2603 1823 de
2636 1769 2759 1823 Vita
2791 1769 3128 1824 Christiana.
3182 1770 3446 1841 Ejusdem
3481 1769 3624 1824 liber
3650 1771 3719 1824 de

2022 1857 2413 1927 singularitate
2456 1858 2811 1912 clericorum.
2865 1860 2926 1912 In
2952 1857 3067 1912 ﬁne
3108 1857 3441 1929 posterioris
3470 1873 3481 1904 :
3512 1859 3713 1927 Expli-

2023 1947 2095 1999 cit
2137 1947 2296 1999 Liber
2346 1947 2488 2000 beati
2527 1949 2809 2014 augustini
2841 1939 2945 2016 cpi.
2994 1949 3058 2001 de
3085 1949 3468 2014 singularitate
3497 1949 3712 2002 clerico-

2021 2049 2160 2087 rum.
2195 2036 2296 2088 Per
2349 2050 2429 2087 me
2485 2036 2722 2090 Olricum
2768 2037 2855 2089 ch
2913 2037 2978 2089 de
3030 2038 3213 2090 hanau
3270 2037 3464 2090 clericu
3505 2035 3702 2089 dioces.

2022 2124 2397 2189 Moguntinen.
2450 2125 2609 2178 Anno
2658 2125 2938 2178 millesimo
2967 2126 3442 2193 quatercentcsimo
3491 2138 3712 2190 sexage-

2021 2213 2157 2266 simo
2201 2214 2442 2280 septimo.
2499 2212 2654 2267 Prior
2701 2216 2973 2267 tractatus
3023 2229 3118 2265 xix
3160 2212 3318 2278 folia,
3367 2212 3506 2266 alter
3543 2227 3715 2265 χχχιιι

2023 2300 2440 2371 complectitur,
2472 2316 2720 2372 quorum
2751 2300 2991 2372 singulae
3034 2301 3260 2371 paginae
3290 2300 3456 2354 lineis
3480 2302 3544 2353 27
3575 2315 3712 2354 con-

2022 2393 2192 2442 stant.
2227 2389 2431 2442 Debure
2478 2389 2537 2441 in
2586 2390 2702 2443 Cat.
2763 2389 2928 2442 Ducis
2961 2388 3030 2442 de
3061 2389 3114 2442 la
3164 2389 3282 2442 Val.
3327 2389 3386 2440 T.
3422 2388 3465 2454 Ι,
3497 2403 3554 2458 p.
3597 2389 3711 2440 173.

2022 2475 2204 2546 Supra
2225 2477 2327 2529 sub
2354 2479 2624 2546 opusculis
2654 2477 2845 2546 plures
2878 2475 3133 2531 invenies
3161 2474 3467 2547 Augustini
3508 2479 3714 2528 tracta-

2024 2567 2113 2617 tus
2132 2563 2267 2617 huic
2295 2563 2533 2617 editioni
2565 2563 2722 2617 valde
2749 2562 2982 2629 similes,
3019 2563 3088 2616 ab
3119 2563 3321 2616 eodem
3353 2561 3506 2615 haud
3545 2561 3716 2614 dubie

2023 2652 2397 2723 typographo,
2434 2653 2580 2706 circa
2607 2668 2823 2705 annum
2861 2653 3020 2720 1470,
3051 2656 3112 2705 ut
3139 2654 3360 2721 putant,
3386 2650 3712 2720 impressos.

2172 2760 2318 2814 XIII.
2358 2785 2426 2801 —
2460 2760 2559 2828 (50)
2594 2761 2667 2812 De
2692 2760 2795 2812 XII
2823 2759 3141 2811 abusionum
3179 2756 3462 2824 gradibus.

2095 2857 2222 2911 Sine
2271 2872 2411 2909 anno
2450 2861 2500 2908 et
2547 2858 2683 2921 loco;
2735 2857 2924 2922 iri-fol.
2961 2877 2980 2903 α
3013 2854 3229 2908 Aurelii
3260 2852 3565 2924 Augustini
3594 2853 3718 2923 lpo-

2023 2944 2288 2996 nensium
2310 2943 2552 3013 presulis
2581 2942 2901 3012 dignissimi
2933 2942 3077 2996 liber
3106 2942 3174 2996 de
3201 2943 3291 2996 XII
3346 2940 3716 2994 abusionibus

2817 3032 2880 3083 In
2902 3030 3049 3084 ﬁne:
3079 3031 3227 3084 Laus
3254 3031 3370 3084 deo.
3392 3029 3712 3099 Separatim

2021 3136 2153 3174 vero
2184 3119 2316 3173 folio
2348 3119 2552 3172 ultimo
2584 3119 2862 3187 impressa
2892 3123 3025 3172 sunt
3056 3121 3368 3185 Augustini
3409 3119 3475 3172 de
3511 3119 3718 3184 origine

2021 3211 2215 3262 animae
2230 3209 2545 3262 electissima
2557 3209 2853 3261 auctoritas
2874 3211 2929 3260 et
2945 3209 3284 3274 Augustinus
3301 3207 3364 3260 de
3383 3207 3718 3260 divinatione

2021 3297 2337 3352 demonum.
2367 3297 2432 3349 In
2461 3296 2576 3350 line
2606 3296 2848 3349 iterum:
2901 3298 3046 3350 Laus
3097 3296 3211 3350 deo.
3249 3296 3389 3350 Hinc
3424 3299 3528 3360 est,
3563 3294 3717 3364 quod

2019 3378 2082 3438 in
2115 3385 2334 3439 duobus
2355 3384 2527 3454 huius
2557 3383 2823 3438 editiOnis
2845 3383 3121 3454 exemplis
3169 3384 3319 3454 apud
3349 3385 3712 3439 Seemillcrum

2019 3474 2153 3528 fasc.
2204 3475 2246 3539 Ι,
2288 3489 2344 3544 p.
2404 3475 2525 3540 190,
2579 3473 2822 3525 alterum
2852 3487 2967 3524 non
2999 3471 3110 3525 nisi
3149 3473 3490 3541 Opusculum
3526 3470 3715 3540 primo

2017 3562 2140 3615 loco
2168 3563 2678 3614 commemoratum
2713 3558 2996 3625 exhibeat,
3043 3560 3286 3612 alterum
3325 3563 3537 3628 praeter
3587 3559 3714 3612 reli-

2020 3666 2134 3720 qua
2165 3650 2277 3703 duo
2302 3667 2414 3703 uno
2443 3647 2576 3702 folio
2598 3648 3013 3717 comprehensa
3034 3647 3475 3717 praebeatetiam
3502 3650 3565 3701 B.
3591 3648 3717 3701 An—

2017 3740 2171 3792 selmi
2220 3739 2382 3792 libros
2437 3738 2543 3791 duo
2573 3737 2638 3791 de
2689 3753 2766 3796 eo,
2808 3752 2904 3789 cur
2931 3739 3069 3790 Deus
3121 3736 3318 3790 homo?
3371 3735 3573 3806 viginti
3612 3752 3718 3789 no-

2019 3843 2146 3881 vem
2176 3827 2326 3880 foliis
2344 3829 2673 3896 impressos.
2704 3855 2776 3864 —
2806 3824 3057 3894 Plagulae
3104 3827 3238 3876 sunt
3267 3828 3535 3893 quatuor.
3567 3822 3710 3876 Cha-

2020 3920 2261 3970 racteres
2305 3915 2526 3970 Gothici
2577 3914 2840 3967 rudiores
2899 3917 2954 3966 et
2990 3912 3303 3981 inaaquales
3358 3910 3523 3964 lineis
3579 3909 3708 3963 latis

2019 4003 2303 4074 impressi,
2363 4003 2424 4057 in
2471 4002 2680 4073 quibus
2737 4001 3024 4071 imprimis
3056 3999 3324 4069 frequens
3367 3999 3712 4068 syllabarum

2019 4093 2102 4146 de.
2129 4092 2206 4145 be.
2236 4106 2323 4159 po.
2355 4091 2434 4144 bo.
2471 4106 2552 4143 vo.
2595 4105 2671 4142 co.
2706 4091 2791 4142 ho.
2826 4089 2887 4141 in
2915 4103 3088 4141 unam
3119 4088 3363 4156 ﬁguram
3384 4085 3714 4150 contractio,

2019 4181 2129 4234 Nec
2159 4179 2364 4232 desunt
2379 4177 2576 4231 crebra
2596 4175 2942 4246 syllabarum
2963 4173 3318 4243 compendia.

2098 4269 2249 4321 1514.
2320 4268 2538 4334 Lipsiae,
2592 4267 2743 4319 iii—4°
2800 4265 2863 4318 D.
2915 4268 3048 4319 Aur.
3101 4266 3244 4334 Aug.
3297 4262 3462 4333 Hipp.
3513 4277 3606 4331 ep.
3647 4263 3715 4315 de

2020 4355 2320 4410 duodecim
2339 4355 2681 4408 abusionum
2711 4353 2980 4423 gradibus
3011 4352 3070 4405 in
3101 4352 3313 4405 mundo
3340 4367 3352 4404 :
3388 4350 3531 4404 liber
3560 4349 3716 4403 utilis

2020 4451 2192 4515 atque
2231 4444 2599 4499 delectabilis.
2626 4445 2690 4497 In
2740 4444 2872 4509 line,
2916 4446 3049 4512 post
3078 4441 3230 4495 tituli
3271 4440 3708 4510 repetitionem:

2022 4536 2260 4603 Lypssck
2278 4549 2379 4603 per
2409 4533 2816 4588 baccalaureum
2841 4533 3142 4586 Martinum
3164 4531 3589 4598 herbipolensem
3627 4528 3714 4581 di-

2019 4623 2243 4688 ligenter
2272 4625 2601 4690 impressus:
2639 4636 2782 4673 anno
2819 4637 2853 4672 a
2891 4621 3182 4674 nativitate
3209 4619 3414 4674 Christi
3436 4619 3714 4672 Millesimo

2017 4711 2436 4778 quingentesimo
2487 4713 2680 4775 quarto
2734 4707 2957 4761 decimo.
3015 4705 3410 4776 Subjiciuntur
3469 4704 3714 4774 insignia

2016 4798 2330 4868 typothetaa
2352 4797 2412 4850 in
2442 4796 2565 4866 ipso
2588 4796 2722 4848 line.

2090 4889 2243 4940 1521.
2286 4887 2603 4953 Augspurg,
2653 4883 2825 4936 durch
2871 4881 3093 4948 Sigism.
3145 4884 3358 4935 Grimm
3392 4880 3508 4933 und
3552 4881 3715 4934 Marx

2023 4973 2312 5040 Wirsung;
2351 4975 2505 5027 ἑτι-4ο.
2545 4995 2568 5022 ι
2623 4969 2972 5041 Augustinus
3010 4986 3117 5024 von
3149 4971 3261 5024 den
3288 4967 3505 5021 zwoeli’f
3526 4969 3712 5036 Stapf—

2013 5062 2126 5116 fein
2156 5063 2257 5116 der
2287 5061 2768 5132 Myssbrauchung
2796 5076 2906 5113 von
2937 5059 3067 5114 dem
3099 5074 3287 5112 neuen
3327 5059 3570 5126 Gesang,
3600 5057 3704 5110 wie

2013 5167 2148 5204 man
2179 5151 2278 5205 das
2308 5151 2481 5206 Reich
2509 5150 2610 5204 der
2640 5149 2835 5220 hymel
2863 5149 3135 5218 erlangen
3156 5161 3312 5215 mag,
3361 5147 3705 5200 vertentscht

2015 5239 2196 5294 durch
2226 5242 2400 5306 Georg
2424 5240 2796 5308 Spalatinum.
2835 5259 2854 5285 ι

2371 5347 2516 5400 XIV.
2549 5375 2618 5385 —
2650 5345 2762 5415 (55)
2790 5347 2865 5398 De
2892 5341 3250 5397 Antichristo.

2085 5446 2243 5498 1522.
2301 5445 2647 5498 Parisiis...
2704 5442 2764 5495 S.
2817 5438 3122 5510 Augustini
3184 5438 3573 5510 fragmentum
3638 5453 3706 5492 ex
