3926 6192
256 308 345 359 1⁷91

253 430 497 480 tractatu
541 424 610 478 de
660 423 1004 478 Antichristo
1055 419 1175 490 (qui
1204 419 1352 472 inter
1379 418 1604 472 Alcuini
1643 423 1700 471 et
1729 415 1946 472 Rabani
1986 419 2024 470 A

254 529 430 584 opera
485 511 809 583 reperitur).
864 512 1053 564 Exstat
1099 509 1159 561 in
1207 507 1455 563 Mirabili
1500 508 1660 572 libro,
1700 508 1796 572 qui
1826 507 1951 558 Pro-

249 605 484 675 phetias,
513 607 646 672 etc.,
673 601 1044 655 demonstrat.
1077 596 1398 666 Audiﬂ’red.
1427 595 1488 649 in
1519 596 1646 649 Cat.
1691 596 1945 650 Casa-nat.

255 692 396 746 Bibl.

574 779 690 833 XV.
719 807 786 816 —
815 775 923 845 (’75)
952 779 1021 830 De
1046 776 1274 830 essentia
1292 775 1626 828 Divinitatis.

331 887 484 940 1510.
543 885 745 953 Lipsiae
791 899 890 952 per
939 881 1342 950 Wolffgangnm
1415 878 1947 943 Monacens.;in-4°.

269 996 288 1023 ι
327 975 391 1027 D.
435 975 571 1026 Aur.
622 974 768 1041 Aug.
834 971 999 1040 Hipp.
1054 969 1221 1040 episc.
1254 969 1397 1022 liber
1433 968 1501 1022 de
1533 966 1778 1021 essentia
1808 964 1949 1018 divi-

257 1059 472 1126 nitatis,
526 1075 640 1130 quo
690 1057 1413 1128 Anthropomorphitarum
1467 1061 1523 1110 et
1568 1054 1951 1109 Vadianorum

255 1163 476 1201 errores
507 1162 576 1201 ex
607 1146 762 1200 falsis
794 1146 1174 1216 quorumdam
1203 1143 1680 1214 philosophorum
1727 1139 1952 1210 opinio-

257 1235 425 1290 nibus
469 1240 696 1289 exortos
745 1233 1031 1304 praecipue
1074 1234 1379 1302 reprobat:
1436 1233 1562 1286 luce
1604 1229 1811 1284 clarius
1856 1244 1951 1280 ex-

255 1321 474 1392 plicans
521 1322 838 1392 corporalia
867 1327 923 1374 et
960 1322 1212 1375 humana
1250 1320 1526 1374 membra.
1563 1335 1674 1372 non
1706 1317 1954 1371 carnali-

256 1415 344 1464 ter
374 1410 471 1464 sed
521 1410 893 1480 spiritualiter
934 1410 995 1463 in
1021 1409 1192 1462 sacris
1223 1409 1448 1475 litteris,
1481 1407 1763 1462 divinitati
1793 1405 1951 1459 attri-

259 1497 377 1553 bui.
428 1498 676 1552 Annexis
721 1498 1088 1569 quisbusdam
1140 1496 1622 1551 annotationibus.
1660 1513 1693 1548 a
1724 1496 1954 1549 doctore

259 1588 456 1653 Magno
501 1587 689 1641 Hundt
740 1585 1191 1656 Parthenopolit.
1238 1586 1296 1638 in
1353 1584 1659 1638 Academia
1699 1583 1951 1652 Liptzen.

260 1690 328 1728 ex
373 1679 632 1744 tempore
675 1674 959 1727 collectis:
1009 1672 1283 1727 Studiosis
1338 1677 1396 1726 et
1459 1671 1839 1742 philosophia:
1903 1673 1958 1722 et

262 1779 552 1817 sacrarum
599 1763 921 1816 litterarum
977 1763 1331 1816 amatoribus
1398 1761 1713 1815 admodum
1778 1758 1955 1830 proﬁ-

262 1852 408 1905 cuis.
476 1873 504 1900 »
563 1880 626 1892 -—
685 1851 986 1905 Prazmissa
1043 1855 1130 1904 est
1186 1850 1422 1905 editoris
1482 1866 1569 1920 ep.
1619 1849 1689 1903 ad
1719 1849 1962 1902 Paulum

262 1939 620 2005 Schillerum,
648 1938 854 2008 philos.
897 1943 953 1992 et
983 1938 1075 1993 SS.
1111 1939 1220 1992 litt.
1273 1938 1510 2008 profess.
1557 1937 1705 1991 data.
1740 1936 1800 1989 in
1833 1937 1961 1990 Col-

261 2025 374 2095 leg.
426 2025 674 2095 Princip.
739 2028 872 2080 1508
922 2027 1143 2080 decima
1186 2027 1431 2096 septima
1474 2024 1748 2079 Octobris.
1783 2025 1963 2077 Verba

263 2113 569 2183 Augustini
628 2120 685 2167 et
731 2114 1147 2168 Annotationes
1197 2114 1428 2168 alternis
1459 2130 1518 2167 se
1547 2112 1789 2166 invicem
1813 2113 1961 2165 exci-

263 2200 451 2269 piunt.
485 2201 550 2254 In
582 2201 725 2255 Bibl.
768 2203 966 2257 Colon.
1014 2203 1282 2256 laudatur
1313 2201 1486 2256 editio
1518 2200 1730 2256 Hundii
1760 2200 1964 2270 Lipsiae

271 2291 428 2358 l509,
454 2305 523 2344 ex
549 2291 852 2345 Becmanni
882 2292 1003 2346 Cat.
1032 2292 1172 2346 Bibl.
1201 2292 1461 2347 Francof.
1497 2308 1554 2362 p.
1589 2294 1675 2346 35.

1999 1706 2037 1760 Β

685 2429 928 2468 ARTICULI
968 2431 1193 2469 SBCUNDI
1233 2429 1530 2476 SEQUENTIA
1543 2456 1553 2468 .

329 2520 559 2571 Annales
588 2521 882 2572 editionum
927 2523 1258 2586 singulorum
1280 2523 1618 2587 S.Augustini
1647 2523 1901 2573 librorum

553 2621 580 2686 §
621 2621 714 2675 III.
746 2621 1082 2690 Scriptorum
1109 2637 1332 2690 prorsus
1373 2622 1679 2676 dubiorum.

696 2727 738 2780 Ι.
771 2757 842 2767 -
869 2729 933 2781 In
961 2729 1277 2783 Matthazum
1329 2727 1526 2784 Comm.

337 2829 466 2884 Sine
514 2844 655 2882 anno
691 2834 742 2884 et
800 2831 908 2884 loco
965 2831 1021 2884 S.
1073 2831 1387 2900 Augustini
1450 2830 1851 2885 commentarii
1904 2831 1966 2884 in

272 2917 622 2971 Matthasum.
676 2919 782 2971 Per
810 2919 1004 2972 omnia
1031 2919 1268 2973 editioni
1298 2921 1577 2973 librorum
1608 2920 1676 2973 de
1709 2919 1966 2974 doctrina

270 3004 590 3058 Christiana
633 3007 849 3076 absque
895 3007 1002 3060 loci
1051 3013 1108 3061 et
1155 3008 1291 3062 anni
1343 3008 1552 3062 indicio
1583 3024 1857 3077 expressae
1890 3008 1964 3060 si-
2003 2991 2042 3047 (ἶ

272 3091 436 3145 miles
482 3108 603 3145 esse
653 3094 826 3147 tradit
873 3097 969 3147 Ge.
1021 3097 1168 3162 Pray
1211 3095 1272 3148 in
1319 3097 1436 3152 Cat.
1477 3097 1622 3150 Bibl.
1654 3097 1793 3150 Bud.
1825 3097 1884 3149 Τ.
1925 3096 1966 3164 l,

270 3195 328 3247 p.
359 3181 445 3233 89.
488 3180 734 3250 Uterque
778 3181 924 3235 liber
962 3182 1137 3236 etiam
1169 3199 1284 3236 uno
1326 3184 1616 3236 volumine
1650 3183 1708 3236 in
1740 3183 1848 3237 ista
1881 3183 1970 3238 Bi-

268 3266 549 3320 bliotheca
592 3270 1184 3339 comprehendebatur
1232 3276 1288 3325 et
1328 3270 1528 3324 Praius
1581 3271 1970 3341 descripturus

273 3360 395 3408 erat
420 3356 756 3422 accuratius,
791 3356 848 3410 ni
879 3358 1148 3412 mutilum
1178 3358 1359 3428 .hujus
1397 3359 1718 3428 exemplum
1749 3358 1968 3413 fuisset.

271 3443 468 3497 Nescio
519 3460 592 3497 an
639 3444 713 3498 sit
748 3446 1029 3515 particula
1078 3447 1445 3512 Quaestionum
1501 3449 1965 3512 Evangelicarum

272 3547 402 3600 quae
427 3532 574 3586 inter
601 3533 852 3604 genuina
881 3551 938 3589 ιι.
972 3537 1032 3588 41
1070 3540 1456 3590 recensentur.

661 3640 726 3693 ΙΙ.
754 3667 828 3680 -
870 3641 952 3693 De
989 3641 1335 3695 Vanitatibus
1371 3643 1572 3695 saeculi.

344 3742 470 3796 Sine
517 3757 677 3810 anno,
730 3745 838 3797 loco
885 3750 936 3798 et
989 3750 1243 3814 typogr.;
1302 3747 1468 3800 ἐτι-4ο.
1541 3745 1597 3800 8.
1646 3745 1970 3816 Augustini,

275 3829 531 3900 episcopi
562 3831 958 3901 Hipponensis,
997 3837 1052 3887 1ο
1084 3833 1152 3886 de
1189 3834 1538 3888 Vanitatibus
1568 3835 1781 3895 saeculi,
1812 3837 1873 3888 2ο
1903 3835 1972 3889 de

276 3916 399 3970 Vita
429 3917 765 3973 Christiana.

347 4003 524 4075 Hujus
554 4007 819 4061 editionis
850 4009 1208 4075 memoriam,
1233 4013 1296 4063 ut
1317 4013 1403 4063 tot
1432 4009 1697 4077 aliarum,
1734 4027 1861 4080 quae
1887 4027 1971 4064 ra-

276 4095 497 4150 rissime
546 4096 685 4150 alias
732 4097 1058 4168 obtingunt,
1118 4101 1360 4152 servavit
1407 4099 1453 4152 cl
1497 4099 1793 4154 Seemiller
1834 4099 1969 4154 fasc.

277 4182 344 4249 II,
390 4198 448 4252 p.
510 4185 629 4238 150.
677 4183 940 4254 Separari
966 4185 1078 4239 duo
1104 4185 1224 4239 hzec
1257 4185 1533 4256 opuscula
1560 4201 1676 4240 non
1704 4189 1966 4256 possunt,

276 4274 448 4341 atque
494 4288 610 4326 una
659 4277 919 4326 constant
966 4273 1117 4327 foliis
1156 4290 1309 4336 χχιιι,
1358 4273 1524 4327 lineis
1561 4277 1627 4327 25
1674 4290 1778 4343 per
1806 4274 2014 4345 pagi-1)

277 4374 434 4423 nam,
478 4359 802 4412 charactere
854 4361 1088 4415 Gothico
1129 4361 1300 4430 paulo
1343 4362 1572 4429 majori,
1624 4361 1872 4432 oblongo
1917 4367 1975 4416 et

279 4446 592 4512 luculento,
634 4447 854 4516 eodem,
902 4461 1016 4516 quo
1065 4449 1356 4502 Conradus
1388 4449 1556 4502 Finer
1603 4449 1971 4518 Esslingensis

280 4549 416 4588 usus
444 4539 528 4586 est
577 4535 667 4602 (a),
701 4535 1009 4604 impressis.
1064 4536 1280 4590 Absuut
1319 4537 1598 4604 custodes,
1636 4537 1968 4607 signaturaa,

281 4621 506 4675 numeri
550 4626 604 4675 et
640 4621 1039 4694 inscriptiones
1081 4625 1454 4696 paginarum.
1516 4629 1784 4680 Attamen
1845 4625 1973 4680 duae

283 4709 525 4764 initiales
564 4709 763 4764 litteras
813 4713 1020 4766 horum
1075 4715 1478 4784 opusculorum
1531 4714 1730 4768 formis
1769 4715 1974 4786 ligneis

281 4798 574 4868 impressae
620 4804 770 4854 sunt.
831 4800 1104 4855 Initium:
1153 4804 1364 4872 Incipit
1406 4804 1542 4856 liber
1579 4804 1881 4870 Augustini
1909 4803 1975 4857 de

288 4889 635 4943 Vanitatibus
683 4890 864 4943 seculi.
920 4889 1036 4943 Sub
1090 4891 1265 4944 finem
1323 4891 1443 4944 folii
1519 4893 1705 4962 quinti
1762 4891 1976 4962 pagina

279 4993 473 5030 aversa
520 4977 741 5031 duabus
791 4978 986 5031 lineis:
1033 4981 1276 5048 Emplicit
1307 4981 1440 5033 liber
1468 4981 1644 5033 sancti
1670 4982 1977 5048 Augustini

282 5065 348 5118 de
406 5066 750 5120 Vanitatibus
790 5068 954 5120 seculi
1009 5069 1264 5132 feliciter.
1313 5069 1454 5121 Tum
1499 5068 1557 5120 in
1607 5068 1791 5122 fronte
1857 5069 1976 5122 folii

281 5153 456 5205 sexti:
505 5156 763 5220 Prologus
812 5155 943 5208 libri
990 5156 1132 5209 beati
1170 5158 1472 5222 Augustini
1502 5156 1566 5210 de
1602 5158 1729 5210 Vita
1760 5159 1977 5225 Xpiana

281 5241 478 5308 incipit
504 5243 772 5307 feliciter;
806 5249 975 5313 atque
1006 5243 1066 5296 in
1097 5248 1351 5296 extrema
1377 5243 1604 5296 tandem
1634 5243 1845 5314 pagina
1875 5245 1975 5296 tri-

283 5326 388 5380 bus
436 5326 630 5381 lineis:
672 5331 915 5399 Explicit
962 5331 1097 5385 liber
1132 5334 1317 5392 sancti,
1367 5334 1674 5400 Augustini
1726 5332 1791 5385 de
1850 5334 1978 5387 Vita

355 5451 432 5522 (a)
481 5452 651 5522 Cujus
693 5455 875 5524 gratia
922 5456 1163 5510 lectores
1209 5455 1435 5524 ablegat
1475 5457 1544 5511 ad
1572 5456 1806 5512 Gerhohi
1833 5457 1976 5512 Stei-

282 5525 571 5592 genberger
603 5525 1049 5581 literarisch-krit
1091 5528 1243 5583 Abh.
1274 5528 1364 5581 ub.
1407 5527 1493 5582 die
1522 5543 1636 5581 zwo
1680 5528 1977 5583 alleraelte-

1268 295 1821 352 SUPPLEMENTUM
1863 294 1950 348 AD
1989 292 2219 347 OPEBA
2259 291 2314 346 S.
2357 288 2746 346 AUGUSTINI.

3646 285 3742 337 192

2060 413 2386 467 Christiana
2409 414 2677 479 feliciter.
2710 411 2992 464 Caeterum
3023 409 3238 463 nescire
3269 424 3361 461 me
3391 408 3591 474 fateor,
3635 422 3746 477 quo

2058 503 2306 573 primum
2357 507 2658 554 tractatum
2708 499 2973 566 referam,
3023 497 3283 567 suspicor
3327 501 3540 560 tamen,
3596 511 3750 548 eum-

2060 591 2189 645 de'n
2220 606 2340 644 esse
2371 606 2500 644 cum
2527 604 2809 654 sermone,
2845 587 2944 657 qui
2975 587 3146 656 vulgo
3178 587 3244 638 de
3279 588 3533 640 Vanitate
3563 582 3756 638 saculi

2058 679 2408 745 inscribitur,
2442 678 2590 731 inter
2620 677 2796 731 dubia
2825 676 3040 729 relatus
3074 691 3230 728 num.
3265 677 3316 727 9.

2061 768 2155 821 ΙΙΙ.
2205 795 2265 806 -
2325 767 2618 836 Expositio
2701 765 2943 835 Symboli
3002 767 3053 817 et
3123 762 3403 818 Orationis
3450 761 3754 814 Dominicaz.

2131 856 2256 909 Sine
2293 869 2453 919 anno,
2483 855 2598 907 loco
2641 859 2689 907 et
2737 852 3095 921 typographo,
3127 851 3327 916 in-fol.
3360 849 3413 902 S.
3451 846 3762 917 Augustini

2063 945 2117 996 10
2157 942 2442 1012 Expositio
2492 941 2764 1012 Symboli.
2808 944 2865 994 2ο
2911 939 3177 1011 Ejusdem
3228 936 3506 1008 expositio
3546 933 3762 991 Oratio-

2061 1030 2147 1084 nis
2180 1030 2506 1084 Dominicie.
2577 1019 2581 1024 ’

2132 1121 2552 1173 Commemorat
2581 1119 2693 1172 duo
2722 1117 2845 1171 hinc
2875 1116 3168 1186 opuscula,
3201 1130 3331 1168 cum
3363 1113 3580 1182 aliquot
3608 1109 3760 1163 Tho-

2060 1224 2170 1262 mas
2214 1207 2511 1278 Aquinatis
2558 1211 2615 1260 et
2665 1206 2891 1260 Henrici
2933 1203 3004 1258 de
3049 1203 3262 1269 Hassia,
3313 1202 3464 1256 idem
3494 1215 3643 1269 pene
3667 1214 3761 1250 ar-

2063 1301 2399 1366 gumentum
2425 1294 2901 1349 concernentibus
2933 1298 2989 1347 et
3035 1291 3237 1346 iisdem
3271 1289 3420 1361 typis
3458 1285 3760 1357 expressis,

2063 1389 2375 1454 compacta,
2419 1384 2488 1438 cl.
2548 1383 2821 1438 Seemiller
2867 1383 2999 1435 fasc.
3051 1381 3094 1447 l,
3135 1397 3190 1451 p.
3224 1382 3323 1433 152
3355 1394 3440 1447 sq.
3479 1377 3764 1445 lmpressa

2065 1478 2198 1526 sunt
2227 1473 2547 1526 charactere
2579 1470 2811 1524 Gothico
2859 1469 3121 1524 nonnihil
3176 1465 3382 1537 majori
3406 1470 3463 1518 et
3488 1464 3760 1531 oblongo.

2066 1559 2600 1630 lnterpunctionum
2633 1558 2796 1628 signa
2825 1561 2957 1612 sunt
2988 1559 3284 1628 punctum,
3316 1568 3538 1608 comma
3587 1565 3767 1620 supra

2069 1653 2124 1702 et
2152 1648 2299 1701 infra
2329 1647 2539 1700 lineam
2568 1646 2924 1716 prominens,
2956 1643 3046 1698 cui
3074 1641 3364 1696 interdum
3392 1643 3672 1710 punctum
3703 1637 3769 1690 in

2070 1737 2313 1790 formam
2361 1734 2509 1805 signi
2554 1733 2905 1788 exclamandi
2953 1730 3153 1801 subjici
3206 1729 3293 1783 vir
3348 1729 3609 1782 laudatus
3639 1725 3770 1780 ani-

2070 1823 2398 1879 madvertit.
2440 1822 2629 1877 Liueaa
2655 1821 2887 1892 triginta
2918 1837 3023 1891 per
3050 1819 3319 1890 paginam
3349 1817 3634 1886 integram
3665 1829 3774 1867 nu-

2071 1915 2399 1964 merantur:
2457 1907 2706 1973 numeri,
2764 1907 3098 1977 signaturaa,
3145 1903 3429 1968 custodes,
3485 1917 3590 1955 nec
3647 1915 3774 1953 non
3850 1905 3855 1910 '

2069 1997 2315 2051 initiales
2344 1995 2550 2050 litterae
2581 1995 2804 2048 desunt.

2140 2086 2265 2139 Sine
2306 2099 2464 2149 anno,
2498 2083 2610 2136 loco
2638 2087 2687 2134 et
2727 2087 2941 2152 typogr.
2969 2081 3156 2148 fin-4°
3194 2081 3326 2132 min.
3370 2077 3425 2132 S.
3459 2072 3778 2144 Augustini

2076 2175 2129 2224 1ο
2181 2185 2368 2224 sermo
2423 2184 2593 2238 super
2650 2169 2905 2221 oratione
2960 2165 3278 2232 Dominica,
3348 2167 3406 2218 2ο
3473 2160 3778 2232 Expositio

2075 2257 2351 2330 Symboli,
2388 2260 2444 2311 3ο
2473 2257 2669 2309 Sermo
2699 2256 2768 2310 de
2798 2255 3071 2311 ebrietate
3103 2255 3372 2310 cavenda.

2142 2347 2272 2401 Tria
2302 2347 2424 2399 haec
2453 2345 2746 2414 opuscula,
2779 2360 3026 2414 quorum
3056 2359 3229 2414 penes
3257 2341 3524 2396 eumdem
3578 2338 3782 2391 virum

2073 2435 2301 2488 doctum
2351 2433 2484 2487 fasc.
2536 2434 2583 2494 Ι,
2636 2449 2692 2502 ρ.
2749 2436 2867 2500 163,
2908 2432 3190 2488 memoria
3234 2434 3318 2484 est
3349 2429 3597 2500 prodita,
3653 2442 3782 2479 uno

2071 2525 2362 2579 volumine
2403 2539 2499 2575 \m
2545 2521 2837 2590 foliorum,
2877 2523 2975 2588 ita,
3028 2527 3090 2576 ut
3151 2519 3403 2590 separari
3455 2520 3783 2588 nequeant,

2072 2610 2656 2682 comprehenduntur.
2720 2610 3103 2676 Charactcres,
3146 2609 3350 2664 eodem
3400 2612 3562 2672 teste,
3635 2610 3787 2658 sunt

2073 2699 2312 2763 Gothici,
2345 2696 2576 2761 minuti,
2608 2697 2705 2750 sed
2732 2698 3039 2752 admodum
3071 2698 3336 2769 pingues,
3369 2711 3486 2749 non
3533 2693 3784 2748 absimi-

2073 2790 2154 2842 les
2185 2787 2252 2842 iis
2282 2803 2424 2858 quos
2474 2785 2758 2855 imprimis
2792 2788 3084 2842 Udalricus
3113 2787 3204 2841 Zel
3235 2786 3567 2857 frequenter
3611 2781 3786 2834 adhi»

2074 2878 2216 2943 buit,
2267 2876 2518 2930 minores
2560 2878 2774 2928 tamen.
2825 2874 3210 2930 Distinctionis
3262 2873 3491 2943 signum
3531 2871 3786 2940 laqueus

2072 2967 2176 3021 hac
2201 2966 2384 3020 forma
2431 2965 2443 3038 |
2491 2988 2534 3013 ν.
2582 2963 2594 3032 Ι
2628 3007 2640 3018 .
2676 2963 2957 3029 Numeris,
2990 2962 3317 3033 signaturis,
3351 2957 3678 3014 custodibus
3726 2964 3790 3010 et

2078 3054 2280 3109 litteris
2308 3053 2623 3108 initialibus
2654 3054 2819 3105 caret.
2850 3051 3064 3114 Pagina
3084 3051 3251 3121 juxta
3285 3048 3464 3103 lineas
3509 3049 3574 3099 27
3619 3059 3792 3098 com-

2079 3142 2362 3212 plectitur.

2449 3233 2546 3284 IV.
2580 3232 2748 3284 —De
2801 3230 3002 3282 virtute
3059 3227 3413 3280 Psalmorum.

2151 3338 2276 3392 Sine
2312 3351 2472 3397 anno,
2505 3337 2613 3389 loco
2642 3339 2692 3388 et
2712 3339 2924 3403 typogr.
2956 3353 2972 3398 ;
3000 3333 3173 3386 iii-40.
3207 3333 3271 3384 ln
3296 3330 3483 3384 fronte
3511 3345 3524 3382 :
3575 3329 3794 3397 Incipit

2079 3427 2419 3492 Augustinus
2469 3428 2540 3479 De
2585 3427 2785 3477 virtute
2828 3422 3180 3492 psalmorum.
3233 3421 3295 3473 In
3346 3418 3497 3472 ﬁne:
3531 3417 3793 3485 Emplicit

2077 3516 2419 3583 Augustinus
2462 3513 2526 3566 de
2564 3515 2766 3566 virtute
2809 3511 3163 3580 psalmorum.
3212 3508 3290 3563 Cl.
3335 3506 3608 3562 Seemiller
3638 3505 3794 3559 fasc.

2083 3605 2153 3673 ll,
2196 3620 2254 3674 p.
2311 3605 2427 3657 163.
2471 3603 2820 3671 Impressum
2867 3604 2952 3653 est
2988 3599 3281 3661 volumen,
3325 3597 3433 3650 hoc
3465 3599 3632 3658 teste,
3667 3593 3795 3646 Go-

2077 3692 2231 3746 thico
2261 3692 2580 3745 charactere
2611 3688 2916 3759 singularis
2945 3687 3143 3741 forma:
3174 3689 3232 3739 et
3255 3686 3424 3755 justas
3476 3681 3799 3752 magnitu-

2081 3778 2231 3834 dinis
2277 3778 2337 3831 in
2383 3778 2578 3831 charta
2626 3776 2755 3830 alba
2803 3791 2866 3828 ac
2913 3774 3112 3840 nitida,
3162 3774 3376 3844 absque
3420 3769 3798 3833 custodibus,

2083 3866 2355 3933 numeris,
2406 3869 2513 3920 etc.
2572 3863 2682 3918 nisi
2727 3862 2883 3933 quod
2925 3862 3118 3932 priora
3152 3861 3408 3932 quinque
3456 3859 3592 3913 folia
3614 3862 3803 3928 typo-

2081 3955 2333 4026 graphus
2371 3950 2632 4022 signavit.

2154 4045 2280 4099 Sine
2335 4056 2495 4095 anno.
2558 4039 2788 4093 Parisiis
2828 4052 2924 4107 per
2953 4038 3178 4106 Dionys.
3212 4035 3387 4104 Roce;
3441 4035 3595 4087 iri-8°.
3671 4034 3805 4086 Au-

2081 4131 2344 4202 gustinus
2376 4130 2444 4184 de
2474 4127 2689 4183 Virtute
2738 4127 3112 4180 Psalmorum.
3155 4123 3569 4195 Typographus
3608 4138 3678 4175 ex
3716 4122 3804 4175 si-

2084 4237 2197 4291 gno
2225 4218 2392 4273 titulo
2433 4217 2714 4287 impresso
2761 4213 3034 4268 noscitur.
3066 4212 3190 4267 Vid.
3225 4229 3293 4267 ex
3322 4212 3519 4266 eadem
3551 4210 3812 4264 ofﬁcina

2083 4309 2295 4362 librum
2344 4307 2408 4360 de
2457 4308 2586 4361 Vita
2633 4302 2977 4360 Christiana.
3012 4303 3077 4355 In
3107 4303 3225 4357 Cat.
3259 4301 3398 4355 Bibl.
3431 4299 3583 4354 Bodl.
3613 4299 3812 4368 hujus

2080 4396 2212 4450 libri
2243 4395 2413 4450 editio
2448 4393 2741 4466 quaternis
2770 4393 2886 4446 sine
2911 4392 2948 4445 l.
2982 4396 3030 4444 et
3052 4407 3104 4445 a.
3134 4391 3336 4444 indicio
3361 4389 3506 4444 facta
3556 4403 3811 4442 memo-

2082 4489 2258 4538 ratur.

2756 4586 2980 4641 CAPUT
3012 4586 3101 4639 IV.

2204 4698 2551 4763 Deﬂoratores
2588 4697 2637 4747 et
2665 4693 3110 4749 Commentatores
3135 4691 3400 4759 przcipui
3427 4692 3667 4758 Operam

2723 4782 2786 4836 S.
2820 4781 3141 4848 Augustini.

2153 4890 2449 4946 Casimirus
2479 4886 2723 4942 Oudinus
2751 4885 2812 4939 in
2859 4885 3284 4940 Commentario
3315 4885 3381 4938 de
3409 4885 3833 4954 Scriptoribus

2082 4978 2472 5033 Ecclesiasticis
2493 4976 2671 5029 Tomo
2701 4975 2745 5034 Ι,
2791 4989 2923 5044 pag.
2978 4975 3104 5042 990,
3154 4973 3411 5027 absoluta
3433 4973 3554 5042 jam
3576 4972 3832 5028 notitia

2085 5067 2153 5120 de
2183 5066 2316 5130 vita,
2375 5063 2602 5133 scriptis
2641 5068 2698 5116 et
2745 5061 3095 5116 editionibus
3134 5062 3188 5117 S.
3224 5059 3554 5132 Augustini,
3582 5059 3828 5131 singu-

2083 5157 2200 5210 lare
2281 5157 2455 5223 caput
2518 5152 2584 5206 de
2645 5151 3058 5218 Deﬂoratoribus
3125 5151 3208 5204 vel
3259 5150 3828 5205 Commentatoribus

2085 5247 2149 5298 D.
2171 5243 2488 5310 Augustini,
2523 5245 2634 5294 tam
2670 5241 2934 5307 antiquis,
2968 5254 3133 5308 quam
3171 5237 3470 5292 recentibus
3495 5239 3845 5306 pracipuis

2082 5330 2416 5403 perscripsit
2470 5333 2528 5384 et
2581 5327 2818 5398 reliquis
2871 5333 3166 5398 tamquam
3209 5329 3498 5396 septimum
3535 5326 3848 5384 ultimum

2086 5461 2164 5511 ste
2188 5455 2338 5522 gedr.
2389 5453 2640 5508 deutsche
2686 5452 2891 5517 Bibeln,
2953 5455 3086 5517 etc.,
3126 5450 3228 5522 qui
3254 5450 3388 5504 Tab.
3437 5449 3533 5514 IlI,
3566 5464 3624 5502 n.
3662 5451 3704 5502 3
3766 5461 3856 5510 et

2086 5529 2141 5594 4,
2176 5521 2444 5580 eumdem
2484 5539 2595 5578 aere
2625 5522 2992 5578 incidendum
3018 5521 3255 5576 curavit.
