3922 6188
105 320 185 370 193
1109 312 1375 368 NOTITIA
1419 313 1833 367 LITTEBARIA
1875 313 1943 365 IN
1984 312 2039 365 S.
2082 312 2543 367 AUGUSTINUM.

3480 316 3577 367 194

94 433 301 502 adjecit.
336 434 517 496 Quem
550 430 725 485 secuti
750 433 1015 485 Auctores
1064 433 1139 485 Μ.
1187 431 1523 485 Bibliotheca
1582 432 1767 485 Eccle—
1806 433 1849 486 Α
1882 430 2197 498 Apostolum
2236 446 2302 483 ea:
2349 432 2610 500 Operibus
2660 433 2956 498 Augustini
3003 435 3327 503 decerptum,
3376 438 3581 506 grandi

91 523 305 574 siastica
336 522 682 587 Coloniensis,
712 524 897 572 totum
955 535 1100 588 pene
1158 523 1379 571 servata
1423 517 1595 571 etiam
1649 519 1772 590 epi-

92 611 288 679 graphe
314 608 374 661 in
403 607 841 661 commentarios
873 623 1023 675 suos,
1068 623 1202 659 voce
1234 611 1576 663 AUGUSTINUS
1608 624 1766 662 num.

93 698 163 761 Vl,
197 713 324 766 pag.
372 700 498 762 767,
534 697 867 761 retulerunt,
924 695 1003 748 ita
1047 699 1259 762 tamen,
1316 702 1381 750 ut
1424 697 1649 751 resectis
1680 697 1769 763 iis,

91 784 141 836 de
172 783 379 853 quibus
408 783 520 835 alio
553 783 673 835 loco
703 781 1062 835 commodius
1088 782 1256 834 verba
1279 782 1565 848 fecissent,
1598 800 1771 837 auxe-

90 872 187 925 rint
233 874 410 924 etiam
467 887 584 924 non
642 869 984 941 panitendis
1042 869 1445 924 additionibus.
1481 870 1772 941 Optimum

89 959 403 1013 institutum
458 975 490 1011 a
518 958 679 1011 nobis
705 974 821 1010 non
850 956 967 1009 sine
1003 958 1284 1010 lectorum
1314 958 1657 1011 detrimento
1676 958 1772 1011 de-

91 1047 184 1100 seri
214 1063 382 1118 posse
412 1047 736 1101 videbatur.
794 1046 899 1100 Sed
956 1046 1342 1099 intelleximus
1400 1047 1591 1113 etiam,
1646 1063 1773 1118 qua

90 1136 291 1189 abillis
325 1134 634 1187 novissime
675 1138 940 1203 congesta
972 1138 1152 1194 erant,
1212 1134 1407 1203 paucis
1445 1139 1667 1189 tantum
1712 1135 1774 1188 in

89 1223 211 1277 locis
242 1222 704 1277 emendationem
734 1222 986 1293 aliquam
1024 1221 1347 1277 desiderare
1406 1229 1461 1277 et
1508 1224 1774 1294 pauciora

87 1314 283 1378 inesse,
314 1329 444 1383 qua
477 1316 685 1365 nostra
717 1311 1036 1364 tractationi
1076 1317 1209 1381 apta
1257 1329 1371 1365 non
1404 1318 1607 1366 essent.
1665 1315 1773 1367 Nec

86 1402 420 1472 sperandum
448 1400 577 1466 fuit,
607 1404 670 1453 ut
706 1400 814 1469 ipsi
836 1400 1118 1469 ampliora
1148 1401 1571 1469 quodammodo
1603 1402 1772 1455 dare-

87 1507 222 1555 mus,
250 1488 598 1560 quinimmo,
629 1504 756 1559 qua
788 1488 848 1540 in
904 1488 1163 1560 proprias
1194 1490 1491 1543 schedulas
1519 1490 1773 1560 digesse-

83 1595 269 1631 ramus
301 1578 371 1631 ad
402 1578 573 1630 hocce
632 1582 1036 1647 argumentum
1098 1578 1433 1648 spectantia,
1468 1578 1534 1631 ad
1594 1594 1773 1633 unum

82 1667 266 1720 omnia
298 1666 501 1719 abillis
541 1669 813 1734 occupata
837 1680 957 1717 esse
997 1663 1387 1734 cognovimus.
1420 1664 1775 1735 Quapropter

82 1756 401 1809 nullatenus
428 1753 839 1818 dubitavimus,
873 1752 1157 1823 quidquid
1185 1753 1247 1805 in
1274 1757 1397 1806 tota
1426 1754 1531 1807 hac
1563 1754 1773 1808 Oudini

81 1849 131 1897 et
158 1842 588 1898 Coloniensium
618 1842 1013 1896 dissertatione
1042 1842 1204 1895 nobis
1240 1842 1601 1912 probaretur,
1636 1842 1774 1913 ipsis

82 1947 274 1985 eorum
324 1931 514 1985 verbis
560 1931 671 1984 huc
718 1930 1047 1995 transferre,
1082 1930 1398 1984 dummodo
1443 1947 1559 1983 non
1589 1931 1773 1985 alieno

82 2021 280 2074 merito
310 2019 629 2090 quidquam
660 2017 1002 2073 subtraxisse
1038 2018 1380 2073 videremur.

150 2110 373 2163 Primus
392 2109 499 2162 fuit
521 2110 578 2163 S.
609 2111 838 2177 Prosper
859 2110 1198 2177 Aquitanus,
1252 2108 1350 2178 qui
1382 2108 1531 2161 circa
1561 2124 1773 2161 annum

80 2201 179 2251 450
207 2198 424 2251 librum
453 2198 847 2253 Sententiarum
876 2212 943 2269 ea:
969 2197 1023 2251 S.
1058 2198 1369 2261 Augustino
1416 2197 1777 2250 delibutarum

80 2286 337 2351 confecit,
411 2284 597 2339 studio
650 2287 744 2339 J0.
802 2301 837 2337 a
905 2285 1105 2338 Fuchte
1158 2284 1460 2354 aliquoties
1539 2284 1776 2337 seorsim

82 2374 314 2439 editum,
341 2374 411 2427 de
442 2390 556 2444 quo
591 2390 692 2426 nos
724 2390 826 2427 suo
858 2374 996 2426 loco.
1059 2372 1448 2437 Colonienses,
1508 2372 1672 2426 titulo
1707 2373 1773 2425 li-

82 2463 161 2515 bri
191 2479 311 2515 non
342 2462 478 2515 satis
507 2462 727 2531 integro
785 2462 1023 2529 inducti,
1059 2461 1393 2515 memoriam
1444 2462 1567 2530 ejus
1624 2466 1777 2514 tam-

86 2566 248 2620 quam
282 2550 466 2620 ipsius
488 2549 721 2602 editoris
751 2550 954 2620 opella
990 2554 1117 2619 post
1172 2552 1392 2603 Lumnii
1448 2552 1777 2603 Thesaurum

86 2640 464 2691 inseruerant.
504 2638 799 2691 Proximus
830 2642 993 2690 atate
1024 2637 1149 2704 fuit,
1182 2638 1273 2692 cui
1301 2638 1555 2708 primum
1590 2638 1777 2691 locum

84 2727 134 2779 in
160 2728 265 2780 hae
292 2725 442 2779 serie
471 2726 705 2779 dederat
735 2726 1009 2779 Oudinus.

146 2816 472 2882 Eugyppius
528 2813 699 2866 abbas
759 2818 814 2867 et
858 2812 1154 2883 presbyter
1209 2812 1506 2880 Africanus
1544 2829 1671 2867 sac.
1703 2829 1778 2881 vn,

84 2903 168 2973 qui
197 2905 518 2967 sententias,
570 2903 903 2969 quaestiones,
934 2907 1067 2970 etc.,
1099 2916 1165 2955 ex
1205 2902 1259 2955 S.
1300 2904 1608 2967 Augustini
1639 2901 1777 2955 scri-

1881 517 2015 572 satis
2047 519 2335 572 volumine
2366 520 2623 573 nondum
2656 519 3019 589 impressum,
3054 538 3226 592 penes
3252 540 3309 575 se
3348 523 3577 577 habuis-

1882 624 1940 661 se
1970 611 2208 660 testatur
2260 608 2469 677 Lupus,
2534 609 2908 661 Ferrariensis
2965 611 3162 678 abbas,
3217 611 3458 682 epistola
3508 616 3578 666 76

1881 696 1949 749 ad
2012 696 2398 762 Hincmarum,
2454 714 2508 766 p.
2570 700 2693 751 118.
2758 699 2945 751 Exstat
2991 704 3183 751 autem
3239 700 3299 753 in
3350 700 3575 753 duobus

1882 799 2015 835 mss.
2070 784 2488 853 exemplaribus
2531 785 2682 853 apud
2738 787 3011 839 Joannem
3073 787 3483 855 Mabillonium,
3517 805 3579 843 ex

1882 871 2223 925 bibliotheca
2251 873 2305 925 S.
2339 874 2605 925 Germani
2634 875 2935 940 Pratensis,
2987 880 3050 927 ut
3106 875 3259 929 idem
3323 882 3578 930 testatur.

1886 960 2018 1013 Vide
2059 977 2186 1030 qua
2215 961 2388 1014 habet
2425 962 2745 1031 Stephanus
2776 964 3035 1017 Baluzius
3065 964 3124 1017 in
3170 964 3325 1018 Notis
3380 966 3448 1019 ad
3482 967 3581 1019 Lu-

1882 1065 2020 1118 pum
2051 1050 2467 1103 Ferrariensem
2496 1066 2553 1119 p.
2591 1054 2712 1104 405.
2743 1051 2881 1105 Oud.

1956 1136 2217 1205 Magister
2257 1140 2465 1200 Florus,
2530 1139 2922 1207 Lugdunensis
2988 1141 3246 1195 Ecclesia
3292 1141 3583 1209 diaconus,

1883 1224 2031 1277 circa
2060 1242 2111 1277 a.
2168 1229 2270 1280 850
2323 1227 2585 1295 inclytus,
2618 1227 2844 1296 scripsit
2874 1230 3320 1284 Commentarium
3358 1233 3415 1284 in
3466 1248 3583 1285 om-

1882 1327 1972 1365 nes
2004 1314 2060 1367 S.
2091 1313 2258 1365 Pauli
2283 1314 2562 1381 Epistolas
2596 1330 2662 1367 ea:
2715 1315 2774 1367 S.
2830 1316 3140 1381 Augustini
3170 1318 3397 1385 Scriptis
3454 1333 3584 1371 con—

1886 1406 2109 1465 temtum,
2143 1402 2238 1470 qui
2262 1402 2502 1455 habetur
2526 1407 2680 1455 tomo
2718 1404 2780 1455 VI
2812 1404 3061 1473 Operum
3092 1405 3275 1467 Beda,
3330 1404 3383 1457 ei
3441 1405 3582 1459 falso

1884 1489 2179 1558 ascriptus.
2225 1490 2366 1543 Nam
2420 1492 2567 1544 Flori
2625 1490 2787 1544 istius
2836 1509 2955 1545 8:58
3008 1510 3073 1547 ex
3136 1493 3395 1563 pluribus
3449 1509 3584 1547 mss.

1884 1577 2173 1630 codicibus
2196 1578 2388 1631 docuit
2413 1579 2659 1632 Joannes
2690 1580 2977 1647 Mabillon,
3009 1581 3432 1652 {Disquisilione
3484 1582 3587 1635 hac

1883 1664 1951 1717 de
1984 1681 2040 1717 re
2071 1666 2389 1735 composita
2408 1668 2793 1721 Analectorum
2827 1670 2886 1721 T.
2924 1670 2966 1735 Ι,
3034 1686 3091 1738 p.
3152 1672 3209 1723 12
3258 1685 3441 1740 seqq.,
3475 1687 3591 1741 qua

1883 1753 2053 1806 etiam
2086 1754 2351 1821 ostendit,
2387 1755 2703 1824 genuinum
2748 1757 2914 1810 Beda
2969 1758 3465 1812 Commentarium
3515 1758 3585 1812 ab

1883 1843 2143 1912 evulgato
2185 1858 2304 1896 esse
2357 1859 2499 1912 opus
2558 1843 2867 1909 diversum,
2914 1844 3089 1914 idque
3133 1845 3389 1898 nondum
3439 1846 3588 1917 typis

1883 1930 2098 1983 editum
2124 1947 2301 2000 penes
2332 1948 2388 1983 se
2437 1932 2668 1995 habere,
2712 1931 3016 2001 aliquando
3074 1932 3132 1984 in
3167 1932 3350 1986 lucem
3391 1934 3585 2003 profe-

1882 2019 2149 2073 rendum.
2202 2019 2350 2073 Alibi
2406 2024 2596 2073 tamen
2631 2020 2891 2073 observat
2918 2020 2978 2073 in
3031 2022 3061 2074 3
3112 2037 3243 2075 mss.
3298 2021 3587 2075 codicibus

1882 2108 2125 2161 abbatia
2156 2108 2211 2162 S.
2240 2108 2379 2163 Galli
2429 2108 2488 2161 in
2544 2109 2814 2175 Helvetia,
2876 2109 2974 2179 qui
3027 2125 3311 2163 annorum
3364 2113 3471 2165 800
3535 2115 3589 2165 et

1881 2198 1987 2248 700
2009 2200 2158 2259 sunt,
2199 2196 2344 2249 hanc
2376 2196 2557 2266 ipsam
2590 2198 2753 2253 Beda
2784 2197 3200 2267 expositionem
3253 2199 3357 2253 sub
3404 2199 3588 2253 nomi-

1885 2300 1955 2336 ne
1986 2286 2133 2337 Flori
2156 2285 2463 2353 presbyteri
2491 2286 2792 2350 contineri,
2826 2286 2895 2338 de
2925 2303 3037 2355 qua
3067 2286 3189 2340 vide
3244 2302 3373 2357 qua
3404 2303 3589 2341 anno-

1884 2372 2025 2425 tavit
2053 2372 2272 2426 erudite
2304 2374 2365 2426 T.
2419 2374 2486 2426 lV
2525 2373 2911 2427 Anuleclorum
2950 2389 3006 2443 p.
3059 2376 3183 2428 630.
3228 2374 3592 2428 Abbreviavit

1883 2460 2170 2529 prolixum
2203 2462 2349 2514 Flori
2386 2462 2838 2517 Commentarium
2869 2466 2927 2515 in
2957 2462 3235 2531 Epistolas
3276 2465 3435 2517 Pauli
3472 2463 3584 2516 cir-

1885 2565 1947 2601 ea
2000 2565 2049 2602 a.
2118 2553 2252 2603 1180
2304 2550 2564 2605 Robcrtus
2623 2551 2687 2604 de
2742 2553 3045 2616 Torinneio,
3107 2550 3164 2604 in
3220 2551 3587 2617 Normannia,

1888 2638 2055 2691 abbas
2086 2638 2139 2693 S.
2196 2637 2478 2692 Michaelis
2526 2639 2595 2693 de
2653 2641 2857 2705 Monte,
2909 2639 3167 2693 diacesis
3196 2640 3599 2706 Abrincensis,

1888 2742 2060 2796 quem
2114 2727 2419 2780 arbitratus
2471 2732 2554 2780 est
2603 2733 2882 2797 spectasse
2913 2728 2981 2781 ad
3016 2730 3247 2781 Petrum
3280 2728 3583 2798 Tripolita-

1888 2830 2049 2879 num,
2098 2831 2386 2885 quamque
2448 2817 2785 2869 sententiam
2838 2816 2905 2868 ad
2958 2832 3175 2869 annum
3226 2815 3431 2869 Christi
3482 2818 3587 2869 56'2

1890 2902 2168 2956 Baronius
2219 2904 2511 2973 amplexus
2543 2909 2644 2969 est,
2687 2904 2848 2972 cujus
2895 2904 3246 2957 Abbreviatio
3276 2920 3380 2957 ms.
3412 2908 3594 2957 exstat

86 2992 180 3060 ptis
214 2989 519 3043 deﬂoravit
544 2993 597 3042 et
627 2990 686 3043 in
716 3006 893 3042 unum
944 3005 1171 3059 corpus,
1222 2988 1314 3042 cui
1370 2991 1631 3043 Thesauri
1684 3006 1780 3043 no-
1819 3001 1857 3056 c
1893 2989 2039 3042 inter
2073 3005 2199 3042 mss.
2244 2989 2461 3043 codices
2491 2990 2853 3043 bibliotheca
2880 2990 2933 3045 S.
2970 2989 3253 3045 Michaelis
3284 2990 3353 3044 de
3384 2990 3587 3044 Monte.

87 3096 203 3133 men
235 3078 391 3143 fecit,
424 3078 677 3148 collegit.
720 3078 818 3133 Hic
847 3095 979 3132 cum
1009 3078 1079 3132 ad
1138 3082 1398 3131 nostrum
1447 3077 1620 3132 etiam
1650 3094 1781 3132 cen-

83 3185 197 3221 sum
232 3166 544 3238 pertineat,
594 3167 761 3237 plura
816 3168 883 3222 de
926 3184 993 3221 eo
1052 3166 1111 3219 in
1156 3166 1421 3237 sequenti
1449 3171 1605 3221 tomo
1637 3166 1785 3221 dicta

84 3257 359 3311 invenies.

146 3348 306 3399 Inter
334 3361 470 3398 mss.
505 3344 725 3398 codices
755 3344 897 3398 bibl.
968 3346 1195 3398 Veneta
1248 3343 1551 3399 cardinalis
1592 3345 1781 3397 Bessa-

86 3434 279 3495 rionis.
307 3437 493 3487 exstat
524 3435 668 3487 Petri
690 3432 913 3485 abbatis
950 3433 1289 3503 Tripolitani
1330 3432 1562 3486 nomine
1596 3435 1784 3501 Empo-

84 3526 201 3576 sitio
230 3526 291 3575 in
324 3522 596 3590 Epistolas
632 3523 689 3573 D.
722 3522 883 3574 Pauli
928 3537 994 3574 ea:
1053 3522 1170 3575 diri
1214 3523 1520 3588 Augustini
1566 3522 1783 3576 Sermo-

85 3612 258 3679 nibus,
291 3609 356 3662 in
402 3608 757 3676 membrana,
791 3608 859 3662 de
899 3625 1012 3679 qua
1068 3610 1325 3679 loquitur
1383 3608 1658 3663 Baronius
1716 3609 1785 3661 ad

86 3717 296 3754 annum
330 3702 454 3766 562,
500 3704 629 3769 post
676 3698 1072 3753 Cassiodorum
1106 3700 1434 3753 Divinarum
1479 3701 1786 3753 Institutio-

86 3806 205 3842 num
237 3804 362 3858 cap.
388 3790 439 3841 8.
473 3787 579 3841 Sed
610 3802 683 3841 an
721 3786 1042 3857 legitimum
1073 3803 1217 3857 opus
1251 3787 1399 3840 Petri
1452 3787 1789 3857 Tripolitani

89 3875 299 3928 abbatis
326 3874 423 3935 sit,
466 3879 627 3928 caute
680 3873 1097 3928 discutiendum
1129 3880 1243 3929 est:
1305 3875 1435 3929 licet
1490 3876 1595 3929 hoc
1652 3874 1786 3928 scri-

86 3964 172 4016 bat
218 3963 464 4017 Jacobus
514 3962 811 4033 Philippus
844 3963 1223 4016 Thomasinus
1276 3963 1334 4016 in
1393 3964 1664 4033 Catalogo
1697 3962 1787 4016 bi-

92 4052 504 4105 bliothecarum
540 4052 880 4105 Venetarum
936 4052 1293 4121 publicarum
1336 4057 1387 4107 et
1436 4053 1785 4122 privatarum

93 4156 254 4209 quem
284 4156 441 4193 anno
477 4142 627 4205 1650,
692 4138 864 4203 Utini,
920 4138 1070 4193 in-io
1126 4139 1575 4209 imprimendum
1631 4157 1788 4194 cura-

93 4226 179 4279 vit.
209 4227 350 4281 Oud.

1895 3080 2083 3132 Exstat
2119 3083 2312 3132 autem
2343 3080 2599 3148 Epistula
2629 3084 2677 3133 et
2734 3081 2991 3146 Prologus
3035 3082 3093 3134 in
3148 3080 3592 3134 Abbreviationes

1891 3168 2259 3235 Epistolarum
2305 3168 2554 3236 Apostoli
2610 3168 2900 3223 secundum
2926 3170 3316 3237 Augustinum,
3390 3168 3445 3221 in
3479 3171 3591 3237 Ap-

1891 3255 2128 3325 pendice
2157 3256 2224 3309 ad
2271 3255 2523 3310 Guiberti
2566 3258 2752 3327 Opera
2808 3274 2841 3310 a
2898 3258 3044 3311 Luca
3094 3256 3368 3312 Dacherio
3439 3255 3591 3310 edita

1895 3343 2123 3397 Parisiis
2172 3343 2362 3397 in-fol.
2433 3348 2583 3408 1651,
2638 3361 2695 3414 p.
2741 3350 2868 3411 715,
2923 3361 3096 3415 quam
3130 3360 3197 3397 ex
3246 3360 3351 3397 ms.
3401 3343 3595 3397 codice

1893 3430 2179 3499 produxit.
2211 3433 2338 3486 Hac
2359 3433 2625 3499 Oudinus,
2665 3433 2950 3502 copiosius
2975 3433 3109 3485 alibi
3162 3432 3230 3485 de
3283 3431 3487 3486 iisdem
3536 3430 3595 3484 in
3660 3450 3663 3451 ν

1896 3535 2132 3572 recensu
2172 3536 2412 3589 operum
2461 3521 2616 3575 Beda
2664 3525 2718 3574 et
2781 3522 2928 3575 Flori
2982 3519 3371 3590 Lugdunensis
3418 3519 3594 3574 disse-

1894 3624 2043 3660 rens.
2078 3608 2190 3660 Nos
2242 3625 2415 3678 supra
2472 3609 2823 3678 singularem
2877 3624 3116 3678 eamque
3149 3607 3594 3661 vetustissimam

1894 3695 2099 3748 horum
2132 3696 2642 3751 Commentariorum
2666 3697 2979 3751 editionem
3010 3696 3403 3766 produximus.

1968 3786 2181 3838 Bonizo.
2244 3785 2420 3839 Sutrii
2485 3802 2550 3839 ac
2608 3784 2907 3839 Placentia
2964 3784 3281 3854 episcOpus,
3338 3784 3485 3836 circa
3539 3800 3589 3837 a.

1904 3878 2032 3928 lU73
2091 3875 2415 3944 composuit
2478 3876 2942 3942 Augustinianam
2997 3874 3277 3941 Epitomen
3330 3888 3430 3925 seu
3489 3874 3597 3927 Ea:-

1897 3967 2135 4030 cerptum
2179 3964 2581 4017 Sententiarum
2628 3963 2847 4029 Miriﬁci
2903 3960 3136 4013 doctoris
3189 3960 3487 4026 Augustini
3526 3958 3595 4011 1i—

1896 4048 2012 4101 bris
2048 4066 2136 4101 VIII
2166 4050 2513 4112 distinctum,
2551 4048 2700 4118 quod
2741 4049 2796 4101 S.
2845 4046 3047 4100 Joanni
3096 4046 3418 4109 Gualberto,
3476 4045 3598 4099 fun-

1898 4135 2081 4189 datori
2123 4141 2178 4188 et
2224 4136 2410 4205 primo
2472 4135 2663 4188 abdati
2720 4134 2886 4187 Vallis
2946 4132 3237 4186 Umbrosa
3294 4131 3593 4198 dedicavit,

1900 4228 2190 4293 exstatque
2240 4240 2343 4277 ms.
2400 4224 2459 4276 in
2488 4221 2832 4276 bibliotheca
2864 4222 3116 4275 Casarea
3145 4219 3591 4285 Vindobonensi,

153 4314 507 4369 Venerabilis
576 4313 776 4382 Beda."i
831 4313 1065 4367 natione
1136 4314 1372 4384 Anglus,
1439 4315 1788 4385 professione
1830 4288 1871 4340 Β
1901 4312 2050 4364 inter
2078 4327 2215 4365 mss.
2248 4310 2470 4364 codices
2515 4327 2578 4363 ex
2612 4326 2737 4363 arce
2768 4307 3145 4362 Ambrosiana
3194 4308 3328 4362 illuc
3377 4309 3595 4372 allatas,

94 4405 399 4458 monachus
430 4408 487 4457 et
517 4403 835 4473 presbyter,
871 4402 968 4473 qui
1000 4390 1147 4455 anno
1176 4405 1281 4456 710
1324 4406 1377 4455 et
1420 4403 1789 4472 sequentibus

95 4492 297 4546 ﬂoruit.
360 4493 592 4546 Exstant
640 4492 789 4544 inter
838 4490 1023 4560 Opera
1055 4491 1189 4543 Ven.
1236 4491 1397 4544 Beda
1452 4492 1777 4545 Commenta-

92 4582 170 4631 νέα
200 4582 253 4633 in
299 4595 480 4633 omnes
512 4581 783 4648 Epistolas
822 4580 877 4633 S.
922 4579 1097 4644 Pauli,
1141 4593 1209 4631 ea:
1262 4578 1565 4643 Augustini
1618 4581 1791 4646 operi-

93 4666 182 4719 bus
217 4673 277 4720 ut
305 4668 605 4736 plurimum
627 4671 897 4735 emcerpta,
932 4666 1000 4719 de
1033 4683 1146 4736 quo
1186 4681 1359 4735 opere
1418 4665 1693 4718 Baronius
1732 4665 1790 4718 in

91 4756 402 4809 Annalibus
450 4754 520 4808 ad
559 4773 610 4809 a.
670 4758 773 4809 562
809 4755 966 4809 litem
1028 4755 1195 4809 Beda
1244 4756 1451 4821 movet,
1509 4769 1571 4805 ac
1630 4755 1791 4806 Petro

91 4841 274 4896 abbati
306 4843 685 4913 Tripolitano,
741 4844 808 4897 de
871 4859 985 4913 quo
1043 4842 1411 4896 Cassiodorus
1460 4840 1791 4895 Divinarum

92 4932 491 4984 lnstitutionum
539 4948 661 5001 cap.
734 4934 786 4994 8,
859 4930 1256 4984 ascribendum
1311 4933 1517 4982 censet.
1584 4930 1791 4983 Verum

90 5017 332 5071 Joannes
382 5018 745 5072 Mabillonins
796 5019 954 5072 litem
1004 5018 1341 5071 intentatam
1373 5018 1645 5087 praclare
1700 5018 1787 5071 di-

93 5103 215 5170 luit,
252 5106 354 5177 qui
399 5108 459 5161 T.
522 5108 543 5160 l
594 5108 994 5169 Analectorum,
1055 5105 1457 5159 Dissertatione
1514 5104 1793 5175 singulari

97 5198 269 5261 p.12,
340 5212 441 5248 nec
496 5195 681 5259 Beda,
734 5210 836 5247 nec
892 5196 1075 5256 Petro,
1127 5194 1225 5247 sed
1282 5195 1435 5247 Floro
1498 5194 1789 5263 magistro,

102 5280 488 5350 Lugdunensis
551 5283 808 5337 Ecclesia
856 5283 1117 5349 diacono,
1173 5282 1368 5336 deberi
1419 5283 1787 5335 demonstrat.

104 5367 299 5423 Verum
328 5372 557 5425 interim
588 5374 1092 5428 Commmentarium
1134 5371 1288 5425 Beda
1317 5377 1469 5428 (nam
1509 5371 1563 5423 S.
1634 5369 1791 5422 Pauli

108 5454 371 5524 Epistolas
430 5460 501 5514 ab
568 5477 634 5513 eo
718 5460 1013 5531 explicitas
1080 5476 1219 5526 esse,
1282 5458 1369 5529 ips
1436 5458 1494 5511 in
1550 5457 1793 5512 Indiculo

109 5541 343 5610 Operum
376 5563 608 5601 suorum
641 5548 813 5601 tidem
843 5547 999 5615 facit)
1032 5548 1267 5618 ejusque
1314 5546 1699 5602 Collectuneum
1732 5548 1789 5600 in

1895 4399 2085 4452 codice
2114 4402 2203 4462 85,
2232 4406 2294 4453 ut
2341 4403 2579 4453 testatur
2639 4401 2837 4453 Petrus
2898 4399 3239 4453 Dambecius
3296 4398 3452 4453 illius
3504 4399 3595 4453 in-

1898 4492 2120 4556 spector
2149 4493 2206 4541 et
2251 4493 2439 4541 custos
2466 4489 2525 4541 T.
2563 4489 2607 4541 ll
2642 4489 3154 4544 Commentariorum
3183 4488 3355 4558 hujus
3385 4486 3596 4542 biblio-

1897 4575 2076 4628 theca
2107 4591 2229 4645 cap.
2280 4580 2335 4644 8,
2359 4594 2413 4646 p.
2444 4578 2548 4629 790
2589 4592 2713 4646 sqq.
2744 4577 2880 4631 Oud.

1972 4664 2284 4719 Guillelmus
2325 4664 2497 4717 abbas
2553 4664 2606 4717 S.
2639 4664 2976 4729 Theodorici
3032 4680 3212 4735 prope
3252 4666 3479 4729 Remos,
3538 4666 3599 4716 in

1897 4751 2093 4817 Gallia,
2130 4750 2346 4805 ordinis
2391 4751 2442 4804 S.
2499 4750 2805 4817 Benedicti,
2866 4757 2989 4805 tum
3044 4769 3110 4806 ex
3165 4753 3367 4807 abbate
3420 4753 3599 4806 factus

1898 4840 2210 4892 monachus
2255 4838 2470 4892 ordinis
2518 4838 2905 4893 Cistereiensis
2961 4839 3113 4909 apud
3172 4839 3500 4908 Signiacum
3539 4838 3598 4889 in

1898 4927 2095 4981 eadem
2124 4926 2369 4993 dioecesi,
2427 4928 2631 4980 saculo
2662 4942 2760 4994 xu,
2816 4926 2976 4996 cujus
3030 4926 3181 4980 inter
3242 4926 3598 4979 Collectanea

1898 5015 2143 5069 habetur
2171 5015 2508 5084 opusculum
2542 5014 2941 5069 Sententia-rum
3001 5014 3065 5066 de
3093 5013 3223 5066 Fide
3251 5028 3317 5065 ea?
3367 5013 3423 5067 S.
3475 5012 3599 5064 Au-

1896 5104 2106 5170 gustini
2146 5102 2426 5172 Operibus
2457 5102 2773 5169 collectum,
2808 5101 2961 5171 quod
2996 5116 3026 5152 a
3054 5114 3113 5151 se
3139 5114 3205 5150 ex
3236 5097 3597 5166 autographo

1896 5209 2002 5245 ms.
2068 5192 2209 5245 Bibl.
2270 5190 2650 5260 Signiacensis
2700 5190 2822 5244 ord.
2885 5185 3267 5243 Cistereiensis
3323 5183 3599 5237 transcri-

1898 5286 2064 5350 ptum
2094 5286 2335 5334 testatur
2356 5279 2612 5333 Oudinus
2639 5279 3029 5346 traditumque
3074 5276 3282 5327 Thema
3319 5274 3599 5339 Blampino

1903 5369 2109 5422 Bened.
2144 5370 2423 5439 Congreg.
2457 5369 2511 5421 S.
2578 5368 2774 5432 Mauri,
2828 5365 2926 5435 qui
2989 5364 3134 5417 hanc
3198 5359 3601 5415 Collectionem

1901 5457 2005 5510 sub
2040 5457 2300 5510 Auctoris
2330 5455 2547 5527 proprii
2580 5454 2812 5508 nomine
2870 5453 2929 5505 in
2953 5450 3229 5523 {Append.
3276 5447 3465 5503 ultimi
3504 5463 3599 5500 vo-

1901 5544 2137 5599 luminis
2168 5545 2417 5615 Operum
2561 5542 2857 5609 Augustini
2914 5540 3194 5596 edendam
3233 5536 3597 5609 promiserat.
