3922 6188
264 316 361 368 195

1266 307 1825 365 SUPPLEMENTUM
1865 307 1955 361 AD
1993 306 2223 362 OPERA
2260 307 2314 361 S.
2356 308 2745 364 AUGUSTINI.

3663 310 3759 362 196

258 434 410 506 quod
451 436 644 488 tamen
700 450 817 488 non
870 431 1146 504 praestitit.
1205 432 1536 487 Colonienses
1586 447 1653 485 ea:
1713 430 1944 485 Oudino.
1985 429 2029 482 A
2060 428 2159 497 (ait
2185 430 2538 499 Alegambius
2571 431 2711 486 Bibl.
2746 429 2950 500 Script.
3002 430 3059 484 S.
3088 431 3137 483 J.
3170 445 3229 500 p.
3294 428 3410 498 l88)
3468 430 3576 484 duo
3604 445 3761 497 egre-

325 523 466 578 Rob.
492 524 694 577 Kilww
709 522 819 592 dby
845 522 975 577 0rd.
1012 519 1245 575 Praedic.
1278 519 1508 574 natione
1537 518 1772 590 Anglus,
1809 519 1949 573 Can-

258 612 559 667 tuariensis
623 610 1101 681 archiepiscopus,
1168 611 1227 662 et
1284 607 1587 661 cardinalis
1650 607 1948 678 episcopus

260 699 587 755 Portucnsis
618 715 738 752 suac.
766 713 883 764 xm,
917 698 1092 751 libros
1121 697 1177 751 S.
1208 698 1508 763 Augustini
1558 695 1677 750 fere
1725 712 1943 762 omnes,

256 788 611 858 aliorumque
633 786 888 857 plurium
944 784 1204 842 Ecclesia:
1274 786 1573 840 doctorum
1632 800 1737 855 per
1774 799 1950 854 parva

256 877 504 948 capitula
523 874 803 944 distinxit,
847 874 1189 929 sententiam
1216 872 1578 945 singulorum
1607 873 1713 927 sub
1768 871 1950 926 brevi-

254 966 360 1020 bus
390 964 742 1018 annotando.
792 964 967 1035 Cujus
994 962 1208 1017 laboris
1247 962 1404 1018 varia
1456 962 1517 1016 in
1572 962 1715 1016 Bibl.
1774 960 1945 1033 Regia

257 1052 432 1107 Paris.
511 1056 814 1123 supersunt
880 1055 1257 1106 monumenta
1333 1067 1439 1106 ms.
1508 1067 1638 1122 quae
1695 1054 1952 1104 recenset

254 1141 538 1196 Echardus
584 1140 645 1194 in
690 1140 893 1211 Script.
945 1140 1079 1195 0rd.
1129 1140 1310 1195 Praad.
1342 1139 1414 1194 ad
1460 1156 1513 1194 a.
1549 1142 1706 1208 1279,
1739 1155 1796 1210 p.
1822 1141 1946 1206 379,

256 1229 355 1285 ubi
384 1234 440 1283 et
474 1229 583 1283 alia
606 1233 889 1283 memorat
916 1245 982 1282 ex
1010 1228 1186 1283 Catal.
1219 1229 1449 1299 Anglic.
1480 1229 1839 1283 Colonienses.

324 1320 744 1375 Bartholomaeus
806 1317 1046 1373 Urbinas
1110 1316 1414 1389 episcopus
1490 1316 1641 1371 circa
1695 1314 1949 1371 medium

253 1423 378 1461 sec.
440 1423 550 1473 xxv,
597 1405 837 1461 eremita
890 1406 1396 1477 Augustianianus,
1429 1406 1488 1462 S.
1544 1405 1853 1474 Augustini
1893 1407 1952 1458 et

252 1496 532 1550 Ambrosii
563 1494 813 1566 Operum
838 1494 1011 1549 lector
1040 1494 1317 1561 assiduus,
1377 1493 1689 1548 sententias
1744 1492 1952 1547 utrius-

255 1600 365 1655 que
404 1582 745 1654 insigniores
773 1581 1069 1654 excerpsit,
1101 1599 1243 1654 quas
1269 1582 1329 1636 in
1372 1582 1662 1653 alphabeti
1691 1581 1951 1636 ordinem

2054 521 2139 586 gie
2159 524 2425 588 praestat:
2458 508 2883 589 alterum,iquod
2919 519 3185 572 catholica
3225 518 3480 585 dogmata
3535 520 3763 587 miriﬁce

2049 608 2267 677 probat,
2320 614 2371 663 ct
2424 612 2725 679 conﬁrmat,
2776 610 3089 677 refutatque
3140 608 3508 662 haereticorum
3555 623 3763 662 (rrores

2056 712 2122 749 ear:
2148 697 2497 767 Augustino;
2531 699 2779 764 alterum,
2814 697 2960 765 quod
3009 696 3147 750 locos
3195 697 3370 765 ipsius
3429 694 3758 765 Augustini,

2055 785 2139 839 vel
2166 787 2305 840 male
2354 787 2666 854 intellectos,
2722 786 2805 839 vel
2869 786 3138 839 malitiose
3181 784 3435 852 detortos,
3475 785 3640 853 alque
3695 783 3764 836 ab

2058 874 2321 929 ha’reticis
2347 874 2690 944 depravatos,
2726 873 3063 929 adamussim
3090 876 3323 942 revocat,
3369 877 3533 943 atque
3558 874 3766 926 sincere

2057 962 2468 1032 interpretatur.
2504 962 2639 1017 Oud.
2673 966 2730 1016 et
2761 963 2940 1019 Colon.

2124 1051 2355 1106 Joannes
2398 1053 2730 1105 Piscatorius
2799 1049 3276 1121 Lithopolitanus,
3323 1046 3423 1119 qui
3462 1045 3769 1117 Epitomen

2058 1138 2320 1193 omnium
2375 1139 2630 1210 Operum
2683 1138 2993 1210 Augustini
3039 1136 3343 1208 diligentia
3392 1149 3767 1206 nequaquam

2059 1226 2285 1282 sordida
2313 1228 2654 1299 composuit,
2683 1229 2847 1298 cujus
2879 1226 3190 1282 editionem
3238 1225 3445 1280 factam
3494 1226 3769 1289 Augustae

2064 1316 2464 1371 Vindelicorum
2507 1317 2659 1388 apud
2688 1318 3003 1371 Heinricum
3053 1316 3280 1382 Steyner
3331 1315 3486 1379 1537,
3539 1309 3764 1371 in-fol..

2057 1409 2401 1475 praesentem
2429 1405 2642 1459 intueri
2684 1405 2837 1459 licet.
2874 1405 3006 1475 Ejus
3056 1419 3192 1457 vero
3241 1402 3336 1457 hic
3373 1405 3458 1455 est
3513 1399 3754 1454 titulus:

2059 1494 2309 1549 Omnium
2331 1495 2565 1565 Operam
2587 1496 2716 1549 Divi
2751 1494 2971 1549 Aurelii
3010 1493 3314 1559 Augustini
3361 1489 3623 1559 episcopi,
3656 1502 3769 1541 un-

2059 1582 2349 1651 decumque
2399 1582 2719 1649 doctissimi,
2752 1583 3031 1651 Epitome:
3095 1582 3166 1634 Et
3229 1577 3366 1648 quid
3421 1578 3507 1631 vir
3550 1576 3665 1642 ille,
3700 1574 3768 1628 dc

255 1672 524 1743 digestas,
580 1673 973 1740 Milleloquium
1045 1671 1324 1742 appellari
1376 1672 1575 1725 voluit.
1624 1675 1805 1743 Atque
1880 1668 1949 1724 ab
1991 1723 2030 1743 n
2058 1670 2306 1725 Ecclesia
2355 1671 2742 1736 Sacramentis,
2802 1685 2894 1723 nec
2930 1684 3037 1723 non
3087 1682 3257 1722 sacrae
3303 1666 3604 1734 Scriptura:
3633 1664 3767 1717 locis

251 1762 559 1828 Augustino
590 1760 824 1831 quidem
857 1761 1149 1830 Triumpho
1205 1760 1462 1831 ejusdem
1499 1760 1726 1815 Ordinis
1758 1760 1949 1830 (vulgo
1992 1754 2031 1779 ¹³
2060 1759 2509 1814 communioribus
2582 1758 3079 1827 insignioribusque
3133 1757 3401 1823 senserit,~
3459 1754 3765 1823 scripserit,

252 1849 318 1903 de
344 1849 569 1904 Ancona
612 1848 783 1919 dicto)
815 1848 937 1920 ejus
974 1853 1353 1920 prmoeptore,
1392 1850 1785 1919 Millcloquium
1828 1848 1951 1903 Au-

251 1941 461 2007 gustini
483 1940 875 1994 sententiarum
928 1938 1263 2009 incoeptum,
1325 1955 1359 1992 a
1410 1938 1687 2008 discipulo
1715 1937 1953 1992 absolu-

250 2031 396 2095 tum,
430 2029 686 2097 Lugduni
715 2045 765 2083 a.
832 2031 966 2083 1555
998 2029 1340 2098 impressum
1396 2033 1500 2084 est.
1557 2029 1953 2097 Milleloquium

250 2118 529 2172 Ambrosii
578 2116 719 2171 ibid.
751 2132 808 2171 a.
852 2118 1007 2187 1556,
1034 2116 1209 2172 in—fol.
1241 2118 1420 2173 Colon.
1477 2133 1544 2171 ea:
1596 2116 1735 2172 Oud.

320 2206 594 2261 Antonius
614 2205 680 2259 de
704 2207 891 2262 Nomis
960 2204 1325 2260 Florentinus
1356 2206 1501 2275 (aliis
1558 2203 1951 2275 Maciallensis)

253 2292 491 2346 eremita
536 2289 1009 2362 Augustinianus,
1053 2290 1154 2362 qui
1197 2307 1249 2345 a.
1312 2292 1446 2346 1438
1494 2290 1751 2359 decessit,
1802 2307 1833 2344 e
1880 2290 1951 2343 li-

252 2380 371 2435 bris
400 2382 457 2437 S.
490 2382 795 2449 Augustini
821 2380 1009 2451 capita
1039 2395 1269 2433 omnem
1296 2379 1411 2434 fere
1442 2380 1762 2434 litterarum
1794 2378 1952 2433 Divi-

253 2486 459 2524 narum
484 2468 883 2523 tractationem
908 2467 1261 2523 continentia
1290 2468 1525 2539 digessit
1556 2472 1612 2522 et
1639 2467 1948 2538 inscripsit,

252 2558 429 2613 Flores
459 2559 707 2613 Doctoris
732 2558 795 2613 S.
833 2559 1017 2611 Patris
1068 2558 1388 2626 Augustini,
1422 2573 1551 2627 quae
1605 2561 1821 2611 exstare
1859 2555 1949 2611 di-

251 2649 459 2700 cuntur
486 2645 545 2700 in
573 2646 718 2700 Bibl.
744 2645 800 2701 S.
832 2645 1078 2716 Spiritus
1106 2644 1429 2700 Florentia.
1460 2646 1640 2702 Colon.

319 2735 493 2789 Joan.
548 2734 702 2789 Frid.
753 2735 975 2789 Lumnii
1004 2734 1081 2804 (a)
1116 2735 1418 2789 Thesaurus
1444 2735 1747 2791 Christiani
1778 2734 1950 2788 homi-

250 2825 332 2876 nis
357 2838 425 2877 ex
455 2823 679 2894 scriptis
702 2824 758 2879 S.
790 2823 1094 2892 Augustini
1123 2824 1411 2891 collectus,
1467 2824 1738 2895 Antuerp.
1794 2826 1947 2878 1588.

251 2912 430 2967 Colon.

2058 1849 2223 1903 simul
2252 1852 2416 1917 atque
2442 1847 2687 1902 docuerit
2726 1862 2825 1916 per
2864 1847 3123 1901 Jonxsu
3153 1846 3523 1899 PISCATORIUI
3572 1842 3768 1896 Litho—

2052 1938 2361 2007 politanum
2408 1938 2503 1991 hoc
2552 1937 2689 1991 libro
2739 1936 3048 2005 ﬁdelissime
3095 1939 3146 1988 et
3183 1930 3587 2001 compendiaria
3616 1944 3765 1997 qua-

2059 2024 2189 2085 dam
2216 2027 2309 2079 via
2337 2024 2755 2093 diligentissime
2786 2026 3197 2093 comportatum.
3239 2047 3302 2060 -
3344 2016 3574 2072 Accedit
3600 2016 3665 2071 in
3690 2015 3767 2070 ti-

2058 2113 2179 2167 tulo
2209 2112 2396 2167 brevis
2420 2112 2734 2167 admonitio
2757 2113 2830 2166 ad
2858 2113 3152 2178 lectorem,
3178 2109 3239 2163 in
3277 2123 3393 2178 qua
3443 2105 3768 2178 praesentis-

2058 2199 2203 2253 sima
2230 2204 2402 2271 atque
2424 2199 2714 2271 ipsissima
2760 2198 3065 2270 Augustini
3125 2195 3296 2251 verba
3345 2192 3671 2247 exhibuisse
3702 2208 3766 2245 se

2059 2286 2325 2356 afﬁrmat,
2368 2290 2425 2342 et
2462 2288 2655 2357 Steph.
2713 2289 2909 2354 Vigilii
2948 2280 3340 2342 Pacimontaui
3388 2279 3763 2335 Decastichon

2059 2376 2119 2430 in
2140 2376 2370 2431 laudem
2422 2376 2573 2432 libri.
2633 2377 3013 2447 Ejusdemque
3065 2374 3259 2446 Vigilii
3312 2368 3573 2441 praefatio
3627 2372 3765 2422 ante

2060 2464 2236 2535 ipsius
2288 2465 2535 2520 auctoris
2588 2465 2985 2537 praefationem
3036 2469 3121 2519 est
3169 2464 3405 2523 inserta.
3476 2467 3765 2522 Dividitur

2059 2557 2253 2607 autem
2285 2571 2430 2625 opus
2488 2554 2551 2607 in
2578 2559 2693 2608 tres
2747 2558 2955 2622 tomos,
3012 2570 3262 2624 quorum
3309 2556 3533 2627 primus
3570 2558 3765 2627 Augu-

2059 2641 2195 2695 stini
2227 2642 2537 2697 sententias
2554 2643 2719 2714 juxta
2748 2642 3020 2697 doctrinae
3076 2644 3414 2699 Christianae
3447 2645 3642 2716 capita
3673 2661 3767 2699 or-

2060 2729 2281 2784 dinatas
2304 2730 2593 2802 proponit,
2644 2731 2788 2785 alter
2839 2730 3003 2784 varia
3041 2737 3098 2786 et
3147 2733 3507 2787 miscellanea
3564 2733 3763 2803 offert,

2059 2818 2259 2875 tertius
2287 2818 2541 2890 integros
2569 2819 2873 2890 Augustini
2920 2819 3097 2875 libros
3142 2838 3285 2892 quos
3328 2838 3504 2893 supra
3541 2822 3600 2876 in
3634 2825 3763 2877 An-

2055 2905 2272 2961 nalibus
2300 2907 2596 2961 editionum
2618 2907 2848 2976 Operum
2876 2905 3274 2976 indicavimus,
3314 2909 3550 2981 praebet.

321 2999 809 3067 Dulciloquiorum,
839 3000 895 3056 S,
937 3000 1239 3069 Augustini
1266 3000 1430 3055 libros
1476 3004 1604 3069 tres,
1646 3015 1715 3054 ex
1761 3004 1949 3056 vetere
1987 3011 2026 3068 ο
2131 2993 2196 3047 In
2224 2993 2371 3047 hanc
2395 2996 2685 3049 Piscatorii
2739 3009 2976 3063 operam
3032 3009 3237 3048 manus
3291 2995 3629 3050 temerarias
3654 2995 3761 3049 im-

248 3103 354 3140 ms.
383 3087 696 3157 exemplari
744 3088 885 3143 Bibl.
927 3089 1427 3157 Romersdorpiana:
1481 3089 1732 3159 primum
1761 3089 1945 3144 editos

248 3175 504 3230 Herbonz
538 3178 692 3229 1592.
726 3174 913 3242 ὶιι-12,
946 3193 979 3230 a
1006 3176 1141 3229 viris
1176 3176 1287 3230 ﬁde
1339 3176 1527 3246 dignis
1563 3192 1621 3229 se
1664 3174 1945 3246 accepisse

247 3266 483 3317 testatur
539 3263 795 3317 Labbeus
846 3264 937 3334 (b),
1005 3265 1105 3319 sed
1163 3264 1421 3319 nondum
1460 3264 1668 3319 vidisse
1720 3265 1941 3319 scribit.

244 3349 592 3404 Colonienses.
652 3350 715 3403 In
756 3349 872 3406 Cat.
932 3352 1074 3405 Bibl.
1134 3352 1271 3419 Reg.
1334 3352 1515 3406 Paris.
1566 3351 1746 3406 dictus
1797 3352 1945 3407 liber

248 3440 426 3491 exstat
456 3436 641 3491 editus
678 3438 937 3492 Her-bonae
988 3442 1374 3497 Nassoviorum
1433 3441 1587 3509 1614,
1642 3440 1827 3509 ιιι-12,
1881 3441 1938 3495 Ιι.

247 3541 281 3579 ι.
314 3525 452 3579 Aur.
480 3527 786 3592 Augustini
811 3527 940 3582 libri
986 3533 1092 3582 tres
1141 3529 1611 3598 Dulciloquiorum
1660 3546 1687 3583 e
1747 3530 1943 3585 biblio-

244 3613 404 3667 theca:
450 3616 936 3685 Romerstorpianae
985 3622 1159 3671 vetere
1220 3620 1593 3688 manuscripto
1646 3619 1945 3689 exemplari

242 3715 384 3755 nunc
400 3704 639 3771 primum
664 3702 803 3759 editi
822 3703 1001 3758 studio
1026 3706 1175 3759 Guit.
1208 3706 1460 3761 Rolichii.

310 3789 408 3844 J0.
437 3791 684 3858 Gastius,
717 3791 1071 3859 Brisacensis,
1106 3793 1559 3848 Commentarios
1590 3793 1649 3848 in
1682 3793 1944 3849 universa

244 3874 424 3930 Biblia
456 3893 526 3931 ex
559 3877 863 3948 Augustini
909 3879 1179 3950 operibus
1217 3882 1481 3936 collectos
1513 3880 1691 3937 edidit
1712 3882 1944 3937 Basilcae

241 3964 393 4034 apud
434 3966 781 4033 Hervagium
814 3968 968 4037 1542,
1009 3969 1083 4022 II
1135 3972 1289 4024 tomis
1334 3971 1527 4037 in—fol.
1580 3970 1793 4025 Laudat
1822 3973 1937 4028 Cat.

239 4053 379 4108 Bibl.
411 4054 615 4109 Bodlei.
651 4054 916 4125 Ejusdem
947 4055 1108 4126 operi
1154 4060 1379 4111 tomum
1436 4058 1480 4126 Ι,
1526 4058 1695 4112 Vetus
1748 4060 1940 4113 Testa-

240 4146 499 4197 mentum
555 4144 940 4216 complexum,
999 4144 1266 4199 editionis
1302 4147 1551 4226 .Venetz
1601 4162 1666 4201 ex
1720 4150 1941 4216 ofﬁcina

238 4232 566 4286 Erasmiana
599 4234 732 4287 1513
762 4232 976 4303 profert
1004 4234 1122 4290 Cat.
1172 4233 1312 4288 Bibl.
1351 4234 1527 4288 Thott.

2053 3079 2211 3135 misit
2239 3085 2295 3136 et
2352 3081 2609 3135 convicia
2654 3081 2971 3152 gratiarum
3024 3083 3149 3136 loco
3193 3082 3455 3154 rependit
3505 3082 3760 3137 Joannes

2053 3169 2353 3225 Pesselius.
2387 3169 2609 3224 Prodiit
2628 3170 2804 3225 enim.

2121 3257 2350 3313 Joamis
2404 3260 2647 3322 Pessclii,
2704 3258 2826 3313 ord.
2882 3257 3121 3314 Praedic.
3170 3258 3353 3313 Titani
3396 3258 3457 3312 in
3506 3258 3757 3327 Geldria,

2056 3348 2305 3403 Omnium
2335 3346 2567 3417 Operum
2595 3348 2653 3403 S.
2710 3347 3009 3415 Augustini
3036 3349 3298 3417 Epitome,
3341 3350 3585 3417 primum
3617 3332 3750 3417 qui—

2052 3433 2172 3488 dem
2219 3436 2426 3504 copiose
2449 3449 2513 3489 ac
2552 3436 2773 3489 sinistre
2816 3436 3034 3490 collecta
3091 3453 3126 3490 a
3162 3437 3381 3491 Joanne
3441 3436 3759 3491 Piscatorio

2052 3522 2316 3590 heretico,
2351 3526 2400 3575 et
2430 3538 2465 3575 a
2485 3523 2703 3576 Joanne
2734 3521 2978 3577 Pesselio
3006 3528 3302 3592 recognita,
3344 3529 3509 3581 aucta
3566 3526 3757 3595 duplo,

2049 3615 2101 3665 et
2152 3613 2411 3665 catholico
2466 3626 2625 3665 sensu
2651 3611 2899 3679 reddita;
2928 3613 3018 3666 cui
3046 3615 3269 3667 accessit
3292 3613 3537 3682 ejusdem
3585 3630 3760 3683 opera

2051 3714 2119 3751 ea:
2148 3698 2325 3752 eodem
2374 3700 2687 3765 Augustino
2734 3700 2978 3753 collectus
3011 3699 3077 3753 de
3126 3704 3325 3769 septem
3388 3704 3762 3756 Sacramentis

2053 3789 2225 3841 tomus
2298 3791 2527 3855 quartus
2608 3786 2805 3842 Colon.
2872 3786 3069 3858 Agrip.
3155 3791 3310 3854 1539,
3378 3790 3536 3857 1542,
3592 3791 3756 3855 1549,

2050 3873 2239 3929 in-fol.
2269 3874 2344 3945 (a)
2406 3878 2415 3889 ί

2119 3964 2248 4017 Jac.
2287 3964 2523 4017 Tribesci
2544 3964 2617 4033 (a)
2648 3962 2918 4033 Brixiani,
2937 3963 3197 4035 canonici
3227 3964 3505 4035 regularis
3526 3964 3758 4019 Latera-

2053 4052 2269 4118 nensis,
2301 4053 2685 4121 Be3ponsiones
2750 4053 2824 4106 ad
2872 4053 3019 4106 mille
3066 4053 3303 4119 Quarsita
3355 4055 3413 4108 in
3452 4055 3601 4108 omni
3644 4056 3760 4121 fere

2049 4142 2313 4207 facultate
2360 4157 2423 4194 ex
2455 4140 2722 4195 omnibus
2774 4142 2830 4197 S.
2877 4141 3178 4208 Augustini
3232 4141 3394 4196 libris
3447 4147 3755 4213 excerptec,

2056 4230 2238 4283 Venet.
2300 4231 2456 4296 1583,
2500 4230 2661 4283 in-5°.
2708 4228 2859 4283 Alibi
2914 4229 3401 4299 deprehendimus
3460 4230 3755 4302 signatas:

311 4310 531 4364 Hieron.
566 4300 1199 4379 TorresiseuTorrensis,
1275 4312 1394 4367 Soc.
1443 4313 1575 4367 Jesu
1630 4313 1934 4384 Hispanus,
1979 4300 2022 4355 Ῑ)
2060 4317 2291 4372 Venetiis
2316 4333 2411 4386 ap.
2440 4318 2638 4371 Bernh.
2672 4319 2907 4371 Juntam
2942 4320 3095 4382 1586,
3126 4317 3289 4372 iii-4°.

240 4396 633 4464 Confessionem
706 4399 1176 4468 Augustinianam
1217 4399 1280 4454 in
1332 4399 1508 4453 libros
1569 4401 1636 4454 [ν
1679 4401 1939 4456 distribu-

240 4486 377 4551 tam,
458 4489 517 4539 et
570 4485 737 4540 certis
827 4486 1107 4557 capitibus
1166 4488 1420 4541 locorum
1480 4488 1935 4560 theologicorum

236 4572 731 4644 comprehensam,
776 4589 841 4629 ex
899 4575 1164 4630 omnibus
1208 4576 1267 4630 S.
1323 4576 1628 4645 Augustini
1657 4578 1935 4649 Operibus

237 4674 448 4731 magno
499 4661 688 4715 studio
743 4663 1055 4730 collectam,
1110 4663 1288 4719 edidit
1352 4664 1595 4735 Dilinga:
1673 4668 1825 4733 1568,
1881 4670 1938 4720 ct

235 4763 464 4803 rursum
495 4750 811 4806 auctiorem
841 4768 903 4806 ac
933 4753 1406 4820 emendatiorem,
1443 4755 1598 4824 1569,
1646 4756 1832 4823 in-fol.
1866 4754 1933 4823 (ο)

237 4838 371 4892 Eam
399 4842 744 4908 Augustam:
782 4842 1129 4909 Confessioni
1176 4842 1481 4914 opposuit;
1534 4858 1637 4912 quo
1683 4846 1741 4899 in
1781 4860 1938 4915 opere

236 4978 395 5103 00%;
405 4979 546 5035 Male
584 4981 802 5034 Lunicii
828 4980 985 5052 apud
1012 4982 1203 5052 Lipen.
1238 4981 1380 5036 Bibl.
1440 4982 1635 5037 Theol.
1686 4984 1755 5050 Il,
1806 4986 1929 5039 916.

305 5118 653 5198 (bl_Dissert._
676 5120 742 5175 de
794 5122 1225 5198 SqripL__Eccles.
1255 5121 1337 5198 _iu
1385 5122 1633 5198 addend.
1672 5126 1727 5179 et
1756 5124 1933 5179 corri-

234 5189 436 5263 gendis
464 5206 524 5258 p.
555 5193 681 5263 714,
714 5193 861 5263 apud
892 5189 1165 5248 Oudinum
1185 5194 1293 5247 col.
1320 5197 1446 5248 952.
1482 5196 1659 5250 Colon.

306 5256 495 5333 (c)_Ita_
516 5256 885 5329 Alegam'bius
927 5264 1221 5318 MDLXIX.
1269 5263 1535 5333 Lipenius
1593 5280 1730 5319 vero
1785 5265 1928 5321 Bibl.

236 5327 431 5381 Theol.
474 5329 515 5391 Ι,
559 5327 679 5397 117,
730 5333 904 5394 habet
934 5337 1089 5400 1596,
1148 5334 1235 5388 uti
1291 5327 1350 5389 et
1402 5335 1645 5390 Oudinus
1675 5337 1735 5388 in
1766 5336 1933 5390 Com-

232 5404 413 5478 ment.
448 5400 554 5453 col.
588 5403 709 5478 993,
739 5404 1056 5478 admultam
1077 5419 1247 5473 usque
1275 5411 1608 5459 senectutem.
1643 5406 1739 5478 ait,
1794 5422 1935 5478 pro-

232 5471 413 5547 vectus
467 5475 723 5547 correxit,
764 5474 962 5547 ablatis
1017 5479 1107 5547 iis,
1141 5471 1260 5546 qua:
1317 5480 1594 5547 tamquam
1649 5477 1711 5531 S.
1749 5471 1936 5547 Augu-

234 5536 369 5593 stini
425 5536 802 5598 attulerat’ex
850 5544 949 5600 lib.
1015 5536 1104 5601 ἀρ’
1128 5536 1262 5602 Fide
1343 5536 1706 5618 ad'Petrum,
1761 5536 1936 5620 quem

2113 4405 2211 4473 Jo.
2241 4405 2404 4472 Bapt.
2455 4405 2706 4471 Masculi,
2761 4404 2881 4459 Soc.
2941 4406 3069 4458 Jesu
3121 4403 3499 4475 Neapolitani,
3554 4405 3758 4460 Ponde-

2045 4494 2283 4546 rationes
2344 4492 2689 4548 Concionales
2741 4495 2799 4546 in
2860 4507 3021 4563 opera
3073 4495 3131 4549 S.
3191 4495 3506 4563 Augustini,
3564 4494 3749 4564 Neap.

2054 4579 2421 4646 1652,1n-fol.
2454 4578 2546 4652 (e).
2582 4581 2749 4634 Forte
2800 4580 2951 4635 idem
3008 4597 3170 4652 opus,
3232 4584 3381 4653 quod
3428 4582 3578 4653 apud
3618 4585 3756 4651 Top-

2042 4668 2199 4736 pium
2242 4667 2308 4739 (f)
2367 4668 2741 4722 inscribitur:
2788 4669 3150 4724 Eruditarum
3198 4671 3481 4725 lectionum
3538 4671 3595 4726 S.
3639 4673 3759 4723 Au-

2045 4758 2253 4825 gustini
2291 4756 2420 4811 libri
2473 4758 2847 4814 Acroamatici
2898 4758 2972 4812 ad
3001 4759 3317 4826 Conciones,
3376 4757 3554 4813 decem
3583 4760 3756 4828 :tomis

2046 4847 2335 4900 contractis
2358 4846 2416 4899 in
2438 4861 2624 4915 unum,
2662 4847 2837 4917 Neap.
2887 4849 3042 4915 1656,
3064 4846 3242 4902 in-fol.
3272 4847 3451 4903 Colon.

2046 4988 2104 5041 S.
2165 4985 2438 5058 Fulgentii
2504 5002 2632 5058 esse
2712 4992 3071 5058 compertum
3127 4992 3246 5043 est:
3303 4993 3361 5043 et
3394 5004 3460 5042 ex
3508 4987 3661 5043 libro
3694 4989 3760 5043 de

2047 5057 2441 5183 Eccltgipsticis
2485 5057 2865 5125 Dogmatibus,
2901 5059 3003 5129 qui
3024 5063 3106 5113 est
3134 5060 3405 5115 Gennadii
3439 5058 3754 5113 Massilien—

2051 5144 2148 5181 sis.
2222 5142 2361 5180 oon.

2051 5144 2148 5181 $13.
2182 5142 2361 5181 UOlOﬂ.

2119 5197 2192 5267 (εἰ)
2224 5198 2301 5251 Ex
2337 5197 2589 5252 Echard.
2623 5197 2682 5252 in
2712 5199 2910 5269 Script.
2957 5199 3088 5254 Ord.
3146 5200 3328 5254 Prwd.
3395 5200 3465 5254 ad
3508 5216 3560 5253 a.
3595 5202 3751 5265 1549,

2046 5284 2103 5338 p.
2133 5271 2254 5323 135.
2289 5270 2478 5341 colon.
2520 5269 2627 5323 Sed
2681 5270 2771 5324 ed.
2823 5287 2874 5323 a.
2930 5272 3084 5337 1535,
3127 5286 3257 5339 qua:
3317 5270 3469 5341 apud
3520 5271 3757 5325 eosdem

2045 5343 2298 5404 notatur,
2329 5340 2470 5412 falsa
2513 5344 2641 5404 est;
2674 5356 2810 5412 nam
2864 5343 3155 5395 Piscatorii
3200 5340 3448 5411 Epitome
3488 5342 3757 5412 primum

2047 5425 2105 5465 a.
2150 5413 2303 5463 1537.
2331 5411 2519 5463 lucem
2554 5410 2789 5479 aspexit.

2118 5480 2186 5550 (ei)
2219 5481 2296 5550 Ei:
2327 5482 2513 5549 Lipen.
2546 5480 2689 5550 Bibl.
2720 5481 2919 5537 Theol.
2951 5481 2991 5550 1,
3031 5484 3148 5537 118.

2120 5549 2189 5621 (Γ)
2218 5548 2357 5605 Bibl.
2391 5548 2589 5621 Napot.
2618 5565 2677 5622 p.
2705 5554 2826 5607 137.
