3926 6192
151 309 220 358 197

849 296 1210 352 VARIORUM
1251 295 1848 352 EXERCITATIONES
1888 297 1956 350 IN
1997 296 2056 350 S.
2107 295 2467 350 AUGUSTINI
2515 294 2775 349 OPERA.

3474 301 3570 352 l98

197 423 356 480 David
395 423 618 486 Lenfant
667 419 1000 473 Parisiensis
1046 420 1169 474 ord.
1201 420 1383 475 Prmd.
1425 420 1763 477 Concordan-
1801 421 1843 474 A
1875 421 1978 474 sim
2005 422 2350 488 reperiuntur
2378 421 2434 473 in
2465 419 2708 472 omnibus
2731 419 2787 472 S.
2830 419 3127 485 Augustini
3167 420 3450 488 Operibus,
3481 437 3566 474 or-

149 519 209 568 tis
242 511 641 578 Augustiniana’,
689 523 801 562 sive
823 507 1062 563 collectio
1095 511 1329 563 omnium
1356 512 1762 574 sententiarum,

145 617 229 671 qua?
246 600 457 668 sparsim
484 599 832 666 reperiuntur
858 599 914 648 in
950 597 1195 651 omnibus
1227 599 1281 652 S.
1317 599 1616 664 Augustini
1636 599 1767 666 Ope-

145 691 251 743 ribus
296 688 363 740 ad
399 689 569 739 instur
638 685 1156 741 Concordantiarum
1223 688 1402 741 Sacra
1463 689 1766 756 Scriptum

144 779 253 832 Tom.
284 777 321 843 ι,
351 774 519 840 Paris,
555 777 712 842 1656,
735 773 918 828 in-fol.
945 762 1054 840 ,411.
1095 777 1249 828 1665.

187 863 414 933 Ejusdem
463 864 643 917 Biblia
688 865 1121 931 Augustiniana,
1163 866 1276 917 sive
1323 864 1556 918 collectio
1595 869 1644 917 ct
1677 880 1767 917 ca:-

135 955 302 1025 plicctio
341 953 567 1006 omnium
604 953 836 1006 locorum
887 954 1065 1007 Sacra:
1110 955 1423 1021 Scriptum,
1456 969 1574 1021 qua:
1596 968 1755 1022 spar-

1873 509 1999 562 dine
2025 508 2248 562 Biblico.
2282 507 2458 572 Paris,
2496 510 2650 573 1661,
2686 508 2841 572 1670,
2872 508 3041 560 tomis
3072 508 3142 561 ll.

1942 596 2217 661 Alba-tus,
2271 596 2389 648 Dux
2467 595 2762 648 Luinensis
2793 595 2877 664 (de
2930 596 3145 662 Luines)
3202 594 3428 649 Parisiis
3473 595 3570 648 de-

1875 689 2133 738 mortuus
2188 684 2223 737 d
2274 687 2336 737 10
2383 683 2500 737 Oct.
2536 700 2586 736 a.
2647 687 2800 739 1690.
2855 687 2946 736 aet.
2983 687 3069 748 69,
3121 683 3298 737 edidit
3348 686 3573 738 Senten-

1876 776 1981 828 tias
2010 779 2060 826 et
2110 775 2492 827 Instructioncs
2518 788 2583 825 etc
2633 774 2688 827 S.
2733 773 3040 839 Augustino
3077 777 3378 840 carcer-ptas.
3412 772 3572 826 Pari-

1876 862 1970 916 siis
2010 865 2162 916 1677.
2199 864 2327 916 Ηωο
2359 863 2688 917 Colonienses
2718 878 2772 930 p.
2807 863 2932 918 214.

1948 953 2228 1005 Hactenus
2259 950 2494 1004 omnino
2523 949 2592 1004 de
2618 949 2933 1020 Augustino
2965 949 3181 1003 dictum
3211 951 3352 1003 esto.

891 1259 1527 1357 VARIORUM
1573 1256 1614 1294 *
1673 1257 2591 1355 EXERGITATION
2601 1260 2744 1353 ES

493 1631 664 1795 S.
823 1478 2134 1792 AUGUSTIlNI
2292 1625 3159 1788 OPERA.

1293 2022 1391 2090 IN
1471 2021 1826 2090 TOMUM

400 2316 754 2370 DESIDERII
797 2317 1056 2371 ERASMI
1097 2318 1420 2372 CENSURA

234 2420 279 2456 ΙΝ
323 2419 510 2457 LIBROS
554 2419 1029 2459 RETRACTATIONL'M
1071 2422 1132 2459 ET
1179 2423 1601 2462 CONFESSIONUM.

165 2490 261 2544 Erit
285 2492 519 2546 fortasse
553 2493 654 2563 qui
687 2494 928 2547 miretur
957 2510 1058 2547 cur
1099 2494 1188 2548 his
1227 2495 1448 2550 duobus
1493 2495 1763 2566 operibus

115 2579 320 2646 primum
347 2580 681 2635 dederimus
710 2582 919 2636 locum.
955 2583 1006 2636 ls
1026 2582 1306 2637 rationem
1329 2582 1602 2653 accipiat:
1630 2585 1764 2638 Duae

116 2682 178 2719 res
201 2674 318 2722 sunt
340 2686 467 2740 quae
498 2669 871 2724 vehementer
897 2675 950 2724 et
982 2671 1298 2725 accendunt
1325 2671 1396 2725 ad
1440 2671 1764 2739 lectionem,

117 2759 154 2808 et
179 2757 479 2812 conducunt
507 2758 584 2812 ad
623 2758 976 2812 intellectum
1008 2759 1340 2826 voluminis,
1371 2759 1488 2813 vita
1517 2759 1766 2814 auctoris

117 2843 297 2912 cognita
322 2853 376 2899 et
405 2846 603 2917 operis
645 2863 762 2900 non
800 2846 1067 2914 ignotum
1109 2852 1541 2917 argumentum.
1581 2847 1764 2901 Pluri-

114 2946 234 2986 mum
258 2934 402 2987 enim
431 2936 634 3001 refert,
667 2951 838 3006 quam
871 2935 1373 3001 existimationem,
1417 2952 1592 3006 quem
1640 2935 1764 2988 ani-

114 3034 235 3072 mum
261 3021 453 3076 afferas
480 3023 560 3092 ad
589 3023 894 3092 legendum
921 3040 932 3077 :
967 3040 1070 3078 nec
1097 3023 1259 3078 facile
1290 3024 1447 3078 dictu
1478 3023 1550 3077 sit
1596 3040 1767 3094 quan-

115 3109 204 3160 tum
227 3107 277 3161 iu
300 3108 614 3179 judicando
645 3112 924 3165 momenti
957 3111 1162 3166 habeat
1189 3115 1543 3182 praesumpta
1567 3111 1636 3165 de
1666 3112 1767 3164 ho-

115 3194 229 3248 mine
257 3197 462 3266 opinio.
511 3200 868 3269 Frequenter
911 3200 1311 3254 exosculamur
1347 3200 1560 3253 dictum
1595 3199 1663 3253 ab
1697 3215 1764 3253 eo

115 3283 377 3350 profectum
401 3302 584 3356 quem
607 3302 885 3354 amamus,
910 3287 980 3342 de
1001 3304 1114 3358 quo
1143 3288 1443 3358 magnilice
1466 3287 1763 3354 sentimus,

115 3375 397 3441 consputuri
422 3375 468 3428 si
495 3375 572 3428 ab
601 3375 714 3429 alio
732 3392 905 3446 quem
926 3376 1150 3430 odimus
1171 3376 1390 3430 venisse
1417 3375 1763 3431 crederetur.

119 3457 373 3532 Utramque
416 3464 894 3518 commoditatem
933 3465 1019 3518 vir
1066 3468 1289 3518 sanctus
1327 3465 1490 3534 juxta
1527 3463 1593 3516 ’ac
1636 3481 1765 3534 pru-

114 3535 216 3590 dens
243 3543 588 3611 Augustinus
627 3541 714 3595 his
759 3543 980 3596 duabus
1042 3543 1534 3597 lucubrationibus
1598 3542 1766 3596 nobis

1902 2021 2351 2090 PRIMUM.

1804 2325 1846 2379 B
1879 2334 2070 2372 errore
2117 2316 2428 2387 scriptoris,
2477 2315 2591 2369 sive
2633 2314 2805 2369 etiam
2852 2313 3052 2384 inopia
3099 2312 3234 2368 ﬁdei
3283 2329 3346 2367 ac
3385 2313 3568 2368 laudis

1872 2422 2090 2472 amore,
2141 2406 2346 2459 maluit
2382 2404 2504 2475 ipse
2546 2404 2635 2458 sui
2679 2403 3172 2474 historiograpbus
3203 2419 3322 2456 esse
3357 2420 3370 2456 :
3405 2402 3572 2456 nimi-

1871 2510 2023 2561 rum,
2059 2493 2167 2548 sibi
2190 2493 2445 2547 conscius
2475 2509 2648 2564 quam
2669 2509 2784 2546 non
2805 2496 3190 2546 assentaretur
3217 2491 3344 2557 sibi,
3367 2490 3572 2544 deinde

1872 2583 2050 2654 probe
2079 2584 2375 2653 cognitum
2402 2581 2616 2635 habens
2636 2598 2694 2634 se
2724 2581 2871 2634 nulli
2911 2579 3241 2634 mortalium
3283 2579 3566 2633 notiorem

1873 2687 1992 2724 esse
2023 2687 2189 2740 posse
2213 2687 2385 2740 quam
2419 2675 2564 2724 esset
2594 2669 2718 2723 sibi.
2755 2671 2916 2733 Nam,
2972 2674 3034 2722 ut
3063 2669 3323 2722 omittam
3353 2668 3571 2721 animo-

1873 2775 2002 2813 rum
2029 2759 2321 2813 abstrusos
2369 2756 2543 2820 sinus,
2605 2772 2750 2825 quos
2795 2755 3036 2825 quisque
3069 2771 3199 2807 suos
3242 2754 3417 2819 novit,
3467 2769 3570 2807 nec

1874 2845 2117 2916 quilibet
2137 2851 2328 2898 tamen
2355 2843 2632 2914 pernovit,
2669 2848 2904 2913 quotam
2944 2842 3074 2895 vita:
3117 2841 3440 2911 portionem
3473 2858 3571 2894 no-

1873 2938 2078 2986 verunt
2107 2933 2207 3004 qui
2234 2933 2401 2986 nobis
2426 2931 2742 2985 arctissima
2761 2930 3146 2984 familiaritate
3173 2929 3360 3000 juncti
3390 2931 3568 2983 sunt?

1874 3023 2048 3075 Porro
2074 3021 2242 3075 famae
2289 3025 2503 3091 quanta
2531 3020 2745 3085 levitas,
2803 3024 3017 3090 quanta
3049 3019 3265 3072 vanitas
3285 3021 3312 3074 ?
3349 3018 3431 3072 Ad
3463 3018 3572 3072 hoc

1876 3115 2157 3180 quantum
2202 3110 2471 3163 humanae
2519 3107 2813 3162 memoria:
2856 3107 3235 3178 perlluvium?
3268 3109 3408 3162 Cum
3457 3107 3569 3162 duo

1877 3215 1994 3252 rem
2024 3204 2122 3252 aut
2137 3198 2456 3252 orationem
2490 3197 2768 3263 eamdem,
2805 3195 2895 3250 cui
2919 3195 3135 3266 pariter
3162 3195 3566 3256 interfuerunt,

1874 3287 2149 3346 referunt,
2199 3290 2413 3357 quanta
2478 3285 2819 3339 narrationis
2883 3284 3217 3338 diversitas?
3258 3285 3380 3338 Jam
3433 3283 3571 3354 quid

1874 3373 2010 3428 istos
2039 3390 2356 3428 memorem
2401 3373 2499 3444 qui
2528 3373 2735 3427 fabulis
2779 3373 3144 3443 impudenter
3169 3373 3326 3426 vanis
3353 3377 3408 3426 et
3437 3389 3570 3426 con-

1875 3461 2018 3516 ﬁctis
2045 3462 2334 3515 miraculis
2358 3462 2695 3516 memoriam
2727 3478 2927 3516 eorum
2953 3462 3161 3532 quibus
3202 3462 3410 3528 favent,
3453 3466 3570 3515 stu-

1873 3549 2012 3604 dent
2039 3551 2208 3621 vulgo
2257 3551 2673 3617 commendare,
2706 3565 3125 3619 nonnunquam
3181 3566 3245 3602 ea
3275 3549 3570 3604 laudantes

114 3628 404 3690 procuravit.
457 3629 650 3684 Libris
698 3629 1184 3684 Retractationum
1229 3629 1489 3684 omnium
1522 3646 1762 3701 operum
1803 3613 1841 3667 C
1874 3655 2003 3709 qua;
2047 3613 2311 3693 laudatus
2365 3655 2468 3692 nec
2497 3613 2668 3708 fecit;
2710 3655 2813 3692 nec
2867 3613 3170 3710 pro-baut?
3219 3639 3282 3692 Et
3327 3638 3573 3692 arbitror

115 3726 299 3768 suorum
327 3724 672 3788 argumenta
696 3718 1005 3785 contexuit,
1034 3723 1089 3772 et
1119 3718 1556 3772 Confessionum
1606 3717 1762 3772 libris

115 3796 247 3853 vitam
271 3817 493 3858 omnem
531 3821 695 3858 suam
722 3805 1000 3875 depinxit,
1025 3821 1273 3876 quorum
1305 3810 1613 3876 utrumque
1643 3810 1762 3860 tam

113 3883 364 3957 diligenter
408 3894 480 3947 ab
534 3893 635 3947 illo
675 3893 886 3947 factum
930 3898 1035 3961 est,
1071 3898 1134 3947 ut
1159 3894 1409 3965 iniquior
1437 3894 1645 3964 aliquis
1676 3910 1764 3948 su-

114 3974 272 4041 spicari
308 3982 483 4050 possit
528 3997 648 4036 non
691 3998 928 4052 prorsus
985 3982 1232 4036 abfuisse
1261 3983 1584 4038 humanum
1621 3983 1760 4036 affe-

113 4074 227 4126 ctum
267 4071 509 4134 κενοδοξίᾳ
544 4087 645 4124 seu
674 4078 901 4142 φιλαυτίᾳ
943 4071 1196 4141 cuipiam
1238 4071 1492 4125 afﬁnem.
1550 4072 1758 4125 Verum

114 4173 180 4211 res
214 4162 363 4232 longe
407 4177 576 4216 secus
621 4160 816 4225 habet,
846 4160 892 4213 si
940 4159 1042 4230 qui
1072 4160 1276 4228 optimi
1324 4159 1432 4214 viri
1459 4159 1762 4214 consilium

115 4251 364 4318 expendat.
411 4250 567 4305 Olim
612 4248 885 4302 solemme
929 4254 1050 4302 erat
1077 4249 1476 4318 praestantium
1508 4248 1761 4301 virorum

115 4341 236 4402 gesta
259 4340 410 4392 libris
462 4345 523 4393 et
569 4336 924 4391 orationibus
953 4337 1256 4391 celebrare.
1295 4339 1410 4391 Hoc
1437 4337 1761 4407 exemplum

114 4437 138 4474 a
172 4425 347 4480 militia
376 4428 446 4481 ad
475 4426 684 4490 studia,
721 4442 754 4479 a
783 4424 986 4480 Graecis
1018 4426 1090 4479 ad
1116 4425 1337 4480 Latinos
1369 4429 1425 4479 et
1465 4424 1759 4491 barbaros,

115 4527 138 4562 a
178 4513 388 4569 ducibus
433 4532 499 4569 ac
557 4513 914 4585 philosophis
970 4513 1044 4567 ad
1094 4513 1386 4583 episcopos
1417 4513 1758 4567 demanavit.

117 4599 416 4672 Perspiciens
445 4605 646 4674 itaque
673 4603 1007 4673 frequenter
1032 4602 1093 4655 in
1129 4601 1384 4656 historiis
1427 4602 1764 4672 hujusmodi

114 4691 312 4745 multum
340 4691 602 4746 falsitatis
627 4690 892 4757 inveniri,
927 4691 1041 4744 sive
1063 4690 1371 4744 immodico
1404 4691 1615 4759 studio,
1647 4691 1762 4746 sive

167 4831 181 4849 '
211 4831 272 4886 De
310 4833 396 4888 his
444 4833 771 4888 auctoribus
819 4833 1088 4888 lectorem
1144 4832 1432 4886 monitum
1477 4832 1759 4898 volumus,

115 4914 238 4979 {1'0n_
268 4921 459 4979 omnes
524 4905 649 4974 pari
729 4904 1078 4979 orthodoxizn
1131 4904 1298 4958 laude
1338 4897 1754 4979 commendari.
1790 4897 1831 4950 Ι)

116 4968 299 5027 Nemini
317 4976 470 5029 enim
503 4968 618 5029 non
649 4981 849 5029 notum
880 4980 979 5038 est,
1003 4977 1293 5029 Erasmum
1336 4975 1760 5029 Roterodanum

111 5053 292 5098 necnon
327 5051 382 5100 et
427 5047 849 5116 Phereponum,
900 5062 1000 5116 seu
1029 5045 1231 5116 potius
1255 5047 1550 5116 Joannem
1583 5045 1762 5100 Cleri-

113 5125 213 5184 cum
241 5116 304 5182 (le
341 5117 517 5180 Clerc)
571 5115 675 5170 sud
725 5116 832 5169 hoc
878 5115 1078 5169 ﬁctitio
1109 5115 1342 5168 nomine
1371 5115 1665 5184 latentem,
1700 5117 1761 5168 in

113 5183 271 5237 multis
297 5186 674 5240 heterodoxia:
705 5203 829 5240 reos
857 5202 890 5238 a
916 5186 1053 5238 viris
1081 5185 1371 5239 catholicis
1401 5186 1618 5240 haberi.
1664 5187 1761 5238 Ve-

112 5260 416 5323 rumtamen,
467 5274 597 5310 cum
641 5257 774 5311 satis
821 5257 1016 5311 multa:
1057 5255 1284 5309 illorum
1318 5256 1377 5308 in
1407 5256 1460 5310 S.
1491 5257 1758 5326 Augusti-

114 5335 223 5378 num
249 5328 638 5381 annotationes
669 5344 782 5382 non
836 5327 1141 5381 mediocris
1169 5327 1283 5379 sint
1313 5327 1610 5392 momenti,
1662 5328 1762 5380 has

115 5394 310 5468 reticere
337 5398 649 5459 noluimus,
679 5403 912 5468 propter
938 5398 1093 5451 locos
1115 5398 1332 5468 aliquot
1347 5467 1354 5468 ί
1371 5411 1486 5450 non
1537 5397 1765 5468 penitus

118 5466 507 5542 irreprehensos
539 5476 634 5523 aut
658 5466 830 5523 etiam
859 5485 1152 5542 erroneos,
1186 5466 1227 5522 si
1240 5467 1447 5538 quibus
1478 5466 1765 5522 studiosus

117 5538 318 5606 quisque
346 5539 510 5592 facile
530 5555 842 5609 praecavere
861 5538 1089 5610 poterit.

1869 3727 2043 3781 fuisse
2070 3727 2170 3797 qui
2200 3728 2363 3797 pium
2388 3727 2770 3782 existimarint
2794 3726 3126 3797 hujusmodi
3163 3727 3306 3781 fucis
3352 3726 3572 3781 animos

1871 3815 1938 3869 ad
1979 3815 2275 3885 religionis
2322 3815 2578 3869 studium
2626 3815 2950 3870 accendere.
3001 3815 3114 3885 Ego
3169 3815 3437 3886 pestilens
3465 3815 3573 3869 hoc

1870 3903 2200 3957 rabularum
2229 3920 2409 3974 genus
2444 3903 2592 3958 inter
2623 3904 2972 3957 Christianos
3002 3920 3226 3973 semper
3255 3920 3380 3956 sum
3411 3920 3569 3957 exse-

1869 3996 2078 4058 cratus,
2129 3992 2229 4062 qui
2290 4008 2476 4062 neque
2523 3975 2710 4045 sciunt
2748 4007 2940 4045 veram
2979 3990 3206 4059 pietatis
3252 3989 3567 4059 imaginem

1870 4078 2233 4145 adumbrare,
2304 4095 2477 4133 nemo
2558 4080 2713 4133 novit
2780 4079 2890 4132 nisi
2950 4094 3080 4132 vere
3157 4077 3308 4147 pius,
3374 4078 3570 4148 quales

1868 4165 1917 4219 si
1977 4172 2164 4220 essent
2213 4166 2320 4235 illi,
2359 4182 2656 4237 nunquam
2676 4166 2899 4233 ,talibus
2946 4165 3258 4219 mendaciis
3309 4165 3571 4219 fallerent

1871 4253 2177 4323 discipulos
2208 4254 2362 4308 illius
2392 4255 2493 4325 qui
2518 4254 2724 4308 veritas
2745 4259 2828 4308 est
2882 4258 2939 4308 et
2984 4252 3315 4324 hujusmodi
3347 4254 3567 4308 technis

1870 4342 1977 4395 hoc
2007 4342 2262 4396 efﬁciunt
2293 4347 2356 4396 ut
2377 4359 2480 4397 nec
2519 4359 2651 4397 vera
2683 4342 3048 4397 narrantibus
3087 4342 3363 4396 habeatur
3393 4343 3556 4397 ﬁdes.

1873 4430 2087 4483 Horum
2117 4446 2188 4483 ne
2233 4429 2371 4500 quid
2416 4431 2666 4484 accidere
2704 4434 2914 4501 posset,
2958 4430 3307 4500 Augustinus
3336 4446 3438 4484 suo
3467 4447 3566 4500 pe-

1869 4517 2061 4572 nicillo
2091 4519 2341 4590 seipsum
2370 4518 2536 4574 nobis
2565 4519 2840 4590 depinxit,
2888 4518 3060 4589 idque
3092 4523 3153 4572 ut
3193 4517 3408 4588 majore
3439 4535 3566 4574 cum

1870 4606 1983 4660 ﬁde
2034 4607 2262 4671 faceret,
2293 4623 2397 4660 nec
2427 4608 2579 4660 mala
2627 4624 2729 4660 sua
2769 4606 3017 4666 reticuit,
3083 4623 3184 4661 nec
3239 4606 3571 4661 hominibus

1870 4693 1976 4747 ista
1991 4694 2268 4764 loquitur,
2293 4695 2390 4748 sed
2416 4696 2528 4748 Deo
2557 4695 2878 4761 conﬁtetur,
2903 4695 2993 4749 cui
3024 4694 3257 4749 mentiri
3279 4711 3381 4749 nec
3406 4695 3567 4765 pium

1943 4834 2219 4888 Cmterum
2259 4833 2386 4905 quis
2416 4833 2632 4888 nesciat
2661 4835 2924 4904 quaedam
2965 4835 3468 4889 lueresiarcharum
3511 4839 3568 4887 et

1871 4919 2226 4974 paganorum
2290 4919 2465 4973 opera
2535 4905 2784 4958 studiose
2841 4906 3047 4975 saepius
3104 4906 3274 4958 fuisse
3333 4905 3567 4958 collecta

1872 4981 1994 5028 tum
2021 4991 2093 5028 ne
2151 4975 2197 5028 si
2229 4975 2368 5045 quid
2415 4975 2900 5028 intermisceretur
2938 4975 3092 5041 boni,
3136 4975 3562 5044 deperderetur,

1871 5050 1992 5099 tum
2024 5045 2197 5116 etiam
2226 5053 2288 5099 ut
2318 5047 2469 5116 quod
2504 5061 2753 5099 errorem
2784 5046 3034 5116 sapiebat
3052 5061 3274 5116 novum,
3298 5045 3563 5116 historiae

1872 5115 2262 5170 ecclesiastica:
2312 5115 2703 5186 suppeditaret
2756 5115 3208 5169 monumentum.
3267 5115 3442 5184 Hujus
3482 5115 3565 5169 rei

1869 5191 2038 5240 testes
2067 5192 2200 5241 sunt
2237 5187 2573 5253 scholiastee,
2607 5191 3081 5240 commentatores
3120 5186 3564 5256 collectoresque

1871 5258 2116 5312 duorum
2148 5274 2277 5327 quae
2304 5273 2644 5327 prazcessere
2675 5260 3030 5322 saeculorum,
3052 5261 3237 5327 atque
3267 5255 3325 5309 in
3363 5255 3566 5326 primis

1875 5326 2223 5382 Benedictini
2271 5326 2478 5398 quibus
2535 5329 3010 5383 heterodoxorum
3086 5326 3272 5380 omnis
3316 5328 3563 5395 generis,

1872 5415 1923 5452 v.
1956 5415 2032 5468 g.,
2079 5399 2246 5467 Celsi,
2272 5397 2596 5469 Porphyrii,
2619 5398 2851 5469 Juliani,
2884 5398 3100 5468 Pelagii
3123 5404 3177 5452 et
3204 5397 3448 5452 aliorum
3477 5413 3564 5469 er-

1874 5467 2132 5524 ramenta
2161 5469 2276 5523 suis
2307 5467 2650 5524 editionibus
2681 5468 2842 5539 quasi
2888 5467 3200 5536 suscitasse,
3249 5485 3282 5522 a
3336 5467 3564 5523 nemine

1875 5555 2130 5608 unquam
2158 5539 2297 5594 vitio
2326 5555 2552 5594 versum
2582 5543 2682 5593 est.
2712 5539 2854 5593 EDlT.
