3922 6188
256 284 351 337 199

1256 282 1812 337 SUPPLEMENTUM
1855 281 1944 335 AD
1982 282 2212 337 OPERA
2241 284 2295 337 S.
2341 283 2727 340 AUGUSTINI.

3646 291 3748 342 200

249 410 352 471 est,
403 420 507 458 nec
554 408 763 458 tutum.
821 405 943 458 Jam
983 402 1039 454 in
1087 401 1474 455 voluminibus
1503 406 1717 472 quanta
1762 400 1932 454 fuerit
1968 405 2011 458 A
2041 401 2297 472 genium.
2347 403 2500 456 Alios
2545 401 2870 457 blandiores
2909 403 2994 456 vel
3025 403 3246 456 adulari
3275 403 3363 456 vel
3395 403 3580 457 ridere
3620 420 3742 457 cre-

249 491 684 562 inscriptionum
725 490 810 543 vel
839 490 1156 558 impostura
1194 488 1278 540 vel
1319 487 1618 541 infelicitas
1649 492 1938 558 reputans,

251 581 389 635 dum
430 579 519 632 vel
565 577 783 632 incuria
841 576 1031 629 multa
1062 575 1376 628 celebrium
1418 575 1760 644 scriptorum
1785 577 1940 630 lucu-

248 667 538 723 brationes
567 664 932 728 intercidunt,
979 664 1063 716 vel
1119 662 1341 717 inscitia
1384 663 1638 716 studiove
1669 663 1942 716 fraudatis

247 755 574 809 auctoribus
612 753 670 805 in
709 752 960 805 alienum
1008 767 1219 804 nomen
1266 751 1456 822 plagio
1497 752 1938 816 transferuntur,

243 845 332 898 vel
362 843 463 896 sub
494 841 742 912 gratioso
774 840 1001 910 piorum
1038 839 1342 893 hominum
1383 840 1549 893 titulo
1591 839 1942 910 supposititii

250 947 568 1003 nugonum,
601 946 672 983 ne
705 929 890 984 dicam
922 929 1323 982 haereticorum
1377 928 1553 982 libelli
1593 933 1943 1000 sparguntur

243 1022 302 1074 in
357 1021 577 1090 vulgus,
635 1017 791 1072 libris
841 1017 1328 1071 Retractationum
1362 1016 1449 1070 his
1481 1017 1644 1071 malis
1696 1016 1944 1072 occurrit

242 1113 397 1163 tanta
428 1124 582 1173 cura,
617 1111 676 1160 ut
716 1106 1070 1176 singulorum
1105 1122 1343 1176 operum
1374 1109 1429 1159 et
1461 1105 1656 1159 titulos
1687 1111 1742 1159 et
1796 1109 1939 1159 tem-

240 1212 381 1267 pora
427 1201 484 1249 et
521 1198 864 1264 argumenta
914 1197 968 1246 et
1008 1193 1328 1246 occasiones
1377 1196 1432 1245 et
1489 1193 1652 1245 initia
1708 1192 1938 1258 notarit,

242 1285 384 1338 adeo
434 1283 576 1336 nihil
637 1281 1103 1353 przelermittens,
1135 1286 1200 1334 ut
1259 1296 1364 1333 nec
1414 1296 1479 1334 ea
1526 1297 1652 1350 quae
1687 1280 1944 1350 praelusit

241 1372 702 1435 catechumenus,
730 1385 859 1441 quae
889 1369 979 1422 vix
1011 1385 1174 1422 orsus
1204 1369 1404 1435 fuerat,
1439 1385 1569 1439 quae
1601 1385 1718 1422 non
1761 1385 1940 1440 agno-

241 1461 450 1528 scebat,
479 1459 726 1529 denique
758 1474 859 1512 nec
895 1457 1179 1527 psalmum
1216 1457 1436 1526 vulgari
1490 1457 1759 1526 rhythmo
1808 1457 1941 1510 scri-

242 1554 404 1620 ptum
430 1549 489 1602 in
517 1547 717 1602 Donati
746 1547 1052 1600 factionem
1084 1545 1438 1616 praeterierit.
1474 1546 1663 1599 Patiar
1691 1550 1756 1599 ut
1792 1545 1938 1599 hanc

243 1636 601 1707 diligentiam
649 1634 1052 1706 reprehendas,
1105 1633 1149 1686 si
1197 1635 1354 1704 prius
1394 1635 1722 1704 supputaris
1752 1651 1936 1706 quan-

240 1730 363 1780 tum
402 1725 764 1795 egregiorum
797 1722 1150 1777 voluminum
1180 1723 1344 1777 nobis
1365 1723 1610 1776 aliorum
1631 1721 1938 1794 indiligen-

239 1813 317 1867 tia
347 1812 600 1883 perierit,
641 1815 919 1882 quantum
961 1809 1280 1864 nzeniarum
1340 1810 1709 1865 mendacibus
1752 1811 1937 1865 titulis

241 1902 532 1954 obtrusum
565 1899 637 1952 sit
666 1898 788 1952 orbi
807 1898 1145 1952 Christiano.
1184 1901 1362 1968 Atque
1390 1898 1609 1952 utinam
1649 1899 1776 1969 pari
1807 1899 1938 1953 dili-

241 1979 433 2050 gentia
465 1980 618 2050 quod
675 1984 932 2048 coeperat
978 1977 1346 2032 absolvisset!
1385 1979 1734 2048 Ilecognovit
1780 1978 1935 2032 enim

239 2067 520 2138 quidquid
551 2065 741 2135 aliquo
771 2069 936 2134 pacto
962 2063 1092 2116 libri
1137 2079 1346 2117 nomen
1377 2069 1650 2117 meretur.
1699 2064 1940 2135 Supere-

239 2160 369 2208 rant
396 2155 651 2224 epistolae
681 2157 737 2206 et
761 2156 1050 2217 tractatus,
1093 2169 1234 2222 quas
1277 2152 1398 2221 ipse
1433 2155 1671 2206 testatur
1710 2153 1780 2206 ab
1811 2154 1936 2207 aliis

240 2242 510 2297 homilias
553 2240 760 2306 vocari,
800 2239 906 2293 hos
952 2239 1152 2293 dividit
1181 2239 1466 2304 bifariam,
1496 2239 1554 2294 in
1592 2239 1848 2307 dictatos,
1879 2247 1937 2295 et

240 2331 418 2386 dictos
448 2331 516 2384 ad
546 2330 820 2400 p0pulum
869 2327 1145 2392 Quasdam
1185 2328 1338 2382 enim
1369 2327 1447 2381 sic
1489 2328 1844 2396 dicebantur,
1872 2334 1936 2383 ut

239 2436 304 2473 ex
337 2435 610 2473 consensu
659 2417 898 2471 dicentis
927 2416 997 2470 ad
1044 2433 1237 2487 preces
1293 2416 1608 2470 amicorum
1635 2434 1665 2471 a
1696 2417 1935 2471 notariis

239 2508 638 2577 exciperentur
697 2521 826 2576 quae
889 2505 1242 2559 dicebantur.
1301 2505 1453 2559 ldem
1515 2521 1934 2577 nonnunquam

237 2597 411 2651 fiebat
434 2599 490 2649 et
527 2594 674 2664 apud
732 2594 1028 2664 populum,
1068 2595 1225 2648 velut
1268 2593 1328 2647 in
1372 2593 1507 2647 actis
1561 2593 1929 2650 solemnibus.

237 2683 574 2753 Quanquam
603 2681 659 2734 id
691 2681 966 2750 temporis
991 2680 1106 2733 fere
1140 2679 1498 2734 notariorum
1531 2680 1792 2734 celeritas
1832 2698 1931 2734 ex-

236 2771 483 2842 cipiebat
518 2769 797 2840 quidquid
845 2768 1155 2838 publicitus
1198 2768 1348 2839 apud
1390 2768 1822 2823 multitudinem
1845 2768 1930 2823 di-

236 2859 487 2913 cebatur.
534 2857 695 2921 Quod
746 2857 974 2927 quidem
1027 2860 1087 2908 ut
1142 2855 1358 2924 ubique
1390 2855 1572 2907 facere
1628 2856 1930 2908 molestum

2053 491 2189 553 das;
2241 505 2435 542 rursus
2477 489 2619 543 alios
2659 490 2878 542 occulta
2927 494 3145 543 natura:
3181 490 3230 542 vi
3255 491 3533 560 proclives
3557 491 3626 545 ad
3655 495 3743 562 jo-

2051 577 2317 646 candum,
2365 593 2570 648 parum
2617 593 2814 647 graves
2857 577 3149 642 arbitrere,
3197 577 3258 630 ni
3278 577 3517 648 propius
3554 596 3621 632 ac
3646 579 3747 634 doc

2051 667 2282 720 mestice
2332 681 2549 720 nosses.
2601 667 2711 719 Nec
2738 665 2940 720 dubito
2973 666 3114 736 quin
3152 666 3258 720 hoc
3289 667 3482 720 multis
3516 684 3625 721 usu
3651 685 3748 722 ve-

2050 754 2170 808 niat
2199 770 2397 808 eorum
2427 755 2525 825 qui
2563 770 2758 808 recens
2803 754 2872 808 ad
2910 754 3458 825 Augustinianorum
3500 757 3751 810 volumi-

2048 858 2191 896 num
2234 842 2535 896 lectionem
2585 843 2740 896 velut
2779 843 2838 895 in
2884 842 3238 913 colloquium
3284 843 3436 897 illius
3480 844 3744 898 veniunt.

2049 930 2300 984 Offendit
2351 928 2564 1001 species
2620 931 2882 999 quaedam
2922 930 3298 1002 loquacitatis,
3341 931 3645 986 offendunt
3682 932 3746 985 in

2049 1018 2288 1089 longum
2332 1019 2623 1088 productae
2670 1018 2912 1088 periodi,
2957 1019 3206 1073 ostendit
3249 1019 3431 1073 oratio
3471 1036 3746 1073 nonnun-

2049 1122 2221 1176 quam
2253 1106 2320 1160 ad
2353 1107 2689 1176 popularem
2717 1123 3041 1160 sermonem
3092 1107 3467 1178 degenerans,
3501 1108 3748 1162 offendit

2048 1195 2381 1249 earumdem
2401 1211 2593 1248 rerum
2624 1195 2822 1250 crebra
2851 1195 3112 1266 repetitio
3139 1214 3151 1263 ;
3175 1197 3330 1250 dicas
3354 1196 3563 1250 alicubi
3586 1197 3750 1266 quid-

2049 1282 2179 1337 dam
2228 1299 2348 1337 esse
2394 1283 2692 1350 subinane,
2745 1288 2804 1337 et
2847 1284 3112 1338 affectum
3155 1284 3407 1338 hominis
3455 1285 3564 1338 sibi
3615 1286 3749 1355 plus

2049 1387 2216 1442 aequo
2247 1371 2543 1441 placentis.
2577 1373 2862 1427 Caeterum
2892 1373 2991 1427 ubi
3022 1373 3243 1427 diutina
3291 1373 3533 1427 lectione
3564 1373 3750 1427 factus

2048 1459 2123 1511 sis
2169 1457 2522 1524 familiarior,
2573 1457 2854 1512 sermonis
2901 1459 3146 1529 copiam,
3176 1465 3234 1514 et
3264 1460 3464 1514 eadem
3504 1459 3750 1514 subinde

2049 1545 2252 1598 iterata
2279 1545 2440 1598 facile
2470 1550 2699 1599 excusat
2728 1545 2967 1599 docendi
2988 1546 3260 1612 studium,
3291 1551 3347 1599 et
3375 1546 3529 1616 quod
3554 1546 3753 1600 docuit

2047 1633 2276 1702 penitus
2331 1633 2538 1688 animis
2573 1633 2878 1688 hominum
2920 1633 3236 1705 infigendi:
3270 1633 3538 1687 circuitus
3568 1634 3751 1704 proli-

2046 1721 2234 1776 xiores
2281 1721 2489 1792 quibus
2527 1739 2715 1776 comes
2757 1738 2876 1776 esse
2922 1723 3062 1776 solet
3105 1721 3442 1783 obscuritas,
3492 1726 3755 1792 arguunt

2048 1809 2440 1864 admirandam
2490 1809 2783 1864 memoria:
2836 1810 3164 1865 felicitatem
3197 1816 3254 1865 et
3301 1817 3365 1865 ut
3405 1811 3641 1881 ingenio
3671 1811 3753 1864 fe-

2046 1899 2394 1952 cundissima
2448 1900 2692 1970 plurima
2747 1915 2866 1952 sese
2911 1899 3210 1953 confertim
3257 1900 3524 1966 offerunt,
3561 1900 3754 1952 multa

2044 1988 2241 2057 paucis
2287 1987 2700 2058 complectendi
2730 1987 3011 2042 studium:
3045 1987 3311 2042 dictionis
3352 1988 3749 2042 humilitatem

2046 2081 2276 2132 excusat
2303 2076 2536 2141 caritas,
2718 2084 3146 2148 ,

2530 2163 2783 2217 Paulinis
2835 2165 2990 2218 enim
3069 2165 3256 2218 verbis
3327 2164 3570 2218 libenter
3633 2165 3750 2218 uti-

2044 2269 2198 2306 mur.
2274 2251 2766 2316 Quemadmodum
2821 2256 3013 2305 autem
3079 2257 3199 2305 erat
3262 2252 3577 2306 alienarum
3636 2253 3751 2306 vir-

2043 2345 2233 2394 tutum
2272 2338 2712 2393 candidissimus
2760 2339 3096 2408 aestimator,
3147 2339 3225 2393 ita
3257 2339 3398 2392 mire

2043 2428 2213 2482 fuisse
2254 2427 2477 2482 videtur
2523 2443 2659 2497 erga.
2701 2432 2974 2497 cognatos
3009 2431 3063 2480 et
3111 2427 3341 2494 amicos,
3375 2428 3524 2498 quod
3549 2426 3748 2497 ipsum

2043 2516 2264 2570 eximiae
2281 2515 2572 2585 cujusdam
2597 2514 2985 2581 humanitatis,
3012 2513 3283 2568 indicium
3309 2519 3410 2568 est.
3440 2516 3578 2569 Suas
3608 2531 3747 2568 vero

2041 2605 2201 2659 dotes
2233 2620 2333 2657 nec
2365 2603 2650 2673 ignoravit
2679 2603 2752 2656 ob
2783 2602 3105 2669 stultitiam,
3141 2619 3243 2656 nec
3263 2603 3385 2657 odit
3415 2603 3485 2655 ob
3519 2603 3744 2674 putidi

2044 2697 2238 2747 tatem.
2290 2693 2496 2745 Verum
2530 2691 2821 2757 hactenus,
2873 2695 2936 2744 ut
2975 2709 3042 2745 ea
3083 2708 3172 2744 res
3219 2691 3360 2746 nihil
3391 2692 3605 2745 officiat
3636 2693 3744 2746 ho-

2043 2781 2216 2834 minis
2246 2780 2456 2850 insigni
2483 2780 2795 2834 modestiae.
2831 2780 2954 2833 Non
2989 2779 3156 2833 aliter
3195 2784 3368 2845 amat,
3417 2795 3534 2833 non
3572 2780 3748 2834 aliter

2041 2868 2313 2939 praedicat
2343 2867 2399 2922 in
2422 2886 2480 2921 se
2511 2869 2660 2922 dona
2692 2869 2810 2932 Dei,
2831 2883 3006 2938 quam
3048 2873 3262 2921 amaret
3295 2884 3360 2921 ac
3398 2867 3742 2938 praedicaret

236 2947 327 3012 sit,
349 2946 428 3000 ita
478 2946 536 3000 in
581 2945 743 2999 seriis
793 2943 1276 3014 disputationibus
1317 2947 1416 2996 aut
1453 2943 1785 2998 concionibu

2189 2959 2242 3010 is
2267 2975 2278 3011 :
2357 2959 2628 3028 Ignorare
2651 2962 2748 3011 tua
2763 2957 2934 3022 bona,
2959 2956 3306 3026 stupiditatis
3326 2963 3428 3022 est;
3454 2973 3570 3010 non
3592 2973 3738 3027 prae-

235 3051 361 3089 cere
423 3035 789 3088 vehementer
832 3031 1186 3086 conducibile
1235 3031 1429 3086 fuerit.
1482 3031 1640 3084 Nunc
1697 3030 1930 3102 quidem

236 3123 385 3194 apud
452 3121 880 3176 multitudinem
958 3119 1276 3190 quamlibet
1333 3119 1692 3188 frequentem
1737 3119 1934 3173 dicunt

236 3210 517 3282 quidquid
573 3210 764 3263 animo
818 3207 1154 3262 collubitum
1197 3207 1368 3261 fuerit
1403 3224 1415 3261 :
1456 3223 1588 3260 cum
1626 3212 1926 3276 urgentur,

236 3299 492 3368 dejerant
532 3313 588 3350 se
635 3296 774 3349 nihil
825 3294 1106 3366 ejusmodi
1137 3293 1344 3348 dixisse
1378 3310 1390 3347 :
1429 3310 1494 3348 ex
1527 3293 1761 3346 adverso
1791 3309 1931 3348 non-

236 3385 406 3438 nullis
450 3383 750 3437 exhibetur
780 3382 1094 3451 negotium,
1129 3381 1291 3452 quasi
1339 3381 1589 3434 dixerint
1614 3381 1766 3451 quod
1812 3399 1926 3436 non

234 3473 503 3527 dixerunt
579 3471 677 3525 Ilic
715 3471 759 3524 si
817 3470 944 3542 qnis
970 3469 1104 3523 citet
1146 3473 1349 3522 testem
1403 3469 1704 3539 populum,
1740 3470 1926 3524 bellua

233 3560 542 3614 multorum
571 3563 656 3612 est
684 3558 954 3628 capitum,
990 3562 1054 3612 ut
1081 3557 1161 3610 ait
1192 3557 1286 3610 ille
1377 3557 1657 3628 scriptura
1689 3575 1926 3613 manens

232 3647 440 3702 certius
470 3647 628 3700 litem
679 3645 916 3700 dirimit.
972 3644 1281 3714 Recognita
1313 3649 1530 3698 certum
1571 3644 1784 3699 habent
1825 3663 1924 3716 pa-

232 3740 472 3790 rentem.
509 3737 586 3790 De
629 3734 879 3804 epistolis
933 3739 989 3788 et
1025 3733 1359 3788 tractatibus
1409 3732 1638 3786 aliunde
1687 3750 1925 3788 sumen-

233 3825 371 3879 dum
393 3822 787 3894 estjudicium.
815 3824 1008 3892 Neque
1032 3827 1220 3874 tamen
1251 3821 1510 3892 protinus
1536 3821 1922 3876 adulterinum

229 3913 426 3968 haberi
463 3912 628 3966 debet
676 3910 955 3982 quidquid
1009 3910 1066 3964 in
1109 3910 1366 3979 catalogo
1417 3925 1533 3962 non
1577 3915 1925 3976 recensetur,

227 4018 357 4056 cum
387 4018 489 4056 nec
542 4000 783 4071 epistola
844 3999 915 4052 sit
962 4014 1064 4052 nec
1096 3997 1351 4051 homilia.
1386 3998 1723 4068 Quanquam
1767 3998 1922 4052 enim

227 4107 392 4144 senex
424 4091 528 4144 hoc
576 4105 721 4158 opus
769 4086 1071 4155 accuravit,
1126 4094 1320 4140 tamen
1377 4090 1595 4139 certum
1643 4089 1728 4139 est
1759 4085 1921 4140 illum

227 4182 424 4248 postea
452 4177 717 4249 qumdam
748 4175 968 4229 dedisse
997 4173 1055 4226 in
1086 4174 1238 4227 hunc
1265 4173 1526 4227 ordinem
1565 4175 1920 4240 accersenda,

228 4265 399 4319 veluti
430 4266 641 4319 librum
684 4264 752 4317 de
800 4263 1118 4317 Haaiesibus
1165 4262 1233 4315 ad
1265 4262 1743 4326 Quodvultdeum.
1785 4263 1921 4316 Aliis

227 4353 404 4424 igitur
449 4351 802 4423 argumentis
839 4350 1162 4403 docendum
1192 4354 1278 4402 est
1319 4339 1581 4418 quaedam
1633 4365 1754 4404 esse
1799 4367 1917 4404 am-

227 4441 386 4510 bigui
413 4445 626 4510 partus,
661 4438 923 4509 quaedam
954 4441 1105 4490 certo
1158 4436 1352 4488 notha.
1390 4437 1562 4488 Porro
1611 4436 1743 4490 libri
1774 4439 1917 4492 Con-

225 4527 537 4582 fessiouum
565 4543 678 4580 non
729 4526 912 4579 solum
953 4525 1064 4578 huc
1116 4525 1440 4578 conducunt
1468 4529 1532 4577 ut
1581 4524 1800 4578 avidius
1839 4527 1916 4579 le-

227 4631 430 4687 gamus
478 4614 631 4668 illius
689 4613 918 4683 scripta.
978 4614 1140 4684 cujus
1191 4617 1247 4667 et
1293 4612 1734 4667 sincerissimam
1784 4628 1921 4682 erga

231 4709 406 4761 Deum
438 4704 713 4776 pietatem
757 4707 812 4756 et
859 4702 1361 4773 agrantissimam
1409 4718 1544 4773 erga
1588 4701 1919 4772 proximum

225 4793 521 4849 caritatem
544 4790 942 4862 cognovimus;
973 4806 1168 4844 verum
1218 4791 1432 4844 habent
1457 4793 1513 4842 et
1563 4789 1732 4842 aliam
1764 4789 1916 4843 utili-

225 4887 418 4949 tatem,
474 4896 716 4950 eamque
764 4877 1073 4948 geminam.
1135 4878 1324 4930 Altera
1371 4882 1475 4941 est,
1509 4893 1623 4946 qua
1654 4877 1787 4931 hinc
1833 4893 1920 4930 co-

225 4970 398 5041 gnitis
430 4968 690 5041 personis
732 4966 938 5020 rectius
987 4965 1360 5034 intelligimus
1399 4965 1656 5034 dialogos
1686 4965 1836 5018 illius
1865 4970 1921 5018 et

226 5058 521 5127 epistolas;
577 5057 773 5120 altera,
822 5070 935 5125 qua
966 5053 1064 5124 qui
1113 5052 1473 5106 familiariter
1519 5058 1794 5106 noverant
1825 5053 1916 5105 in-

226 5145 479 5216 genium,
537 5159 765 5198 sensum
805 5160 868 5196 ac
916 5141 1226 5195 dictionem
1273 5138 1542 5204 hominis,
1579 5141 1770 5192 multis
1802 5155 1919 5192 non

226 5231 592 5286 otfenduntur
619 5232 826 5302 quibus
857 5229 1106 5299 graviter
1155 5231 1316 5280 erant
1344 5226 1689 5290 otfendendi,
1723 5227 1768 5278 si
1798 5227 1919 5280 haec

226 5323 555 5392 ignorarent
587 5335 599 5370 :
629 5319 686 5372 id
733 5334 852 5371 esse
910 5315 1266 5369 verissimum
1321 5314 1545 5367 abunde
1597 5313 1761 5366 docet
1788 5314 1917 5368 vitae

223 5404 547 5463 communis
595 5405 944 5473 experientia
1019 5402 1303 5468 Quosdam
1355 5406 1556 5454 natura
1612 5399 1913 5467 tristiores,

227 5510 429 5567 parum
484 5491 694 5546 amicos
732 5492 1007 5554 crederes,
1065 5490 1123 5545 ni
1172 5492 1533 5559 perspectum
1561 5487 1798 5542 haberes
1827 5487 1913 5541 in-

2043 3046 2233 3100 dicare
2260 3045 2486 3100 Domini
2534 3045 2967 3116 benignitatem,
3014 3044 3441 3116 ingratitudinis
3472 3050 3555 3098 est
3570 3064 3592 3108 ;
3619 3061 3739 3098 non

2045 3134 2368 3202 expendere
2399 3136 2459 3186 in
2488 3133 2792 3186 utilitatem
2819 3132 3070 3202 proximi
3109 3133 3258 3202 quod
3293 3132 3595 3201 acceperis,
3621 3133 3737 3186 im-

2038 3219 2220 3288 pietas
2251 3224 2370 3284 est;
2402 3235 2515 3272 non
2548 3218 2794 3287 gaudere
2825 3218 2894 3272 de
2925 3219 3111 3272 fructu
3138 3218 3390 3271 fraterno
3421 3234 3595 3286 quem
3631 3219 3738 3271 Do

2037 3305 2228 3360 minus
2271 3323 2373 3377 per
2419 3311 2474 3360 te
2526 3306 2784 3372 contulit,
2826 3306 2989 3376 impii
3021 3305 3191 3360 simul
3222 3311 3277 3360 et
3306 3305 3516 3376 ingrati
3543 3305 3737 3359 livoris

2037 3399 2137 3448 est.
2189 3396 2484 3460 Quomodo
2529 3396 2830 3466 depromes
2865 3397 3143 3450 talentum
3177 3395 3237 3449 in
3273 3413 3505 3450 usuram
3537 3395 3582 3449 si
3614 3412 3738 3450 non

2037 3499 2307 3553 agnoscas
2337 3484 2491 3556 quod
2515 3484 2618 3538 tibi
2636 3484 2910 3538 traditum
2937 3485 3048 3538 sit?
3065 3486 3360 3549 Quomodo
3394 3485 3574 3556 possis
3594 3485 3729 3538 inde

2035 3573 2235 3626 tollere
2269 3572 2487 3636 cristas,
2544 3574 2690 3644 quod
2747 3572 3032 3644 intelligas
3073 3577 3257 3628 totum
3297 3591 3417 3628 esse
3463 3575 3734 3645 gratuitaa

2037 3661 2134 3714 Dei
2184 3661 2586 3732 benignitatis?
2628 3662 2860 3726 Quoties
2903 3666 3093 3716 autem
3160 3663 3351 3716 divina
3403 3663 3628 3718 bonitas
3677 3669 3734 3717 te

2036 3749 2190 3802 velut
2231 3765 2444 3819 organo
2489 3749 2759 3820 dignatur
2806 3751 2910 3817 uti,
2961 3751 3029 3804 ad
3071 3751 3354 3821 juvandos
3401 3751 3564 3817 alios,
3607 3769 3729 3806 non

2033 3834 2210 3889 habes
2238 3837 2389 3906 quod
2418 3837 2742 3906 insolescas,
2775 3839 2872 3892 sed
2909 3839 3084 3893 habes
3128 3840 3279 3892 unde
3308 3839 3592 3909 gratulare
3625 3840 3732 3893 fra-

2034 3925 2234 3992 tribus,
2265 3926 2417 3980 unde
2465 3926 2676 3996 gratias
2704 3943 2838 3997 agas
2872 3929 3002 3990 Deo,
3042 3933 3141 3982 tuo
3177 3927 3391 3998 pariter
3413 3933 3463 3980 et
3493 3926 3732 3982 illorum

2035 4013 2286 4067 nomine.
2420 4013 2507 4068 Sic
2549 4013 2778 4080 amavit,
2818 4014 2897 4068 sic
2941 4014 3271 4086 praedicavit
3299 4031 3427 4067 suas
3453 4014 3615 4068 dotes
3648 4015 3733 4068 vir

2033 4101 2436 4154 sanctissimus.
2474 4101 2808 4171 Quanquam
2837 4102 2895 4155 in
2930 4102 2996 4155 iis
3030 4101 3190 4155 libris
3220 4118 3363 4172 quos
3381 4101 3608 4171 scripsit
3637 4119 3730 4156 ca-

2031 4189 2428 4256 techumenus,
2463 4190 2854 4260 deprehendas
2894 4191 3156 4245 nonnihil
3210 4193 3477 4246 humana:
3504 4193 3726 4262 gloriae,

2034 4293 2204 4347 quem
2237 4276 2497 4330 affectum
2514 4277 2748 4330 minime
2768 4279 2980 4331 malum
3005 4279 3463 4349 generosiasimis
3491 4281 3724 4350 quihus-

2029 4381 2138 4435 que
2168 4363 2415 4433 ingeniis
2441 4364 2805 4435 potissimum
2834 4366 3094 4420 videmus
3133 4366 3368 4421 insitum
3401 4384 3545 4422 esse.
3599 4369 3725 4422 Non

2028 4454 2182 4507 enim
2220 4469 2486 4506 excusare
2538 4453 2786 4507 conabor
2831 4455 2985 4524 quod
3033 4455 3154 4524 ipse
3205 4457 3426 4526 putavit
3451 4474 3725 4512 accusan-

2031 4541 2190 4605 dum,
2243 4541 2435 4594 dicens
2476 4558 2568 4594 eos
2617 4541 2792 4594 libros
2833 4559 2978 4612 quos
3019 4543 3243 4612 scripsit
3272 4544 3425 4598 rudis
3458 4545 3644 4599 adhuc
3668 4563 3729 4600 ac

2029 4629 2186 4683 velut
2225 4629 2412 4682 infans
2453 4629 2511 4682 in
2564 4629 2923 4700 philosophia
2959 4630 3290 4697 Christiana,
3353 4631 3430 4684 ita
3488 4633 3728 4688 servisse

2030 4717 2274 4783 Christo,
2299 4722 2361 4770 ut
2391 4717 2573 4771 adhuc
2603 4717 2917 4788 resiperent
2963 4719 3215 4772 scholam
3261 4720 3565 4790 superbiae,
3602 4738 3726 4775 ma-

2031 4806 2231 4877 gisque
2262 4806 2547 4876 spirarent
2570 4806 2823 4860 Platonis
2853 4807 3138 4877 dogmata,
3178 4823 3350 4878 quam
3399 4807 3727 4863 divinarum

2029 4894 2451 4963 Scripturarum
2480 4894 2773 4964 mysteria.
2803 4894 2977 4947 Habet
3004 4893 3190 4947 Africa
3219 4911 3385 4948 suum
3433 4895 3728 4966 quoddam

2030 4981 2348 5052 ingenium,
2395 4985 2452 5034 et
2500 4981 2746 5035 habebat
2788 4981 3020 5034 omnino
3077 4981 3348 5051 quiddam
3388 4999 3505 5036 suae
3539 4985 3729 5053 gentis

2029 5070 2400 5139 Augustinus,
2432 5068 2540 5121 uisi
2571 5068 2824 5122 Christus
2854 5069 3015 5122 illum
3047 5068 3104 5121 in
3137 5069 3312 5122 alium
3337 5069 3520 5123 virum
3547 5078 3729 5126 trans-

2030 5157 2344 5210 formasset.
2405 5158 2577 5210 Porro
2619 5157 3048 5210 Confessionum
3085 5157 3212 5210 libri
3257 5175 3396 5228 quos
3429 5164 3483 5212 et
3509 5161 3728 5215 otiosus

2030 5251 2087 5298 et
2135 5245 2326 5298 otiosis
2373 5245 2664 5314 scripsisse
2712 5245 2955 5308 videtur,
3009 5245 3222 5299 habent
3250 5246 3526 5316 quiddam
3559 5264 3726 5317 pecu-

2032 5331 2186 5384 liaris
2218 5331 2511 5385 molestiae.
2550 5331 2804 5385 Primum
2836 5333 2892 5385 in
2922 5334 3026 5386 hoc
3055 5334 3206 5403 quod
3239 5336 3418 5388 multa
3445 5335 3514 5389 de
3539 5335 3726 5406 seipso

2029 5425 2453 5483 commemorat,
2504 5420 2712 5489 partim
2767 5420 3097 5486 minutiora,
3143 5438 3316 5492 quam
3360 5429 3421 5476 ut
3461 5440 3527 5477 ea
3565 5441 3724 5477 sevc-

2029 5505 2181 5560 riore
2212 5506 2488 5576 praeditus
2519 5507 2748 5577 ingenio
2795 5511 3296 5564 commemoranda
3325 5516 3568 5580 putaret,
3601 5529 3726 5582 par-
