3922 6188
102 310 175 362 201

842 302 1203 357 VARIORUM
1247 301 1845 359 EXERCITATIONES
1885 303 1951 357 IN
1992 306 2045 357 S.
2089 305 2459 361 AUGUSTINI
2498 305 2748 360 OPERA.

3446 310 3547 363 '20?

102 430 181 483 tim
214 426 273 481 ad
298 424 490 497 glorias
516 423 757 494 speciem
789 424 1134 479 accedentia.
1164 424 1313 490 Quid
1352 429 1542 479 autem
1580 426 1737 480 fasti-
1779 396 1843 481 AI
1923 427 2089 495 Ibid.,
2123 429 2149 495 ἓ
2176 431 2227 483 3.
2258 429 2510 484 Amorem
2528 429 3003 500 pulchritudinis.]
3043 428 3316 479 ψιλοκαλία
3345 432 3456 487 duo
3479 434 3549 487 si-

101 515 272 573 diosius
322 529 491 585 quam
534 512 771 567 humani
816 512 961 567 livor
1007 512 1249 584 ingenii,
1325 514 1373 569 si
1429 515 1555 586 quis
1603 516 1739 586 quid

99 605 362 680 quamlibet
382 603 631 658 modeste
666 603 735 658 de
778 603 964 674 seipso
994 603 1406 674 praedicet?Ad
1428 605 1564 671 haec,
1601 606 1739 660 dum

98 697 148 751 de
171 694 316 749 rebus
341 692 761 758 humilioribus,
783 709 857 747 ne
888 691 1074 746 dicam
1106 692 1534 760 sordidioribus,
1584 695 1739 749 velut

94 786 145 840 de
175 782 411 848 infantia,
444 783 514 837 de
558 781 822 853 ephebia,
853 782 923 836 de
968 782 1171 837 affectu
1221 782 1492 849 libidinis,
1553 783 1737 854 deque

92 872 324 927 similibus
350 871 522 925 verba
546 871 776 939 faciens,
811 872 1003 926 studet
1043 871 1113 925 iis
1151 888 1280 943 quae
1310 872 1576 927 dicuntur
1617 890 1739 927 ora-

90 961 224 1015 tionis
242 960 515 1014 honorem
536 961 765 1027 addere,
799 959 977 1015 veluti
1004 961 1285 1031 pudorem
1328 961 1737 1017 sententiarum

89 1052 170 1105 hoc
191 1050 298 1103 velo
340 1053 559 1120 tegens,
615 1050 679 1103 tit
720 1049 825 1103 hac
856 1049 1151 1121 occasione
1183 1065 1603 1120 nonnunquam
1634 1049 1737 1103 ob-

88 1137 280 1193 scurior.
331 1138 539 1192 Verum
597 1138 719 1192 haec
766 1138 993 1193 tasdiola
1058 1138 1106 1192 si
1154 1138 1460 1204 devoraris,
1515 1136 1737 1209 reliqua

84 1244 186 1282 cum
208 1226 410 1297 majore
440 1231 563 1281 tum
594 1227 799 1294 fructu,
833 1230 957 1281 tum
995 1226 1286 1298 voluptate
1312 1227 1589 1298 perleges.

537 1349 1194 1404 ANIMADVERSIONES
1222 1350 1241 1371 "

471 1472 526 1510 IN
564 1472 752 1510 LIBROS
800 1472 1186 1510 RETRACTATION
1196 1471 1268 1511 ΗΜ
1278 1495 1290 1509 .

133 1562 259 1616 Prol.
308 1563 335 1629 §
383 1564 428 1617 1.
466 1562 856 1633 Tractatibus.]
924 1563 1039 1617 Hoc
1107 1566 1192 1616 est
1242 1562 1574 1616 sermonibus
1632 1578 1734 1617 seu

78 1649 416 1716 concionibus,
447 1650 663 1721 quibus
691 1652 905 1722 populo
946 1650 1293 1722 Scripturam
1322 1650 1732 1722 interpretatus

77 1744 164 1793 est:
198 1755 319 1793 nam
352 1744 614 1808 tractare,
647 1755 713 1794 eo
747 1754 888 1806 aevo,
946 1744 1068 1794 erat
1116 1739 1458 1807 concionari,
1520 1744 1575 1793 et
1613 1745 1727 1795 tra-
1762 1718 1803 1773 Β

76 1832 260 1882 ctatores
306 1828 654 1883 dicebantur
701 1828 1007 1899 Scripturze
1066 1828 1423 1898 interpretes.
1476 1830 1729 1895 Quarum

75 1933 236 1972 vocum
262 1933 375 1971 non
396 1934 536 1972 rara
565 1922 700 1972 sunt
726 1917 878 1989 apud
910 1918 1242 1987 Cyprianum
1271 1918 1549 1989 exempla.

126 2003 243 2057 Ibid.
296 2003 597 2074 Denotem.]
666 2004 731 2058 Id
786 2010 869 2059 est
923 2003 1080 2075 gravi
1163 2004 1541 2075 improbantis
1602 2010 1731 2060 nota

75 2092 276 2158 inuram,
305 2095 369 2146 ut
396 2091 657 2147 censoris
686 2096 808 2146 erat
834 2108 1021 2146 mores
1042 2092 1327 2147 malorum
1352 2097 1564 2149 notare.
1598 2095 1729 2149 Fre-

76 2184 269 2250 quenter
318 2196 383 2233 ea
433 2179 677 2234 notione
730 2178 882 2249 apud
913 2179 1327 2234 Tertullianum
1356 2180 1593 2235 verbum
1623 2180 1732 2235 hoc

78 2267 293 2335 occurrit,
338 2271 397 2322 ut
452 2266 628 2321 initio
683 2266 784 2321 lib.
834 2266 901 2321 de
952 2266 1153 2331 Pallio,
1200 2267 1416 2323 habitus
1454 2268 1727 2324 denotare.

78 2355 177 2409 Vide
200 2355 434 2410 indicem
466 2356 804 2410 Glossarum
843 2355 1204 2410 Turtulliani.

128 2444 213 2509 §2.
241 2444 399 2499 Absit
430 2449 492 2499 ut
548 2446 950 2515 multiloquium
994 2445 1241 2514 deputem
1270 2445 1412 2516 etc.]
1448 2444 1733 2516 Expressit

82 2532 373 2601 Augustinus
399 2534 536 2589 haec
566 2533 913 2589 Philemonis
942 2532 1165 2601 comici,
1204 2550 1333 2605 quas
1371 2539 1429 2589 et
1480 2534 1576 2589 alii
1607 2534 1733 2589 imi-

84 2620 155 2673 tati
180 2626 311 2676 sunt.

222 2728 303 2774 Τὸν
333 2730 402 2787 μὴ
429 2726 652 2788 λέγοντα
673 2731 770 2776 τῶν
796 2728 1002 2776 δεόντων
1027 2728 1148 2791 μηδέ
1175 2729 1226 2775 ἔν

220 2799 405 2860 Μακρὸν
444 2797 629 2860 νόμιζε,
658 2800 751 2846 κᾶν
774 2799 845 2847 δύ’
872 2799 981 2861 εἴπῃ
1011 2799 1275 2855 συλλαϐάς.

222 2869 307 2915 Τὸν
335 2868 375 2916 δ’
406 2884 459 2915 ευ
497 2868 732 2932 λέγοντα,
761 2871 829 2934 μή
854 2873 1003 2933 vdua:
1035 2872 1153 2919 sim
1178 2873 1381 2934 μακρὸν,

219 2939 332 2995 Μτ,δ’
362 2940 421 2986 ἂν
453 2940 631 3004 σφόδρ’
661 2942 769 3004 εἴπῃ
794 2942 976 3002 πολλά,
1007 2945 1089 2990 καὶ
1111 2942 1267 2989 πολύν
1293 2942 1488 3006 χρόνον.

218 3010 478 3074 Τειμήριον
515 3010 565 3057 δὲ
591 3011 730 3059 τοῦδε
759 3014 843 3060 τὸν
872 3016 1091 3076 Ὅμηρον
1114 3012 1255 3060 λάϐε.

221 3076 361 3135 Οὗτος
388 3082 485 3143 γάρ
527 3081 644 3143 ἡμῖν
672 3082 905 3145 μυριάδας
938 3082 1063 3129 ἐπῶν
1092 3084 1282 3147 γράφει,

217 3150 339 3198 Ἀλλ’
367 3153 478 3201 οὐδὲ
523 3152 585 3208 εἷς
613 3158 832 3217 ’Όμηρον
862 3154 1025 3217 simne
1052 3154 1256 3219 μακρόν.

134 3255 343 3326 Longum
361 3265 579 3316 censeto
600 3260 859 3316 dicentem
879 3263 1021 3316 nihil
1039 3278 1219 3317 eorum
1250 3277 1367 3331 Quae
1387 3261 1499 3316 dici
1522 3260 1732 3328 debent,

83 3343 193 3398 celsi
219 3346 343 3403 duas
371 3349 593 3403 dixerit
621 3350 881 3417 syllabas.
916 3352 1051 3405 Bene
1081 3366 1203 3405 vero
1233 3351 1492 3405 dicentem
1516 3364 1581 3403 ne
1610 3350 1735 3402 exi-

81 3434 249 3489 stimato
276 3437 493 3506 longum
527 3452 656 3505 esse,
686 3454 753 3492 ne
780 3440 831 3493 si
852 3440 1025 3493 multa
1054 3441 1271 3508 quidem
1299 3439 1505 3493 dixerit
1528 3442 1579 3491 et
1600 3438 1736 3491 mul-

82 3523 118 3573 to
140 3527 355 3593 tempore.
398 3528 810 3595 Argumentum
840 3533 1040 3583 certum
1071 3528 1235 3597 hujus
1272 3530 1355 3582 rei
1400 3544 1466 3581 ex
1494 3527 1734 3581 Hrmero

81 3612 233 3679 accipe.
252 3616 343 3669 llic
372 3619 524 3671 enim
546 3616 696 3670 nobis
715 3616 1207 3688 multasimyriadas
1227 3632 1476 3671 versuum
1504 3616 1695 3670 scribit
1719 3635 1734 3683 ;

80 3703 259 3755 atnemo
284 3705 578 3760 Homerum
609 3704 759 3760 dixit
798 3707 1033 3774 longum.
1096 3708 1285 3761 Exstat
1331 3706 1490 3759 locus
1533 3703 1622 3758 tit.
1666 3706 1732 3758 36

82 3784 317 3862 Florilegii
379 3795 550 3849 Joan.
613 3794 844 3850 Stobeei.
910 3795 1048 3850 Vide
1123 3799 1180 3849 et
1233 3793 1399 3866 epist.
1450 3795 1519 3847 20
1564 3792 1664 3847 lib.
1714 3809 1732 3847 ι

82 3875 229 3933 Plinii.

133 3965 323 4025 Lmen.
344 3971 481 4043 Cap.
524 3975 572 4039 1,
599 3973 625 4038 §
658 3973 710 4025 2.
738 3972 915 4041 Cujus
950 3974 1095 4027 ratio
1125 3976 1175 4025 et
1204 3986 1368 4026 causa
1387 3973 1590 4025 secreta
1608 3969 1729 4038 est.]

81 4050 123 4106 Si
146 4054 248 4112 haec
272 4062 493 4116 tantum
544 4063 700 4115 casui
743 4061 1134 4115 tribuerentur
1162 4064 1218 4114 et
1247 4060 1572 4114 dicerentur
1607 4060 1732 4124 for-

83 4144 207 4212 tuita,
247 4154 427 4204 essent
457 4150 585 4204 haec
638 4149 915 4204 duntaxat
942 4148 1180 4203 nomina
1217 4148 1423 4219 quibus
1460 4148 1733 4218 ignoran-

81 4227 188 4285 tiam
237 4240 484 4291 nostram
514 4236 856 4292 velaremus.
917 4236 1023 4291 Sed
1072 4238 1305 4303 fortuita
1357 4236 1529 4290 etiam
1578 4239 1730 4289 recte

1850 515 2104 585 gniﬁcat,
2146 517 2445 587 elegantiae
2473 517 2704 589 quidem
2734 522 2903 590 atque
2942 519 3356 575 munditiarum
3388 536 3546 575 amo-

1849 620 1993 673 rem,
2021 605 2078 658 in
2126 605 2296 659 rebus
2330 606 2647 675 corporeis;
2676 607 2931 661 studium
2982 625 3116 663 vero
3148 625 3338 664 rerum
3368 610 3548 664 hone-

1850 699 2088 759 starum,
2121 692 2221 747 ubi
2242 709 2426 748 sermo
2458 694 2527 748 de
2562 695 2732 749 rebus
2785 696 2856 749 ad
2902 696 3158 751 animum
3207 698 3548 767 pertinenti-

1848 780 1972 834 tus.
2008 782 2299 836 Docebunt
2335 783 2455 836 haec
2504 783 2719 853 quaevis
2800 784 2999 839 lexica.
3058 786 3304 856 Ideoque
3360 786 3550 841 minus

1847 870 2143 923 commode
2172 874 2353 924 vertas
2379 886 2611 925 amorem
2630 874 3085 941 pulchritudinis,
3120 874 3328 944 quibus
3360 875 3543 928 verbis

1847 957 2202 1028 signiﬁcatur
2238 964 2467 1013 tantum
2497 976 2655 1014 amor
2681 961 3061 1015 formosorum
3092 978 3423 1032 puerorum,
3447 969 3547 1017 aut

1844 1045 2225 1100 formosarum
2268 1048 2605 1103 mulierum.
2660 1050 2861 1103 Fateor
2900 1049 3039 1109 φῦκον
3073 1068 3193 1105 esse
3223 1054 3457 1105 amicum
3490 1057 3547 1105 et

1845 1132 1997 1181 καλὸν
2025 1136 2334 1204 pulchrum,
2367 1153 2529 1207 mque
2556 1153 2620 1191 ac
2650 1139 2940 1205 elegantem
2971 1142 3069 1193 aut
3112 1141 3402 1193 honestum.
3439 1139 3547 1194 Sed

1845 1236 1912 1275 ex
1944 1239 2068 1291 usu,
2106 1240 2223 1277 non
2280 1240 2348 1278 ex
2410 1225 2759 1295 etymologia
2798 1230 2931 1280 sunt
2969 1227 3302 1297 explicanda
3352 1228 3541 1282 verba.

1844 1312 2067 1366 Interea
2095 1312 2300 1367 merito
2328 1313 2561 1367 damnat
2589 1330 2750 1368 suam
2772 1314 3139 1385 philocaliam
3171 1316 3543 1387 Augustinus,

1844 1399 1981 1469 quia
2036 1400 2282 1454 sumitur
2336 1402 2453 1456 illic
2504 1419 2608 1473 pro
2652 1420 2845 1458 amore
2892 1404 3334 1460 munditiarum.
3404 1405 3544 1459 Vide

1843 1488 1943 1542 lib.
1995 1506 2031 1542 u
2075 1493 2271 1543 contra
2312 1491 2692 1559 Academicos,
2759 1509 2879 1563 cap.
2940 1496 2991 1549 2.
3062 1493 3119 1548 Si
3170 1510 3303 1548 vero
3352 1493 3545 1565 philo-

1842 1576 2045 1629 caliam
2097 1582 2350 1631 vocasset
2391 1594 2647 1632 amorem
2705 1596 2899 1633 rerum
2980 1582 3375 1646 honestarum,
3428 1598 3547 1636 non

1843 1668 1989 1719 esset
2042 1681 2142 1718 cur
2198 1681 2411 1720 nomen
2442 1668 2551 1720 hoc
2597 1667 2913 1737 damnaret,
2946 1669 3111 1739 quasi
3145 1669 3297 1724 idem
3329 1670 3549 1740 signiti-

1841 1758 1994 1809 caret
2015 1769 2077 1807 ac
2107 1753 2505 1825 philosophia;
2534 1771 2669 1809 nam
2709 1757 2926 1827 quaevis
2962 1758 3267 1827 philocalia
3299 1774 3418 1811 non
3458 1762 3543 1812 est

1836 1842 2223 1914 philosophia,
2260 1843 2306 1897 si
2335 1844 2440 1898 hoc
2470 1844 2809 1899 vocabulum
2854 1861 2919 1899 ex
2958 1862 3065 1899 usu
3094 1850 3319 1915 recepto
3350 1845 3527 1899 inter-

1836 1934 2148 2001 pretemur.
2196 1932 2359 1987 Certe
2403 1933 2640 1987 Basilius
2690 1933 3048 1988 Caesariensis
3116 1937 3174 1987 et
3222 1932 3529 2003 Gregorius

1840 2018 2228 2075 Nazianzenus
2276 2038 2395 2075 non
2445 2026 2739 2075 vocassent
2802 2020 3250 2093 philosophiam,
3284 2020 3399 2075 nisi
3453 2022 3535 2076 im

1837 2109 2090 2179 proprie,
2133 2114 2398 2180 excerpta
2420 2126 2488 2164 ex
2518 2110 2763 2181 Origene
2790 2110 3001 2182 quibus
3047 2109 3373 2182 philocaliae
3402 2109 3544 2165 titu-

1836 2198 1960 2253 lum
1987 2197 2261 2253 fecerunt.

1910 2284 2069 2353 Ibid,
2108 2288 2213 2354 §4.
2248 2288 2393 2341 Laus
2424 2302 2632 2355 quoque
2660 2289 2805 2356 ipsa,
2833 2287 2962 2357 etc.]
2992 2288 3378 2343 Retractasset
3409 2303 3548 2359 ergo

1839 2374 1991 2446 quod
2019 2374 2087 2428 de
2108 2374 2461 2429 Academicis
2491 2375 2635 2429 dixit
2672 2374 2838 2429 initio
2869 2375 3034 2445 epist.
3086 2378 3132 2442 l,
3184 2376 3229 2429 si
3272 2376 3548 2446 epistolas

1840 2479 1968 2517 suas
1998 2463 2395 2518 recensuisset.
2455 2463 2563 2519 Sed
2616 2468 2671 2517 et
2721 2465 2828 2519 hoc
2865 2463 3052 2519 obiter
3082 2464 3270 2535 tangit
3318 2465 3545 2519 Confes-

1840 2551 2069 2606 sionum
2096 2551 2195 2606 lib.
2230 2569 2303 2618 IX,
2338 2568 2460 2622 cap.
2508 2553 2561 2617 4,
2588 2568 2749 2605 num.
2775 2556 2828 2605 7.

1912 2642 2046 2711 Cap.
2109 2644 2139 2695 3
2186 2643 2321 2695 Bene
2371 2643 2607 2695 viventes
2646 2641 2911 2706 facillime
2949 2640 3249 2709 exaudiet]
3281 2640 3337 2695 Si
3389 2641 3544 2695 voci-

1840 2727 1947 2782 bus
2002 2728 2127 2783 bene
2197 2731 2433 2783 viventes
2498 2728 2867 2783 intellexisset
2922 2730 3274 2799 Augustinus
3326 2729 3543 2799 peccati

1843 2816 2029 2870 omnis
2059 2816 2364 2883 immunes,
2398 2832 2605 2886 eosque
2649 2819 2800 2871 solos
2838 2834 2871 2871 a
2900 2818 3014 2871 Deo
3069 2816 3329 2871 exaudiri
3360 2816 3539 2870 dixis-

1840 2908 1942 2971 set,
1973 2904 2093 2959 sine
2124 2905 2298 2959 dubio
2329 2905 2575 2976 graviter
2602 2909 2882 2971 errasset;
2925 2904 3025 2959 sed
3079 2904 3125 2958 si
3187 2904 3538 2959 intellexerit

1768 3011 1807 3068 α
1847 3009 1944 3048 eos
1975 2996 2072 3061 qui
2099 2995 2313 3063 optimis
2342 2994 2577 3048 moribus
2603 3009 2821 3063 operam
2851 2993 3007 3063 dant,
3038 2994 3144 3048 hoc
3174 2997 3258 3047 est
3303 2992 3402 3064 qui
3436 2992 3539 3046 Dei

1844 3081 2111 3136 timentes
2160 3085 2309 3148 sunt,
2371 3086 2427 3136 et
2472 3087 2754 3137 conantur
2792 3082 2851 3135 in
2898 3082 3020 3137 dies
3062 3081 3326 3135 meliores
3390 3080 3538 3148 tieri,

1845 3184 2177 3240 quanquam
2208 3168 2447 3223 subinde
2470 3172 2722 3239 peccant,
2748 3168 3081 3223 infirmitate
3111 3185 3229 3222 non
3260 3169 3540 3239 nequitia,

1842 3258 2034 3313 nescio
2067 3274 2244 3329 quare
2282 3258 2670 3312 retractaverit
2697 3256 2851 3312 hunc
2888 3258 3098 3312 locum.
3136 3258 3278 3311 Nam
3324 3262 3542 3312 certum

1844 3351 1928 3401 est
1966 3347 2197 3418 impios,
2245 3346 2305 3401 in
2345 3364 2447 3401 sua
2494 3346 2782 3417 impietate
2827 3350 3146 3414 manentes,
3188 3362 3221 3400 a
3260 3347 3374 3400 Deo
3424 3346 3543 3401 mi-

1842 3436 1998 3491 nime
2045 3435 2318 3491 exaudiri.
2350 3435 2453 3489 Vid
2499 3434 2841 3506 interpretes
2893 3434 2964 3489 ad
3002 3435 3165 3489 Joan.
3219 3450 3294 3501 1x,
3348 3437 3436 3501 31,
3488 3438 3545 3488 et

1842 3526 1955 3580 Jac.
1990 3542 2063 3587 ιγ,
2094 3528 2144 3579 3.

1916 3614 2050 3684 Cap.
2074 3618 2128 3679 7,
2162 3613 2189 3679 §
2223 3614 2272 3666 6.
2307 3614 2469 3668 Nemo
2505 3613 2621 3677 fere
2668 3611 2733 3665 de
2788 3610 3077 3664 scarabxis
3116 3610 3354 3678 dubitat,
3411 3610 3541 3679 etc.]

1842 3700 2015 3754 Recte
2044 3700 2148 3754 hac
2172 3700 2240 3754 de
2270 3715 2331 3753 re
2362 3698 2529 3752 multi
2549 3697 2905 3763 dubitabant,
2939 3713 3112 3768 qnam
3152 3714 3303 3752 nunc
3332 3714 3541 3768 perne-

1842 3792 1979 3858 gant
2017 3786 2426 3843 accuratissimi
2481 3785 2721 3856 physici.
2777 3785 2907 3839 Vide
2950 3786 3147 3840 Franc.
3204 3786 3423 3839 Redum
3471 3786 3541 3839 de

1842 3876 2091 3931 Insectis.
2126 3877 2237 3929 Nec
2262 3874 2503 3929 minoris
2538 3872 2811 3944 potentias
2851 3888 2913 3926 ac
2956 3872 3255 3943 sapientiae
3287 3878 3371 3926 est
3409 3872 3543 3926 efti—

1842 3981 1969 4020 cere
1999 3964 2239 4018 culicem
2271 3979 2443 4034 quam
2471 3963 2773 4015 camelum.

1914 4055 2048 4124 Cap.
2088 4056 2169 4117 10,
2198 4055 2282 4119 §2.
2316 4050 2472 4117 Quod
2502 4064 2677 4104 omnes
2707 4049 2945 4103 homines
2966 4052 3215 4117 possunt,
3252 4049 3301 4102 si
3328 4047 3538 4115 velint.)

1845 4144 2081 4198 Necesse
2131 4145 2251 4194 erat
2305 4139 2453 4192 hanc
2503 4137 2851 4190 locutionem
2901 4136 3169 4205 explicari
3224 4135 3293 4189 ab
3347 4138 3542 4205 Augu-

1844 4232 2031 4298 stino;
2062 4229 2197 4301 quia
2226 4229 2369 4283 solet
2405 4226 2484 4280 ita
2528 4226 2698 4297 vulgo
2740 4224 3007 4295 intelligi,
3043 4228 3105 4278 ut
3148 4228 3473 4278 statuantur
3501 4223 3544 4277 ii

81 4315 317 4389 dicantur,
356 4340 489 4395 quas
520 4324 855 4378 scholastico
907 4339 1166 4378 sermone
1205 4327 1479 4378 vocantur
1525 4325 1736 4376 contin-
1776 4304 1820 4359 Ῑ)
1848 4319 1916 4374 de
1943 4318 2153 4390 quibus
2182 4316 2263 4372 ita
2313 4315 2607 4387 loquimur
2633 4329 2791 4384 posse
2823 4315 2976 4368 velle.
3036 4312 3173 4377 Quis
3223 4312 3377 4366 enim
3425 4328 3542 4366 non

84 4410 251 4473 gentia,
298 4410 404 4466 hoc
449 4416 537 4467 est
578 4428 707 4483 quae
764 4428 885 4467 non
937 4412 1162 4468 evenire
1208 4416 1265 4466 et
1316 4410 1543 4466 evenire
1573 4428 1737 4482 asque

79 4503 311 4560 possunt:
344 4500 542 4571 qualia
572 4504 705 4554 sunt
735 4517 865 4572 quas
895 4500 1151 4571 pendent
1188 4517 1221 4554 a
1260 4500 1522 4555 libertate
1576 4504 1739 4555 natu-

81 4594 241 4639 rarum
276 4586 749 4660 intelligentium,
781 4604 910 4660 quae
939 4589 1230 4644 interdum
1255 4592 1320 4643 ut
1355 4587 1534 4642 velint
1557 4585 1737 4654 nulla,

79 4683 171 4725 non
215 4677 378 4731 modo
437 4677 796 4745 necessitate,
854 4678 952 4732 sed
1006 4694 1080 4733 ne
1126 4676 1347 4731 ratione
1376 4674 1608 4747 quidem
1640 4678 1740 4728 aut

80 4758 248 4816 affectu
274 4765 408 4828 ullo,
434 4766 526 4821 vel
564 4771 714 4821 certe
743 4766 1098 4821 ineluctabili
1142 4765 1522 4821 adducuntur.
1555 4763 1741 4828 Quan-

81 4862 224 4916 quam
270 4853 392 4909 haac
440 4871 673 4927 quoque
725 4855 980 4927 pendent
1032 4872 1066 4910 a
1121 4854 1313 4910 divina
1362 4852 1739 4925 providentia,

83 4950 175 5005 qua
207 4939 374 4997 inscia
418 4948 519 4998 aut
546 4943 721 4998 invita
762 4943 905 4999 nihil
936 4942 1256 5015 contingit;
1297 4947 1356 4998 et
1388 4958 1517 5013 quae
1548 4947 1737 4996 muta-

78 5023 265 5083 tionem
294 5032 554 5102 quamvis
574 5032 744 5087 rebus
774 5031 1044 5087 omnibus
1078 5036 1268 5103 potest
1306 5030 1527 5085 afferre.
1561 5028 1743 5099 Igitur

80 5128 183 5169 cum
211 5119 361 5174 nulla
382 5120 455 5174 sit
484 5122 800 5176 necessaria
828 5138 1000 5177 causa
1030 5137 1132 5175 cur
1157 5120 1436 5175 nonnulla
1475 5117 1739 5185 velimus,

81 5199 155 5257 illa
203 5205 322 5261 ideo
368 5210 604 5276 fortuita
640 5204 769 5265 ‘dici
804 5210 1059 5281 possint;
1109 5226 1227 5264 non
1275 5224 1407 5263 vero
1465 5207 1743 5262 duntaxat

82 5292 187 5359 quia
213 5311 409 5352 eorum
443 5313 607 5354 causa
633 5303 685 5353 et
712 5302 857 5354 ratio
887 5304 1091 5355 secreta
1110 5302 1206 5354 est.
1236 5298 1440 5353 Verum
1460 5294 1555 5350 hic
1584 5295 1741 5349 locus

83 5391 174 5435 non
193 5388 271 5439 est
297 5386 403 5440 hac
431 5386 501 5441 de
528 5404 589 5443 re
618 5387 849 5459 agendi.

1845 4408 2125 4477 horreret,
2166 4406 2213 4461 si
2261 4422 2434 4478 quem
2485 4403 2708 4459 audiret
2756 4402 3061 4470 dicentem,
3099 4403 3345 4459 Christus
3391 4402 3543 4455 homo

1841 4502 2040 4567 potest,
2074 4499 2124 4552 si
2159 4497 2309 4562 velit,
2343 4511 2378 4548 a
2415 4496 2574 4549 Patre
2603 4508 2698 4547 suo
2725 4492 2944 4560 deﬁcere
2965 4494 2992 4546 ?
3021 4490 3326 4556 Nimirum,
3359 4505 3425 4543 ea
3454 4490 3545 4542 lo—

1847 4586 2075 4640 cutione
2116 4583 2285 4639 statui
2337 4582 2497 4649 solet,
2557 4596 2721 4651 posse
2779 4578 2907 4633 ﬁeri
2950 4583 3018 4633 ut
3059 4578 3194 4633 velit
3250 4578 3298 4632 is
3328 4578 3400 4632 de
3430 4594 3543 4648 quo

1848 4675 2174 4830 $6223.83,
2206 4759 2233 4825 §
2266 4760 2317 4811 3.
2349 4758 2450 4810 Res
2495 4757 2621 4824 ipsa
2646 4768 2765 4822 qua
2787 4768 2929 4807 nunc
2987 4754 3191 4808 dicitur
3230 4753 3544 4809 Christiana

1846 4850 2037 4915 religio
2068 4852 2186 4901 erat
2232 4844 2382 4915 apud
2410 4842 2707 4913 antiquos.]
2741 4842 2872 4896 Haec
2896 4840 3269 4912 intelligenda
3314 4844 3447 4895 sunt
3474 4856 3543 4893 ex

1848 4936 1918 4990 iis
1955 4951 2084 5008 quae
2131 4934 2400 4989 dicuntur
2450 4948 2573 5003 cap.
2634 4934 2722 4998 ‘21,
2763 4945 2926 4984 num.
2978 4933 3030 4984 2.
3080 4926 3314 4999 Alioqui
3354 4927 3544 4982 minus

1847 5040 1981 5079 vera
2003 5026 2190 5077 essent
2221 5036 2394 5092 quam
2423 5034 2552 5090 quae
2580 5020 2986 5072 retractantur.
3036 5056 3037 5059 η

1922 5112 2147 5179 Ibid.,§
2197 5113 2247 5164 6.
2302 5108 2599 5163 Vendentes
2634 5112 2685 5161 et
2742 5110 2966 5159 ementes
3021 5100 3346 5171 ﬂagellando
3392 5102 3547 5171 ejecit

1850 5201 1916 5256 de
1932 5198 2178 5269 templa]
2214 5198 2337 5251 Non
2380 5195 2605 5250 videtur
2650 5198 2842 5249 tamen
2882 5191 3113 5263 proprie
3160 5191 3283 5245 haec
3337 5192 3420 5245 vis
3450 5206 3547 5261 po-

1851 5290 2027 5345 tuisse
2049 5286 2182 5354 dici,
2217 5301 2331 5357 qua
2358 5284 2507 5339 vires
2529 5286 2913 5339 mercatorum
2958 5279 3121 5334 victm
3151 5278 3285 5334 sint.
3337 5280 3546 5333 Aucto-

1849 5377 2007 5434 ritati
2061 5375 2254 5449 potius
2324 5372 2636 5445 proheticas
2692 5371 3001 5432 cesserunt,
3085 5384 3259 5438 quam
3326 5367 3381 5422 vi
3438 5384 3551 5439 qua

137 5492 153 5509 ‘
186 5490 243 5563 In
290 5492 397 5547 hac
447 5494 1014 5551 Animadversionum
1044 5494 1399 5560 collectione,
1434 5491 1768 5563 Pherepono
1822 5484 2215 5542 ascribendum
2252 5485 2335 5537 est
2363 5480 2640 5553 quidquid
2674 5493 2787 5532 non
2830 5481 2914 5531 cst
2943 5475 3054 5531 alio
3090 5475 3325 5531 nomine
3360 5475 3551 5547 signa-

87 5560 200 5617 tum.
229 5562 368 5618 Enn.

410 5669 682 5741 PATROL.
732 5672 981 5741 XLVII.

3160 5660 3195 5715 7
