  <div class='ocr_page' id='page_1' title='image "/cluster/home/n/w/nwhite01/storage/ocr_20150623/47/hvd.32044096580683/107.png"; bbox 0 0 3926 6192; ppageno 0'>
   <div class='ocr_carea' id='block_1_1' title="bbox 423 317 525 371">
    <p class='ocr_par' dir='ltr' id='par_1_1' title="bbox 423 317 525 371">
     <span class='ocr_line' id='line_1_1' title="bbox 423 317 525 371; baseline 0.01 -1"><span class='ocrx_word' id='word_1_1' title='bbox 423 317 525 371; x_wconf 80' lang='lat'><strong>203</strong></span> 
     </span>
    </p>
   </div>
   <div class='ocr_carea' id='block_1_2' title="bbox 1432 315 3884 377">
    <p class='ocr_par' dir='ltr' id='par_1_2' title="bbox 1432 315 3884 377">
     <span class='ocr_line' id='line_1_2' title="bbox 1432 315 3884 377; baseline 0.004 -9"><span class='ocrx_word' id='word_1_2' title='bbox 1432 315 1980 369; x_wconf 75' lang='lat' dir='ltr'><strong>SUPPLEMENTUM</strong></span> <span class='ocrx_word' id='word_1_3' title='bbox 2025 317 2112 370; x_wconf 87' lang='lat' dir='ltr'><strong>AD</strong></span> <span class='ocrx_word' id='word_1_4' title='bbox 2151 315 2381 371; x_wconf 77' lang='lat' dir='ltr'><strong>OPERA</strong></span> <span class='ocrx_word' id='word_1_5' title='bbox 2421 318 2476 373; x_wconf 91' lang='lat' dir='ltr'><strong>S.</strong></span> <span class='ocrx_word' id='word_1_6' title='bbox 2519 315 2904 374; x_wconf 82' lang='lat' dir='ltr'><strong>AUGUSTINI.</strong></span> <span class='ocrx_word' id='word_1_7' title='bbox 3800 327 3884 377; x_wconf 52' lang='lat'><strong>20’;</strong></span> 
     </span>
    </p>
   </div>
   <div class='ocr_carea' id='block_1_3' title="bbox 422 436 3883 512">
    <p class='ocr_par' dir='ltr' id='par_1_3' title="bbox 422 436 3883 512">
     <span class='ocr_line' id='line_1_3' title="bbox 422 436 3883 512; baseline 0.001 -16"><span class='ocrx_word' id='word_1_8' title='bbox 422 438 643 512; x_wconf 83' lang='lat' dir='ltr'><strong>expulsi</strong></span> <span class='ocrx_word' id='word_1_9' title='bbox 671 438 904 494; x_wconf 81' lang='lat' dir='ltr'><strong>fuerint.</strong></span> <span class='ocrx_word' id='word_1_10' title='bbox 941 436 1120 493; x_wconf 87' lang='lat' dir='ltr'><strong>Nimis</strong></span> <span class='ocrx_word' id='word_1_11' title='bbox 1152 452 1376 492; x_wconf 88' lang='lat' dir='ltr'><strong>severus</strong></span> <span class='ocrx_word' id='word_1_12' title='bbox 1405 453 1605 492; x_wconf 88' lang='lat' dir='ltr'><strong>censor</strong></span> <span class='ocrx_word' id='word_1_13' title='bbox 1640 439 1750 493; x_wconf 86' lang='lat' dir='ltr'><strong>fuit</strong></span> <span class='ocrx_word' id='word_1_14' title='bbox 1778 439 1838 493; x_wconf 91' lang='lat' dir='ltr'><strong>in</strong></span> <span class='ocrx_word' id='word_1_15' title='bbox 1886 455 1943 494; x_wconf 91' lang='lat' dir='ltr'><strong>se</strong></span> <span class='ocrx_word' id='word_1_16' title='bbox 1997 442 2114 494; x_wconf 91' lang='lat' dir='ltr'><strong>Au-</strong></span> <span class='ocrx_word' id='word_1_17' title='bbox 2150 442 2195 496; x_wconf 89' lang='lat' dir='ltr'><strong>A</strong></span> <span class='ocrx_word' id='word_1_18' title='bbox 2224 441 2378 511; x_wconf 88' lang='lat' dir='ltr'><strong>quod</strong></span> <span class='ocrx_word' id='word_1_19' title='bbox 2391 439 2645 496; x_wconf 82' lang='lat' dir='ltr'><strong>sufﬁtum</strong></span> <span class='ocrx_word' id='word_1_20' title='bbox 2667 437 3069 512; x_wconf 84' lang='lat' dir='ltr'><strong>quotidianum</strong></span> <span class='ocrx_word' id='word_1_21' title='bbox 3082 440 3628 510; x_wconf 82' lang='lat' dir='ltr'><strong>semperapoutiﬁce</strong></span> <span class='ocrx_word' id='word_1_22' title='bbox 3667 444 3883 500; x_wconf 85' lang='lat' dir='ltr'><strong>maxime</strong></span> 
     </span>
    </p>
   </div>
   <div class='ocr_carea' id='block_1_4' title="bbox 420 527 2112 600">
    <p class='ocr_par' dir='ltr' id='par_1_4' title="bbox 420 527 2112 600">
     <span class='ocr_line' id='line_1_4' title="bbox 420 527 2112 600; baseline 0.001 -17"><span class='ocrx_word' id='word_1_23' title='bbox 420 529 702 600; x_wconf 91' lang='lat' dir='ltr'><strong>gustinus,</strong></span> <span class='ocrx_word' id='word_1_24' title='bbox 737 527 836 598; x_wconf 90' lang='lat' dir='ltr'><strong>qui</strong></span> <span class='ocrx_word' id='word_1_25' title='bbox 865 527 1104 582; x_wconf 84' lang='lat' dir='ltr'><strong>credidit</strong></span> <span class='ocrx_word' id='word_1_26' title='bbox 1132 530 1364 597; x_wconf 79' lang='lat' dir='ltr'><strong>propter</strong></span> <span class='ocrx_word' id='word_1_27' title='bbox 1382 527 1487 580; x_wconf 91' lang='lat' dir='ltr'><strong>hoc</strong></span> <span class='ocrx_word' id='word_1_28' title='bbox 1516 527 1720 582; x_wconf 81' lang='lat' dir='ltr'><strong>Christi</strong></span> <span class='ocrx_word' id='word_1_29' title='bbox 1740 529 1971 595; x_wconf 85' lang='lat' dir='ltr'><strong>factum,</strong></span> <span class='ocrx_word' id='word_1_30' title='bbox 2004 529 2112 584; x_wconf 90' lang='lat' dir='ltr'><strong>mi-</strong></span> 
     </span>
    </p>
   </div>
   <div class='ocr_carea' id='block_1_5' title="bbox 418 615 2108 686">
    <p class='ocr_par' dir='ltr' id='par_1_5' title="bbox 418 615 2108 686">
     <span class='ocr_line' id='line_1_5' title="bbox 418 615 2108 686; baseline -0.001 -13"><span class='ocrx_word' id='word_1_31' title='bbox 418 635 528 674; x_wconf 90' lang='lat' dir='ltr'><strong>nus</strong></span> <span class='ocrx_word' id='word_1_32' title='bbox 554 634 682 673; x_wconf 84' lang='lat' dir='ltr'>vere</span> <span class='ocrx_word' id='word_1_33' title='bbox 708 633 741 670; x_wconf 90' lang='lat' dir='ltr'><strong>a</strong></span> <span class='ocrx_word' id='word_1_34' title='bbox 767 633 825 672; x_wconf 90' lang='lat' dir='ltr'><strong>se</strong></span> <span class='ocrx_word' id='word_1_35' title='bbox 849 615 1065 670; x_wconf 89' lang='lat' dir='ltr'><strong>dictum</strong></span> <span class='ocrx_word' id='word_1_36' title='bbox 1098 615 1266 669; x_wconf 85' lang='lat' dir='ltr'><strong>fuisse</strong></span> <span class='ocrx_word' id='word_1_37' title='bbox 1307 616 1600 671; x_wconf 79' lang='lat' dir='ltr'><strong>Christum</strong></span> <span class='ocrx_word' id='word_1_38' title='bbox 1651 619 1791 672; x_wconf 86' lang='lat' dir='ltr'><strong>nihil</strong></span> <span class='ocrx_word' id='word_1_39' title='bbox 1836 621 2004 685; x_wconf 82' lang='lat' dir='ltr'><strong>egisse</strong></span> <span class='ocrx_word' id='word_1_40' title='bbox 2033 621 2108 686; x_wconf 87' lang='lat' dir='ltr'><strong>vi,</strong></span> 
     </span>
    </p>
   </div>
   <div class='ocr_carea' id='block_1_6' title="bbox 417 705 2110 779">
    <p class='ocr_par' dir='ltr' id='par_1_6' title="bbox 417 705 2110 779">
     <span class='ocr_line' id='line_1_6' title="bbox 417 705 2110 779; baseline -0.001 -14"><span class='ocrx_word' id='word_1_41' title='bbox 417 710 511 766; x_wconf 82' lang='lat' dir='ltr'><strong>sed</strong></span> <span class='ocrx_word' id='word_1_42' title='bbox 539 710 718 764; x_wconf 90' lang='lat' dir='ltr'><strong>omnia</strong></span> <span class='ocrx_word' id='word_1_43' title='bbox 739 705 1012 761; x_wconf 82' lang='lat' dir='ltr'><strong>suadendo</strong></span> <span class='ocrx_word' id='word_1_44' title='bbox 1039 709 1088 758; x_wconf 90' lang='lat' dir='ltr'><strong>et</strong></span> <span class='ocrx_word' id='word_1_45' title='bbox 1137 707 1414 760; x_wconf 82' lang='lat' dir='ltr'><strong>monendo.</strong></span> <span class='ocrx_word' id='word_1_46' title='bbox 1470 708 1678 762; x_wconf 91' lang='lat' dir='ltr'><strong>Verum</strong></span> <span class='ocrx_word' id='word_1_47' title='bbox 1720 708 1841 762; x_wconf 67' lang='lat' dir='ltr'><strong>hrec</strong></span> <span class='ocrx_word' id='word_1_48' title='bbox 1873 725 1940 762; x_wconf 93' lang='lat' dir='ltr'><strong>eo</strong></span> <span class='ocrx_word' id='word_1_49' title='bbox 1972 725 2110 779; x_wconf 89' lang='lat' dir='ltr'><strong>spe-</strong></span> 
     </span>
    </p>
   </div>
   <div class='ocr_carea' id='block_1_7' title="bbox 416 791 2110 866">
    <p class='ocr_par' dir='ltr' id='par_1_7' title="bbox 416 791 2110 866">
     <span class='ocr_line' id='line_1_7' title="bbox 416 791 2110 866; baseline 0.001 -16"><span class='ocrx_word' id='word_1_50' title='bbox 416 797 662 860; x_wconf 89' lang='lat' dir='ltr'><strong>ctabant,</strong></span> <span class='ocrx_word' id='word_1_51' title='bbox 705 799 769 847; x_wconf 90' lang='lat' dir='ltr'><strong>ut</strong></span> <span class='ocrx_word' id='word_1_52' title='bbox 796 791 1053 862; x_wconf 88' lang='lat' dir='ltr'><strong>opinioni</strong></span> <span class='ocrx_word' id='word_1_53' title='bbox 1082 809 1257 864; x_wconf 89' lang='lat' dir='ltr'><strong>quam</strong></span> <span class='ocrx_word' id='word_1_54' title='bbox 1286 801 1486 864; x_wconf 90' lang='lat' dir='ltr'><strong>postea</strong></span> <span class='ocrx_word' id='word_1_55' title='bbox 1539 797 1834 866; x_wconf 83' lang='lat' dir='ltr'><strong>amplexus</strong></span> <span class='ocrx_word' id='word_1_56' title='bbox 1891 800 1994 863; x_wconf 88' lang='lat' dir='ltr'><strong>est,</strong></span> <span class='ocrx_word' id='word_1_57' title='bbox 2040 797 2110 852; x_wconf 88' lang='lat' dir='ltr'><strong>de</strong></span> 
     </span>
    </p>
   </div>
   <div class='ocr_carea' id='block_1_8' title="bbox 416 881 2112 956">
    <p class='ocr_par' dir='ltr' id='par_1_8' title="bbox 416 881 2112 956">
     <span class='ocr_line' id='line_1_8' title="bbox 416 881 2112 956; baseline 0.002 -20"><span class='ocrx_word' id='word_1_58' title='bbox 416 881 807 954; x_wconf 84' lang='lat' dir='ltr'><strong>persecutione</strong></span> <span class='ocrx_word' id='word_1_59' title='bbox 834 881 1006 941; x_wconf 84' lang='lat' dir='ltr'><strong>licita,</strong></span> <span class='ocrx_word' id='word_1_60' title='bbox 1038 883 1530 952; x_wconf 87' lang='lat' dir='ltr'><strong>patrocinaretur;</strong></span> <span class='ocrx_word' id='word_1_61' title='bbox 1564 890 1629 938; x_wconf 92' lang='lat' dir='ltr'><strong>ut</strong></span> <span class='ocrx_word' id='word_1_62' title='bbox 1661 885 1842 956; x_wconf 84' lang='lat' dir='ltr'><strong>liquet</strong></span> <span class='ocrx_word' id='word_1_63' title='bbox 1887 901 1955 939; x_wconf 84' lang='lat' dir='ltr'><strong>ex</strong></span> <span class='ocrx_word' id='word_1_64' title='bbox 1983 885 2112 956; x_wconf 91' lang='lat' dir='ltr'><strong>epi-</strong></span> 
     </span>
    </p>
   </div>
   <div class='ocr_carea' id='block_1_9' title="bbox 417 969 2110 1038">
    <p class='ocr_par' dir='ltr' id='par_1_9' title="bbox 417 969 2110 1038">
     <span class='ocr_line' id='line_1_9' title="bbox 417 969 2110 1038; baseline 0.004 -16"><span class='ocrx_word' id='word_1_65' title='bbox 417 970 575 1024; x_wconf 81' lang='lat' dir='ltr'><strong>stolis</strong></span> <span class='ocrx_word' id='word_1_66' title='bbox 618 969 689 1023; x_wconf 91' lang='lat' dir='ltr'><strong>ad</strong></span> <span class='ocrx_word' id='word_1_67' title='bbox 751 969 1099 1024; x_wconf 87' lang='lat' dir='ltr'><strong>Bonifacium</strong></span> <span class='ocrx_word' id='word_1_68' title='bbox 1155 975 1211 1024; x_wconf 88' lang='lat' dir='ltr'><strong>et</strong></span> <span class='ocrx_word' id='word_1_69' title='bbox 1282 972 1662 1028; x_wconf 86' lang='lat' dir='ltr'><strong>Vincentium.</strong></span> <span class='ocrx_word' id='word_1_70' title='bbox 1741 974 1864 1038; x_wconf 88' lang='lat' dir='ltr'><strong>Qua</strong></span> <span class='ocrx_word' id='word_1_71' title='bbox 1935 975 1996 1028; x_wconf 90' lang='lat' dir='ltr'><strong>in</strong></span> <span class='ocrx_word' id='word_1_72' title='bbox 2049 990 2110 1028; x_wconf 94' lang='lat' dir='ltr'><strong>re</strong></span> 
     </span>
    </p>
   </div>
   <div class='ocr_carea' id='block_1_10' title="bbox 415 1060 1544 1132">
    <p class='ocr_par' dir='ltr' id='par_1_10' title="bbox 415 1060 1544 1132">
     <span class='ocr_line' id='line_1_10' title="bbox 415 1060 1544 1132; baseline 0.002 -18"><span class='ocrx_word' id='word_1_73' title='bbox 415 1067 635 1130; x_wconf 80' lang='grc' dir='ltr'><strong>δεύτεραι</strong></span> <span class='ocrx_word' id='word_1_74' title='bbox 655 1066 896 1130; x_wconf 75' lang='grc' dir='ltr'>φροντίδες</span> <span class='ocrx_word' id='word_1_75' title='bbox 912 1075 1025 1112; x_wconf 89' lang='lat' dir='ltr'><strong>non</strong></span> <span class='ocrx_word' id='word_1_76' title='bbox 1053 1060 1212 1114; x_wconf 87' lang='lat' dir='ltr'><strong>fuere</strong></span> <span class='ocrx_word' id='word_1_77' title='bbox 1261 1069 1544 1132; x_wconf 67' lang='grc' dir='ltr'><strong>σοφώτεραι.</strong></span> 
     </span>
    </p>
   </div>
   <div class='ocr_carea' id='block_1_11' title="bbox 483 1149 2106 1220">
    <p class='ocr_par' dir='ltr' id='par_1_11' title="bbox 483 1149 2106 1220">
     <span class='ocr_line' id='line_1_11' title="bbox 483 1149 2106 1220; baseline 0 -16"><span class='ocrx_word' id='word_1_78' title='bbox 483 1151 617 1220; x_wconf 86' lang='lat' dir='ltr'><strong>Cap.</strong></span> <span class='ocrx_word' id='word_1_79' title='bbox 677 1152 762 1203; x_wconf 82' lang='lat' dir='ltr'><strong>t7.</strong></span> <span class='ocrx_word' id='word_1_80' title='bbox 821 1149 1292 1218; x_wconf 60' lang='lat' dir='ltr'><strong>Competentibus.)</strong></span> <span class='ocrx_word' id='word_1_81' title='bbox 1367 1152 1480 1205; x_wconf 85' lang='lat' dir='ltr'><strong>Hoc</strong></span> <span class='ocrx_word' id='word_1_82' title='bbox 1526 1155 1610 1204; x_wconf 91' lang='lat' dir='ltr'><strong>est</strong></span> <span class='ocrx_word' id='word_1_83' title='bbox 1663 1150 2106 1218; x_wconf 87' lang='lat' dir='ltr'><strong>catechumenis,</strong></span> 
     </span>
    </p>
   </div>
   <div class='ocr_carea' id='block_1_12' title="bbox 412 1237 2110 1310">
    <p class='ocr_par' dir='ltr' id='par_1_12' title="bbox 412 1237 2110 1310">
     <span class='ocr_line' id='line_1_12' title="bbox 412 1237 2110 1310; baseline 0.001 -18"><span class='ocrx_word' id='word_1_84' title='bbox 412 1237 512 1310; x_wconf 85' lang='lat' dir='ltr'><strong>qui</strong></span> <span class='ocrx_word' id='word_1_85' title='bbox 541 1253 652 1292; x_wconf 87' lang='lat' dir='ltr'><strong>una</strong></span> <span class='ocrx_word' id='word_1_86' title='bbox 675 1242 864 1307; x_wconf 89' lang='lat' dir='ltr'><strong>petunt</strong></span> <span class='ocrx_word' id='word_1_87' title='bbox 893 1237 1264 1308; x_wconf 85' lang='lat' dir='ltr'><strong>baptismum,</strong></span> <span class='ocrx_word' id='word_1_88' title='bbox 1301 1255 1475 1309; x_wconf 90' lang='lat' dir='ltr'><strong>quam</strong></span> <span class='ocrx_word' id='word_1_89' title='bbox 1507 1239 1580 1293; x_wconf 92' lang='lat' dir='ltr'><strong>ob</strong></span> <span class='ocrx_word' id='word_1_90' title='bbox 1611 1256 1732 1294; x_wconf 92' lang='lat' dir='ltr'><strong>rem</strong></span> <span class='ocrx_word' id='word_1_91' title='bbox 1762 1244 2110 1309; x_wconf 83' lang='lat' dir='ltr'><strong>competentes</strong></span> 
     </span>
    </p>
   </div>
   <div class='ocr_carea' id='block_1_13' title="bbox 410 1326 2106 1399">
    <p class='ocr_par' dir='ltr' id='par_1_13' title="bbox 410 1326 2106 1399">
     <span class='ocr_line' id='line_1_13' title="bbox 410 1326 2106 1399; baseline -0.001 -17"><span class='ocrx_word' id='word_1_92' title='bbox 410 1327 698 1384; x_wconf 90' lang='lat' dir='ltr'><strong>dicuntur.</strong></span> <span class='ocrx_word' id='word_1_93' title='bbox 733 1327 869 1381; x_wconf 89' lang='lat' dir='ltr'><strong>Vide</strong></span> <span class='ocrx_word' id='word_1_94' title='bbox 897 1331 1048 1382; x_wconf 87' lang='lat' dir='ltr'><strong>torno</strong></span> <span class='ocrx_word' id='word_1_95' title='bbox 1078 1328 1144 1380; x_wconf 89' lang='lat' dir='ltr'><strong>VI</strong></span> <span class='ocrx_word' id='word_1_96' title='bbox 1172 1326 1384 1381; x_wconf 89' lang='lat' dir='ltr'><strong>librum</strong></span> <span class='ocrx_word' id='word_1_97' title='bbox 1415 1327 1483 1381; x_wconf 91' lang='lat' dir='ltr'><strong>de</strong></span> <span class='ocrx_word' id='word_1_98' title='bbox 1537 1327 1670 1383; x_wconf 82' lang='lat' dir='ltr'><strong>Fide</strong></span> <span class='ocrx_word' id='word_1_99' title='bbox 1717 1333 1772 1382; x_wconf 92' lang='lat' dir='ltr'><strong>et</strong></span> <span class='ocrx_word' id='word_1_100' title='bbox 1814 1328 2106 1399; x_wconf 86' lang='lat' dir='ltr'><strong>operibus,</strong></span> 
     </span>
    </p>
   </div>
   <div class='ocr_carea' id='block_1_14' title="bbox 412 1418 832 1486">
    <p class='ocr_par' dir='ltr' id='par_1_14' title="bbox 412 1418 832 1486">
     <span class='ocr_line' id='line_1_14' title="bbox 412 1418 832 1486; baseline -0.002 -17"><span class='ocrx_word' id='word_1_101' title='bbox 412 1431 534 1486; x_wconf 87' lang='lat' dir='ltr'><strong>cap.</strong></span> <span class='ocrx_word' id='word_1_102' title='bbox 567 1418 629 1479; x_wconf 89' lang='lat'><strong>6;</strong></span> <span class='ocrx_word' id='word_1_103' title='bbox 660 1418 744 1482; x_wconf 83' lang='grc'><strong>11,</strong></span> <span class='ocrx_word' id='word_1_104' title='bbox 780 1418 832 1470; x_wconf 86' lang='grc'>9.</span> 
     </span>
    </p>
   </div>
   <div class='ocr_carea' id='block_1_15' title="bbox 483 1504 2110 1573">
    <p class='ocr_par' dir='ltr' id='par_1_15' title="bbox 483 1504 2110 1573">
     <span class='ocr_line' id='line_1_15' title="bbox 483 1504 2110 1573; baseline 0.001 -15"><span class='ocrx_word' id='word_1_105' title='bbox 483 1504 616 1573; x_wconf 86' lang='lat' dir='ltr'><strong>Cap.</strong></span> <span class='ocrx_word' id='word_1_106' title='bbox 651 1506 740 1569; x_wconf 86' lang='lat'><strong>22,</strong></span> <span class='ocrx_word' id='word_1_107' title='bbox 783 1505 809 1573; x_wconf 64' lang='grc' dir='ltr'><strong>ξ</strong></span> <span class='ocrx_word' id='word_1_108' title='bbox 866 1505 918 1557; x_wconf 81' lang='grc'><strong>4.</strong></span> <span class='ocrx_word' id='word_1_109' title='bbox 976 1505 1038 1558; x_wconf 89' lang='lat' dir='ltr'><strong>In</strong></span> <span class='ocrx_word' id='word_1_110' title='bbox 1085 1509 1345 1573; x_wconf 86' lang='lat' dir='ltr'><strong>potestate</strong></span> <span class='ocrx_word' id='word_1_111' title='bbox 1388 1504 1620 1560; x_wconf 76' lang='lat' dir='ltr'><strong>hominis</strong></span> <span class='ocrx_word' id='word_1_112' title='bbox 1679 1510 1758 1560; x_wconf 90' lang='lat' dir='ltr'><strong>est</strong></span> <span class='ocrx_word' id='word_1_113' title='bbox 1799 1509 2010 1559; x_wconf 86' lang='lat' dir='ltr'><strong>mutare</strong></span> <span class='ocrx_word' id='word_1_114' title='bbox 2052 1508 2110 1560; x_wconf 89' lang='lat' dir='ltr'><strong>in</strong></span> 
     </span>
    </p>
   </div>
   <div class='ocr_carea' id='block_1_16' title="bbox 409 1590 2107 1663">
    <p class='ocr_par' dir='ltr' id='par_1_16' title="bbox 409 1590 2107 1663">
     <span class='ocr_line' id='line_1_16' title="bbox 409 1590 2107 1663; baseline 0.001 -17"><span class='ocrx_word' id='word_1_115' title='bbox 409 1593 597 1646; x_wconf 87' lang='lat' dir='ltr'><strong>melius</strong></span> <span class='ocrx_word' id='word_1_116' title='bbox 627 1590 997 1659; x_wconf 74' lang='lat' dir='ltr'><strong>voluntatem]</strong></span> <span class='ocrx_word' id='word_1_117' title='bbox 1050 1591 1286 1659; x_wconf 88' lang='lat' dir='ltr'><strong>Clarius,</strong></span> <span class='ocrx_word' id='word_1_118' title='bbox 1320 1608 1385 1646; x_wconf 90' lang='lat' dir='ltr'><strong>ex</strong></span> <span class='ocrx_word' id='word_1_119' title='bbox 1416 1591 1698 1647; x_wconf 85' lang='lat' dir='ltr'><strong>sententia</strong></span> <span class='ocrx_word' id='word_1_120' title='bbox 1747 1608 1921 1662; x_wconf 90' lang='lat' dir='ltr'><strong>quam</strong></span> <span class='ocrx_word' id='word_1_121' title='bbox 1968 1609 2107 1663; x_wconf 90' lang='lat' dir='ltr'><strong>pro-</strong></span> 
     </span>
    </p>
   </div>
   <div class='ocr_carea' id='block_1_17' title="bbox 2222 529 3879 602">
    <p class='ocr_par' dir='ltr' id='par_1_17' title="bbox 2222 529 3879 602">
     <span class='ocr_line' id='line_1_17' title="bbox 2222 529 3879 602; baseline 0.004 -20"><span class='ocrx_word' id='word_1_122' title='bbox 2222 529 2477 584; x_wconf 88' lang='lat' dir='ltr'><strong>oblatum</strong></span> <span class='ocrx_word' id='word_1_123' title='bbox 2508 534 2752 596; x_wconf 87' lang='lat' dir='ltr'><strong>censeat,</strong></span> <span class='ocrx_word' id='word_1_124' title='bbox 2787 545 2918 583; x_wconf 91' lang='lat' dir='ltr'><strong>cum</strong></span> <span class='ocrx_word' id='word_1_125' title='bbox 2946 545 2979 582; x_wconf 90' lang='lat' dir='ltr'><strong>a</strong></span> <span class='ocrx_word' id='word_1_126' title='bbox 3030 529 3229 599; x_wconf 90' lang='lat' dir='ltr'><strong>quovis</strong></span> <span class='ocrx_word' id='word_1_127' title='bbox 3267 531 3556 585; x_wconf 86' lang='lat' dir='ltr'><strong>sacerdote</strong></span> <span class='ocrx_word' id='word_1_128' title='bbox 3595 540 3771 602; x_wconf 89' lang='lat' dir='ltr'><strong>posset</strong></span> <span class='ocrx_word' id='word_1_129' title='bbox 3808 535 3879 588; x_wconf 83' lang='lat' dir='ltr'><strong>of-</strong></span> 
     </span>
    </p>
   </div>
   <div class='ocr_carea' id='block_1_18' title="bbox 2220 617 3882 691">
    <p class='ocr_par' dir='ltr' id='par_1_18' title="bbox 2220 617 3882 691">
     <span class='ocr_line' id='line_1_18' title="bbox 2220 617 3882 691; baseline 0.002 -19"><span class='ocrx_word' id='word_1_130' title='bbox 2220 617 2376 685; x_wconf 85' lang='lat' dir='ltr'><strong>ferri,</strong></span> <span class='ocrx_word' id='word_1_131' title='bbox 2410 623 2471 672; x_wconf 92' lang='lat' dir='ltr'><strong>ut</strong></span> <span class='ocrx_word' id='word_1_132' title='bbox 2497 619 2583 672; x_wconf 85' lang='lat' dir='ltr'><strong>vel</strong></span> <span class='ocrx_word' id='word_1_133' title='bbox 2610 619 2866 689; x_wconf 84' lang='lat' dir='ltr'><strong>exemplo</strong></span> <span class='ocrx_word' id='word_1_134' title='bbox 2896 617 3177 672; x_wconf 67' lang='lat' dir='ltr'><strong>Zacharias</strong></span> <span class='ocrx_word' id='word_1_135' title='bbox 3215 618 3392 688; x_wconf 87' lang='lat' dir='ltr'><strong>patris</strong></span> <span class='ocrx_word' id='word_1_136' title='bbox 3429 620 3655 674; x_wconf 84' lang='lat' dir='ltr'><strong>Joannis</strong></span> <span class='ocrx_word' id='word_1_137' title='bbox 3708 623 3882 691; x_wconf 87' lang='lat' dir='ltr'><strong>Bapti-</strong></span> 
     </span>
    </p>
   </div>
   <div class='ocr_carea' id='block_1_19' title="bbox 2221 707 3880 773">
    <p class='ocr_par' dir='ltr' id='par_1_19' title="bbox 2221 707 3880 773">
     <span class='ocr_line' id='line_1_19' title="bbox 2221 707 3880 773; baseline 0.002 -13"><span class='ocrx_word' id='word_1_138' title='bbox 2221 711 2321 761; x_wconf 76' lang='lat' dir='ltr'><strong>stze</strong></span> <span class='ocrx_word' id='word_1_139' title='bbox 2350 712 2590 762; x_wconf 87' lang='lat' dir='ltr'><strong>constat.</strong></span> <span class='ocrx_word' id='word_1_140' title='bbox 2636 709 2835 761; x_wconf 80' lang='lat' dir='ltr'><strong>Fateor</strong></span> <span class='ocrx_word' id='word_1_141' title='bbox 2878 707 3076 761; x_wconf 84' lang='lat' dir='ltr'><strong>Exord.</strong></span> <span class='ocrx_word' id='word_1_142' title='bbox 3126 723 3253 773; x_wconf 82' lang='lat' dir='ltr'><strong>xxx,</strong></span> <span class='ocrx_word' id='word_1_143' title='bbox 3315 711 3368 761; x_wconf 89' lang='lat'><strong>7.</strong></span> <span class='ocrx_word' id='word_1_144' title='bbox 3428 724 3632 762; x_wconf 90' lang='lat' dir='ltr'><strong>munus</strong></span> <span class='ocrx_word' id='word_1_145' title='bbox 3685 710 3880 764; x_wconf 80' lang='lat' dir='ltr'><strong>sufﬁtus</strong></span> 
     </span>
    </p>
   </div>
   <div class='ocr_carea' id='block_1_20' title="bbox 2222 794 3882 862">
    <p class='ocr_par' dir='ltr' id='par_1_20' title="bbox 2222 794 3882 862">
     <span class='ocr_line' id='line_1_20' title="bbox 2222 794 3882 862; baseline 0.001 -12"><span class='ocrx_word' id='word_1_146' title='bbox 2222 796 2500 851; x_wconf 67' lang='lat' dir='ltr'><strong>efferendi</strong></span> <span class='ocrx_word' id='word_1_147' title='bbox 2528 795 2705 850; x_wconf 89' lang='lat' dir='ltr'><strong>tribui</strong></span> <span class='ocrx_word' id='word_1_148' title='bbox 2742 795 2987 862; x_wconf 89' lang='lat' dir='ltr'><strong>Aaroni;</strong></span> <span class='ocrx_word' id='word_1_149' title='bbox 3033 810 3229 849; x_wconf 90' lang='lat' dir='ltr'><strong>verum</strong></span> <span class='ocrx_word' id='word_1_150' title='bbox 3264 794 3381 849; x_wconf 90' lang='lat' dir='ltr'><strong>illic</strong></span> <span class='ocrx_word' id='word_1_151' title='bbox 3424 812 3628 851; x_wconf 88' lang='lat' dir='ltr'><strong>nomen</strong></span> <span class='ocrx_word' id='word_1_152' title='bbox 3673 800 3882 853; x_wconf 80' lang='lat' dir='ltr'><strong>Aaronis</strong></span> 
     </span>
    </p>
   </div>
   <div class='ocr_carea' id='block_1_21' title="bbox 2219 884 3877 956">
    <p class='ocr_par' dir='ltr' id='par_1_21' title="bbox 2219 884 3877 956">
     <span class='ocr_line' id='line_1_21' title="bbox 2219 884 3877 956; baseline 0.002 -18"><span class='ocrx_word' id='word_1_153' title='bbox 2219 901 2325 956; x_wconf 90' lang='lat' dir='ltr'><strong>pro</strong></span> <span class='ocrx_word' id='word_1_154' title='bbox 2386 885 2630 956; x_wconf 87' lang='lat' dir='ltr'><strong>cujusvis</strong></span> <span class='ocrx_word' id='word_1_155' title='bbox 2686 884 2990 939; x_wconf 89' lang='lat' dir='ltr'><strong>sacerdotis</strong></span> <span class='ocrx_word' id='word_1_156' title='bbox 3046 884 3280 938; x_wconf 90' lang='lat' dir='ltr'><strong>nomine</strong></span> <span class='ocrx_word' id='word_1_157' title='bbox 3335 885 3597 940; x_wconf 90' lang='lat' dir='ltr'><strong>sumitur.</strong></span> <span class='ocrx_word' id='word_1_158' title='bbox 3664 887 3788 940; x_wconf 84' lang='lat' dir='ltr'><strong>Vide</strong></span> <span class='ocrx_word' id='word_1_159' title='bbox 3822 889 3877 942; x_wconf 86' lang='lat' dir='ltr'><strong>ad</strong></span> 
     </span>
    </p>
   </div>
   <div class='ocr_carea' id='block_1_22' title="bbox 2220 973 3588 1044">
    <p class='ocr_par' dir='ltr' id='par_1_22' title="bbox 2220 973 3588 1044">
     <span class='ocr_line' id='line_1_22' title="bbox 2220 973 3588 1044; baseline -0.001 -15"><span class='ocrx_word' id='word_1_160' title='bbox 2220 990 2352 1029; x_wconf 91' lang='lat' dir='ltr'><strong>eum</strong></span> <span class='ocrx_word' id='word_1_161' title='bbox 2381 975 2572 1029; x_wconf 90' lang='lat' dir='ltr'><strong>locum</strong></span> <span class='ocrx_word' id='word_1_162' title='bbox 2596 975 2958 1044; x_wconf 87' lang='lat' dir='ltr'><strong>interpretes,</strong></span> <span class='ocrx_word' id='word_1_163' title='bbox 2985 977 3041 1026; x_wconf 91' lang='lat' dir='ltr'><strong>et</strong></span> <span class='ocrx_word' id='word_1_164' title='bbox 3073 973 3143 1027; x_wconf 90' lang='lat' dir='ltr'><strong>ad</strong></span> <span class='ocrx_word' id='word_1_165' title='bbox 3171 974 3297 1027; x_wconf 90' lang='lat' dir='ltr'><strong>Lev.</strong></span> <span class='ocrx_word' id='word_1_166' title='bbox 3329 989 3451 1044; x_wconf 87' lang='lat' dir='ltr'><strong>cap.</strong></span> <span class='ocrx_word' id='word_1_167' title='bbox 3486 990 3588 1027; x_wconf 80' lang='lat' dir='ltr'><strong>xvr.</strong></span> 
     </span>
    </p>
   </div>
   <div class='ocr_carea' id='block_1_23' title="bbox 2749 1079 3408 1135">
    <p class='ocr_par' dir='ltr' id='par_1_23' title="bbox 2749 1079 3408 1135">
     <span class='ocr_line' id='line_1_23' title="bbox 2749 1079 3408 1135; baseline -0.002 0"><span class='ocrx_word' id='word_1_168' title='bbox 2749 1079 3408 1135; x_wconf 78' lang='lat' dir='ltr'><strong>ANIMADVERSIONES</strong></span> 
     </span>
    </p>
   </div>
   <div class='ocr_carea' id='block_1_24' title="bbox 2700 1184 3443 1223">
    <p class='ocr_par' dir='ltr' id='par_1_24' title="bbox 2700 1184 3443 1223">
     <span class='ocr_line' id='line_1_24' title="bbox 2700 1184 3443 1223; baseline -0.001 0"><span class='ocrx_word' id='word_1_169' title='bbox 2700 1185 2754 1223; x_wconf 80' lang='lat' dir='ltr'><strong>IN</strong></span> <span class='ocrx_word' id='word_1_170' title='bbox 2794 1185 2982 1222; x_wconf 81' lang='lat' dir='ltr'><strong>LIBROS</strong></span> <span class='ocrx_word' id='word_1_171' title='bbox 3014 1184 3443 1222; x_wconf 72' lang='lat' dir='ltr'><strong>CONFESSIONUM.</strong></span> 
     </span>
    </p>
   </div>
   <div class='ocr_carea' id='block_1_25' title="bbox 2291 1255 3880 1329">
    <p class='ocr_par' dir='ltr' id='par_1_25' title="bbox 2291 1255 3880 1329">
     <span class='ocr_line' id='line_1_25' title="bbox 2291 1255 3880 1329; baseline 0.001 -16"><span class='ocrx_word' id='word_1_172' title='bbox 2291 1260 2458 1314; x_wconf 85' lang='lat' dir='ltr'><strong>LIBRO</strong></span> <span class='ocrx_word' id='word_1_173' title='bbox 2492 1275 2527 1313; x_wconf 83' lang='grc' dir='ltr'>ι.</span> <span class='ocrx_word' id='word_1_174' title='bbox 2587 1258 2721 1329; x_wconf 87' lang='lat' dir='ltr'><strong>Cap.</strong></span> <span class='ocrx_word' id='word_1_175' title='bbox 2776 1260 2824 1312; x_wconf 86' lang='lat' dir='ltr'><strong>l.</strong></span> <span class='ocrx_word' id='word_1_176' title='bbox 2875 1260 2946 1312; x_wconf 87' lang='lat' dir='ltr'><strong>Et</strong></span> <span class='ocrx_word' id='word_1_177' title='bbox 2975 1255 3243 1326; x_wconf 74' lang='lat' dir='ltr'><strong>laudare]</strong></span> <span class='ocrx_word' id='word_1_178' title='bbox 3275 1265 3337 1311; x_wconf 87' lang='grc' dir='ltr'><strong>Τὸ</strong></span> <span class='ocrx_word' id='word_1_179' title='bbox 3367 1261 3417 1310; x_wconf 88' lang='lat' dir='ltr'><strong>et</strong></span> <span class='ocrx_word' id='word_1_180' title='bbox 3438 1255 3670 1326; x_wconf 87' lang='lat' dir='ltr'><strong>perinde</strong></span> <span class='ocrx_word' id='word_1_181' title='bbox 3697 1257 3780 1312; x_wconf 86' lang='lat' dir='ltr'><strong>hic</strong></span> <span class='ocrx_word' id='word_1_182' title='bbox 3812 1265 3880 1314; x_wconf 87' lang='lat' dir='ltr'><strong>est</strong></span> 
     </span>
    </p>
   </div>
   <div class='ocr_carea' id='block_1_26' title="bbox 2219 1344 3877 1418">
    <p class='ocr_par' dir='ltr' id='par_1_26' title="bbox 2219 1344 3877 1418">
     <span class='ocr_line' id='line_1_26' title="bbox 2219 1344 3877 1418; baseline -0.002 -15"><span class='ocrx_word' id='word_1_183' title='bbox 2219 1365 2283 1403; x_wconf 91' lang='lat' dir='ltr'><strong>ac</strong></span> <span class='ocrx_word' id='word_1_184' title='bbox 2310 1353 2506 1412; x_wconf 91' lang='lat' dir='ltr'><strong>tamen,</strong></span> <span class='ocrx_word' id='word_1_185' title='bbox 2545 1350 2606 1400; x_wconf 94' lang='lat' dir='ltr'><strong>ut</strong></span> <span class='ocrx_word' id='word_1_186' title='bbox 2635 1361 2878 1418; x_wconf 90' lang='lat' dir='ltr'><strong>sequens</strong></span> <span class='ocrx_word' id='word_1_187' title='bbox 2907 1344 3172 1416; x_wconf 84' lang='lat' dir='ltr'><strong>repetitio</strong></span> <span class='ocrx_word' id='word_1_188' title='bbox 3201 1345 3373 1417; x_wconf 86' lang='lat' dir='ltr'><strong>hujus</strong></span> <span class='ocrx_word' id='word_1_189' title='bbox 3428 1345 3670 1399; x_wconf 90' lang='lat' dir='ltr'><strong>membri</strong></span> <span class='ocrx_word' id='word_1_190' title='bbox 3696 1348 3877 1402; x_wconf 87' lang='lat' dir='ltr'><strong>oratio-</strong></span> 
     </span>
    </p>
   </div>
   <div class='ocr_carea' id='block_1_27' title="bbox 2219 1436 2597 1492">
    <p class='ocr_par' dir='ltr' id='par_1_27' title="bbox 2219 1436 2597 1492">
     <span class='ocr_line' id='line_1_27' title="bbox 2219 1436 2597 1492; baseline -0.008 0"><span class='ocrx_word' id='word_1_191' title='bbox 2219 1437 2308 1492; x_wconf 91' lang='lat' dir='ltr'><strong>nis</strong></span> <span class='ocrx_word' id='word_1_192' title='bbox 2330 1436 2597 1490; x_wconf 87' lang='lat' dir='ltr'><strong>ostendit.</strong></span> 
     </span>
    </p>
   </div>
   <div class='ocr_carea' id='block_1_28' title="bbox 2290 1522 3880 1594">
    <p class='ocr_par' dir='ltr' id='par_1_28' title="bbox 2290 1522 3880 1594">
     <span class='ocr_line' id='line_1_28' title="bbox 2290 1522 3880 1594; baseline -0.001 -14"><span class='ocrx_word' id='word_1_193' title='bbox 2290 1525 2431 1580; x_wconf 91' lang='lat' dir='ltr'><strong>Ibid.</strong></span> <span class='ocrx_word' id='word_1_194' title='bbox 2461 1525 2554 1579; x_wconf 83' lang='lat' dir='ltr'><strong>Ad</strong></span> <span class='ocrx_word' id='word_1_195' title='bbox 2593 1523 2683 1593; x_wconf 64' lang='lat' dir='ltr'><strong>te]</strong></span> <span class='ocrx_word' id='word_1_196' title='bbox 2711 1524 2824 1578; x_wconf 86' lang='lat' dir='ltr'><strong>lloc</strong></span> <span class='ocrx_word' id='word_1_197' title='bbox 2862 1527 2946 1578; x_wconf 91' lang='lat' dir='ltr'><strong>est</strong></span> <span class='ocrx_word' id='word_1_198' title='bbox 2965 1526 3203 1594; x_wconf 88' lang='lat' dir='ltr'><strong>propter</strong></span> <span class='ocrx_word' id='word_1_199' title='bbox 3233 1529 3308 1589; x_wconf 92' lang='lat' dir='ltr'><strong>te,</strong></span> <span class='ocrx_word' id='word_1_200' title='bbox 3337 1522 3427 1577; x_wconf 85' lang='lat' dir='ltr'><strong>vel</strong></span> <span class='ocrx_word' id='word_1_201' title='bbox 3468 1527 3532 1576; x_wconf 89' lang='lat' dir='ltr'><strong>ut</strong></span> <span class='ocrx_word' id='word_1_202' title='bbox 3559 1522 3631 1576; x_wconf 85' lang='lat' dir='ltr'><strong>ad</strong></span> <span class='ocrx_word' id='word_1_203' title='bbox 3679 1527 3742 1590; x_wconf 88' lang='lat' dir='ltr'><strong>te,</strong></span> <span class='ocrx_word' id='word_1_204' title='bbox 3782 1528 3880 1578; x_wconf 87' lang='lat' dir='ltr'><strong>tan-</strong></span> 
     </span>
    </p>
   </div>
   <div class='ocr_carea' id='block_1_29' title="bbox 2219 1611 3874 1683">
    <p class='ocr_par' dir='ltr' id='par_1_29' title="bbox 2219 1611 3874 1683">
     <span class='ocr_line' id='line_1_29' title="bbox 2219 1611 3874 1683; baseline 0.001 -18"><span class='ocrx_word' id='word_1_205' title='bbox 2219 1628 2392 1683; x_wconf 87' lang='lat' dir='ltr'><strong>quam</strong></span> <span class='ocrx_word' id='word_1_206' title='bbox 2414 1612 2483 1666; x_wconf 90' lang='lat' dir='ltr'><strong>ad</strong></span> <span class='ocrx_word' id='word_1_207' title='bbox 2510 1627 2750 1666; x_wconf 71' lang='lat' dir='ltr'><strong>summm</strong></span> <span class='ocrx_word' id='word_1_208' title='bbox 2778 1611 3152 1666; x_wconf 90' lang='lat' dir='ltr'><strong>beatitudinis</strong></span> <span class='ocrx_word' id='word_1_209' title='bbox 3183 1611 3414 1666; x_wconf 88' lang='lat' dir='ltr'><strong>unicam</strong></span> <span class='ocrx_word' id='word_1_210' title='bbox 3449 1617 3617 1682; x_wconf 87' lang='lat' dir='ltr'><strong>atque</strong></span> <span class='ocrx_word' id='word_1_211' title='bbox 3649 1612 3874 1667; x_wconf 89' lang='lat' dir='ltr'><strong>ultimam</strong></span> 
     </span>
    </p>
   </div>
   <div class='ocr_carea' id='block_1_30' title="bbox 412 1679 2996 1790">
    <p class='ocr_par' dir='ltr' id='par_1_30' title="bbox 412 1679 2996 1790">
     <span class='ocr_line' id='line_1_30' title="bbox 412 1679 2996 1790; baseline 0.001 -57"><span class='ocrx_word' id='word_1_212' title='bbox 412 1684 630 1752; x_wconf 82' lang='lat' dir='ltr'><strong>pugnat</strong></span> <span class='ocrx_word' id='word_1_213' title='bbox 653 1679 1025 1750; x_wconf 81' lang='lat' dir='ltr'><strong>Augustinus,</strong></span> <span class='ocrx_word' id='word_1_214' title='bbox 1052 1679 1280 1734; x_wconf 84' lang='lat' dir='ltr'><strong>dixisset</strong></span> <span class='ocrx_word' id='word_1_215' title='bbox 1305 1683 1363 1734; x_wconf 88' lang='lat' dir='ltr'><strong>in</strong></span> <span class='ocrx_word' id='word_1_216' title='bbox 1381 1686 1644 1750; x_wconf 83' lang='lat' dir='ltr'><strong>potestate</strong></span> <span class='ocrx_word' id='word_1_217' title='bbox 1670 1683 1921 1749; x_wconf 76' lang='lat' dir='ltr'><strong>hominis,</strong></span> <span class='ocrx_word' id='word_1_218' title='bbox 1953 1697 2109 1749; x_wconf 86' lang='lat' dir='ltr'><strong>quem</strong></span> <span class='ocrx_word' id='word_1_219' title='bbox 2148 1735 2189 1790; x_wconf 76' lang='grc' dir='ltr'>Β</span> <span class='ocrx_word' id='word_1_220' title='bbox 2217 1679 2472 1769; x_wconf 58' lang='grc' dir='ltr'><strong>(ζωιεδω,</strong></span> <span class='ocrx_word' id='word_1_221' title='bbox 2501 1701 2996 1755; x_wconf 41' lang='lat' dir='ltr'><strong>contenderemus.</strong></span> 
     </span>
     <span class='ocr_line' id='line_1_31' title="bbox 417 1769 2105 1790; baseline 0 0"><span class='ocrx_word' id='word_1_222' title='bbox 581 1771 754 1790; x_wconf 45' lang='lat'><strong>-_-_..-_</strong></span> <span class='ocrx_word' id='word_1_223' title='bbox 786 1769 941 1790; x_wconf 68' lang='lat'>_,__-.</span> <span class='ocrx_word' id='word_1_224' title='bbox 1007 1773 1083 1790; x_wconf 76' lang='lat'><strong>_._</strong></span> <span class='ocrx_word' id='word_1_225' title='bbox 1161 1769 1264 1790; x_wconf 51' lang='lat'><strong>0-.</strong></span> <span class='ocrx_word' id='word_1_226' title='bbox 1657 1771 1701 1790; x_wconf 76' lang='grc' dir='ltr'><strong>ι-</strong></span> 
     </span>
    </p>
   </div>
   <div class='ocr_carea' id='block_1_31' title="bbox 408 1769 2110 1836">
    <p class='ocr_par' dir='ltr' id='par_1_31' title="bbox 408 1769 2110 1836">
     <span class='ocr_line' id='line_1_32' title="bbox 408 1769 2110 1836; baseline 0.001 -12"><span class='ocrx_word' id='word_1_227' title='bbox 408 1773 548 1824; x_wconf 85' lang='lat' dir='ltr'><strong>Deus</strong></span> <span class='ocrx_word' id='word_1_228' title='bbox 571 1771 757 1836; x_wconf 85' lang='lat' dir='ltr'><strong>gratia</strong></span> <span class='ocrx_word' id='word_1_229' title='bbox 777 1769 960 1832; x_wconf 86' lang='lat' dir='ltr'><strong>donat,</strong></span> <span class='ocrx_word' id='word_1_230' title='bbox 1003 1773 1106 1824; x_wconf 94' lang='lat' dir='ltr'><strong>etc.</strong></span> <span class='ocrx_word' id='word_1_231' title='bbox 1161 1769 1270 1824; x_wconf 91' lang='lat' dir='ltr'><strong>Sed</strong></span> <span class='ocrx_word' id='word_1_232' title='bbox 1319 1769 1604 1826; x_wconf 89' lang='lat' dir='ltr'><strong>incautius</strong></span> <span class='ocrx_word' id='word_1_233' title='bbox 1656 1771 1878 1825; x_wconf 86' lang='lat' dir='ltr'><strong>locutus</strong></span> <span class='ocrx_word' id='word_1_234' title='bbox 1923 1770 2110 1826; x_wconf 88' lang='lat' dir='ltr'><strong>fuerat</strong></span> 
     </span>
    </p>
   </div>
   <div class='ocr_carea' id='block_1_32' title="bbox 409 1856 2109 1929">
    <p class='ocr_par' dir='ltr' id='par_1_32' title="bbox 409 1856 2109 1929">
     <span class='ocr_line' id='line_1_33' title="bbox 409 1856 2109 1929; baseline 0.001 -17"><span class='ocrx_word' id='word_1_235' title='bbox 409 1863 606 1913; x_wconf 87' lang='lat' dir='ltr'><strong>contra</strong></span> <span class='ocrx_word' id='word_1_236' title='bbox 649 1856 1006 1924; x_wconf 67' lang='lat' dir='ltr'><strong>Manichaeos,</strong></span> <span class='ocrx_word' id='word_1_237' title='bbox 1055 1873 1191 1912; x_wconf 88' lang='lat' dir='ltr'><strong>nam</strong></span> <span class='ocrx_word' id='word_1_238' title='bbox 1238 1863 1303 1913; x_wconf 93' lang='lat' dir='ltr'><strong>ut</strong></span> <span class='ocrx_word' id='word_1_239' title='bbox 1332 1859 1515 1912; x_wconf 86' lang='lat' dir='ltr'><strong>valeat</strong></span> <span class='ocrx_word' id='word_1_240' title='bbox 1572 1857 1955 1927; x_wconf 84' lang='lat' dir='ltr'><strong>ratiocinatio,</strong></span> <span class='ocrx_word' id='word_1_241' title='bbox 1987 1859 2109 1929; x_wconf 89' lang='lat' dir='ltr'><strong>ejus</strong></span> 
     </span>
    </p>
   </div>
   <div class='ocr_carea' id='block_1_33' title="bbox 406 1946 2110 2018">
    <p class='ocr_par' dir='ltr' id='par_1_33' title="bbox 406 1946 2110 2018">
     <span class='ocr_line' id='line_1_34' title="bbox 406 1946 2110 2018; baseline 0.001 -17"><span class='ocrx_word' id='word_1_242' title='bbox 406 1947 499 2002; x_wconf 91' lang='lat' dir='ltr'><strong>hic</strong></span> <span class='ocrx_word' id='word_1_243' title='bbox 530 1946 700 2000; x_wconf 89' lang='lat' dir='ltr'><strong>debet</strong></span> <span class='ocrx_word' id='word_1_244' title='bbox 727 1961 849 2000; x_wconf 91' lang='lat' dir='ltr'><strong>esse</strong></span> <span class='ocrx_word' id='word_1_245' title='bbox 880 1961 1106 2000; x_wconf 88' lang='lat' dir='ltr'><strong>sensus:</strong></span> <span class='ocrx_word' id='word_1_246' title='bbox 1140 1948 1264 2002; x_wconf 84' lang='lat' dir='ltr'><strong>Nisi</strong></span> <span class='ocrx_word' id='word_1_247' title='bbox 1293 1947 1535 2018; x_wconf 88' lang='lat' dir='ltr'><strong>quisque</strong></span> <span class='ocrx_word' id='word_1_248' title='bbox 1572 1948 1906 2002; x_wconf 78' lang='lat' dir='ltr'><strong>voluntatem</strong></span> <span class='ocrx_word' id='word_1_249' title='bbox 1934 1952 2110 2002; x_wconf 89' lang='lat' dir='ltr'><strong>muta-</strong></span> 
     </span>
    </p>
   </div>
   <div class='ocr_carea' id='block_1_34' title="bbox 405 2035 2111 2106">
    <p class='ocr_par' dir='ltr' id='par_1_34' title="bbox 405 2035 2111 2106">
     <span class='ocr_line' id='line_1_35' title="bbox 405 2035 2111 2106; baseline -0.002 -15"><span class='ocrx_word' id='word_1_250' title='bbox 405 2039 565 2100; x_wconf 89' lang='lat' dir='ltr'><strong>verit,</strong></span> <span class='ocrx_word' id='word_1_251' title='bbox 599 2036 791 2090; x_wconf 88' lang='lat' dir='ltr'><strong>bonum</strong></span> <span class='ocrx_word' id='word_1_252' title='bbox 838 2037 1056 2104; x_wconf 86' lang='lat' dir='ltr'><strong>operari</strong></span> <span class='ocrx_word' id='word_1_253' title='bbox 1095 2051 1202 2089; x_wconf 90' lang='lat' dir='ltr'><strong>non</strong></span> <span class='ocrx_word' id='word_1_254' title='bbox 1242 2040 1436 2104; x_wconf 87' lang='lat' dir='ltr'><strong>potest,</strong></span> <span class='ocrx_word' id='word_1_255' title='bbox 1473 2035 1617 2104; x_wconf 88' lang='lat' dir='ltr'><strong>quod</strong></span> <span class='ocrx_word' id='word_1_256' title='bbox 1654 2037 1712 2088; x_wconf 90' lang='lat' dir='ltr'><strong>in</strong></span> <span class='ocrx_word' id='word_1_257' title='bbox 1744 2040 1931 2088; x_wconf 87' lang='lat' dir='ltr'><strong>nostra</strong></span> <span class='ocrx_word' id='word_1_258' title='bbox 1956 2036 2111 2106; x_wconf 83' lang='lat' dir='ltr'><strong>(quo-</strong></span> 
     </span>
    </p>
   </div>
   <div class='ocr_carea' id='block_1_35' title="bbox 405 2123 2104 2194">
    <p class='ocr_par' dir='ltr' id='par_1_35' title="bbox 405 2123 2104 2194">
     <span class='ocr_line' id='line_1_36' title="bbox 405 2123 2104 2194; baseline -0.001 -15"><span class='ocrx_word' id='word_1_259' title='bbox 405 2124 621 2180; x_wconf 91' lang='lat' dir='ltr'><strong>rumvis</strong></span> <span class='ocrx_word' id='word_1_260' title='bbox 641 2123 868 2194; x_wconf 90' lang='lat' dir='ltr'><strong>nempe)</strong></span> <span class='ocrx_word' id='word_1_261' title='bbox 917 2128 1183 2192; x_wconf 84' lang='lat' dir='ltr'><strong>potestate</strong></span> <span class='ocrx_word' id='word_1_262' title='bbox 1207 2138 1317 2178; x_wconf 88' lang='lat' dir='ltr'><strong>esse</strong></span> <span class='ocrx_word' id='word_1_263' title='bbox 1341 2125 1581 2192; x_wconf 86' lang='lat' dir='ltr'><strong>positum</strong></span> <span class='ocrx_word' id='word_1_264' title='bbox 1605 2125 1714 2177; x_wconf 88' lang='lat' dir='ltr'><strong>alio</strong></span> <span class='ocrx_word' id='word_1_265' title='bbox 1782 2125 1891 2178; x_wconf 89' lang='lat' dir='ltr'><strong>loco</strong></span> <span class='ocrx_word' id='word_1_266' title='bbox 1937 2124 2104 2192; x_wconf 89' lang='lat' dir='ltr'><strong>docet,</strong></span> 
     </span>
    </p>
   </div>
   <div class='ocr_carea' id='block_1_36' title="bbox 406 2210 2110 2284">
    <p class='ocr_par' dir='ltr' id='par_1_36' title="bbox 406 2210 2110 2284">
     <span class='ocr_line' id='line_1_37' title="bbox 406 2210 2110 2284; baseline -0.002 -17"><span class='ocrx_word' id='word_1_267' title='bbox 406 2217 514 2267; x_wconf 91' lang='lat' dir='ltr'><strong>etc.</strong></span> <span class='ocrx_word' id='word_1_268' title='bbox 568 2211 738 2284; x_wconf 77' lang='lat' dir='ltr'><strong>Atqui</strong></span> <span class='ocrx_word' id='word_1_269' title='bbox 798 2227 912 2266; x_wconf 90' lang='lat' dir='ltr'><strong>non</strong></span> <span class='ocrx_word' id='word_1_270' title='bbox 969 2211 1264 2283; x_wconf 88' lang='lat' dir='ltr'><strong>quibusvis</strong></span> <span class='ocrx_word' id='word_1_271' title='bbox 1321 2212 1512 2266; x_wconf 85' lang='lat' dir='ltr'><strong>datam</strong></span> <span class='ocrx_word' id='word_1_272' title='bbox 1568 2210 1815 2283; x_wconf 81' lang='lat' dir='ltr'><strong>gratiam</strong></span> <span class='ocrx_word' id='word_1_273' title='bbox 1888 2210 2110 2267; x_wconf 89' lang='lat' dir='ltr'><strong>censuit</strong></span> 
     </span>
    </p>
   </div>
   <div class='ocr_carea' id='block_1_37' title="bbox 407 2305 627 2373">
    <p class='ocr_par' dir='ltr' id='par_1_37' title="bbox 407 2305 627 2373">
     <span class='ocr_line' id='line_1_38' title="bbox 407 2305 627 2373; baseline -0.005 -17"><span class='ocrx_word' id='word_1_274' title='bbox 407 2305 627 2373; x_wconf 89' lang='lat' dir='ltr'><strong>postea.</strong></span> 
     </span>
    </p>
   </div>
   <div class='ocr_carea' id='block_1_38' title="bbox 477 2387 2109 2460">
    <p class='ocr_par' dir='ltr' id='par_1_38' title="bbox 477 2387 2109 2460">
     <span class='ocr_line' id='line_1_39' title="bbox 477 2387 2109 2460; baseline -0.001 -16"><span class='ocrx_word' id='word_1_275' title='bbox 477 2391 642 2444; x_wconf 59' lang='grc' dir='ltr'><strong>[ωηο</strong></span> <span class='ocrx_word' id='word_1_276' title='bbox 685 2407 741 2444; x_wconf 92' lang='lat' dir='ltr'><strong>II.</strong></span> <span class='ocrx_word' id='word_1_277' title='bbox 789 2389 924 2460; x_wconf 90' lang='lat' dir='ltr'><strong>Cap.</strong></span> <span class='ocrx_word' id='word_1_278' title='bbox 983 2391 1067 2445; x_wconf 87' lang='lat' dir='ltr'><strong>l3.</strong></span> <span class='ocrx_word' id='word_1_279' title='bbox 1124 2389 1208 2444; x_wconf 89' lang='lat' dir='ltr'><strong>De</strong></span> <span class='ocrx_word' id='word_1_280' title='bbox 1250 2388 1526 2452; x_wconf 79' lang='lat' dir='ltr'><strong>frontibus</strong></span> <span class='ocrx_word' id='word_1_281' title='bbox 1570 2387 1813 2458; x_wconf 87' lang='lat' dir='ltr'><strong>codicis.]</strong></span> <span class='ocrx_word' id='word_1_282' title='bbox 1868 2389 1982 2442; x_wconf 83' lang='lat' dir='ltr'><strong>Hoc</strong></span> <span class='ocrx_word' id='word_1_283' title='bbox 2025 2391 2109 2442; x_wconf 89' lang='lat' dir='ltr'><strong>est</strong></span> 
     </span>
    </p>
   </div>
   <div class='ocr_carea' id='block_1_39' title="bbox 406 2477 2106 2550">
    <p class='ocr_par' dir='ltr' id='par_1_39' title="bbox 406 2477 2106 2550">
     <span class='ocr_line' id='line_1_40' title="bbox 406 2477 2106 2550; baseline -0.001 -17"><span class='ocrx_word' id='word_1_284' title='bbox 406 2496 475 2534; x_wconf 83' lang='lat' dir='ltr'><strong>ex</strong></span> <span class='ocrx_word' id='word_1_285' title='bbox 504 2478 862 2550; x_wconf 88' lang='lat' dir='ltr'><strong>marginibus</strong></span> <span class='ocrx_word' id='word_1_286' title='bbox 915 2477 1046 2532; x_wconf 90' lang='lat' dir='ltr'><strong>libri</strong></span> <span class='ocrx_word' id='word_1_287' title='bbox 1083 2477 1232 2544; x_wconf 87' lang='lat' dir='ltr'><strong>Jobi,</strong></span> <span class='ocrx_word' id='word_1_288' title='bbox 1287 2478 1494 2549; x_wconf 90' lang='lat' dir='ltr'><strong>quibus</strong></span> <span class='ocrx_word' id='word_1_289' title='bbox 1549 2477 1902 2548; x_wconf 83' lang='lat' dir='ltr'><strong>Augustinus</strong></span> <span class='ocrx_word' id='word_1_290' title='bbox 1938 2477 2106 2532; x_wconf 87' lang='lat' dir='ltr'><strong>hasce</strong></span> 
     </span>
    </p>
   </div>
   <div class='ocr_carea' id='block_1_40' title="bbox 405 2567 1131 2624">
    <p class='ocr_par' dir='ltr' id='par_1_40' title="bbox 405 2567 1131 2624">
     <span class='ocr_line' id='line_1_41' title="bbox 405 2567 1131 2624; baseline -0.004 0"><span class='ocrx_word' id='word_1_291' title='bbox 405 2569 816 2624; x_wconf 89' lang='lat' dir='ltr'><strong>Adnotationes</strong></span> <span class='ocrx_word' id='word_1_292' title='bbox 842 2567 1131 2622; x_wconf 88' lang='lat' dir='ltr'><strong>alleverat.</strong></span> 
     </span>
    </p>
   </div>
   <div class='ocr_carea' id='block_1_41' title="bbox 472 2653 2104 2727">
    <p class='ocr_par' dir='ltr' id='par_1_41' title="bbox 472 2653 2104 2727">
     <span class='ocr_line' id='line_1_42' title="bbox 472 2653 2104 2727; baseline -0.002 -16"><span class='ocrx_word' id='word_1_293' title='bbox 472 2657 607 2727; x_wconf 89' lang='lat' dir='ltr'><strong>Cap.</strong></span> <span class='ocrx_word' id='word_1_294' title='bbox 646 2659 730 2711; x_wconf 87' lang='lat'><strong>20.</strong></span> <span class='ocrx_word' id='word_1_295' title='bbox 795 2657 1093 2722; x_wconf 80' lang='lat' dir='ltr'><strong>Unicuique</strong></span> <span class='ocrx_word' id='word_1_296' title='bbox 1137 2653 1430 2708; x_wconf 87' lang='lat' dir='ltr'><strong>secundum</strong></span> <span class='ocrx_word' id='word_1_297' title='bbox 1452 2655 1739 2722; x_wconf 83' lang='lat' dir='ltr'><strong>propriam</strong></span> <span class='ocrx_word' id='word_1_298' title='bbox 1774 2654 2104 2708; x_wconf 87' lang='lat' dir='ltr'><strong>voluntatem</strong></span> 
     </span>
    </p>
   </div>
   <div class='ocr_carea' id='block_1_42' title="bbox 399 2741 2104 2813">
    <p class='ocr_par' dir='ltr' id='par_1_42' title="bbox 399 2741 2104 2813">
     <span class='ocr_line' id='line_1_43' title="bbox 399 2741 2104 2813; baseline -0.002 -13"><span class='ocrx_word' id='word_1_299' title='bbox 399 2748 457 2800; x_wconf 87' lang='lat' dir='ltr'><strong>in</strong></span> <span class='ocrx_word' id='word_1_300' title='bbox 483 2761 570 2800; x_wconf 86' lang='lat' dir='ltr'><strong>ore</strong></span> <span class='ocrx_word' id='word_1_301' title='bbox 598 2743 862 2813; x_wconf 88' lang='lat' dir='ltr'><strong>sapiebat.</strong></span> <span class='ocrx_word' id='word_1_302' title='bbox 871 2743 888 2811; x_wconf 80' lang='lat' dir='ltr'>J</span> <span class='ocrx_word' id='word_1_303' title='bbox 913 2743 1082 2797; x_wconf 83' lang='lat' dir='ltr'><strong>Recte</strong></span> <span class='ocrx_word' id='word_1_304' title='bbox 1116 2742 1350 2812; x_wconf 91' lang='lat' dir='ltr'><strong>quidem</strong></span> <span class='ocrx_word' id='word_1_305' title='bbox 1392 2741 1528 2795; x_wconf 90' lang='lat' dir='ltr'><strong>fecit</strong></span> <span class='ocrx_word' id='word_1_306' title='bbox 1566 2741 1939 2812; x_wconf 87' lang='lat' dir='ltr'><strong>Augustinus,</strong></span> <span class='ocrx_word' id='word_1_307' title='bbox 1974 2758 2104 2796; x_wconf 90' lang='lat' dir='ltr'><strong>cum</strong></span> 
     </span>
    </p>
   </div>
   <div class='ocr_carea' id='block_1_43' title="bbox 398 2829 2105 2898">
    <p class='ocr_par' dir='ltr' id='par_1_43' title="bbox 398 2829 2105 2898">
     <span class='ocr_line' id='line_1_44' title="bbox 398 2829 2105 2898; baseline -0.003 -9"><span class='ocrx_word' id='word_1_308' title='bbox 398 2850 524 2889; x_wconf 89' lang='lat' dir='ltr'><strong>rem</strong></span> <span class='ocrx_word' id='word_1_309' title='bbox 575 2831 1016 2886; x_wconf 90' lang='lat' dir='ltr'><strong>incertissimam</strong></span> <span class='ocrx_word' id='word_1_310' title='bbox 1055 2829 1427 2898; x_wconf 77' lang='lat' dir='ltr'><strong>retractavit;</strong></span> <span class='ocrx_word' id='word_1_311' title='bbox 1462 2829 1561 2884; x_wconf 89' lang='lat' dir='ltr'><strong>sed</strong></span> <span class='ocrx_word' id='word_1_312' title='bbox 1606 2833 1800 2883; x_wconf 88' lang='lat' dir='ltr'><strong>tamen</strong></span> <span class='ocrx_word' id='word_1_313' title='bbox 1845 2829 1967 2884; x_wconf 72' lang='lat' dir='ltr'><strong>haec</strong></span> <span class='ocrx_word' id='word_1_314' title='bbox 1996 2830 2105 2885; x_wconf 91' lang='lat' dir='ltr'><strong>fuit</strong></span> 
     </span>
    </p>
   </div>
   <div class='ocr_carea' id='block_1_44' title="bbox 396 2917 2102 2990">
    <p class='ocr_par' dir='ltr' id='par_1_44' title="bbox 396 2917 2102 2990">
     <span class='ocr_line' id='line_1_45' title="bbox 396 2917 2102 2990; baseline -0.003 -13"><span class='ocrx_word' id='word_1_315' title='bbox 396 2923 725 2977; x_wconf 70' lang='lat' dir='ltr'><strong>Judaaorum</strong></span> <span class='ocrx_word' id='word_1_316' title='bbox 774 2919 1026 2990; x_wconf 86' lang='lat' dir='ltr'><strong>vulgaris</strong></span> <span class='ocrx_word' id='word_1_317' title='bbox 1083 2919 1299 2988; x_wconf 92' lang='lat' dir='ltr'><strong>opinio,</strong></span> <span class='ocrx_word' id='word_1_318' title='bbox 1343 2922 1408 2972; x_wconf 90' lang='lat' dir='ltr'><strong>ut</strong></span> <span class='ocrx_word' id='word_1_319' title='bbox 1437 2917 1632 2972; x_wconf 91' lang='lat' dir='ltr'><strong>multis</strong></span> <span class='ocrx_word' id='word_1_320' title='bbox 1688 2934 1889 2972; x_wconf 90' lang='lat' dir='ltr'><strong>eorum</strong></span> <span class='ocrx_word' id='word_1_321' title='bbox 1937 2918 2102 2973; x_wconf 89' lang='lat' dir='ltr'><strong>testi-</strong></span> 
     </span>
    </p>
   </div>
   <div class='ocr_carea' id='block_1_45' title="bbox 2293 1788 3875 1860">
    <p class='ocr_par' dir='ltr' id='par_1_45' title="bbox 2293 1788 3875 1860">
     <span class='ocr_line' id='line_1_46' title="bbox 2293 1788 3875 1860; baseline -0.001 -16"><span class='ocrx_word' id='word_1_322' title='bbox 2293 1791 2427 1860; x_wconf 88' lang='lat' dir='ltr'><strong>Cap.</strong></span> <span class='ocrx_word' id='word_1_323' title='bbox 2486 1791 2539 1843; x_wconf 78' lang='grc'><strong>4.</strong></span> <span class='ocrx_word' id='word_1_324' title='bbox 2601 1790 2830 1844; x_wconf 82' lang='lat' dir='ltr'><strong>Stabilis</strong></span> <span class='ocrx_word' id='word_1_325' title='bbox 2870 1795 2918 1843; x_wconf 88' lang='lat' dir='ltr'><strong>et</strong></span> <span class='ocrx_word' id='word_1_326' title='bbox 2965 1788 3567 1858; x_wconf 88' lang='lat' dir='ltr'><strong>incomprehensibilis.]</strong></span> <span class='ocrx_word' id='word_1_327' title='bbox 3617 1788 3747 1843; x_wconf 88' lang='lat' dir='ltr'><strong>Sunt</strong></span> <span class='ocrx_word' id='word_1_328' title='bbox 3809 1789 3875 1842; x_wconf 92' lang='lat' dir='ltr'><strong>in-</strong></span> 
     </span>
    </p>
   </div>
   <div class='ocr_carea' id='block_1_46' title="bbox 2219 1873 3874 1944">
    <p class='ocr_par' dir='ltr' id='par_1_46' title="bbox 2219 1873 3874 1944">
     <span class='ocr_line' id='line_1_47' title="bbox 2219 1873 3874 1944; baseline -0.001 -16"><span class='ocrx_word' id='word_1_329' title='bbox 2219 1873 2760 1944; x_wconf 87' lang='lat' dir='ltr'><strong>comprehensibilia</strong></span> <span class='ocrx_word' id='word_1_330' title='bbox 2797 1874 3098 1942; x_wconf 89' lang='lat' dir='ltr'><strong>nonnulla,</strong></span> <span class='ocrx_word' id='word_1_331' title='bbox 3149 1877 3392 1944; x_wconf 89' lang='lat' dir='ltr'><strong>propter</strong></span> <span class='ocrx_word' id='word_1_332' title='bbox 3418 1889 3694 1928; x_wconf 86' lang='lat' dir='ltr'><strong>summam</strong></span> <span class='ocrx_word' id='word_1_333' title='bbox 3730 1873 3874 1926; x_wconf 83' lang='lat' dir='ltr'><strong>insta-</strong></span> 
     </span>
    </p>
   </div>
   <div class='ocr_carea' id='block_1_47' title="bbox 2219 1961 3875 2032">
    <p class='ocr_par' dir='ltr' id='par_1_47' title="bbox 2219 1961 3875 2032">
     <span class='ocr_line' id='line_1_48' title="bbox 2219 1961 3875 2032; baseline -0.001 -16"><span class='ocrx_word' id='word_1_334' title='bbox 2219 1963 2517 2029; x_wconf 90' lang='lat' dir='ltr'><strong>bilitatem,</strong></span> <span class='ocrx_word' id='word_1_335' title='bbox 2550 1965 2615 2016; x_wconf 86' lang='lat' dir='ltr'><strong>ut</strong></span> <span class='ocrx_word' id='word_1_336' title='bbox 2644 1961 2798 2016; x_wconf 83' lang='lat' dir='ltr'><strong>venti</strong></span> <span class='ocrx_word' id='word_1_337' title='bbox 2828 1961 3148 2030; x_wconf 89' lang='lat' dir='ltr'><strong>variabiles,</strong></span> <span class='ocrx_word' id='word_1_338' title='bbox 3171 1977 3426 2032; x_wconf 87' lang='lat' dir='ltr'><strong>quorum</strong></span> <span class='ocrx_word' id='word_1_339' title='bbox 3465 1961 3608 2016; x_wconf 89' lang='lat' dir='ltr'><strong>ratio</strong></span> <span class='ocrx_word' id='word_1_340' title='bbox 3660 1961 3774 2016; x_wconf 92' lang='lat' dir='ltr'><strong>ideo</strong></span> <span class='ocrx_word' id='word_1_341' title='bbox 3800 1961 3875 2015; x_wconf 87' lang='lat' dir='ltr'><strong>in-</strong></span> 
     </span>
    </p>
   </div>
   <div class='ocr_carea' id='block_1_48' title="bbox 2217 2051 3872 2122">
    <p class='ocr_par' dir='ltr' id='par_1_48' title="bbox 2217 2051 3872 2122">
     <span class='ocr_line' id='line_1_49' title="bbox 2217 2051 3872 2122; baseline 0 -18"><span class='ocrx_word' id='word_1_342' title='bbox 2217 2051 2399 2122; x_wconf 91' lang='lat' dir='ltr'><strong>telligi</strong></span> <span class='ocrx_word' id='word_1_343' title='bbox 2425 2067 2541 2105; x_wconf 90' lang='lat' dir='ltr'><strong>non</strong></span> <span class='ocrx_word' id='word_1_344' title='bbox 2579 2055 2801 2121; x_wconf 86' lang='lat' dir='ltr'><strong>potest;</strong></span> <span class='ocrx_word' id='word_1_345' title='bbox 2850 2054 2907 2104; x_wconf 89' lang='lat' dir='ltr'><strong>at</strong></span> <span class='ocrx_word' id='word_1_346' title='bbox 2952 2052 3115 2115; x_wconf 90' lang='lat' dir='ltr'><strong>Deus,</strong></span> <span class='ocrx_word' id='word_1_347' title='bbox 3150 2066 3487 2121; x_wconf 87' lang='lat' dir='ltr'><strong>quanquam</strong></span> <span class='ocrx_word' id='word_1_348' title='bbox 3518 2067 3731 2121; x_wconf 89' lang='lat' dir='ltr'><strong>semper</strong></span> <span class='ocrx_word' id='word_1_349' title='bbox 3751 2051 3872 2104; x_wconf 88' lang='lat' dir='ltr'><strong>idem</strong></span> 
     </span>
    </p>
   </div>
   <div class='ocr_carea' id='block_1_49' title="bbox 2217 2138 3870 2211">
    <p class='ocr_par' dir='ltr' id='par_1_49' title="bbox 2217 2138 3870 2211">
     <span class='ocr_line' id='line_1_50' title="bbox 2217 2138 3870 2211; baseline -0.002 -17"><span class='ocrx_word' id='word_1_350' title='bbox 2217 2145 2303 2194; x_wconf 92' lang='lat' dir='ltr'><strong>est</strong></span> <span class='ocrx_word' id='word_1_351' title='bbox 2341 2144 2396 2194; x_wconf 91' lang='lat' dir='ltr'><strong>et</strong></span> <span class='ocrx_word' id='word_1_352' title='bbox 2425 2139 2640 2211; x_wconf 88' lang='lat' dir='ltr'><strong>absque</strong></span> <span class='ocrx_word' id='word_1_353' title='bbox 2673 2139 2788 2194; x_wconf 91' lang='lat' dir='ltr'><strong>ulla</strong></span> <span class='ocrx_word' id='word_1_354' title='bbox 2839 2139 3177 2193; x_wconf 88' lang='lat' dir='ltr'><strong>mutationis</strong></span> <span class='ocrx_word' id='word_1_355' title='bbox 3217 2138 3677 2206; x_wconf 87' lang='lat' dir='ltr'><strong>obumbratione,</strong></span> <span class='ocrx_word' id='word_1_356' title='bbox 3724 2139 3870 2192; x_wconf 89' lang='lat' dir='ltr'><strong>nihilo</strong></span> 
     </span>
    </p>
   </div>
   <div class='ocr_carea' id='block_1_50' title="bbox 2216 2225 3883 2300">
    <p class='ocr_par' dir='ltr' id='par_1_50' title="bbox 2216 2225 3883 2300">
     <span class='ocr_line' id='line_1_51' title="bbox 2216 2225 3883 2300; baseline -0.002 -17"><span class='ocrx_word' id='word_1_357' title='bbox 2216 2229 2399 2300; x_wconf 91' lang='lat' dir='ltr'><strong>magis</strong></span> <span class='ocrx_word' id='word_1_358' title='bbox 2428 2228 2840 2299; x_wconf 88' lang='lat' dir='ltr'><strong>comprehendi</strong></span> <span class='ocrx_word' id='word_1_359' title='bbox 2870 2233 3078 2298; x_wconf 90' lang='lat' dir='ltr'><strong>potest.</strong></span> <span class='ocrx_word' id='word_1_360' title='bbox 3115 2228 3245 2282; x_wconf 91' lang='lat' dir='ltr'><strong>Ideo</strong></span> <span class='ocrx_word' id='word_1_361' title='bbox 3269 2228 3624 2298; x_wconf 86' lang='lat' dir='ltr'><strong>Augustinus</strong></span> <span class='ocrx_word' id='word_1_362' title='bbox 3652 2244 3766 2282; x_wconf 91' lang='lat' dir='ltr'><strong>cum</strong></span> <span class='ocrx_word' id='word_1_363' title='bbox 3799 2225 3883 2280; x_wconf 72' lang='lat' dir='ltr'><strong>in-&#39;</strong></span> 
     </span>
    </p>
   </div>
   <div class='ocr_carea' id='block_1_51' title="bbox 2213 2317 3430 2388">
    <p class='ocr_par' dir='ltr' id='par_1_51' title="bbox 2213 2317 3430 2388">
     <span class='ocr_line' id='line_1_52' title="bbox 2213 2317 3430 2388; baseline 0 -16"><span class='ocrx_word' id='word_1_364' title='bbox 2213 2318 2680 2387; x_wconf 87' lang='lat' dir='ltr'><strong>comprehensibili</strong></span> <span class='ocrx_word' id='word_1_365' title='bbox 2717 2317 2808 2372; x_wconf 89' lang='lat' dir='ltr'><strong>hic</strong></span> <span class='ocrx_word' id='word_1_366' title='bbox 2844 2317 3089 2372; x_wconf 74' lang='lat' dir='ltr'><strong>stabilem</strong></span> <span class='ocrx_word' id='word_1_367' title='bbox 3108 2317 3430 2388; x_wconf 87' lang='lat' dir='ltr'><strong>conjungit.</strong></span> 
     </span>
    </p>
   </div>
   <div class='ocr_carea' id='block_1_52' title="bbox 2285 2401 3867 2476">
    <p class='ocr_par' dir='ltr' id='par_1_52' title="bbox 2285 2401 3867 2476">
     <span class='ocr_line' id='line_1_53' title="bbox 2285 2401 3867 2476; baseline -0.003 -17"><span class='ocrx_word' id='word_1_368' title='bbox 2285 2405 2426 2476; x_wconf 86' lang='lat' dir='ltr'><strong>Cap.</strong></span> <span class='ocrx_word' id='word_1_369' title='bbox 2468 2409 2518 2472; x_wconf 86' lang='lat'><strong>5,</strong></span> <span class='ocrx_word' id='word_1_370' title='bbox 2566 2407 2592 2471; x_wconf 83' lang='lat'>§</span> <span class='ocrx_word' id='word_1_371' title='bbox 2644 2408 2696 2459; x_wconf 82' lang='lat'><strong>5.</strong></span> <span class='ocrx_word' id='word_1_372' title='bbox 2737 2406 2958 2471; x_wconf 78' lang='lat' dir='ltr'><strong>Moriar,</strong></span> <span class='ocrx_word' id='word_1_373' title='bbox 3003 2420 3065 2458; x_wconf 87' lang='lat' dir='ltr'><strong>ne</strong></span> <span class='ocrx_word' id='word_1_374' title='bbox 3112 2407 3336 2472; x_wconf 88' lang='lat' dir='ltr'><strong>moriar,</strong></span> <span class='ocrx_word' id='word_1_375' title='bbox 3395 2410 3456 2458; x_wconf 91' lang='lat' dir='ltr'><strong>ut</strong></span> <span class='ocrx_word' id='word_1_376' title='bbox 3501 2419 3611 2458; x_wconf 89' lang='lat' dir='ltr'><strong>eam</strong></span> <span class='ocrx_word' id='word_1_377' title='bbox 3653 2401 3867 2469; x_wconf 68' lang='lat' dir='ltr'><strong>videam]</strong></span> 
     </span>
    </p>
   </div>
   <div class='ocr_carea' id='block_1_53' title="bbox 2215 2491 3866 2564">
    <p class='ocr_par' dir='ltr' id='par_1_53' title="bbox 2215 2491 3866 2564">
     <span class='ocr_line' id='line_1_54' title="bbox 2215 2491 3866 2564; baseline -0.004 -16"><span class='ocrx_word' id='word_1_378' title='bbox 2215 2493 2340 2548; x_wconf 92' lang='lat' dir='ltr'><strong>Scio</strong></span> <span class='ocrx_word' id='word_1_379' title='bbox 2370 2493 2460 2548; x_wconf 91' lang='lat' dir='ltr'><strong>hic</strong></span> <span class='ocrx_word' id='word_1_380' title='bbox 2487 2510 2650 2564; x_wconf 90' lang='lat' dir='ltr'><strong>posse</strong></span> <span class='ocrx_word' id='word_1_381' title='bbox 2690 2493 2872 2564; x_wconf 65' lang='lat' dir='ltr'><strong>quaeri</strong></span> <span class='ocrx_word' id='word_1_382' title='bbox 2902 2492 3169 2556; x_wconf 80' lang='grc' dir='ltr'>ὀξύμωρον,</span> <span class='ocrx_word' id='word_1_383' title='bbox 3196 2494 3371 2564; x_wconf 88' lang='lat' dir='ltr'><strong>quale</strong></span> <span class='ocrx_word' id='word_1_384' title='bbox 3413 2496 3500 2547; x_wconf 92' lang='lat' dir='ltr'><strong>est</strong></span> <span class='ocrx_word' id='word_1_385' title='bbox 3552 2492 3683 2546; x_wconf 92' lang='lat' dir='ltr'><strong>illud</strong></span> <span class='ocrx_word' id='word_1_386' title='bbox 3725 2491 3866 2544; x_wconf 88' lang='lat' dir='ltr'><strong>animi</strong></span> 
     </span>
    </p>
   </div>
   <div class='ocr_carea' id='block_1_54' title="bbox 2214 2581 3864 2649">
    <p class='ocr_par' dir='ltr' id='par_1_54' title="bbox 2214 2581 3864 2649">
     <span class='ocr_line' id='line_1_55' title="bbox 2214 2581 3864 2649; baseline -0.002 -13"><span class='ocrx_word' id='word_1_387' title='bbox 2214 2582 2628 2636; x_wconf 89' lang='lat' dir='ltr'><strong>beatitudinem</strong></span> <span class='ocrx_word' id='word_1_388' title='bbox 2657 2581 2899 2636; x_wconf 88' lang='lat' dir='ltr'><strong>sitientis</strong></span> <span class='ocrx_word' id='word_1_389' title='bbox 2925 2598 2936 2635; x_wconf 93' lang='lat'>:</span> <span class='ocrx_word' id='word_1_390' title='bbox 2961 2584 3177 2648; x_wconf 89' lang='lat' dir='ltr'><strong>morior,</strong></span> <span class='ocrx_word' id='word_1_391' title='bbox 3203 2584 3336 2649; x_wconf 85' lang='lat' dir='ltr'><strong>quia</strong></span> <span class='ocrx_word' id='word_1_392' title='bbox 3371 2596 3476 2635; x_wconf 90' lang='lat' dir='ltr'><strong>non</strong></span> <span class='ocrx_word' id='word_1_393' title='bbox 3504 2583 3725 2645; x_wconf 87' lang='lat' dir='ltr'><strong>morior;</strong></span> <span class='ocrx_word' id='word_1_394' title='bbox 3753 2583 3864 2633; x_wconf 86' lang='lat' dir='ltr'><strong>atta-</strong></span> 
     </span>
    </p>
   </div>
   <div class='ocr_carea' id='block_1_55' title="bbox 2213 2667 3865 2742">
    <p class='ocr_par' dir='ltr' id='par_1_55' title="bbox 2213 2667 3865 2742">
     <span class='ocr_line' id='line_1_56' title="bbox 2213 2667 3865 2742; baseline -0.003 -18"><span class='ocrx_word' id='word_1_395' title='bbox 2213 2687 2346 2725; x_wconf 90' lang='lat' dir='ltr'><strong>men</strong></span> <span class='ocrx_word' id='word_1_396' title='bbox 2411 2670 2731 2742; x_wconf 90' lang='lat' dir='ltr'><strong>suspicarer</strong></span> <span class='ocrx_word' id='word_1_397' title='bbox 2788 2670 2867 2724; x_wconf 90' lang='lat' dir='ltr'><strong>sic</strong></span> <span class='ocrx_word' id='word_1_398' title='bbox 2921 2671 3108 2723; x_wconf 91' lang='lat' dir='ltr'><strong>locum</strong></span> <span class='ocrx_word' id='word_1_399' title='bbox 3167 2670 3726 2740; x_wconf 88' lang='lat' dir='ltr'><strong>interpungendum:</strong></span> <span class='ocrx_word' id='word_1_400' title='bbox 3765 2667 3865 2722; x_wconf 78' lang='lat' dir='ltr'><strong>Noli</strong></span> 
     </span>
    </p>
   </div>
   <div class='ocr_carea' id='block_1_56' title="bbox 2213 2759 3861 2824">
    <p class='ocr_par' dir='ltr' id='par_1_56' title="bbox 2213 2759 3861 2824">
     <span class='ocr_line' id='line_1_57' title="bbox 2213 2759 3861 2824; baseline -0.003 -11"><span class='ocrx_word' id='word_1_401' title='bbox 2213 2759 2535 2813; x_wconf 84' lang='lat' dir='ltr'><strong>abscondere</strong></span> <span class='ocrx_word' id='word_1_402' title='bbox 2564 2774 2598 2812; x_wconf 92' lang='lat' dir='ltr'><strong>a</strong></span> <span class='ocrx_word' id='word_1_403' title='bbox 2639 2775 2720 2812; x_wconf 90' lang='lat' dir='ltr'><strong>me</strong></span> <span class='ocrx_word' id='word_1_404' title='bbox 2775 2760 2972 2824; x_wconf 79' lang='lat' dir='ltr'><strong>faciem</strong></span> <span class='ocrx_word' id='word_1_405' title='bbox 3026 2764 3195 2813; x_wconf 87' lang='lat' dir='ltr'><strong>tuam.</strong></span> <span class='ocrx_word' id='word_1_406' title='bbox 3253 2761 3576 2813; x_wconf 84' lang='lat' dir='ltr'><strong>Moriarne?</strong></span> <span class='ocrx_word' id='word_1_407' title='bbox 3620 2760 3800 2812; x_wconf 87' lang='lat' dir='ltr'><strong>moriar</strong></span> <span class='ocrx_word' id='word_1_408' title='bbox 3821 2761 3861 2808; x_wconf 80' lang='lat' dir='ltr'><strong>ut</strong></span> 
     </span>
    </p>
   </div>
   <div class='ocr_carea' id='block_1_57' title="bbox 2213 2845 3860 2917">
    <p class='ocr_par' dir='ltr' id='par_1_57' title="bbox 2213 2845 3860 2917">
     <span class='ocr_line' id='line_1_58' title="bbox 2213 2845 3860 2917; baseline -0.004 -15"><span class='ocrx_word' id='word_1_409' title='bbox 2213 2864 2330 2902; x_wconf 89' lang='lat' dir='ltr'><strong>eam</strong></span> <span class='ocrx_word' id='word_1_410' title='bbox 2358 2847 2589 2902; x_wconf 84' lang='lat' dir='ltr'><strong>videam.</strong></span> <span class='ocrx_word' id='word_1_411' title='bbox 2621 2846 2870 2917; x_wconf 83' lang='lat' dir='ltr'><strong>Respicit</strong></span> <span class='ocrx_word' id='word_1_412' title='bbox 2892 2863 3096 2917; x_wconf 89' lang='lat' dir='ltr'><strong>nempe</strong></span> <span class='ocrx_word' id='word_1_413' title='bbox 3126 2847 3485 2917; x_wconf 82' lang='lat' dir='ltr'><strong>Augustinus</strong></span> <span class='ocrx_word' id='word_1_414' title='bbox 3521 2847 3586 2901; x_wconf 87' lang='lat' dir='ltr'><strong>ad</strong></span> <span class='ocrx_word' id='word_1_415' title='bbox 3615 2845 3860 2900; x_wconf 86' lang='lat' dir='ltr'><strong>historiam</strong></span> 
     </span>
    </p>
   </div>
   <div class='ocr_carea' id='block_1_58' title="bbox 2212 2933 3861 3006">
    <p class='ocr_par' dir='ltr' id='par_1_58' title="bbox 2212 2933 3861 3006">
     <span class='ocr_line' id='line_1_59' title="bbox 2212 2933 3861 3006; baseline -0.001 -20"><span class='ocrx_word' id='word_1_416' title='bbox 2212 2951 2340 3004; x_wconf 69' lang='lat' dir='ltr'><strong>quin</strong></span> <span class='ocrx_word' id='word_1_417' title='bbox 2372 2938 2554 2988; x_wconf 84' lang='lat' dir='ltr'><strong>exstat</strong></span> <span class='ocrx_word' id='word_1_418' title='bbox 2585 2934 2758 2988; x_wconf 82' lang='lat' dir='ltr'><strong>Exod.</strong></span> <span class='ocrx_word' id='word_1_419' title='bbox 2793 2951 2984 2998; x_wconf 79' lang='lat' dir='ltr'><strong>xxxm,</strong></span> <span class='ocrx_word' id='word_1_420' title='bbox 3041 2938 3099 2988; x_wconf 83' lang='grc'>17</span> <span class='ocrx_word' id='word_1_421' title='bbox 3145 2939 3201 2988; x_wconf 91' lang='lat' dir='ltr'><strong>et</strong></span> <span class='ocrx_word' id='word_1_422' title='bbox 3247 2951 3438 3006; x_wconf 85' lang='lat' dir='ltr'><strong>seqq.,</strong></span> <span class='ocrx_word' id='word_1_423' title='bbox 3492 2935 3587 2990; x_wconf 91' lang='lat' dir='ltr'><strong>ubi</strong></span> <span class='ocrx_word' id='word_1_424' title='bbox 3642 2933 3758 2990; x_wconf 80' lang='lat' dir='ltr'><strong>Mosi</strong></span> <span class='ocrx_word' id='word_1_425' title='bbox 3782 2934 3861 3000; x_wconf 73' lang='grc'><strong>910-</strong></span> 
     </span>
    </p>
   </div>
   <div class='ocr_carea' id='block_1_59' title="bbox 395 3007 3856 3092">
    <p class='ocr_par' dir='ltr' id='par_1_59' title="bbox 395 3007 3856 3092">
     <span class='ocr_line' id='line_1_60' title="bbox 395 3007 3856 3092; baseline -0.002 -28"><span class='ocrx_word' id='word_1_426' title='bbox 395 3010 605 3064; x_wconf 88' lang='lat' dir='ltr'><strong>moniis</strong></span> <span class='ocrx_word' id='word_1_427' title='bbox 633 3007 881 3064; x_wconf 88' lang='lat' dir='ltr'><strong>ostendit</strong></span> <span class='ocrx_word' id='word_1_428' title='bbox 907 3009 1067 3062; x_wconf 85' lang='lat' dir='ltr'><strong>Joan.</strong></span> <span class='ocrx_word' id='word_1_429' title='bbox 1093 3007 1432 3073; x_wconf 83' lang='lat' dir='ltr'><strong>Buxtorﬁus,</strong></span> <span class='ocrx_word' id='word_1_430' title='bbox 1489 3007 1551 3060; x_wconf 91' lang='lat' dir='ltr'><strong>in</strong></span> <span class='ocrx_word' id='word_1_431' title='bbox 1583 3007 1994 3062; x_wconf 84' lang='lat' dir='ltr'><strong>Exercitatione</strong></span> <span class='ocrx_word' id='word_1_432' title='bbox 2023 3007 2092 3061; x_wconf 91' lang='lat' dir='ltr'><strong>de</strong></span> <span class='ocrx_word' id='word_1_433' title='bbox 2134 3028 2172 3084; x_wconf 72' lang='grc' dir='ltr'>ο</span> <span class='ocrx_word' id='word_1_434' title='bbox 2204 3026 2348 3077; x_wconf 58' lang='lat' dir='ltr'><strong>riam</strong></span> <span class='ocrx_word' id='word_1_435' title='bbox 2378 3023 2462 3077; x_wconf 66' lang='lat' dir='ltr'><strong>vel</strong></span> <span class='ocrx_word' id='word_1_436' title='bbox 2493 3025 2691 3090; x_wconf 60' lang='lat' dir='ltr'><strong>faciem</strong></span> <span class='ocrx_word' id='word_1_437' title='bbox 2737 3024 2832 3076; x_wconf 60' lang='lat' dir='ltr'><strong>De;</strong></span> <span class='ocrx_word' id='word_1_438' title='bbox 2876 3022 3068 3076; x_wconf 60' lang='lat' dir='ltr'><strong>videre</strong></span> <span class='ocrx_word' id='word_1_439' title='bbox 3117 3023 3378 3092; x_wconf 53' lang='lat' dir='ltr'><strong>cupienti</strong></span> <span class='ocrx_word' id='word_1_440' title='bbox 3430 3025 3534 3078; x_wconf 73' lang='lat' dir='ltr'><strong>hoc</strong></span> <span class='ocrx_word' id='word_1_441' title='bbox 3589 3024 3754 3078; x_wconf 64' lang='lat' dir='ltr'><strong>edim,-</strong></span> <span class='ocrx_word' id='word_1_442' title='bbox 3790 3038 3856 3073; x_wconf 64' lang='lat' dir='ltr'><strong>re.</strong></span> 
     </span>
    </p>
   </div>
   <div class='ocr_carea' id='block_1_60' title="bbox 398 3102 620 3156">
    <p class='ocr_par' dir='ltr' id='par_1_60' title="bbox 398 3102 620 3156">
     <span class='ocr_line' id='line_1_61' title="bbox 398 3102 620 3156; baseline -0.009 0"><span class='ocrx_word' id='word_1_443' title='bbox 398 3102 620 3156; x_wconf 80' lang='lat' dir='ltr'><strong>Manna.</strong></span> 
     </span>
    </p>
   </div>
   <div class='ocr_carea' id='block_1_61' title="bbox 469 3183 2096 3259">
    <p class='ocr_par' dir='ltr' id='par_1_61' title="bbox 469 3183 2096 3259">
     <span class='ocr_line' id='line_1_62' title="bbox 469 3183 2096 3259; baseline -0.002 -16"><span class='ocrx_word' id='word_1_444' title='bbox 469 3191 602 3259; x_wconf 88' lang='lat' dir='ltr'><strong>Cap,</strong></span> <span class='ocrx_word' id='word_1_445' title='bbox 653 3190 738 3242; x_wconf 92' lang='lat'><strong>32.</strong></span> <span class='ocrx_word' id='word_1_446' title='bbox 804 3187 1169 3255; x_wconf 84' lang='lat' dir='ltr'><strong>Porphyrium</strong></span> <span class='ocrx_word' id='word_1_447' title='bbox 1242 3183 1526 3254; x_wconf 83' lang='lat' dir='ltr'><strong>Siculum]</strong></span> <span class='ocrx_word' id='word_1_448' title='bbox 1582 3185 1931 3257; x_wconf 85' lang='lat' dir='ltr'><strong>Porphyrius</strong></span> <span class='ocrx_word' id='word_1_449' title='bbox 1989 3186 2096 3240; x_wconf 83' lang='lat' dir='ltr'><strong>fuit</strong></span> 
     </span>
    </p>
   </div>
   <div class='ocr_carea' id='block_1_62' title="bbox 393 3271 2090 3347">
    <p class='ocr_par' dir='ltr' id='par_1_62' title="bbox 393 3271 2090 3347">
     <span class='ocr_line' id='line_1_63' title="bbox 393 3271 2090 3347; baseline -0.001 -17"><span class='ocrx_word' id='word_1_450' title='bbox 393 3276 613 3347; x_wconf 84' lang='lat' dir='ltr'><strong>Tyrius,</strong></span> <span class='ocrx_word' id='word_1_451' title='bbox 636 3291 753 3328; x_wconf 91' lang='lat' dir='ltr'><strong>non</strong></span> <span class='ocrx_word' id='word_1_452' title='bbox 777 3273 1030 3340; x_wconf 85' lang='lat' dir='ltr'><strong>Siculus;</strong></span> <span class='ocrx_word' id='word_1_453' title='bbox 1067 3272 1165 3326; x_wconf 92' lang='lat' dir='ltr'><strong>sed</strong></span> <span class='ocrx_word' id='word_1_454' title='bbox 1193 3271 1414 3327; x_wconf 92' lang='lat' dir='ltr'><strong>Siculus</strong></span> <span class='ocrx_word' id='word_1_455' title='bbox 1436 3289 1469 3326; x_wconf 87' lang='lat' dir='ltr'><strong>a</strong></span> <span class='ocrx_word' id='word_1_456' title='bbox 1497 3273 1793 3327; x_wconf 90' lang='lat' dir='ltr'><strong>nonnullis</strong></span> <span class='ocrx_word' id='word_1_457' title='bbox 1822 3274 2090 3342; x_wconf 89' lang='lat' dir='ltr'><strong>creditus,</strong></span> 
     </span>
    </p>
   </div>
   <div class='ocr_carea' id='block_1_63' title="bbox 397 3360 2090 3435">
    <p class='ocr_par' dir='ltr' id='par_1_63' title="bbox 397 3360 2090 3435">
     <span class='ocr_line' id='line_1_64' title="bbox 397 3360 2090 3435; baseline -0.001 -17"><span class='ocrx_word' id='word_1_458' title='bbox 397 3365 552 3435; x_wconf 92' lang='lat' dir='ltr'><strong>quod</strong></span> <span class='ocrx_word' id='word_1_459' title='bbox 580 3363 680 3417; x_wconf 80' lang='lat' dir='ltr'><strong>diu</strong></span> <span class='ocrx_word' id='word_1_460' title='bbox 705 3361 909 3416; x_wconf 84' lang='lat' dir='ltr'><strong>vixerit</strong></span> <span class='ocrx_word' id='word_1_461' title='bbox 939 3361 1002 3415; x_wconf 89' lang='lat' dir='ltr'><strong>in</strong></span> <span class='ocrx_word' id='word_1_462' title='bbox 1031 3360 1243 3424; x_wconf 89' lang='lat' dir='ltr'><strong>Sicilia,</strong></span> <span class='ocrx_word' id='word_1_463' title='bbox 1274 3361 1335 3414; x_wconf 91' lang='lat' dir='ltr'><strong>iu</strong></span> <span class='ocrx_word' id='word_1_464' title='bbox 1377 3377 1490 3431; x_wconf 87' lang='lat' dir='ltr'><strong>qua</strong></span> <span class='ocrx_word' id='word_1_465' title='bbox 1519 3360 1693 3415; x_wconf 87' lang='lat' dir='ltr'><strong>etiam</strong></span> <span class='ocrx_word' id='word_1_466' title='bbox 1745 3361 1922 3415; x_wconf 91' lang='lat' dir='ltr'><strong>libros</strong></span> <span class='ocrx_word' id='word_1_467' title='bbox 1954 3378 2090 3416; x_wconf 89' lang='lat' dir='ltr'><strong>con-</strong></span> 
     </span>
    </p>
   </div>
   <div class='ocr_carea' id='block_1_64' title="bbox 393 3448 2091 3521">
    <p class='ocr_par' dir='ltr' id='par_1_64' title="bbox 393 3448 2091 3521">
     <span class='ocr_line' id='line_1_65' title="bbox 393 3448 2091 3521; baseline -0.002 -14"><span class='ocrx_word' id='word_1_468' title='bbox 393 3458 483 3507; x_wconf 89' lang='lat' dir='ltr'><strong>tra</strong></span> <span class='ocrx_word' id='word_1_469' title='bbox 504 3450 842 3521; x_wconf 89' lang='lat' dir='ltr'><strong>religionem</strong></span> <span class='ocrx_word' id='word_1_470' title='bbox 874 3448 1256 3504; x_wconf 85' lang='lat' dir='ltr'><strong>Christianam</strong></span> <span class='ocrx_word' id='word_1_471' title='bbox 1285 3449 1490 3503; x_wconf 91' lang='lat' dir='ltr'><strong>edidit.</strong></span> <span class='ocrx_word' id='word_1_472' title='bbox 1548 3449 1687 3504; x_wconf 89' lang='lat' dir='ltr'><strong>Vide</strong></span> <span class='ocrx_word' id='word_1_473' title='bbox 1722 3451 1927 3504; x_wconf 84' lang='lat' dir='ltr'><strong>Lucam</strong></span> <span class='ocrx_word' id='word_1_474' title='bbox 1960 3452 2091 3505; x_wconf 80' lang='grc' dir='ltr'><strong>Ποι-</strong></span> 
     </span>
    </p>
   </div>
   <div class='ocr_carea' id='block_1_65' title="bbox 395 3537 2092 3610">
    <p class='ocr_par' dir='ltr' id='par_1_65' title="bbox 395 3537 2092 3610">
     <span class='ocr_line' id='line_1_66' title="bbox 395 3537 2092 3610; baseline 0 -16"><span class='ocrx_word' id='word_1_475' title='bbox 395 3539 644 3595; x_wconf 90' lang='lat' dir='ltr'><strong>stenium</strong></span> <span class='ocrx_word' id='word_1_476' title='bbox 676 3539 736 3592; x_wconf 90' lang='lat' dir='ltr'><strong>in</strong></span> <span class='ocrx_word' id='word_1_477' title='bbox 767 3539 888 3610; x_wconf 91' lang='lat' dir='ltr'><strong>ejus</strong></span> <span class='ocrx_word' id='word_1_478' title='bbox 943 3538 1088 3605; x_wconf 87' lang='lat' dir='ltr'><strong>Vita,</strong></span> <span class='ocrx_word' id='word_1_479' title='bbox 1121 3538 1373 3609; x_wconf 90' lang='lat' dir='ltr'><strong>subjecta</strong></span> <span class='ocrx_word' id='word_1_480' title='bbox 1403 3537 1564 3608; x_wconf 88' lang='lat' dir='ltr'><strong>operi</strong></span> <span class='ocrx_word' id='word_1_481' title='bbox 1618 3539 1687 3594; x_wconf 93' lang='lat' dir='ltr'><strong>de</strong></span> <span class='ocrx_word' id='word_1_482' title='bbox 1733 3539 2092 3594; x_wconf 87' lang='lat' dir='ltr'><strong>Abstinentia</strong></span> 
     </span>
    </p>
   </div>
   <div class='ocr_carea' id='block_1_66' title="bbox 394 3628 752 3683">
    <p class='ocr_par' dir='ltr' id='par_1_66' title="bbox 394 3628 752 3683">
     <span class='ocr_line' id='line_1_67' title="bbox 394 3628 752 3683; baseline 0 -1"><span class='ocrx_word' id='word_1_483' title='bbox 394 3628 752 3683; x_wconf 88' lang='lat' dir='ltr'><strong>animalium.</strong></span> 
     </span>
    </p>
   </div>
   <div class='ocr_carea' id='block_1_67' title="bbox 369 3715 2086 3788">
    <p class='ocr_par' dir='ltr' id='par_1_67' title="bbox 369 3715 2086 3788">
     <span class='ocr_line' id='line_1_68' title="bbox 369 3715 2086 3788; baseline -0.003 -12"><span class='ocrx_word' id='word_1_484' title='bbox 369 3771 375 3776; x_wconf 88' lang='lat'><strong>.</strong></span> <span class='ocrx_word' id='word_1_485' title='bbox 465 3717 600 3788; x_wconf 90' lang='lat' dir='ltr'><strong>Cap.</strong></span> <span class='ocrx_word' id='word_1_486' title='bbox 627 3720 716 3772; x_wconf 86' lang='lat'><strong>37.</strong></span> <span class='ocrx_word' id='word_1_487' title='bbox 758 3717 834 3770; x_wconf 84' lang='lat' dir='ltr'><strong>At</strong></span> <span class='ocrx_word' id='word_1_488' title='bbox 873 3715 1103 3770; x_wconf 84' lang='lat' dir='ltr'><strong>carendo</strong></span> <span class='ocrx_word' id='word_1_489' title='bbox 1162 3716 1468 3784; x_wconf 88' lang='lat' dir='ltr'><strong>appellatas</strong></span> <span class='ocrx_word' id='word_1_490' title='bbox 1523 3716 1891 3786; x_wconf 65' lang='lat' dir='ltr'><strong>cerimonias]</strong></span> <span class='ocrx_word' id='word_1_491' title='bbox 1946 3716 2086 3771; x_wconf 55' lang='lat' dir='ltr'><strong>Alia).</strong></span> 
     </span>
    </p>
   </div>
   <div class='ocr_carea' id='block_1_68' title="bbox 396 3803 2089 3876">
    <p class='ocr_par' dir='ltr' id='par_1_68' title="bbox 396 3803 2089 3876">
     <span class='ocr_line' id='line_1_69' title="bbox 396 3803 2089 3876; baseline -0.001 -16"><span class='ocrx_word' id='word_1_492' title='bbox 396 3811 529 3861; x_wconf 93' lang='lat' dir='ltr'><strong>sunt</strong></span> <span class='ocrx_word' id='word_1_493' title='bbox 557 3805 739 3859; x_wconf 91' lang='lat' dir='ltr'><strong>multo</strong></span> <span class='ocrx_word' id='word_1_494' title='bbox 768 3803 1174 3862; x_wconf 84' lang='lat' dir='ltr'><strong>versimiliores</strong></span> <span class='ocrx_word' id='word_1_495' title='bbox 1203 3804 1520 3873; x_wconf 69' lang='lat' dir='ltr'><strong>sententiae,</strong></span> <span class='ocrx_word' id='word_1_496' title='bbox 1555 3805 1624 3858; x_wconf 91' lang='lat' dir='ltr'><strong>de</strong></span> <span class='ocrx_word' id='word_1_497' title='bbox 1647 3805 1871 3875; x_wconf 87' lang='lat' dir='ltr'><strong>origine</strong></span> <span class='ocrx_word' id='word_1_498' title='bbox 1918 3805 2089 3876; x_wconf 91' lang='lat' dir='ltr'><strong>hujus</strong></span> 
     </span>
    </p>
   </div>
   <div class='ocr_carea' id='block_1_69' title="bbox 391 3891 2084 3965">
    <p class='ocr_par' dir='ltr' id='par_1_69' title="bbox 391 3891 2084 3965">
     <span class='ocr_line' id='line_1_70' title="bbox 391 3891 2084 3965; baseline 0.001 -16"><span class='ocrx_word' id='word_1_499' title='bbox 391 3895 561 3963; x_wconf 87' lang='lat' dir='ltr'><strong>vocis,</strong></span> <span class='ocrx_word' id='word_1_500' title='bbox 599 3911 740 3965; x_wconf 91' lang='lat' dir='ltr'><strong>quas</strong></span> <span class='ocrx_word' id='word_1_501' title='bbox 770 3894 958 3963; x_wconf 85' lang='lat' dir='ltr'><strong>legere</strong></span> <span class='ocrx_word' id='word_1_502' title='bbox 987 3897 1074 3946; x_wconf 87' lang='lat' dir='ltr'><strong>est</strong></span> <span class='ocrx_word' id='word_1_503' title='bbox 1128 3891 1190 3945; x_wconf 92' lang='lat' dir='ltr'><strong>in</strong></span> <span class='ocrx_word' id='word_1_504' title='bbox 1246 3893 1653 3963; x_wconf 88' lang='lat' dir='ltr'><strong>Etymologico,</strong></span> <span class='ocrx_word' id='word_1_505' title='bbox 1691 3895 1749 3948; x_wconf 87' lang='lat' dir='ltr'><strong>G.</strong></span> <span class='ocrx_word' id='word_1_506' title='bbox 1802 3895 1850 3948; x_wconf 71' lang='grc' dir='ltr'>Ι.</span> <span class='ocrx_word' id='word_1_507' title='bbox 1886 3894 2084 3950; x_wconf 91' lang='lat' dir='ltr'><strong>Vossii.</strong></span> 
     </span>
    </p>
   </div>
   <div class='ocr_carea' id='block_1_70' title="bbox 391 3980 2090 4054">
    <p class='ocr_par' dir='ltr' id='par_1_70' title="bbox 391 3980 2090 4054">
     <span class='ocr_line' id='line_1_71' title="bbox 391 3980 2090 4054; baseline -0.002 -14"><span class='ocrx_word' id='word_1_508' title='bbox 391 3983 500 4040; x_wconf 90' lang='lat' dir='ltr'><strong>Sed</strong></span> <span class='ocrx_word' id='word_1_509' title='bbox 531 3996 889 4054; x_wconf 66' lang='lat' dir='ltr'><strong>quaecunque</strong></span> <span class='ocrx_word' id='word_1_510' title='bbox 917 3980 990 4036; x_wconf 88' lang='lat' dir='ltr'><strong>sit</strong></span> <span class='ocrx_word' id='word_1_511' title='bbox 1044 3981 1167 4052; x_wconf 87' lang='lat' dir='ltr'><strong>ejus</strong></span> <span class='ocrx_word' id='word_1_512' title='bbox 1223 3981 1406 4052; x_wconf 89' lang='lat' dir='ltr'><strong>origo,</strong></span> <span class='ocrx_word' id='word_1_513' title='bbox 1467 3981 1680 4037; x_wconf 88' lang='lat' dir='ltr'><strong>mirum</strong></span> <span class='ocrx_word' id='word_1_514' title='bbox 1710 3986 1793 4036; x_wconf 91' lang='lat' dir='ltr'><strong>est</strong></span> <span class='ocrx_word' id='word_1_515' title='bbox 1829 3982 2090 4052; x_wconf 85' lang='lat' dir='ltr'><strong>Augusti-</strong></span> 
     </span>
    </p>
   </div>
   <div class='ocr_carea' id='block_1_71' title="bbox 391 4069 2089 4140">
    <p class='ocr_par' dir='ltr' id='par_1_71' title="bbox 391 4069 2089 4140">
     <span class='ocr_line' id='line_1_72' title="bbox 391 4069 2089 4140; baseline -0.002 -12"><span class='ocrx_word' id='word_1_516' title='bbox 391 4089 536 4128; x_wconf 86' lang='lat' dir='ltr'><strong>num</strong></span> <span class='ocrx_word' id='word_1_517' title='bbox 565 4073 634 4126; x_wconf 89' lang='lat' dir='ltr'><strong>ab</strong></span> <span class='ocrx_word' id='word_1_518' title='bbox 659 4087 726 4126; x_wconf 90' lang='lat' dir='ltr'><strong>ea</strong></span> <span class='ocrx_word' id='word_1_519' title='bbox 755 4069 1098 4125; x_wconf 89' lang='lat' dir='ltr'><strong>abstinuisse</strong></span> <span class='ocrx_word' id='word_1_520' title='bbox 1129 4070 1395 4136; x_wconf 83' lang='lat' dir='ltr'><strong>voluisse,</strong></span> <span class='ocrx_word' id='word_1_521' title='bbox 1445 4071 1590 4140; x_wconf 85' lang='lat' dir='ltr'><strong>quod</strong></span> <span class='ocrx_word' id='word_1_522' title='bbox 1619 4087 1723 4125; x_wconf 86' lang='lat' dir='ltr'><strong>non</strong></span> <span class='ocrx_word' id='word_1_523' title='bbox 1761 4073 1834 4125; x_wconf 91' lang='lat' dir='ltr'><strong>sit</strong></span> <span class='ocrx_word' id='word_1_524' title='bbox 1881 4073 1939 4124; x_wconf 88' lang='lat' dir='ltr'><strong>in</strong></span> <span class='ocrx_word' id='word_1_525' title='bbox 1986 4086 2089 4126; x_wconf 84' lang='lat' dir='ltr'><strong>usu</strong></span> 
     </span>
    </p>
   </div>
   <div class='ocr_carea' id='block_1_72' title="bbox 390 4159 2089 4229">
    <p class='ocr_par' dir='ltr' id='par_1_72' title="bbox 390 4159 2089 4229">
     <span class='ocr_line' id='line_1_73' title="bbox 390 4159 2089 4229; baseline -0.002 -12"><span class='ocrx_word' id='word_1_526' title='bbox 390 4165 721 4218; x_wconf 87' lang='lat' dir='ltr'><strong>Litterarum</strong></span> <span class='ocrx_word' id='word_1_527' title='bbox 766 4165 1098 4225; x_wconf 87' lang='lat' dir='ltr'><strong>sanctarum,</strong></span> <span class='ocrx_word' id='word_1_528' title='bbox 1162 4160 1271 4214; x_wconf 92' lang='lat' dir='ltr'><strong>hoc</strong></span> <span class='ocrx_word' id='word_1_529' title='bbox 1323 4164 1410 4213; x_wconf 91' lang='lat' dir='ltr'><strong>est</strong></span> <span class='ocrx_word' id='word_1_530' title='bbox 1461 4159 1948 4229; x_wconf 88' lang='lat' dir='ltr'><strong>interpretationis</strong></span> <span class='ocrx_word' id='word_1_531' title='bbox 1991 4161 2089 4214; x_wconf 89' lang='lat' dir='ltr'><strong>La-</strong></span> 
     </span>
    </p>
   </div>
   <div class='ocr_carea' id='block_1_73' title="bbox 389 4248 2084 4319">
    <p class='ocr_par' dir='ltr' id='par_1_73' title="bbox 389 4248 2084 4319">
     <span class='ocr_line' id='line_1_74' title="bbox 389 4248 2084 4319; baseline -0.002 -14"><span class='ocrx_word' id='word_1_532' title='bbox 389 4251 528 4305; x_wconf 59' lang='lat' dir='ltr'><strong>tinas</strong></span> <span class='ocrx_word' id='word_1_533' title='bbox 557 4249 898 4319; x_wconf 58' lang='lat' dir='ltr'><strong>Scriptura;</strong></span> <span class='ocrx_word' id='word_1_534' title='bbox 931 4253 1071 4319; x_wconf 91' lang='lat' dir='ltr'><strong>quot</strong></span> <span class='ocrx_word' id='word_1_535' title='bbox 1092 4248 1245 4302; x_wconf 92' lang='lat' dir='ltr'><strong>enim</strong></span> <span class='ocrx_word' id='word_1_536' title='bbox 1286 4249 1413 4302; x_wconf 71' lang='lat' dir='ltr'><strong>aliae</strong></span> <span class='ocrx_word' id='word_1_537' title='bbox 1434 4264 1594 4302; x_wconf 89' lang='lat' dir='ltr'><strong>voces</strong></span> <span class='ocrx_word' id='word_1_538' title='bbox 1627 4249 1688 4302; x_wconf 90' lang='lat' dir='ltr'><strong>in</strong></span> <span class='ocrx_word' id='word_1_539' title='bbox 1719 4265 1785 4302; x_wconf 88' lang='lat' dir='ltr'><strong>ea</strong></span> <span class='ocrx_word' id='word_1_540' title='bbox 1839 4264 1952 4302; x_wconf 91' lang='lat' dir='ltr'><strong>non</strong></span> <span class='ocrx_word' id='word_1_541' title='bbox 1984 4264 2084 4302; x_wconf 86' lang='lat' dir='ltr'><strong>ex-</strong></span> 
     </span>
    </p>
   </div>
   <div class='ocr_carea' id='block_1_74' title="bbox 2207 3111 3856 3183">
    <p class='ocr_par' dir='ltr' id='par_1_74' title="bbox 2207 3111 3856 3183">
     <span class='ocr_line' id='line_1_75' title="bbox 2207 3111 3856 3183; baseline -0.003 -18"><span class='ocrx_word' id='word_1_542' title='bbox 2207 3127 2511 3183; x_wconf 90' lang='lat' dir='ltr'><strong>sponsum:</strong></span> <span class='ocrx_word' id='word_1_543' title='bbox 2583 3113 2702 3168; x_wconf 86' lang='lat' dir='ltr'><strong>Non</strong></span> <span class='ocrx_word' id='word_1_544' title='bbox 2759 3113 2964 3180; x_wconf 84' lang='lat' dir='ltr'><strong>poteris</strong></span> <span class='ocrx_word' id='word_1_545' title='bbox 3030 3111 3211 3165; x_wconf 86' lang='lat' dir='ltr'><strong>videre</strong></span> <span class='ocrx_word' id='word_1_546' title='bbox 3275 3114 3479 3178; x_wconf 82' lang='lat' dir='ltr'><strong>faciem</strong></span> <span class='ocrx_word' id='word_1_547' title='bbox 3543 3128 3717 3178; x_wconf 89' lang='lat' dir='ltr'><strong>meam,</strong></span> <span class='ocrx_word' id='word_1_548' title='bbox 3773 3124 3856 3162; x_wconf 87' lang='lat' dir='ltr'><strong>non</strong></span> 
     </span>
    </p>
   </div>
   <div class='ocr_carea' id='block_1_75' title="bbox 2205 3199 3858 3273">
    <p class='ocr_par' dir='ltr' id='par_1_75' title="bbox 2205 3199 3858 3273">
     <span class='ocr_line' id='line_1_76' title="bbox 2205 3199 3858 3273; baseline -0.003 -19"><span class='ocrx_word' id='word_1_549' title='bbox 2205 3203 2345 3254; x_wconf 89' lang='lat' dir='ltr'><strong>enim</strong></span> <span class='ocrx_word' id='word_1_550' title='bbox 2374 3200 2577 3254; x_wconf 85' lang='lat' dir='ltr'><strong>videbit</strong></span> <span class='ocrx_word' id='word_1_551' title='bbox 2605 3216 2686 3253; x_wconf 90' lang='lat' dir='ltr'><strong>me</strong></span> <span class='ocrx_word' id='word_1_552' title='bbox 2714 3201 2865 3254; x_wconf 89' lang='lat' dir='ltr'><strong>homo</strong></span> <span class='ocrx_word' id='word_1_553' title='bbox 2894 3205 2944 3254; x_wconf 89' lang='lat' dir='ltr'><strong>et</strong></span> <span class='ocrx_word' id='word_1_554' title='bbox 2971 3202 3132 3254; x_wconf 80' lang='lat' dir='ltr'><strong>vivet.</strong></span> <span class='ocrx_word' id='word_1_555' title='bbox 3169 3201 3357 3271; x_wconf 79' lang='lat' dir='ltr'><strong>Igitur</strong></span> <span class='ocrx_word' id='word_1_556' title='bbox 3388 3206 3675 3273; x_wconf 87' lang='lat' dir='ltr'><strong>postquam</strong></span> <span class='ocrx_word' id='word_1_557' title='bbox 3696 3216 3724 3253; x_wconf 89' lang='lat' dir='ltr'><strong>a</strong></span> <span class='ocrx_word' id='word_1_558' title='bbox 3770 3199 3858 3251; x_wconf 82' lang='lat' dir='ltr'><strong>Deo</strong></span> 
     </span>
    </p>
   </div>
   <div class='ocr_carea' id='block_1_76' title="bbox 2203 3285 3855 3359">
    <p class='ocr_par' dir='ltr' id='par_1_76' title="bbox 2203 3285 3855 3359">
     <span class='ocr_line' id='line_1_77' title="bbox 2203 3285 3855 3359; baseline -0.004 -16"><span class='ocrx_word' id='word_1_559' title='bbox 2203 3288 2368 3359; x_wconf 89' lang='lat' dir='ltr'><strong>petiit</strong></span> <span class='ocrx_word' id='word_1_560' title='bbox 2398 3304 2467 3342; x_wconf 93' lang='lat' dir='ltr'><strong>ne</strong></span> <span class='ocrx_word' id='word_1_561' title='bbox 2494 3288 2801 3342; x_wconf 88' lang='lat' dir='ltr'><strong>abscondat</strong></span> <span class='ocrx_word' id='word_1_562' title='bbox 2830 3287 2937 3342; x_wconf 90' lang='lat' dir='ltr'><strong>sibi</strong></span> <span class='ocrx_word' id='word_1_563' title='bbox 2965 3287 3167 3342; x_wconf 89' lang='lat' dir='ltr'><strong>faciem</strong></span> <span class='ocrx_word' id='word_1_564' title='bbox 3209 3305 3405 3359; x_wconf 88' lang='lat' dir='ltr'><strong>suam,</strong></span> <span class='ocrx_word' id='word_1_565' title='bbox 3452 3291 3596 3343; x_wconf 90' lang='lat' dir='ltr'><strong>illico</strong></span> <span class='ocrx_word' id='word_1_566' title='bbox 3651 3285 3855 3357; x_wconf 89' lang='lat' dir='ltr'><strong>subjicit,</strong></span> 
     </span>
    </p>
   </div>
   <div class='ocr_carea' id='block_1_77' title="bbox 2201 3374 3856 3448">
    <p class='ocr_par' dir='ltr' id='par_1_77' title="bbox 2201 3374 3856 3448">
     <span class='ocr_line' id='line_1_78' title="bbox 2201 3374 3856 3448; baseline -0.004 -18"><span class='ocrx_word' id='word_1_567' title='bbox 2201 3379 2518 3430; x_wconf 82' lang='lat' dir='ltr'><strong>moriarne?</strong></span> <span class='ocrx_word' id='word_1_568' title='bbox 2547 3375 2614 3441; x_wconf 90' lang='lat' dir='ltr'><strong>si,</strong></span> <span class='ocrx_word' id='word_1_569' title='bbox 2638 3374 2938 3442; x_wconf 89' lang='lat' dir='ltr'><strong>nimirum,</strong></span> <span class='ocrx_word' id='word_1_570' title='bbox 2967 3391 3095 3429; x_wconf 90' lang='lat' dir='ltr'><strong>eam</strong></span> <span class='ocrx_word' id='word_1_571' title='bbox 3123 3375 3392 3445; x_wconf 84' lang='lat' dir='ltr'><strong>videam;</strong></span> <span class='ocrx_word' id='word_1_572' title='bbox 3428 3391 3654 3448; x_wconf 89' lang='lat' dir='ltr'><strong>remque</strong></span> <span class='ocrx_word' id='word_1_573' title='bbox 3703 3387 3856 3428; x_wconf 88' lang='lat' dir='ltr'><strong>secum</strong></span> 
     </span>
    </p>
   </div>
   <div class='ocr_carea' id='block_1_78' title="bbox 2201 3460 3858 3536">
    <p class='ocr_par' dir='ltr' id='par_1_78' title="bbox 2201 3460 3858 3536">
     <span class='ocr_line' id='line_1_79' title="bbox 2201 3460 3858 3536; baseline -0.004 -18"><span class='ocrx_word' id='word_1_574' title='bbox 2201 3468 2470 3535; x_wconf 87' lang='lat' dir='ltr'><strong>reputans</strong></span> <span class='ocrx_word' id='word_1_575' title='bbox 2526 3464 2781 3535; x_wconf 87' lang='lat' dir='ltr'><strong>tantique</strong></span> <span class='ocrx_word' id='word_1_576' title='bbox 2835 3480 2957 3519; x_wconf 90' lang='lat' dir='ltr'><strong>esse</strong></span> <span class='ocrx_word' id='word_1_577' title='bbox 2995 3464 3358 3535; x_wconf 87' lang='lat' dir='ltr'><strong>intelligens,</strong></span> <span class='ocrx_word' id='word_1_578' title='bbox 3399 3471 3460 3520; x_wconf 92' lang='lat' dir='ltr'><strong>ut</strong></span> <span class='ocrx_word' id='word_1_579' title='bbox 3489 3470 3764 3536; x_wconf 85' lang='lat' dir='ltr'><strong>propterea</strong></span> <span class='ocrx_word' id='word_1_580' title='bbox 3801 3460 3858 3512; x_wconf 86' lang='lat' dir='ltr'><strong>vi-</strong></span> 
     </span>
    </p>
   </div>
   <div class='ocr_carea' id='block_1_79' title="bbox 2199 3551 3860 3624">
    <p class='ocr_par' dir='ltr' id='par_1_79' title="bbox 2199 3551 3860 3624">
     <span class='ocr_line' id='line_1_80' title="bbox 2199 3551 3860 3624; baseline -0.004 -18"><span class='ocrx_word' id='word_1_581' title='bbox 2199 3555 2316 3607; x_wconf 88' lang='lat' dir='ltr'><strong>tam</strong></span> <span class='ocrx_word' id='word_1_582' title='bbox 2346 3552 2654 3621; x_wconf 89' lang='lat' dir='ltr'><strong>amitteret,</strong></span> <span class='ocrx_word' id='word_1_583' title='bbox 2685 3555 2910 3620; x_wconf 88' lang='lat' dir='ltr'><strong>moriar,</strong></span> <span class='ocrx_word' id='word_1_584' title='bbox 2942 3551 3147 3624; x_wconf 90' lang='lat' dir='ltr'><strong>inquit,</strong></span> <span class='ocrx_word' id='word_1_585' title='bbox 3201 3553 3249 3608; x_wconf 82' lang='lat' dir='ltr'><strong>si</strong></span> <span class='ocrx_word' id='word_1_586' title='bbox 3297 3553 3386 3609; x_wconf 82' lang='lat' dir='ltr'><strong>ita</strong></span> <span class='ocrx_word' id='word_1_587' title='bbox 3439 3554 3543 3609; x_wconf 92' lang='lat' dir='ltr'><strong>tibi</strong></span> <span class='ocrx_word' id='word_1_588' title='bbox 3575 3553 3786 3618; x_wconf 87' lang='lat' dir='ltr'><strong>videtur,</strong></span> <span class='ocrx_word' id='word_1_589' title='bbox 3814 3552 3860 3602; x_wconf 86' lang='lat' dir='ltr'><strong>ut</strong></span> 
     </span>
    </p>
   </div>
   <div class='ocr_carea' id='block_1_80' title="bbox 2199 3641 2828 3696">
    <p class='ocr_par' dir='ltr' id='par_1_80' title="bbox 2199 3641 2828 3696">
     <span class='ocr_line' id='line_1_81' title="bbox 2199 3641 2828 3696; baseline -0.002 -1"><span class='ocrx_word' id='word_1_590' title='bbox 2199 3657 2315 3695; x_wconf 89' lang='lat' dir='ltr'><strong>eam</strong></span> <span class='ocrx_word' id='word_1_591' title='bbox 2347 3641 2583 3696; x_wconf 87' lang='lat' dir='ltr'><strong>videam.</strong></span> <span class='ocrx_word' id='word_1_592' title='bbox 2819 3691 2828 3694; x_wconf 95' lang='lat'>_</span> 
     </span>
    </p>
   </div>
   <div class='ocr_carea' id='block_1_81' title="bbox 2271 3727 3847 3800">
    <p class='ocr_par' dir='ltr' id='par_1_81' title="bbox 2271 3727 3847 3800">
     <span class='ocr_line' id='line_1_82' title="bbox 2271 3727 3847 3800; baseline -0.003 -16"><span class='ocrx_word' id='word_1_593' title='bbox 2271 3730 2404 3799; x_wconf 89' lang='lat' dir='ltr'><strong>Cap.</strong></span> <span class='ocrx_word' id='word_1_594' title='bbox 2435 3733 2492 3795; x_wconf 88' lang='lat'><strong>7,</strong></span> <span class='ocrx_word' id='word_1_595' title='bbox 2527 3728 2553 3798; x_wconf 82' lang='lat'><strong>§</strong></span> <span class='ocrx_word' id='word_1_596' title='bbox 2593 3733 2674 3783; x_wconf 85' lang='grc' dir='ltr'>Η.</span> <span class='ocrx_word' id='word_1_597' title='bbox 2720 3731 2804 3784; x_wconf 86' lang='lat' dir='ltr'><strong>Me</strong></span> <span class='ocrx_word' id='word_1_598' title='bbox 2853 3730 3277 3800; x_wconf 71' lang='lat' dir='ltr'><strong>commemorat]</strong></span> <span class='ocrx_word' id='word_1_599' title='bbox 3343 3733 3457 3787; x_wconf 86' lang='lat' dir='ltr'><strong>Hoc</strong></span> <span class='ocrx_word' id='word_1_600' title='bbox 3503 3736 3584 3788; x_wconf 89' lang='lat' dir='ltr'><strong>est</strong></span> <span class='ocrx_word' id='word_1_601' title='bbox 3633 3729 3756 3785; x_wconf 88' lang='lat' dir='ltr'><strong>mihi</strong></span> <span class='ocrx_word' id='word_1_602' title='bbox 3801 3727 3847 3779; x_wconf 91' lang='lat' dir='ltr'><strong>in</strong></span> 
     </span>
    </p>
   </div>
   <div class='ocr_carea' id='block_1_82' title="bbox 2197 3816 3849 3891">
    <p class='ocr_par' dir='ltr' id='par_1_82' title="bbox 2197 3816 3849 3891">
     <span class='ocr_line' id='line_1_83' title="bbox 2197 3816 3849 3891; baseline -0.002 -20"><span class='ocrx_word' id='word_1_603' title='bbox 2197 3816 2535 3872; x_wconf 89' lang='lat' dir='ltr'><strong>memoriam</strong></span> <span class='ocrx_word' id='word_1_604' title='bbox 2583 3821 2843 3883; x_wconf 88' lang='lat' dir='ltr'><strong>revocat;</strong></span> <span class='ocrx_word' id='word_1_605' title='bbox 2901 3835 3016 3890; x_wconf 91' lang='lat' dir='ltr'><strong>quo</strong></span> <span class='ocrx_word' id='word_1_606' title='bbox 3057 3835 3247 3886; x_wconf 91' lang='lat' dir='ltr'><strong>sensu,</strong></span> <span class='ocrx_word' id='word_1_607' title='bbox 3279 3822 3440 3891; x_wconf 89' lang='lat' dir='ltr'><strong>apud</strong></span> <span class='ocrx_word' id='word_1_608' title='bbox 3497 3818 3849 3891; x_wconf 84' lang='lat' dir='ltr'><strong>Augustinum,</strong></span> 
     </span>
    </p>
   </div>
   <div class='ocr_carea' id='block_1_83' title="bbox 2197 3906 3856 3979">
    <p class='ocr_par' dir='ltr' id='par_1_83' title="bbox 2197 3906 3856 3979">
     <span class='ocr_line' id='line_1_84' title="bbox 2197 3906 3856 3979; baseline -0.001 -20"><span class='ocrx_word' id='word_1_609' title='bbox 2197 3921 2327 3960; x_wconf 91' lang='lat' dir='ltr'><strong>cum</strong></span> <span class='ocrx_word' id='word_1_610' title='bbox 2358 3906 2672 3960; x_wconf 87' lang='lat' dir='ltr'><strong>accusativo</strong></span> <span class='ocrx_word' id='word_1_611' title='bbox 2725 3923 2989 3977; x_wconf 72' lang='lat' dir='ltr'><strong>personae</strong></span> <span class='ocrx_word' id='word_1_612' title='bbox 3035 3908 3444 3979; x_wconf 88' lang='lat' dir='ltr'><strong>conjungitur;</strong></span> <span class='ocrx_word' id='word_1_613' title='bbox 3501 3915 3555 3964; x_wconf 90' lang='lat' dir='ltr'><strong>at</strong></span> <span class='ocrx_word' id='word_1_614' title='bbox 3583 3906 3856 3979; x_wconf 81' lang='lat' dir='ltr'><strong>signiﬁcatu</strong></span> 
     </span>
    </p>
   </div>
   <div class='ocr_carea' id='block_1_84' title="bbox 2198 3996 3852 4055">
    <p class='ocr_par' dir='ltr' id='par_1_84' title="bbox 2198 3996 3852 4055">
     <span class='ocr_line' id='line_1_85' title="bbox 2198 3996 3852 4055; baseline -0.003 -5"><span class='ocrx_word' id='word_1_615' title='bbox 2198 3996 2467 4050; x_wconf 89' lang='lat' dir='ltr'><strong>narrandi</strong></span> <span class='ocrx_word' id='word_1_616' title='bbox 2490 3997 2843 4052; x_wconf 89' lang='lat' dir='ltr'><strong>construitur</strong></span> <span class='ocrx_word' id='word_1_617' title='bbox 2872 4013 3002 4052; x_wconf 91' lang='lat' dir='ltr'><strong>cum</strong></span> <span class='ocrx_word' id='word_1_618' title='bbox 3047 3997 3256 4052; x_wconf 90' lang='lat' dir='ltr'><strong>dativo.</strong></span> <span class='ocrx_word' id='word_1_619' title='bbox 3307 3999 3405 4055; x_wconf 88' lang='lat' dir='ltr'><strong>Sic</strong></span> <span class='ocrx_word' id='word_1_620' title='bbox 3453 3998 3626 4054; x_wconf 68' lang='lat' dir='ltr'><strong>Graeci</strong></span> <span class='ocrx_word' id='word_1_621' title='bbox 3677 3997 3852 4055; x_wconf 91' lang='lat' dir='ltr'><strong>dicunt,</strong></span> 
     </span>
    </p>
   </div>
   <div class='ocr_carea' id='block_1_85' title="bbox 2196 4082 3854 4157">
    <p class='ocr_par' dir='ltr' id='par_1_85' title="bbox 2196 4082 3854 4157">
     <span class='ocr_line' id='line_1_86' title="bbox 2196 4082 3854 4157; baseline 0 -17"><span class='ocrx_word' id='word_1_622' title='bbox 2196 4082 2548 4147; x_wconf 69' lang='grc' dir='ltr'><strong>ἀναμιμνήσκω</strong></span> <span class='ocrx_word' id='word_1_623' title='bbox 2588 4085 2640 4132; x_wconf 82' lang='grc' dir='ltr'><strong>σέ</strong></span> <span class='ocrx_word' id='word_1_624' title='bbox 2687 4099 2813 4139; x_wconf 72' lang='grc' dir='ltr'><strong>τινος</strong></span> <span class='ocrx_word' id='word_1_625' title='bbox 2864 4101 3207 4141; x_wconf 88' lang='lat' dir='ltr'><strong>commemoro</strong></span> <span class='ocrx_word' id='word_1_626' title='bbox 3240 4091 3288 4141; x_wconf 89' lang='lat' dir='ltr'><strong>te</strong></span> <span class='ocrx_word' id='word_1_627' title='bbox 3350 4088 3602 4157; x_wconf 85' lang='lat' dir='ltr'><strong>alicujus,</strong></span> <span class='ocrx_word' id='word_1_628' title='bbox 3649 4087 3743 4141; x_wconf 89' lang='lat' dir='ltr'><strong>hoc</strong></span> <span class='ocrx_word' id='word_1_629' title='bbox 3789 4084 3854 4136; x_wconf 81' lang='lat' dir='ltr'><strong>est</strong></span> 
     </span>
    </p>
   </div>
   <div class='ocr_carea' id='block_1_86' title="bbox 2197 4169 3852 4245">
    <p class='ocr_par' dir='ltr' id='par_1_86' title="bbox 2197 4169 3852 4245">
     <span class='ocr_line' id='line_1_87' title="bbox 2197 4169 3852 4245; baseline -0.004 -18"><span class='ocrx_word' id='word_1_630' title='bbox 2197 4175 2319 4244; x_wconf 89' lang='lat' dir='ltr'><strong>ejus</strong></span> <span class='ocrx_word' id='word_1_631' title='bbox 2348 4174 2454 4229; x_wconf 91' lang='lat' dir='ltr'><strong>tibi</strong></span> <span class='ocrx_word' id='word_1_632' title='bbox 2484 4175 2825 4229; x_wconf 90' lang='lat' dir='ltr'><strong>memoriam</strong></span> <span class='ocrx_word' id='word_1_633' title='bbox 2857 4191 3082 4230; x_wconf 90' lang='lat' dir='ltr'><strong>revoco.</strong></span> <span class='ocrx_word' id='word_1_634' title='bbox 3123 4174 3304 4245; x_wconf 89' lang='lat' dir='ltr'><strong>Igitur</strong></span> <span class='ocrx_word' id='word_1_635' title='bbox 3347 4180 3500 4232; x_wconf 89' lang='lat' dir='ltr'><strong>recte</strong></span> <span class='ocrx_word' id='word_1_636' title='bbox 3530 4192 3595 4231; x_wconf 85' lang='lat' dir='ltr'><strong>ex</strong></span> <span class='ocrx_word' id='word_1_637' title='bbox 3641 4190 3758 4229; x_wconf 90' lang='lat' dir='ltr'><strong>mss.</strong></span> <span class='ocrx_word' id='word_1_638' title='bbox 3783 4169 3852 4224; x_wconf 85' lang='lat' dir='ltr'><strong>hic</strong></span> 
     </span>
    </p>
   </div>
   <div class='ocr_carea' id='block_1_87' title="bbox 2195 4263 3308 4319">
    <p class='ocr_par' dir='ltr' id='par_1_87' title="bbox 2195 4263 3308 4319">
     <span class='ocr_line' id='line_1_88' title="bbox 2195 4263 3308 4319; baseline 0.002 -2"><span class='ocrx_word' id='word_1_639' title='bbox 2195 4263 2569 4318; x_wconf 90' lang='lat' dir='ltr'><strong>restituerunt</strong></span> <span class='ocrx_word' id='word_1_640' title='bbox 2589 4263 2968 4319; x_wconf 89' lang='lat' dir='ltr'><strong>accusativum</strong></span> <span class='ocrx_word' id='word_1_641' title='bbox 3000 4264 3107 4318; x_wconf 90' lang='lat' dir='ltr'><strong>viri</strong></span> <span class='ocrx_word' id='word_1_642' title='bbox 3137 4264 3308 4319; x_wconf 89' lang='lat' dir='ltr'><strong>docti.</strong></span> 
     </span>
    </p>
   </div>
   <div class='ocr_carea' id='block_1_88' title="bbox 392 4323 3851 4426">
    <p class='ocr_par' dir='ltr' id='par_1_88' title="bbox 392 4323 3851 4426">
     <span class='ocr_line' id='line_1_89' title="bbox 392 4323 3851 4426; baseline -0.003 -33"><span class='ocrx_word' id='word_1_643' title='bbox 392 4342 562 4403; x_wconf 89' lang='lat' dir='ltr'><strong>stant,</strong></span> <span class='ocrx_word' id='word_1_644' title='bbox 593 4338 801 4426; x_wconf 88' lang='lat' dir='ltr'><strong>quibus</strong></span> <span class='ocrx_word' id='word_1_645' title='bbox 864 4341 1055 4426; x_wconf 86' lang='lat' dir='ltr'><strong>tamen</strong></span> <span class='ocrx_word' id='word_1_646' title='bbox 1104 4335 1472 4426; x_wconf 79' lang='lat' dir='ltr'><strong>Christiniani</strong></span> <span class='ocrx_word' id='word_1_647' title='bbox 1520 4335 1824 4426; x_wconf 83' lang='lat' dir='ltr'><strong>scriptores</strong></span> <span class='ocrx_word' id='word_1_648' title='bbox 1874 4335 2084 4426; x_wconf 85' lang='lat' dir='ltr'><strong>passim</strong></span> <span class='ocrx_word' id='word_1_649' title='bbox 2125 4323 2170 4377; x_wconf 78' lang='grc'><strong>1)</strong></span> <span class='ocrx_word' id='word_1_650' title='bbox 2269 4354 2404 4424; x_wconf 51' lang='lat' dir='ltr'><strong>Cap.</strong></span> <span class='ocrx_word' id='word_1_651' title='bbox 2433 4357 2522 4421; x_wconf 57' lang='lat'><strong>20,</strong></span> <span class='ocrx_word' id='word_1_652' title='bbox 2560 4353 2587 4424; x_wconf 61' lang='grc' dir='ltr'><strong>ἓ</strong></span> <span class='ocrx_word' id='word_1_653' title='bbox 2619 4357 2702 4408; x_wconf 55' lang='grc'>18,</span> <span class='ocrx_word' id='word_1_654' title='bbox 2749 4357 2994 4419; x_wconf 54' lang='lat' dir='ltr'><strong>Terram,</strong></span> <span class='ocrx_word' id='word_1_655' title='bbox 3045 4352 3178 4426; x_wconf 50' lang='lat' dir='ltr'><strong>etc.]</strong></span> <span class='ocrx_word' id='word_1_656' title='bbox 3224 4357 3455 4410; x_wconf 59' lang='lat' dir='ltr'><strong>Terram</strong></span> <span class='ocrx_word' id='word_1_657' title='bbox 3500 4368 3684 4409; x_wconf 56' lang='lat' dir='ltr'><strong>vocare</strong></span> <span class='ocrx_word' id='word_1_658' title='bbox 3727 4348 3851 4403; x_wconf 60' lang='lat' dir='ltr'><strong>vide-</strong></span> 
     </span>
    </p>
   </div>
   <div class='ocr_carea' id='block_1_89' title="bbox 392 4423 2088 4493">
    <p class='ocr_par' dir='ltr' id='par_1_89' title="bbox 392 4423 2088 4493">
     <span class='ocr_line' id='line_1_90' title="bbox 392 4423 2088 4493; baseline -0.001 -13"><span class='ocrx_word' id='word_1_659' title='bbox 392 4429 677 4481; x_wconf 84' lang='lat' dir='ltr'><strong>utuntur?</strong></span> <span class='ocrx_word' id='word_1_660' title='bbox 705 4425 855 4488; x_wconf 88' lang='lat' dir='ltr'><strong>Quot</strong></span> <span class='ocrx_word' id='word_1_661' title='bbox 893 4424 1129 4478; x_wconf 87' lang='lat' dir='ltr'><strong>vocibus</strong></span> <span class='ocrx_word' id='word_1_662' title='bbox 1172 4423 1361 4493; x_wconf 91' lang='lat' dir='ltr'><strong>ipsum</strong></span> <span class='ocrx_word' id='word_1_663' title='bbox 1406 4423 1692 4477; x_wconf 88' lang='lat' dir='ltr'><strong>abstinere</strong></span> <span class='ocrx_word' id='word_1_664' title='bbox 1745 4423 2088 4493; x_wconf 90' lang='lat' dir='ltr'><strong>oportuisset</strong></span> 
     </span>
    </p>
   </div>
   <div class='ocr_carea' id='block_1_90' title="bbox 389 4509 2086 4580">
    <p class='ocr_par' dir='ltr' id='par_1_90' title="bbox 389 4509 2086 4580">
     <span class='ocr_line' id='line_1_91' title="bbox 389 4509 2086 4580; baseline -0.001 -12"><span class='ocrx_word' id='word_1_665' title='bbox 389 4515 451 4569; x_wconf 92' lang='lat' dir='ltr'><strong>in</strong></span> <span class='ocrx_word' id='word_1_666' title='bbox 477 4511 934 4567; x_wconf 88' lang='lat' dir='ltr'><strong>contentionibus</strong></span> <span class='ocrx_word' id='word_1_667' title='bbox 972 4528 1102 4564; x_wconf 92' lang='lat' dir='ltr'><strong>cum</strong></span> <span class='ocrx_word' id='word_1_668' title='bbox 1140 4512 1365 4566; x_wconf 83' lang='lat' dir='ltr'><strong>Arianis</strong></span> <span class='ocrx_word' id='word_1_669' title='bbox 1395 4515 1451 4565; x_wconf 90' lang='lat' dir='ltr'><strong>et</strong></span> <span class='ocrx_word' id='word_1_670' title='bbox 1479 4509 1824 4580; x_wconf 89' lang='lat' dir='ltr'><strong>Pelagianis,</strong></span> <span class='ocrx_word' id='word_1_671' title='bbox 1855 4511 1902 4564; x_wconf 91' lang='lat' dir='ltr'><strong>si</strong></span> <span class='ocrx_word' id='word_1_672' title='bbox 1940 4511 2086 4566; x_wconf 87' lang='lat' dir='ltr'><strong>hanc</strong></span> 
     </span>
    </p>
   </div>
   <div class='ocr_carea' id='block_1_91' title="bbox 392 4599 2086 4671">
    <p class='ocr_par' dir='ltr' id='par_1_91' title="bbox 392 4599 2086 4671">
     <span class='ocr_line' id='line_1_92' title="bbox 392 4599 2086 4671; baseline -0.001 -14"><span class='ocrx_word' id='word_1_673' title='bbox 392 4617 556 4657; x_wconf 89' lang='lat' dir='ltr'><strong>suam</strong></span> <span class='ocrx_word' id='word_1_674' title='bbox 601 4601 789 4671; x_wconf 90' lang='lat' dir='ltr'><strong>legem</strong></span> <span class='ocrx_word' id='word_1_675' title='bbox 839 4600 1239 4654; x_wconf 85' lang='lat' dir='ltr'><strong>observasset?</strong></span> <span class='ocrx_word' id='word_1_676' title='bbox 1301 4599 1447 4654; x_wconf 88' lang='lat' dir='ltr'><strong>Satis</strong></span> <span class='ocrx_word' id='word_1_677' title='bbox 1527 4599 1636 4654; x_wconf 88' lang='lat' dir='ltr'><strong>fuit</strong></span> <span class='ocrx_word' id='word_1_678' title='bbox 1702 4615 1795 4654; x_wconf 92' lang='lat' dir='ltr'><strong>res</strong></span> <span class='ocrx_word' id='word_1_679' title='bbox 1860 4615 1980 4654; x_wconf 88' lang='lat' dir='ltr'><strong>esse</strong></span> <span class='ocrx_word' id='word_1_680' title='bbox 2023 4601 2086 4655; x_wconf 92' lang='lat' dir='ltr'><strong>in</strong></span> 
     </span>
    </p>
   </div>
   <div class='ocr_carea' id='block_1_92' title="bbox 390 4687 2084 4760">
    <p class='ocr_par' dir='ltr' id='par_1_92' title="bbox 390 4687 2084 4760">
     <span class='ocr_line' id='line_1_93' title="bbox 390 4687 2084 4760; baseline -0.001 -15"><span class='ocrx_word' id='word_1_681' title='bbox 390 4690 701 4760; x_wconf 90' lang='lat' dir='ltr'><strong>Scriptura,</strong></span> <span class='ocrx_word' id='word_1_682' title='bbox 740 4705 869 4760; x_wconf 85' lang='lat' dir='ltr'><strong>quae</strong></span> <span class='ocrx_word' id='word_1_683' title='bbox 893 4705 1022 4742; x_wconf 91' lang='lat' dir='ltr'><strong>vere</strong></span> <span class='ocrx_word' id='word_1_684' title='bbox 1055 4687 1133 4742; x_wconf 90' lang='lat' dir='ltr'><strong>sic</strong></span> <span class='ocrx_word' id='word_1_685' title='bbox 1171 4687 1281 4743; x_wconf 91' lang='lat' dir='ltr'><strong>dici</strong></span> <span class='ocrx_word' id='word_1_686' title='bbox 1325 4693 1609 4759; x_wconf 86' lang='lat' dir='ltr'><strong>poterant.</strong></span> <span class='ocrx_word' id='word_1_687' title='bbox 1659 4689 1857 4760; x_wconf 88' lang='lat' dir='ltr'><strong>Itaque</strong></span> <span class='ocrx_word' id='word_1_688' title='bbox 1913 4688 2084 4744; x_wconf 90' lang='lat' dir='ltr'><strong>nimis</strong></span> 
     </span>
    </p>
   </div>
   <div class='ocr_carea' id='block_1_93' title="bbox 389 4777 1252 4849">
    <p class='ocr_par' dir='ltr' id='par_1_93' title="bbox 389 4777 1252 4849">
     <span class='ocr_line' id='line_1_94' title="bbox 389 4777 1252 4849; baseline -0.005 -14"><span class='ocrx_word' id='word_1_689' title='bbox 389 4794 651 4835; x_wconf 86' lang='lat' dir='ltr'><strong>severum</strong></span> <span class='ocrx_word' id='word_1_690' title='bbox 681 4794 978 4832; x_wconf 90' lang='lat' dir='ltr'><strong>censorem</strong></span> <span class='ocrx_word' id='word_1_691' title='bbox 1004 4777 1092 4832; x_wconf 90' lang='lat' dir='ltr'><strong>sui</strong></span> <span class='ocrx_word' id='word_1_692' title='bbox 1119 4777 1252 4849; x_wconf 89' lang='lat' dir='ltr'><strong>egit.</strong></span> 
     </span>
    </p>
   </div>
   <div class='ocr_carea' id='block_1_94' title="bbox 460 4866 2081 4940">
    <p class='ocr_par' dir='ltr' id='par_1_94' title="bbox 460 4866 2081 4940">
     <span class='ocr_line' id='line_1_95' title="bbox 460 4866 2081 4940; baseline -0.002 -16"><span class='ocrx_word' id='word_1_693' title='bbox 460 4870 593 4940; x_wconf 85' lang='lat' dir='ltr'><strong>Cap.</strong></span> <span class='ocrx_word' id='word_1_694' title='bbox 628 4871 716 4934; x_wconf 83' lang='lat'><strong>55,</strong></span> <span class='ocrx_word' id='word_1_695' title='bbox 751 4869 853 4934; x_wconf 83' lang='lat'><strong>§2.</strong></span> <span class='ocrx_word' id='word_1_696' title='bbox 890 4868 1018 4923; x_wconf 87' lang='lat' dir='ltr'><strong>Cum</strong></span> <span class='ocrx_word' id='word_1_697' title='bbox 1039 4867 1256 4921; x_wconf 86' lang='lat' dir='ltr'><strong>haberet</strong></span> <span class='ocrx_word' id='word_1_698' title='bbox 1283 4869 1645 4921; x_wconf 87' lang='lat' dir='ltr'><strong>necessitatem</strong></span> <span class='ocrx_word' id='word_1_699' title='bbox 1680 4866 1758 4921; x_wconf 87' lang='lat' dir='ltr'><strong>bis</strong></span> <span class='ocrx_word' id='word_1_700' title='bbox 1788 4868 1846 4920; x_wconf 90' lang='lat' dir='ltr'><strong>in</strong></span> <span class='ocrx_word' id='word_1_701' title='bbox 1875 4866 1964 4921; x_wconf 87' lang='lat' dir='ltr'><strong>die</strong></span> <span class='ocrx_word' id='word_1_702' title='bbox 1993 4868 2081 4920; x_wconf 83' lang='lat' dir='ltr'><strong>in-</strong></span> 
     </span>
    </p>
   </div>
   <div class='ocr_carea' id='block_1_95' title="bbox 384 4953 2083 5028">
    <p class='ocr_par' dir='ltr' id='par_1_95' title="bbox 384 4953 2083 5028">
     <span class='ocr_line' id='line_1_96' title="bbox 384 4953 2083 5028; baseline -0.004 -13"><span class='ocrx_word' id='word_1_703' title='bbox 384 4959 541 5028; x_wconf 88' lang='lat' dir='ltr'><strong>gredi</strong></span> <span class='ocrx_word' id='word_1_704' title='bbox 559 4961 750 5014; x_wconf 85' lang='lat' dir='ltr'><strong>sancta</strong></span> <span class='ocrx_word' id='word_1_705' title='bbox 776 4953 1126 5023; x_wconf 73' lang='lat' dir='ltr'><strong>sanctorum]</strong></span> <span class='ocrx_word' id='word_1_706' title='bbox 1177 4953 1408 5008; x_wconf 90' lang='lat' dir='ltr'><strong>Duabus</strong></span> <span class='ocrx_word' id='word_1_707' title='bbox 1440 4953 1499 5006; x_wconf 90' lang='lat' dir='ltr'><strong>in</strong></span> <span class='ocrx_word' id='word_1_708' title='bbox 1532 4953 1700 5008; x_wconf 90' lang='lat' dir='ltr'><strong>rebus</strong></span> <span class='ocrx_word' id='word_1_709' title='bbox 1739 4953 1808 5008; x_wconf 90' lang='lat' dir='ltr'><strong>ab</strong></span> <span class='ocrx_word' id='word_1_710' title='bbox 1852 4969 2083 5008; x_wconf 89' lang='lat' dir='ltr'><strong>accura-</strong></span> 
     </span>
    </p>
   </div>
   <div class='ocr_carea' id='block_1_96' title="bbox 384 5041 2084 5113">
    <p class='ocr_par' dir='ltr' id='par_1_96' title="bbox 384 5041 2084 5113">
     <span class='ocr_line' id='line_1_97' title="bbox 384 5041 2084 5113; baseline -0.004 -10"><span class='ocrx_word' id='word_1_711' title='bbox 384 5047 619 5103; x_wconf 85' lang='lat' dir='ltr'><strong>tissimis</strong></span> <span class='ocrx_word' id='word_1_712' title='bbox 643 5044 810 5100; x_wconf 87' lang='lat' dir='ltr'><strong>Mosis</strong></span> <span class='ocrx_word' id='word_1_713' title='bbox 841 5042 1267 5112; x_wconf 88' lang='lat' dir='ltr'><strong>interpretibus,</strong></span> <span class='ocrx_word' id='word_1_714' title='bbox 1303 5046 1355 5096; x_wconf 90' lang='lat' dir='ltr'><strong>et</strong></span> <span class='ocrx_word' id='word_1_715' title='bbox 1383 5041 1506 5113; x_wconf 85' lang='lat' dir='ltr'><strong>ipsa</strong></span> <span class='ocrx_word' id='word_1_716' title='bbox 1543 5041 1774 5097; x_wconf 77' lang='lat' dir='ltr'><strong>veritate</strong></span> <span class='ocrx_word' id='word_1_717' title='bbox 1824 5042 2084 5097; x_wconf 88' lang='lat' dir='ltr'><strong>dissentit</strong></span> 
     </span>
    </p>
   </div>
   <div class='ocr_carea' id='block_1_97' title="bbox 385 5130 2080 5206">
    <p class='ocr_par' dir='ltr' id='par_1_97' title="bbox 385 5130 2080 5206">
     <span class='ocr_line' id='line_1_98' title="bbox 385 5130 2080 5206; baseline -0.001 -17"><span class='ocrx_word' id='word_1_718' title='bbox 385 5136 480 5190; x_wconf 89' lang='lat' dir='ltr'><strong>hic</strong></span> <span class='ocrx_word' id='word_1_719' title='bbox 507 5133 880 5206; x_wconf 82' lang='lat' dir='ltr'><strong>Augustinus.</strong></span> <span class='ocrx_word' id='word_1_720' title='bbox 939 5132 1196 5186; x_wconf 86' lang='lat' dir='ltr'><strong>Alterum</strong></span> <span class='ocrx_word' id='word_1_721' title='bbox 1235 5135 1320 5185; x_wconf 90' lang='lat' dir='ltr'><strong>est</strong></span> <span class='ocrx_word' id='word_1_722' title='bbox 1375 5130 1529 5202; x_wconf 91' lang='lat' dir='ltr'><strong>quod</strong></span> <span class='ocrx_word' id='word_1_723' title='bbox 1587 5130 1766 5185; x_wconf 90' lang='lat' dir='ltr'><strong>credit</strong></span> <span class='ocrx_word' id='word_1_724' title='bbox 1821 5131 2080 5187; x_wconf 86' lang='lat' dir='ltr'><strong>sufﬁtum</strong></span> 
     </span>
    </p>
   </div>
   <div class='ocr_carea' id='block_1_98' title="bbox 386 5219 2077 5295">
    <p class='ocr_par' dir='ltr' id='par_1_98' title="bbox 386 5219 2077 5295">
     <span class='ocr_line' id='line_1_99' title="bbox 386 5219 2077 5295; baseline -0.002 -17"><span class='ocrx_word' id='word_1_725' title='bbox 386 5223 644 5295; x_wconf 89' lang='lat' dir='ltr'><strong>quotidie</strong></span> <span class='ocrx_word' id='word_1_726' title='bbox 698 5223 785 5277; x_wconf 88' lang='lat' dir='ltr'><strong>bis</strong></span> <span class='ocrx_word' id='word_1_727' title='bbox 839 5221 1096 5277; x_wconf 88' lang='lat' dir='ltr'><strong>oblatum</strong></span> <span class='ocrx_word' id='word_1_728' title='bbox 1142 5219 1314 5274; x_wconf 92' lang='lat' dir='ltr'><strong>fuisse</strong></span> <span class='ocrx_word' id='word_1_729' title='bbox 1355 5219 1414 5272; x_wconf 91' lang='lat' dir='ltr'><strong>in</strong></span> <span class='ocrx_word' id='word_1_730' title='bbox 1475 5219 1834 5274; x_wconf 89' lang='lat' dir='ltr'><strong>sanctissimo</strong></span> <span class='ocrx_word' id='word_1_731' title='bbox 1884 5221 2077 5290; x_wconf 84' lang='lat' dir='ltr'><strong>adyto,</strong></span> 
     </span>
    </p>
   </div>
   <div class='ocr_carea' id='block_1_99' title="bbox 383 5307 2078 5383">
    <p class='ocr_par' dir='ltr' id='par_1_99' title="bbox 383 5307 2078 5383">
     <span class='ocr_line' id='line_1_100' title="bbox 383 5307 2078 5383; baseline -0.002 -17"><span class='ocrx_word' id='word_1_732' title='bbox 383 5312 542 5383; x_wconf 90' lang='lat' dir='ltr'><strong>quod</strong></span> <span class='ocrx_word' id='word_1_733' title='bbox 597 5311 740 5364; x_wconf 87' lang='lat' dir='ltr'><strong>solet</strong></span> <span class='ocrx_word' id='word_1_734' title='bbox 787 5315 976 5365; x_wconf 90' lang='lat' dir='ltr'><strong>sancta</strong></span> <span class='ocrx_word' id='word_1_735' title='bbox 1017 5312 1326 5364; x_wconf 85' lang='lat' dir='ltr'><strong>sanctorum</strong></span> <span class='ocrx_word' id='word_1_736' title='bbox 1379 5307 1527 5376; x_wconf 91' lang='lat' dir='ltr'><strong>dici;</strong></span> <span class='ocrx_word' id='word_1_737' title='bbox 1576 5324 1707 5362; x_wconf 91' lang='lat' dir='ltr'><strong>cum</strong></span> <span class='ocrx_word' id='word_1_738' title='bbox 1760 5309 1925 5362; x_wconf 85' lang='lat' dir='ltr'><strong>ﬁeret</strong></span> <span class='ocrx_word' id='word_1_739' title='bbox 1972 5309 2078 5363; x_wconf 90' lang='lat' dir='ltr'><strong>hoc</strong></span> 
     </span>
    </p>
   </div>
   <div class='ocr_carea' id='block_1_100' title="bbox 382 5395 2079 5468">
    <p class='ocr_par' dir='ltr' id='par_1_100' title="bbox 382 5395 2079 5468">
     <span class='ocr_line' id='line_1_101' title="bbox 382 5395 2079 5468; baseline -0.002 -14"><span class='ocrx_word' id='word_1_740' title='bbox 382 5401 659 5456; x_wconf 86' lang='lat' dir='ltr'><strong>duntaxat</strong></span> <span class='ocrx_word' id='word_1_741' title='bbox 676 5398 736 5452; x_wconf 90' lang='lat' dir='ltr'><strong>in</strong></span> <span class='ocrx_word' id='word_1_742' title='bbox 761 5398 1082 5453; x_wconf 88' lang='lat' dir='ltr'><strong>sanctuario</strong></span> <span class='ocrx_word' id='word_1_743' title='bbox 1117 5397 1176 5452; x_wconf 85' lang='lat' dir='ltr'><strong>in</strong></span> <span class='ocrx_word' id='word_1_744' title='bbox 1208 5414 1322 5468; x_wconf 91' lang='lat' dir='ltr'><strong>quo</strong></span> <span class='ocrx_word' id='word_1_745' title='bbox 1348 5400 1470 5450; x_wconf 88' lang='lat' dir='ltr'><strong>erat</strong></span> <span class='ocrx_word' id='word_1_746' title='bbox 1519 5397 1696 5450; x_wconf 90' lang='lat' dir='ltr'><strong>altare</strong></span> <span class='ocrx_word' id='word_1_747' title='bbox 1746 5395 2079 5466; x_wconf 89' lang='lat' dir='ltr'><strong>thymiama-</strong></span> 
     </span>
    </p>
   </div>
   <div class='ocr_carea' id='block_1_101' title="bbox 380 5485 2080 5561">
    <p class='ocr_par' dir='ltr' id='par_1_101' title="bbox 380 5485 2080 5561">
     <span class='ocr_line' id='line_1_102' title="bbox 380 5485 2080 5561; baseline -0.004 -16"><span class='ocrx_word' id='word_1_748' title='bbox 380 5491 476 5561; x_wconf 88' lang='lat' dir='ltr'><strong>tis,</strong></span> <span class='ocrx_word' id='word_1_749' title='bbox 539 5489 856 5559; x_wconf 88' lang='lat' dir='ltr'><strong>soleretque</strong></span> <span class='ocrx_word' id='word_1_750' title='bbox 914 5488 1172 5557; x_wconf 86' lang='lat' dir='ltr'><strong>pontifex</strong></span> <span class='ocrx_word' id='word_1_751' title='bbox 1230 5485 1512 5542; x_wconf 84' lang='lat' dir='ltr'><strong>maximus</strong></span> <span class='ocrx_word' id='word_1_752' title='bbox 1565 5485 1742 5540; x_wconf 76' lang='lat' dir='ltr'><strong>semel</strong></span> <span class='ocrx_word' id='word_1_753' title='bbox 1805 5485 2080 5540; x_wconf 89' lang='lat' dir='ltr'><strong>duntaxat</strong></span> 
     </span>
    </p>
   </div>
   <div class='ocr_carea' id='block_1_102' title="bbox 381 5574 2074 5653">
    <p class='ocr_par' dir='ltr' id='par_1_102' title="bbox 381 5574 2074 5653">
     <span class='ocr_line' id='line_1_103' title="bbox 381 5574 2074 5653; baseline -0.004 -17"><span class='ocrx_word' id='word_1_754' title='bbox 381 5577 687 5653; x_wconf 88' lang='lat' dir='ltr'><strong>quotannis</strong></span> <span class='ocrx_word' id='word_1_755' title='bbox 743 5581 930 5631; x_wconf 86' lang='lat' dir='ltr'><strong>sancta</strong></span> <span class='ocrx_word' id='word_1_756' title='bbox 981 5582 1286 5632; x_wconf 79' lang='lat' dir='ltr'><strong>sanctorum</strong></span> <span class='ocrx_word' id='word_1_757' title='bbox 1335 5574 1576 5646; x_wconf 82' lang='lat' dir='ltr'><strong>ingredi.</strong></span> <span class='ocrx_word' id='word_1_758' title='bbox 1638 5575 1892 5630; x_wconf 87' lang='lat' dir='ltr'><strong>Alterum</strong></span> <span class='ocrx_word' id='word_1_759' title='bbox 1942 5592 2074 5629; x_wconf 80' lang='lat' dir='ltr'><strong>vero</strong></span> 
     </span>
    </p>
   </div>
   <div class='ocr_carea' id='block_1_103' title="bbox 2195 4441 3848 4514">
    <p class='ocr_par' dir='ltr' id='par_1_103' title="bbox 2195 4441 3848 4514">
     <span class='ocr_line' id='line_1_104' title="bbox 2195 4441 3848 4514; baseline 0 -19"><span class='ocrx_word' id='word_1_760' title='bbox 2195 4444 2288 4495; x_wconf 90' lang='lat' dir='ltr'><strong>tur</strong></span> <span class='ocrx_word' id='word_1_761' title='bbox 2311 4441 2663 4513; x_wconf 85' lang='lat' dir='ltr'><strong>Augustinus</strong></span> <span class='ocrx_word' id='word_1_762' title='bbox 2713 4447 2975 4496; x_wconf 89' lang='lat' dir='ltr'><strong>naturam</strong></span> <span class='ocrx_word' id='word_1_763' title='bbox 3008 4443 3321 4497; x_wconf 87' lang='lat' dir='ltr'><strong>humanam</strong></span> <span class='ocrx_word' id='word_1_764' title='bbox 3365 4447 3698 4514; x_wconf 89' lang='lat' dir='ltr'><strong>corruptam,</strong></span> <span class='ocrx_word' id='word_1_765' title='bbox 3745 4449 3848 4507; x_wconf 62' lang='lat' dir='ltr'><strong>quin</strong></span> 
     </span>
    </p>
   </div>
   <div class='ocr_carea' id='block_1_104' title="bbox 2194 4527 3849 4601">
    <p class='ocr_par' dir='ltr' id='par_1_104' title="bbox 2194 4527 3849 4601">
     <span class='ocr_line' id='line_1_105' title="bbox 2194 4527 3849 4601; baseline -0.004 -17"><span class='ocrx_word' id='word_1_766' title='bbox 2194 4529 2338 4584; x_wconf 87' lang='lat' dir='ltr'><strong>nihil</strong></span> <span class='ocrx_word' id='word_1_767' title='bbox 2381 4529 2492 4585; x_wconf 90' lang='lat' dir='ltr'><strong>nisi</strong></span> <span class='ocrx_word' id='word_1_768' title='bbox 2538 4530 2829 4585; x_wconf 89' lang='lat' dir='ltr'><strong>terrestria</strong></span> <span class='ocrx_word' id='word_1_769' title='bbox 2880 4531 3090 4601; x_wconf 88' lang='lat' dir='ltr'><strong>spirat;</strong></span> <span class='ocrx_word' id='word_1_770' title='bbox 3123 4533 3361 4600; x_wconf 82' lang='lat' dir='ltr'><strong>efﬁgiem</strong></span> <span class='ocrx_word' id='word_1_771' title='bbox 3405 4549 3537 4587; x_wconf 88' lang='lat' dir='ltr'><strong>vero</strong></span> <span class='ocrx_word' id='word_1_772' title='bbox 3581 4527 3849 4598; x_wconf 88' lang='lat' dir='ltr'><strong>imaginem</strong></span> 
     </span>
    </p>
   </div>
   <div class='ocr_carea' id='block_1_105' title="bbox 2195 4619 3843 4692">
    <p class='ocr_par' dir='ltr' id='par_1_105' title="bbox 2195 4619 3843 4692">
     <span class='ocr_line' id='line_1_106' title="bbox 2195 4619 3843 4692; baseline -0.003 -19"><span class='ocrx_word' id='word_1_773' title='bbox 2195 4619 2318 4689; x_wconf 90' lang='lat' dir='ltr'><strong>Dei,</strong></span> <span class='ocrx_word' id='word_1_774' title='bbox 2350 4635 2454 4690; x_wconf 88' lang='lat' dir='ltr'><strong>per</strong></span> <span class='ocrx_word' id='word_1_775' title='bbox 2482 4619 2830 4690; x_wconf 86' lang='lat' dir='ltr'><strong>baptismum</strong></span> <span class='ocrx_word' id='word_1_776' title='bbox 2886 4623 3215 4675; x_wconf 88' lang='lat' dir='ltr'><strong>renovatam</strong></span> <span class='ocrx_word' id='word_1_777' title='bbox 3267 4626 3442 4692; x_wconf 90' lang='lat' dir='ltr'><strong>atque</strong></span> <span class='ocrx_word' id='word_1_778' title='bbox 3495 4619 3843 4674; x_wconf 84' lang='lat' dir='ltr'><strong>instauratam.</strong></span> 
     </span>
    </p>
   </div>
   <div class='ocr_carea' id='block_1_106' title="bbox 2192 4708 2986 4772">
    <p class='ocr_par' dir='ltr' id='par_1_106' title="bbox 2192 4708 2986 4772">
     <span class='ocr_line' id='line_1_107' title="bbox 2192 4708 2986 4772; baseline 0.003 -11"><span class='ocrx_word' id='word_1_779' title='bbox 2192 4708 2332 4763; x_wconf 87' lang='lat' dir='ltr'><strong>Vide</strong></span> <span class='ocrx_word' id='word_1_780' title='bbox 2360 4724 2522 4772; x_wconf 80' lang='lat' dir='ltr'><strong>num.</strong></span> <span class='ocrx_word' id='word_1_781' title='bbox 2549 4711 2609 4763; x_wconf 82' lang='lat' dir='ltr'><strong>2t</strong></span> <span class='ocrx_word' id='word_1_782' title='bbox 2645 4708 2748 4762; x_wconf 87' lang='lat' dir='ltr'><strong>sub</strong></span> <span class='ocrx_word' id='word_1_783' title='bbox 2789 4708 2986 4763; x_wconf 86' lang='lat' dir='ltr'><strong>ﬁnem.</strong></span> 
     </span>
    </p>
   </div>
   <div class='ocr_carea' id='block_1_107' title="bbox 2261 4795 3847 4869">
    <p class='ocr_par' dir='ltr' id='par_1_107' title="bbox 2261 4795 3847 4869">
     <span class='ocr_line' id='line_1_108' title="bbox 2261 4795 3847 4869; baseline -0.007 -18"><span class='ocrx_word' id='word_1_784' title='bbox 2261 4797 2397 4867; x_wconf 89' lang='lat' dir='ltr'><strong>Cap.</strong></span> <span class='ocrx_word' id='word_1_785' title='bbox 2438 4800 2520 4851; x_wconf 87' lang='grc'><strong>16.</strong></span> <span class='ocrx_word' id='word_1_786' title='bbox 2555 4798 2796 4864; x_wconf 79' lang='lat' dir='ltr'><strong>Flumen,</strong></span> <span class='ocrx_word' id='word_1_787' title='bbox 2831 4797 2960 4866; x_wconf 90' lang='lat' dir='ltr'><strong>etc.]</strong></span> <span class='ocrx_word' id='word_1_788' title='bbox 2995 4795 3233 4852; x_wconf 89' lang='lat' dir='ltr'><strong>Collatio</strong></span> <span class='ocrx_word' id='word_1_789' title='bbox 3282 4797 3602 4869; x_wconf 68' lang='lat' dir='ltr'><strong>depravata:</strong></span> <span class='ocrx_word' id='word_1_790' title='bbox 3654 4802 3847 4848; x_wconf 68' lang='lat' dir='ltr'><strong>consue</strong></span> 
     </span>
    </p>
   </div>
   <div class='ocr_carea' id='block_1_108' title="bbox 2189 4884 3844 4956">
    <p class='ocr_par' dir='ltr' id='par_1_108' title="bbox 2189 4884 3844 4956">
     <span class='ocr_line' id='line_1_109' title="bbox 2189 4884 3844 4956; baseline -0.001 -19"><span class='ocrx_word' id='word_1_791' title='bbox 2189 4884 2406 4938; x_wconf 90' lang='lat' dir='ltr'><strong>tudinis</strong></span> <span class='ocrx_word' id='word_1_792' title='bbox 2429 4900 2561 4938; x_wconf 87' lang='lat' dir='ltr'><strong>cum</strong></span> <span class='ocrx_word' id='word_1_793' title='bbox 2599 4885 2837 4939; x_wconf 82' lang='lat' dir='ltr'><strong>ﬂumine</strong></span> <span class='ocrx_word' id='word_1_794' title='bbox 2867 4885 3136 4956; x_wconf 89' lang='lat' dir='ltr'><strong>frequens</strong></span> <span class='ocrx_word' id='word_1_795' title='bbox 3167 4885 3319 4955; x_wconf 90' lang='lat' dir='ltr'><strong>apud</strong></span> <span class='ocrx_word' id='word_1_796' title='bbox 3345 4885 3591 4956; x_wconf 89' lang='lat' dir='ltr'><strong>optimos</strong></span> <span class='ocrx_word' id='word_1_797' title='bbox 3623 4888 3844 4954; x_wconf 70' lang='lat' dir='ltr'><strong>quosque</strong></span> 
     </span>
    </p>
   </div>
   <div class='ocr_carea' id='block_1_109' title="bbox 2189 4970 3847 5042">
    <p class='ocr_par' dir='ltr' id='par_1_109' title="bbox 2189 4970 3847 5042">
     <span class='ocr_line' id='line_1_110' title="bbox 2189 4970 3847 5042; baseline -0.007 -16"><span class='ocrx_word' id='word_1_798' title='bbox 2189 4972 2515 5042; x_wconf 90' lang='lat' dir='ltr'><strong>scriptores,</strong></span> <span class='ocrx_word' id='word_1_799' title='bbox 2547 4973 2716 5028; x_wconf 86' lang='lat' dir='ltr'><strong>etiam</strong></span> <span class='ocrx_word' id='word_1_800' title='bbox 2748 4973 3023 5028; x_wconf 89' lang='lat' dir='ltr'><strong>ethnicos.</strong></span> <span class='ocrx_word' id='word_1_801' title='bbox 3067 4974 3208 5028; x_wconf 82' lang='lat' dir='ltr'><strong>Hinc</strong></span> <span class='ocrx_word' id='word_1_802' title='bbox 3261 4974 3488 5029; x_wconf 89' lang='lat' dir='ltr'><strong>brachia</strong></span> <span class='ocrx_word' id='word_1_803' title='bbox 3540 4977 3713 5027; x_wconf 87' lang='lat' dir='ltr'><strong>contra</strong></span> <span class='ocrx_word' id='word_1_804' title='bbox 3759 4970 3847 5019; x_wconf 86' lang='lat' dir='ltr'><strong>tor-</strong></span> 
     </span>
    </p>
   </div>
   <div class='ocr_carea' id='block_1_110' title="bbox 2187 5047 3845 5133">
    <p class='ocr_par' dir='ltr' id='par_1_110' title="bbox 2187 5047 3845 5133">
     <span class='ocr_line' id='line_1_111' title="bbox 2187 5047 3845 5133; baseline -0.005 -17"><span class='ocrx_word' id='word_1_805' title='bbox 2187 5067 2388 5116; x_wconf 87' lang='lat' dir='ltr'><strong>rentem</strong></span> <span class='ocrx_word' id='word_1_806' title='bbox 2425 5061 2681 5130; x_wconf 85' lang='lat' dir='ltr'><strong>dirigere,</strong></span> <span class='ocrx_word' id='word_1_807' title='bbox 2736 5062 2976 5132; x_wconf 89' lang='lat' dir='ltr'><strong>perinde</strong></span> <span class='ocrx_word' id='word_1_808' title='bbox 3020 5067 3106 5116; x_wconf 88' lang='lat' dir='ltr'><strong>est</strong></span> <span class='ocrx_word' id='word_1_809' title='bbox 3134 5079 3198 5117; x_wconf 91' lang='lat' dir='ltr'><strong>ac</strong></span> <span class='ocrx_word' id='word_1_810' title='bbox 3240 5078 3433 5133; x_wconf 69' lang='lat' dir='ltr'><strong>prava:</strong></span> <span class='ocrx_word' id='word_1_811' title='bbox 3485 5047 3845 5116; x_wconf 84' lang='lat' dir='ltr'><strong>consuetudini</strong></span> 
     </span>
    </p>
   </div>
   <div class='ocr_carea' id='block_1_111' title="bbox 2188 5149 3152 5219">
    <p class='ocr_par' dir='ltr' id='par_1_111' title="bbox 2188 5149 3152 5219">
     <span class='ocr_line' id='line_1_112' title="bbox 2188 5149 3152 5219; baseline 0 -15"><span class='ocrx_word' id='word_1_812' title='bbox 2188 5149 2494 5205; x_wconf 86' lang='lat' dir='ltr'><strong>adversari.</strong></span> <span class='ocrx_word' id='word_1_813' title='bbox 2523 5151 2812 5204; x_wconf 84' lang='lat' dir='ltr'><strong>Juvenalis</strong></span> <span class='ocrx_word' id='word_1_814' title='bbox 2840 5155 2945 5204; x_wconf 89' lang='lat' dir='ltr'><strong>sat.</strong></span> <span class='ocrx_word' id='word_1_815' title='bbox 2979 5151 3036 5219; x_wconf 85' lang='grc'>4,</span> <span class='ocrx_word' id='word_1_816' title='bbox 3064 5152 3152 5204; x_wconf 91' lang='grc'><strong>89.</strong></span> 
     </span>
    </p>
   </div>
   <div class='ocr_carea' id='block_1_112' title="bbox 2467 5225 3718 5302">
    <p class='ocr_par' dir='ltr' id='par_1_112' title="bbox 2467 5225 3718 5302">
     <span class='ocr_line' id='line_1_113' title="bbox 2467 5225 3718 5302; baseline -0.003 -16"><span class='ocrx_word' id='word_1_817' title='bbox 2467 5237 2558 5302; x_wconf 81' lang='lat' dir='ltr'><strong>Ille</strong></span> <span class='ocrx_word' id='word_1_818' title='bbox 2593 5237 2754 5300; x_wconf 86' lang='lat' dir='ltr'><strong>igitur</strong></span> <span class='ocrx_word' id='word_1_819' title='bbox 2782 5251 3056 5302; x_wconf 87' lang='lat' dir='ltr'><strong>nunquam</strong></span> <span class='ocrx_word' id='word_1_820' title='bbox 3091 5225 3524 5288; x_wconf 27' lang='lat' dir='ltr'><strong>dixerit-brachia</strong></span> <span class='ocrx_word' id='word_1_821' title='bbox 3549 5237 3718 5286; x_wconf 84' lang='lat' dir='ltr'><strong>contra</strong></span> 
     </span>
    </p>
   </div>
   <div class='ocr_carea' id='block_1_113' title="bbox 2465 5301 2773 5349">
    <p class='ocr_par' dir='ltr' id='par_1_113' title="bbox 2465 5301 2773 5349">
     <span class='ocr_line' id='line_1_114' title="bbox 2465 5301 2773 5349; baseline -0.003 0"><span class='ocrx_word' id='word_1_822' title='bbox 2465 5301 2773 5349; x_wconf 88' lang='lat' dir='ltr'><strong>Torrentem</strong></span> 
     </span>
    </p>
   </div>
   <div class='ocr_carea' id='block_1_114' title="bbox 2259 5388 3846 5483">
    <p class='ocr_par' dir='ltr' id='par_1_114' title="bbox 2259 5388 3846 5483">
     <span class='ocr_line' id='line_1_115' title="bbox 2259 5388 3846 5483; baseline -0.01 -28"><span class='ocrx_word' id='word_1_823' title='bbox 2259 5399 2400 5468; x_wconf 89' lang='lat' dir='ltr'><strong>Cap.</strong></span> <span class='ocrx_word' id='word_1_824' title='bbox 2441 5400 2522 5465; x_wconf 84' lang='lat' dir='ltr'><strong>l6,</strong></span> <span class='ocrx_word' id='word_1_825' title='bbox 2558 5400 2584 5464; x_wconf 67' lang='grc' dir='ltr'>ἕ</span> <span class='ocrx_word' id='word_1_826' title='bbox 2638 5400 2726 5452; x_wconf 89' lang='lat'><strong>26.</strong></span> <span class='ocrx_word' id='word_1_827' title='bbox 2775 5398 2959 5467; x_wconf 87' lang='lat' dir='ltr'><strong>Supra</strong></span> <span class='ocrx_word' id='word_1_828' title='bbox 3015 5399 3306 5454; x_wconf 87' lang='lat' dir='ltr'><strong>mercedem</strong></span> <span class='ocrx_word' id='word_1_829' title='bbox 3347 5395 3598 5464; x_wconf 71' lang='lat' dir='ltr'><strong>salaria]</strong></span> <span class='ocrx_word' id='word_1_830' title='bbox 3654 5393 3751 5447; x_wconf 87' lang='lat' dir='ltr'><strong>Hoc</strong></span> <span class='ocrx_word' id='word_1_831' title='bbox 3776 5388 3846 5483; x_wconf 76' lang='lat' dir='ltr'><strong>est</strong></span> 
     </span>
    </p>
   </div>
   <div class='ocr_carea' id='block_1_115' title="bbox 2184 5485 3842 5559">
    <p class='ocr_par' dir='ltr' id='par_1_115' title="bbox 2184 5485 3842 5559">
     <span class='ocr_line' id='line_1_116' title="bbox 2184 5485 3842 5559; baseline -0.005 -17"><span class='ocrx_word' id='word_1_832' title='bbox 2184 5491 2395 5559; x_wconf 69' lang='lat' dir='ltr'><strong>praeter</strong></span> <span class='ocrx_word' id='word_1_833' title='bbox 2424 5486 2722 5553; x_wconf 88' lang='lat' dir='ltr'><strong>minerval,</strong></span> <span class='ocrx_word' id='word_1_834' title='bbox 2745 5502 2778 5541; x_wconf 86' lang='lat' dir='ltr'><strong>a</strong></span> <span class='ocrx_word' id='word_1_835' title='bbox 2806 5486 3048 5558; x_wconf 89' lang='lat' dir='ltr'><strong>singulis</strong></span> <span class='ocrx_word' id='word_1_836' title='bbox 3078 5488 3271 5559; x_wconf 88' lang='lat' dir='ltr'><strong>pueris</strong></span> <span class='ocrx_word' id='word_1_837' title='bbox 3302 5487 3444 5540; x_wconf 89' lang='lat' dir='ltr'><strong>solvi</strong></span> <span class='ocrx_word' id='word_1_838' title='bbox 3486 5485 3722 5543; x_wconf 85' lang='lat' dir='ltr'><strong>solitum,</strong></span> <span class='ocrx_word' id='word_1_839' title='bbox 3751 5490 3842 5547; x_wconf 78' lang='lat' dir='ltr'><strong>prl-</strong></span> 
     </span>
    </p>
   </div>
   <div class='ocr_carea' id='block_1_116' title="bbox 2187 5565 3836 5647">
    <p class='ocr_par' dir='ltr' id='par_1_116' title="bbox 2187 5565 3836 5647">
     <span class='ocr_line' id='line_1_117' title="bbox 2187 5565 3836 5647; baseline -0.01 -17"><span class='ocrx_word' id='word_1_840' title='bbox 2187 5581 2312 5630; x_wconf 74' lang='lat' dir='ltr'><strong>vato</strong></span> <span class='ocrx_word' id='word_1_841' title='bbox 2334 5592 2468 5644; x_wconf 72' lang='lat' dir='ltr'><strong>iere,</strong></span> <span class='ocrx_word' id='word_1_842' title='bbox 2495 5574 2884 5647; x_wconf 86' lang='lat' dir='ltr'><strong>grammaticis</strong></span> <span class='ocrx_word' id='word_1_843' title='bbox 2904 5576 3131 5647; x_wconf 86' lang='lat' dir='ltr'><strong>publice</strong></span> <span class='ocrx_word' id='word_1_844' title='bbox 3162 5575 3466 5632; x_wconf 88' lang='lat' dir='ltr'><strong>constituta</strong></span> <span class='ocrx_word' id='word_1_845' title='bbox 3479 5565 3836 5628; x_wconf 74' lang='lat' dir='ltr'><strong>erantsaluria,</strong></span> 
     </span>
    </p>
   </div>
  </div>
