  <div class='ocr_page' id='page_1' title='image "/cluster/home/n/w/nwhite01/storage/ocr_20150623/47/hvd.32044096580683/108.png"; bbox 0 0 3922 6188; ppageno 0'>
   <div class='ocr_carea' id='block_1_1' title="bbox 92 255 1641 354">
    <p class='ocr_par' dir='ltr' id='par_1_1' title="bbox 92 255 1632 340">
     <span class='ocr_line' id='line_1_1' title="bbox 92 255 1632 340; baseline -0.001 0"><span class='ocrx_word' id='word_1_1' title='bbox 92 290 175 340; x_wconf 76' lang='lat'>20:;</span> <span class='ocrx_word' id='word_1_2' title='bbox 386 255 392 260; x_wconf 72' lang='grc'><em>’</em></span> <span class='ocrx_word' id='word_1_3' title='bbox 834 281 1198 338; x_wconf 65' lang='lat' dir='ltr'>umorum</span> <span class='ocrx_word' id='word_1_4' title='bbox 1241 283 1632 339; x_wconf 81' lang='lat' dir='ltr'><strong>EXERCITAT</strong></span> 
     </span>
    </p>
   </div>
   <div class='ocr_carea' id='block_1_2' title="bbox 1996 255 3545 354">
    <p class='ocr_par' dir='ltr' id='par_1_2' title="bbox 1996 284 3545 354">
     <span class='ocr_line' id='line_1_2' title="bbox 1996 284 3545 354; baseline 0.01 -16"><span class='ocrx_word' id='word_1_5' title='bbox 2085 284 2459 342; x_wconf 85' lang='lat' dir='ltr'><strong>AUGUSTINI</strong></span> <span class='ocrx_word' id='word_1_6' title='bbox 2499 288 2753 344; x_wconf 79' lang='lat' dir='ltr'>OI’ERA.</span> <span class='ocrx_word' id='word_1_7' title='bbox 3442 300 3545 354; x_wconf 84' lang='lat'>206</span> 
     </span>
    </p>
   </div>
   <div class='ocr_carea' id='block_1_3' title="bbox 98 402 3544 492">
    <p class='ocr_par' dir='ltr' id='par_1_3' title="bbox 98 402 3544 492">
     <span class='ocr_line' id='line_1_3' title="bbox 98 402 3544 492; baseline 0.005 -30"><span class='ocrx_word' id='word_1_8' title='bbox 98 424 174 462; x_wconf 82' lang='lat' dir='ltr'>seu</span> <span class='ocrx_word' id='word_1_9' title='bbox 196 403 463 476; x_wconf 86' lang='lat' dir='ltr'>stipendia</span> <span class='ocrx_word' id='word_1_10' title='bbox 491 420 556 458; x_wconf 84' lang='lat' dir='ltr'>ex</span> <span class='ocrx_word' id='word_1_11' title='bbox 585 402 813 474; x_wconf 82' lang='lat' dir='ltr'>publica</span> <span class='ocrx_word' id='word_1_12' title='bbox 861 403 1104 476; x_wconf 86' lang='lat' dir='ltr'>pecunia</span> <span class='ocrx_word' id='word_1_13' title='bbox 1133 405 1420 460; x_wconf 89' lang='lat' dir='ltr'>solvenda.</span> <span class='ocrx_word' id='word_1_14' title='bbox 1445 408 1558 460; x_wconf 85' lang='lat' dir='ltr'>Aut</span> <span class='ocrx_word' id='word_1_15' title='bbox 1585 405 1728 460; x_wconf 85' lang='lat' dir='ltr'>forte</span> <span class='ocrx_word' id='word_1_16' title='bbox 1766 407 1810 461; x_wconf 83' lang='lat' dir='ltr'>A</span> <span class='ocrx_word' id='word_1_17' title='bbox 1841 406 2315 477; x_wconf 81' lang='lat' dir='ltr'>Carliaginieusis,</span> <span class='ocrx_word' id='word_1_18' title='bbox 2353 411 2478 466; x_wconf 86' lang='lat' dir='ltr'>vide</span> <span class='ocrx_word' id='word_1_19' title='bbox 2523 429 2652 483; x_wconf 75' lang='lat' dir='ltr'>quae</span> <span class='ocrx_word' id='word_1_20' title='bbox 2699 413 2869 470; x_wconf 85' lang='lat' dir='ltr'>habet</span> <span class='ocrx_word' id='word_1_21' title='bbox 2897 414 3044 471; x_wconf 81' lang='lat' dir='ltr'>infra</span> <span class='ocrx_word' id='word_1_22' title='bbox 3092 418 3191 474; x_wconf 90' lang='lat' dir='ltr'>lib.</span> <span class='ocrx_word' id='word_1_23' title='bbox 3232 436 3282 486; x_wconf 87' lang='lat' dir='ltr'>v,</span> <span class='ocrx_word' id='word_1_24' title='bbox 3317 436 3440 492; x_wconf 86' lang='lat' dir='ltr'>cap.</span> <span class='ocrx_word' id='word_1_25' title='bbox 3490 425 3544 488; x_wconf 91' lang='lat'>8,</span> 
     </span>
    </p>
   </div>
   <div class='ocr_carea' id='block_1_4' title="bbox 99 492 3350 571">
    <p class='ocr_par' dir='ltr' id='par_1_4' title="bbox 99 492 3350 571">
     <span class='ocr_line' id='line_1_4' title="bbox 99 492 3350 571; baseline 0.003 -22"><span class='ocrx_word' id='word_1_26' title='bbox 99 513 122 549; x_wconf 88' lang='lat' dir='ltr'>a</span> <span class='ocrx_word' id='word_1_27' title='bbox 157 493 394 548; x_wconf 83' lang='lat' dir='ltr'>mercede</span> <span class='ocrx_word' id='word_1_28' title='bbox 438 492 762 563; x_wconf 81' lang='lat' dir='ltr'>pecuniaria</span> <span class='ocrx_word' id='word_1_29' title='bbox 811 493 1184 564; x_wconf 80' lang='lat' dir='ltr'>distinguitur</span> <span class='ocrx_word' id='word_1_30' title='bbox 1225 497 1510 562; x_wconf 87' lang='lat' dir='ltr'>salarium,</span> <span class='ocrx_word' id='word_1_31' title='bbox 1544 499 1605 549; x_wconf 89' lang='lat' dir='ltr'>ut</span> <span class='ocrx_word' id='word_1_32' title='bbox 1638 496 1742 549; x_wconf 85' lang='lat' dir='ltr'>hac</span> <span class='ocrx_word' id='word_1_33' title='bbox 1860 512 1987 566; x_wconf 83' lang='lat' dir='ltr'>quae</span> <span class='ocrx_word' id='word_1_34' title='bbox 2019 498 2212 551; x_wconf 85' lang='lat' dir='ltr'>confer</span> <span class='ocrx_word' id='word_1_35' title='bbox 2236 515 2365 552; x_wconf 91' lang='lat' dir='ltr'>cum</span> <span class='ocrx_word' id='word_1_36' title='bbox 2389 517 2510 571; x_wconf 85' lang='lat' dir='ltr'>cap.</span> <span class='ocrx_word' id='word_1_37' title='bbox 2541 504 2624 555; x_wconf 88' lang='lat'>12.</span> <span class='ocrx_word' id='word_1_38' title='bbox 3342 501 3350 506; x_wconf 79' lang='grc'><em>’</em></span> 
     </span>
    </p>
   </div>
   <div class='ocr_carea' id='block_1_5' title="bbox 101 580 3543 670">
    <p class='ocr_par' dir='ltr' id='par_1_5' title="bbox 101 580 3543 670">
     <span class='ocr_line' id='line_1_5' title="bbox 101 580 3543 670; baseline 0.005 -33"><span class='ocrx_word' id='word_1_39' title='bbox 101 600 201 638; x_wconf 83' lang='lat' dir='ltr'>voce</span> <span class='ocrx_word' id='word_1_40' title='bbox 242 580 626 670; x_wconf 84' lang='lat' dir='ltr'>signiﬁcentur</span> <span class='ocrx_word' id='word_1_41' title='bbox 667 582 744 635; x_wconf 87' lang='lat' dir='ltr'>sal</span> <span class='ocrx_word' id='word_1_42' title='bbox 792 581 1017 653; x_wconf 86' lang='lat' dir='ltr'>publice</span> <span class='ocrx_word' id='word_1_43' title='bbox 1048 583 1377 653; x_wconf 79' lang='lat' dir='ltr'>praebitum,</span> <span class='ocrx_word' id='word_1_44' title='bbox 1409 598 1623 648; x_wconf 88' lang='lat' dir='ltr'>carnes,</span> <span class='ocrx_word' id='word_1_45' title='bbox 1659 581 1740 634; x_wconf 90' lang='lat' dir='ltr'>vi-</span> <span class='ocrx_word' id='word_1_46' title='bbox 1925 585 2058 655; x_wconf 90' lang='lat' dir='ltr'>Cap.</span> <span class='ocrx_word' id='word_1_47' title='bbox 2114 589 2163 652; x_wconf 80' lang='grc'>5,</span> <span class='ocrx_word' id='word_1_48' title='bbox 2200 585 2228 655; x_wconf 82' lang='lat'>§</span> <span class='ocrx_word' id='word_1_49' title='bbox 2306 591 2394 642; x_wconf 88' lang='lat'>21.</span> <span class='ocrx_word' id='word_1_50' title='bbox 2453 590 2702 658; x_wconf 80' lang='lat' dir='ltr'>Quinque</span> <span class='ocrx_word' id='word_1_51' title='bbox 2748 598 2912 646; x_wconf 86' lang='lat' dir='ltr'>antra</span> <span class='ocrx_word' id='word_1_52' title='bbox 2971 596 3328 662; x_wconf 79' lang='lat' dir='ltr'>tenebrarum,</span> <span class='ocrx_word' id='word_1_53' title='bbox 3389 597 3543 670; x_wconf 88' lang='lat' dir='ltr'>etc.]</span> 
     </span>
    </p>
   </div>
   <div class='ocr_carea' id='block_1_6' title="bbox 104 669 3552 756">
    <p class='ocr_par' dir='ltr' id='par_1_6' title="bbox 104 669 3552 756">
     <span class='ocr_line' id='line_1_6' title="bbox 104 669 3552 756; baseline 0.005 -31"><span class='ocrx_word' id='word_1_54' title='bbox 104 687 226 734; x_wconf 87' lang='lat' dir='ltr'>num,</span> <span class='ocrx_word' id='word_1_55' title='bbox 275 669 483 733; x_wconf 90' lang='lat' dir='ltr'>oleum,</span> <span class='ocrx_word' id='word_1_56' title='bbox 530 675 633 724; x_wconf 85' lang='lat' dir='ltr'>etc.</span> <span class='ocrx_word' id='word_1_57' title='bbox 675 670 763 724; x_wconf 91' lang='lat' dir='ltr'>Sic</span> <span class='ocrx_word' id='word_1_58' title='bbox 806 670 868 723; x_wconf 90' lang='lat' dir='ltr'>in</span> <span class='ocrx_word' id='word_1_59' title='bbox 902 671 1143 741; x_wconf 90' lang='lat' dir='ltr'>epistola</span> <span class='ocrx_word' id='word_1_60' title='bbox 1172 671 1471 738; x_wconf 88' lang='lat' dir='ltr'>Valeriani,</span> <span class='ocrx_word' id='word_1_61' title='bbox 1502 687 1630 741; x_wconf 81' lang='lat' dir='ltr'>quae</span> <span class='ocrx_word' id='word_1_62' title='bbox 1662 670 1740 726; x_wconf 87' lang='lat' dir='ltr'>le-</span> <span class='ocrx_word' id='word_1_63' title='bbox 1855 672 2236 728; x_wconf 87' lang='lat' dir='ltr'>Deliramenta</span> <span class='ocrx_word' id='word_1_64' title='bbox 2265 676 2387 730; x_wconf 67' lang='lat' dir='ltr'>haec</span> <span class='ocrx_word' id='word_1_65' title='bbox 2431 678 2873 735; x_wconf 67' lang='lat' dir='ltr'>Manichazorum</span> <span class='ocrx_word' id='word_1_66' title='bbox 2923 683 3206 753; x_wconf 89' lang='lat' dir='ltr'>copiosius</span> <span class='ocrx_word' id='word_1_67' title='bbox 3233 687 3465 756; x_wconf 82' lang='lat' dir='ltr'>exponit</span> <span class='ocrx_word' id='word_1_68' title='bbox 3497 669 3552 742; x_wconf 83' lang='lat' dir='ltr'>et</span> 
     </span>
    </p>
   </div>
   <div class='ocr_carea' id='block_1_7' title="bbox 77 754 3548 844">
    <p class='ocr_par' dir='ltr' id='par_1_7' title="bbox 77 754 3548 844">
     <span class='ocr_line' id='line_1_7' title="bbox 77 754 3548 844; baseline 0.005 -32"><span class='ocrx_word' id='word_1_69' title='bbox 77 760 222 830; x_wconf 67' lang='lat' dir='ltr'>gitur</span> <span class='ocrx_word' id='word_1_70' title='bbox 244 754 298 810; x_wconf 90' lang='lat' dir='ltr'>in</span> <span class='ocrx_word' id='word_1_71' title='bbox 325 755 445 809; x_wconf 86' lang='lat' dir='ltr'>Vita</span> <span class='ocrx_word' id='word_1_72' title='bbox 477 756 661 825; x_wconf 85' lang='lat' dir='ltr'>Probi,</span> <span class='ocrx_word' id='word_1_73' title='bbox 692 773 725 810; x_wconf 90' lang='lat' dir='ltr'>a</span> <span class='ocrx_word' id='word_1_74' title='bbox 756 757 944 811; x_wconf 85' lang='lat' dir='ltr'>Flavio</span> <span class='ocrx_word' id='word_1_75' title='bbox 976 759 1213 830; x_wconf 88' lang='lat' dir='ltr'>Vopisco</span> <span class='ocrx_word' id='word_1_76' title='bbox 1245 757 1582 828; x_wconf 88' lang='lat' dir='ltr'>conscripta,</span> <span class='ocrx_word' id='word_1_77' title='bbox 1621 772 1738 810; x_wconf 87' lang='lat' dir='ltr'>mc-</span> <span class='ocrx_word' id='word_1_78' title='bbox 1852 761 2108 816; x_wconf 79' lang='lat' dir='ltr'>confutet</span> <span class='ocrx_word' id='word_1_79' title='bbox 2153 764 2503 833; x_wconf 84' lang='lat' dir='ltr'>Augustinus</span> <span class='ocrx_word' id='word_1_80' title='bbox 2542 765 2603 819; x_wconf 87' lang='lat' dir='ltr'>in</span> <span class='ocrx_word' id='word_1_81' title='bbox 2645 767 2743 822; x_wconf 92' lang='lat' dir='ltr'>lib.</span> <span class='ocrx_word' id='word_1_82' title='bbox 2793 774 2991 824; x_wconf 88' lang='lat' dir='ltr'>contra</span> <span class='ocrx_word' id='word_1_83' title='bbox 3029 772 3200 843; x_wconf 81' lang='lat' dir='ltr'>Epist.</span> <span class='ocrx_word' id='word_1_84' title='bbox 3235 754 3548 844; x_wconf 63' lang='lat' dir='ltr'>lllalnichzei,</span> 
     </span>
    </p>
   </div>
   <div class='ocr_carea' id='block_1_8' title="bbox 100 845 2853 921">
    <p class='ocr_par' dir='ltr' id='par_1_8' title="bbox 100 845 2853 921">
     <span class='ocr_line' id='line_1_8' title="bbox 100 845 2853 921; baseline 0.003 -19"><span class='ocrx_word' id='word_1_85' title='bbox 100 846 290 902; x_wconf 86' lang='lat' dir='ltr'>moratis</span> <span class='ocrx_word' id='word_1_86' title='bbox 317 845 558 898; x_wconf 84' lang='lat' dir='ltr'>vestibus</span> <span class='ocrx_word' id='word_1_87' title='bbox 589 849 644 899; x_wconf 90' lang='lat' dir='ltr'>et</span> <span class='ocrx_word' id='word_1_88' title='bbox 672 846 914 917; x_wconf 83' lang='lat' dir='ltr'>pecunia</span> <span class='ocrx_word' id='word_1_89' title='bbox 942 864 1083 919; x_wconf 89' lang='lat' dir='ltr'>quas</span> <span class='ocrx_word' id='word_1_90' title='bbox 1123 848 1422 919; x_wconf 65' lang='lat' dir='ltr'>praefectus</span> <span class='ocrx_word' id='word_1_91' title='bbox 1472 845 1739 917; x_wconf 69' lang='lat' dir='ltr'>praetorio</span> <span class='ocrx_word' id='word_1_92' title='bbox 1851 865 1974 919; x_wconf 88' lang='lat' dir='ltr'>cap.</span> <span class='ocrx_word' id='word_1_93' title='bbox 2012 852 2095 904; x_wconf 85' lang='lat'>15.</span> <span class='ocrx_word' id='word_1_94' title='bbox 2131 851 2229 921; x_wconf 91' lang='lat' dir='ltr'>qui</span> <span class='ocrx_word' id='word_1_95' title='bbox 2259 852 2403 906; x_wconf 90' lang='lat' dir='ltr'>liber</span> <span class='ocrx_word' id='word_1_96' title='bbox 2431 859 2515 906; x_wconf 87' lang='lat' dir='ltr'>est</span> <span class='ocrx_word' id='word_1_97' title='bbox 2541 859 2680 910; x_wconf 87' lang='lat' dir='ltr'>tom.</span> <span class='ocrx_word' id='word_1_98' title='bbox 2711 857 2853 910; x_wconf 87' lang='lat' dir='ltr'><strong>VIII.</strong></span> 
     </span>
    </p>
   </div>
   <div class='ocr_carea' id='block_1_9' title="bbox 93 934 3551 1012">
    <p class='ocr_par' dir='ltr' id='par_1_9' title="bbox 93 934 3551 1012">
     <span class='ocr_line' id='line_1_9' title="bbox 93 934 3551 1012; baseline 0.004 -22"><span class='ocrx_word' id='word_1_99' title='bbox 93 936 356 1007; x_wconf 88' lang='lat' dir='ltr'>jubebatur</span> <span class='ocrx_word' id='word_1_100' title='bbox 401 934 536 989; x_wconf 89' lang='lat' dir='ltr'>dare</span> <span class='ocrx_word' id='word_1_101' title='bbox 589 936 807 990; x_wconf 89' lang='lat' dir='ltr'>Probo:</span> <span class='ocrx_word' id='word_1_102' title='bbox 859 939 991 990; x_wconf 89' lang='lat' dir='ltr'>Item</span> <span class='ocrx_word' id='word_1_103' title='bbox 1025 940 1080 991; x_wconf 86' lang='lat' dir='ltr'>in</span> <span class='ocrx_word' id='word_1_104' title='bbox 1125 939 1328 992; x_wconf 83' lang='lat' dir='ltr'>salario</span> <span class='ocrx_word' id='word_1_105' title='bbox 1372 937 1588 1002; x_wconf 85' lang='lat' dir='ltr'>diurno,</span> <span class='ocrx_word' id='word_1_106' title='bbox 1638 935 1741 988; x_wconf 83' lang='lat' dir='ltr'>bu-</span> <span class='ocrx_word' id='word_1_107' title='bbox 1923 939 2056 1006; x_wconf 85' lang='lat' dir='ltr'>Cap.</span> <span class='ocrx_word' id='word_1_108' title='bbox 2083 941 2136 1003; x_wconf 83' lang='grc'>7,</span> <span class='ocrx_word' id='word_1_109' title='bbox 2168 938 2195 1007; x_wconf 79' lang='lat'>§</span> <span class='ocrx_word' id='word_1_110' title='bbox 2249 941 2331 994; x_wconf 90' lang='lat'>13.</span> <span class='ocrx_word' id='word_1_111' title='bbox 2386 943 2646 1009; x_wconf 75' lang='lat' dir='ltr'>Nunquid</span> <span class='ocrx_word' id='word_1_112' title='bbox 2671 944 2900 1012; x_wconf 83' lang='lat' dir='ltr'>justitia</span> <span class='ocrx_word' id='word_1_113' title='bbox 2931 949 3091 1000; x_wconf 84' lang='lat' dir='ltr'>varia</span> <span class='ocrx_word' id='word_1_114' title='bbox 3121 952 3199 1002; x_wconf 89' lang='lat' dir='ltr'>est</span> <span class='ocrx_word' id='word_1_115' title='bbox 3229 953 3277 1002; x_wconf 90' lang='lat' dir='ltr'>et</span> <span class='ocrx_word' id='word_1_116' title='bbox 3307 952 3551 1005; x_wconf 82' lang='lat' dir='ltr'>mutabi-</span> 
     </span>
    </p>
   </div>
   <div class='ocr_carea' id='block_1_10' title="bbox 98 1021 3550 1107">
    <p class='ocr_par' dir='ltr' id='par_1_10' title="bbox 98 1021 3550 1107">
     <span class='ocr_line' id='line_1_10' title="bbox 98 1021 3550 1107; baseline 0.005 -31"><span class='ocrx_word' id='word_1_117' title='bbox 98 1025 203 1076; x_wconf 77' lang='lat' dir='ltr'>bula:</span> <span class='ocrx_word' id='word_1_118' title='bbox 229 1021 419 1091; x_wconf 84' lang='lat' dir='ltr'>pondo,</span> <span class='ocrx_word' id='word_1_119' title='bbox 451 1024 690 1091; x_wconf 65' lang='lat' dir='ltr'>porcina.v</span> <span class='ocrx_word' id='word_1_120' title='bbox 725 1023 906 1093; x_wconf 80' lang='lat' dir='ltr'>pondo</span> <span class='ocrx_word' id='word_1_121' title='bbox 932 1039 1046 1092; x_wconf 71' lang='lat' dir='ltr'>sem,</span> <span class='ocrx_word' id='word_1_122' title='bbox 1081 1028 1318 1094; x_wconf 64' lang='lat' dir='ltr'>caprina?</span> <span class='ocrx_word' id='word_1_123' title='bbox 1335 1024 1514 1094; x_wconf 87' lang='lat' dir='ltr'>pondo</span> <span class='ocrx_word' id='word_1_124' title='bbox 1544 1024 1740 1089; x_wconf 82' lang='lat' dir='ltr'>decem,</span> <span class='ocrx_word' id='word_1_125' title='bbox 1853 1027 1940 1092; x_wconf 84' lang='lat' dir='ltr'>lis,</span> <span class='ocrx_word' id='word_1_126' title='bbox 1992 1031 2097 1080; x_wconf 80' lang='lat' dir='ltr'>etc.</span> <span class='ocrx_word' id='word_1_127' title='bbox 2154 1024 2174 1097; x_wconf 82' lang='lat'>]</span> <span class='ocrx_word' id='word_1_128' title='bbox 2216 1029 2352 1090; x_wconf 65' lang='lat' dir='ltr'>Ilaec</span> <span class='ocrx_word' id='word_1_129' title='bbox 2395 1031 2713 1085; x_wconf 81' lang='lat' dir='ltr'>accuratius</span> <span class='ocrx_word' id='word_1_130' title='bbox 2760 1034 3000 1088; x_wconf 86' lang='lat' dir='ltr'>excussit</span> <span class='ocrx_word' id='word_1_131' title='bbox 3061 1037 3432 1107; x_wconf 81' lang='lat' dir='ltr'>Augustinus,</span> <span class='ocrx_word' id='word_1_132' title='bbox 3490 1040 3550 1094; x_wconf 87' lang='lat' dir='ltr'>in</span> 
     </span>
    </p>
   </div>
   <div class='ocr_carea' id='block_1_11' title="bbox 96 1112 3550 1197">
    <p class='ocr_par' dir='ltr' id='par_1_11' title="bbox 96 1112 3550 1197">
     <span class='ocr_line' id='line_1_11' title="bbox 96 1112 3550 1197; baseline 0.005 -32"><span class='ocrx_word' id='word_1_133' title='bbox 96 1113 410 1181; x_wconf 86' lang='lat' dir='ltr'>gallinaceum</span> <span class='ocrx_word' id='word_1_134' title='bbox 465 1127 565 1181; x_wconf 81' lang='lat' dir='ltr'>per</span> <span class='ocrx_word' id='word_1_135' title='bbox 618 1112 855 1175; x_wconf 88' lang='lat' dir='ltr'>biduum,</span> <span class='ocrx_word' id='word_1_136' title='bbox 905 1115 1006 1168; x_wconf 89' lang='lat' dir='ltr'>olei</span> <span class='ocrx_word' id='word_1_137' title='bbox 1024 1129 1124 1183; x_wconf 86' lang='lat' dir='ltr'>per</span> <span class='ocrx_word' id='word_1_138' title='bbox 1171 1113 1396 1168; x_wconf 80' lang='lat' dir='ltr'>biduum</span> <span class='ocrx_word' id='word_1_139' title='bbox 1443 1114 1742 1168; x_wconf 74' lang='lat' dir='ltr'>sextarium</span> <span class='ocrx_word' id='word_1_140' title='bbox 1851 1114 2009 1168; x_wconf 87' lang='lat' dir='ltr'>libris</span> <span class='ocrx_word' id='word_1_141' title='bbox 2059 1119 2254 1170; x_wconf 89' lang='lat' dir='ltr'>contra</span> <span class='ocrx_word' id='word_1_142' title='bbox 2304 1117 2661 1186; x_wconf 69' lang='lat' dir='ltr'>Manichacus,</span> <span class='ocrx_word' id='word_1_143' title='bbox 2705 1120 2806 1190; x_wconf 87' lang='lat' dir='ltr'>qui</span> <span class='ocrx_word' id='word_1_144' title='bbox 2847 1123 3095 1177; x_wconf 85' lang='lat' dir='ltr'>adeundi</span> <span class='ocrx_word' id='word_1_145' title='bbox 3141 1125 3306 1179; x_wconf 86' lang='lat' dir='ltr'>abiis</span> <span class='ocrx_word' id='word_1_146' title='bbox 3334 1126 3432 1197; x_wconf 90' lang='lat' dir='ltr'>qui</span> <span class='ocrx_word' id='word_1_147' title='bbox 3453 1144 3550 1181; x_wconf 85' lang='lat' dir='ltr'>re—</span> 
     </span>
    </p>
   </div>
   <div class='ocr_carea' id='block_1_12' title="bbox 93 1199 3551 1282">
    <p class='ocr_par' dir='ltr' id='par_1_12' title="bbox 93 1199 3551 1282">
     <span class='ocr_line' id='line_1_12' title="bbox 93 1199 3551 1282; baseline 0.005 -28"><span class='ocrx_word' id='word_1_148' title='bbox 93 1217 244 1265; x_wconf 82' lang='lat' dir='ltr'>unum,</span> <span class='ocrx_word' id='word_1_149' title='bbox 279 1202 392 1253; x_wconf 79' lang='lat' dir='ltr'>vini</span> <span class='ocrx_word' id='word_1_150' title='bbox 419 1201 613 1254; x_wconf 77' lang='lat' dir='ltr'>veteris</span> <span class='ocrx_word' id='word_1_151' title='bbox 649 1199 873 1256; x_wconf 84' lang='lat' dir='ltr'>diurnos</span> <span class='ocrx_word' id='word_1_152' title='bbox 903 1207 1169 1257; x_wconf 72' lang='lat' dir='ltr'>sextarios</span> <span class='ocrx_word' id='word_1_153' title='bbox 1199 1202 1399 1268; x_wconf 89' lang='lat' dir='ltr'>decem,</span> <span class='ocrx_word' id='word_1_154' title='bbox 1430 1218 1547 1256; x_wconf 89' lang='lat' dir='ltr'>cum</span> <span class='ocrx_word' id='word_1_155' title='bbox 1568 1201 1743 1255; x_wconf 83' lang='lat' dir='ltr'>larido</span> <span class='ocrx_word' id='word_1_156' title='bbox 1852 1219 2124 1274; x_wconf 88' lang='lat' dir='ltr'>sponsum</span> <span class='ocrx_word' id='word_1_157' title='bbox 2154 1205 2262 1259; x_wconf 89' lang='lat' dir='ltr'>hoc</span> <span class='ocrx_word' id='word_1_158' title='bbox 2292 1207 2470 1276; x_wconf 87' lang='lat' dir='ltr'>probe</span> <span class='ocrx_word' id='word_1_159' title='bbox 2491 1207 2811 1279; x_wconf 82' lang='lat' dir='ltr'>intelligere</span> <span class='ocrx_word' id='word_1_160' title='bbox 2850 1211 3109 1282; x_wconf 89' lang='lat' dir='ltr'>cupiunt.</span> <span class='ocrx_word' id='word_1_161' title='bbox 3159 1215 3388 1270; x_wconf 89' lang='lat' dir='ltr'>Collecti</span> <span class='ocrx_word' id='word_1_162' title='bbox 3417 1222 3551 1271; x_wconf 88' lang='lat' dir='ltr'>sunt</span> 
     </span>
    </p>
   </div>
   <div class='ocr_carea' id='block_1_13' title="bbox 94 1288 2954 1368">
    <p class='ocr_par' dir='ltr' id='par_1_13' title="bbox 94 1288 2954 1368">
     <span class='ocr_line' id='line_1_13' title="bbox 94 1288 2954 1368; baseline 0.005 -28"><span class='ocrx_word' id='word_1_163' title='bbox 94 1288 344 1351; x_wconf 83' lang='lat' dir='ltr'>bubalino;</span> <span class='ocrx_word' id='word_1_164' title='bbox 392 1288 545 1354; x_wconf 86' lang='lat' dir='ltr'>salis,</span> <span class='ocrx_word' id='word_1_165' title='bbox 583 1288 800 1354; x_wconf 82' lang='lat' dir='ltr'>olerum,</span> <span class='ocrx_word' id='word_1_166' title='bbox 861 1290 1130 1357; x_wconf 85' lang='lat' dir='ltr'>lignorum</span> <span class='ocrx_word' id='word_1_167' title='bbox 1166 1295 1428 1358; x_wconf 87' lang='lat' dir='ltr'>quantum</span> <span class='ocrx_word' id='word_1_168' title='bbox 1466 1292 1600 1344; x_wconf 87' lang='lat' dir='ltr'>satis</span> <span class='ocrx_word' id='word_1_169' title='bbox 1644 1292 1740 1343; x_wconf 87' lang='lat' dir='ltr'>est.</span> <span class='ocrx_word' id='word_1_170' title='bbox 1852 1293 1894 1346; x_wconf 91' lang='lat' dir='ltr'>ii</span> <span class='ocrx_word' id='word_1_171' title='bbox 1925 1294 2056 1347; x_wconf 90' lang='lat' dir='ltr'>libri</span> <span class='ocrx_word' id='word_1_172' title='bbox 2085 1294 2142 1348; x_wconf 90' lang='lat' dir='ltr'>in</span> <span class='ocrx_word' id='word_1_173' title='bbox 2173 1312 2351 1350; x_wconf 90' lang='lat' dir='ltr'>unum</span> <span class='ocrx_word' id='word_1_174' title='bbox 2384 1314 2611 1368; x_wconf 81' lang='lat' dir='ltr'>corpus,</span> <span class='ocrx_word' id='word_1_175' title='bbox 2647 1304 2785 1354; x_wconf 89' lang='lat' dir='ltr'>tom.</span> <span class='ocrx_word' id='word_1_176' title='bbox 2815 1302 2954 1355; x_wconf 86' lang='lat' dir='ltr'><strong>VIII.</strong></span> 
     </span>
    </p>
   </div>
   <div class='ocr_carea' id='block_1_14' title="bbox 95 1374 3549 1463">
    <p class='ocr_par' dir='ltr' id='par_1_14' title="bbox 95 1374 3549 1463">
     <span class='ocr_line' id='line_1_14' title="bbox 95 1374 3549 1463; baseline 0.006 -35"><span class='ocrx_word' id='word_1_177' title='bbox 95 1377 199 1430; x_wconf 76' lang='lat' dir='ltr'>Vide</span> <span class='ocrx_word' id='word_1_178' title='bbox 227 1376 294 1430; x_wconf 89' lang='lat' dir='ltr'>ad</span> <span class='ocrx_word' id='word_1_179' title='bbox 333 1374 486 1429; x_wconf 90' lang='lat' dir='ltr'>hunc</span> <span class='ocrx_word' id='word_1_180' title='bbox 532 1376 721 1430; x_wconf 91' lang='lat' dir='ltr'>locum</span> <span class='ocrx_word' id='word_1_181' title='bbox 771 1378 904 1432; x_wconf 86' lang='lat' dir='ltr'>lntt.</span> <span class='ocrx_word' id='word_1_182' title='bbox 946 1384 1002 1433; x_wconf 88' lang='lat' dir='ltr'>et</span> <span class='ocrx_word' id='word_1_183' title='bbox 1026 1379 1096 1432; x_wconf 91' lang='lat' dir='ltr'>ad</span> <span class='ocrx_word' id='word_1_184' title='bbox 1129 1379 1310 1432; x_wconf 88' lang='lat' dir='ltr'>Vitam</span> <span class='ocrx_word' id='word_1_185' title='bbox 1345 1378 1526 1433; x_wconf 75' lang='lat' dir='ltr'>Clodii</span> <span class='ocrx_word' id='word_1_186' title='bbox 1556 1377 1743 1433; x_wconf 87' lang='lat' dir='ltr'>Albini</span> <span class='ocrx_word' id='word_1_187' title='bbox 1925 1399 2080 1436; x_wconf 77' lang='lat' dir='ltr'>uano</span> <span class='ocrx_word' id='word_1_188' title='bbox 2132 1400 2200 1436; x_wconf 81' lang='lat' dir='ltr'>1v.</span> <span class='ocrx_word' id='word_1_189' title='bbox 2251 1384 2382 1454; x_wconf 87' lang='lat' dir='ltr'>Cap.</span> <span class='ocrx_word' id='word_1_190' title='bbox 2435 1388 2484 1451; x_wconf 93' lang='lat'>3,</span> <span class='ocrx_word' id='word_1_191' title='bbox 2540 1385 2566 1454; x_wconf 63' lang='grc' dir='ltr'>ξ</span> <span class='ocrx_word' id='word_1_192' title='bbox 2596 1390 2646 1440; x_wconf 81' lang='lat'>5.</span> <span class='ocrx_word' id='word_1_193' title='bbox 2705 1388 2782 1441; x_wconf 93' lang='lat' dir='ltr'>De</span> <span class='ocrx_word' id='word_1_194' title='bbox 2808 1391 3028 1456; x_wconf 75' lang='lat' dir='ltr'>paginis</span> <span class='ocrx_word' id='word_1_195' title='bbox 3057 1394 3221 1459; x_wconf 69' lang='lat' dir='ltr'>poetae</span> <span class='ocrx_word' id='word_1_196' title='bbox 3247 1395 3549 1463; x_wconf 84' lang='lat' dir='ltr'>cujuspiam</span> 
     </span>
    </p>
   </div>
   <div class='ocr_carea' id='block_1_15' title="bbox 91 1464 3546 1551">
    <p class='ocr_par' dir='ltr' id='par_1_15' title="bbox 91 1464 3546 1551">
     <span class='ocr_line' id='line_1_15' title="bbox 91 1464 3546 1551; baseline 0.005 -34"><span class='ocrx_word' id='word_1_197' title='bbox 91 1465 171 1519; x_wconf 88' lang='lat' dir='ltr'>sub</span> <span class='ocrx_word' id='word_1_198' title='bbox 199 1464 508 1533; x_wconf 86' lang='lat' dir='ltr'>ﬁnem,ubi</span> <span class='ocrx_word' id='word_1_199' title='bbox 533 1465 868 1536; x_wconf 87' lang='lat' dir='ltr'>stipendium</span> <span class='ocrx_word' id='word_1_200' title='bbox 916 1484 950 1521; x_wconf 91' lang='lat' dir='ltr'>a</span> <span class='ocrx_word' id='word_1_201' title='bbox 996 1468 1196 1522; x_wconf 88' lang='lat' dir='ltr'>salario</span> <span class='ocrx_word' id='word_1_202' title='bbox 1238 1467 1409 1520; x_wconf 91' lang='lat' dir='ltr'>etiam</span> <span class='ocrx_word' id='word_1_203' title='bbox 1441 1465 1743 1536; x_wconf 89' lang='lat' dir='ltr'>distingui-</span> <span class='ocrx_word' id='word_1_204' title='bbox 1853 1468 1999 1540; x_wconf 82' lang='lat' dir='ltr'>etc.]</span> <span class='ocrx_word' id='word_1_205' title='bbox 2044 1471 2374 1526; x_wconf 87' lang='lat' dir='ltr'>Consulturi</span> <span class='ocrx_word' id='word_1_206' title='bbox 2420 1474 2555 1527; x_wconf 85' lang='lat' dir='ltr'>deos</span> <span class='ocrx_word' id='word_1_207' title='bbox 2605 1476 2673 1528; x_wconf 89' lang='lat' dir='ltr'>de</span> <span class='ocrx_word' id='word_1_208' title='bbox 2705 1481 2907 1530; x_wconf 86' lang='lat' dir='ltr'>eventu</span> <span class='ocrx_word' id='word_1_209' title='bbox 2955 1479 3178 1531; x_wconf 88' lang='lat' dir='ltr'>consilii</span> <span class='ocrx_word' id='word_1_210' title='bbox 3207 1481 3546 1551; x_wconf 86' lang='lat' dir='ltr'>cujuspiam.</span> 
     </span>
    </p>
   </div>
   <div class='ocr_carea' id='block_1_16' title="bbox 90 1552 3549 1640">
    <p class='ocr_par' dir='ltr' id='par_1_16' title="bbox 90 1552 3549 1640">
     <span class='ocr_line' id='line_1_16' title="bbox 90 1552 3549 1640; baseline 0.004 -33"><span class='ocrx_word' id='word_1_211' title='bbox 90 1560 175 1607; x_wconf 86' lang='lat' dir='ltr'>tur.</span> <span class='ocrx_word' id='word_1_212' title='bbox 205 1553 284 1608; x_wconf 86' lang='lat' dir='ltr'>Sic</span> <span class='ocrx_word' id='word_1_213' title='bbox 315 1558 369 1607; x_wconf 88' lang='lat' dir='ltr'>et</span> <span class='ocrx_word' id='word_1_214' title='bbox 397 1552 455 1607; x_wconf 89' lang='lat' dir='ltr'>in</span> <span class='ocrx_word' id='word_1_215' title='bbox 487 1553 623 1607; x_wconf 91' lang='lat' dir='ltr'>Cod.</span> <span class='ocrx_word' id='word_1_216' title='bbox 657 1553 757 1607; x_wconf 91' lang='lat' dir='ltr'>lib.</span> <span class='ocrx_word' id='word_1_217' title='bbox 784 1571 838 1623; x_wconf 89' lang='lat' dir='ltr'>x,</span> <span class='ocrx_word' id='word_1_218' title='bbox 896 1555 984 1609; x_wconf 84' lang='lat' dir='ltr'>tit.</span> <span class='ocrx_word' id='word_1_219' title='bbox 1014 1558 1101 1622; x_wconf 84' lang='lat'>52,</span> <span class='ocrx_word' id='word_1_220' title='bbox 1136 1556 1204 1610; x_wconf 89' lang='lat' dir='ltr'>de</span> <span class='ocrx_word' id='word_1_221' title='bbox 1246 1553 1664 1610; x_wconf 87' lang='lat' dir='ltr'>Professoribus</span> <span class='ocrx_word' id='word_1_222' title='bbox 1689 1556 1744 1606; x_wconf 82' lang='lat' dir='ltr'>et</span> <span class='ocrx_word' id='word_1_223' title='bbox 1852 1557 2142 1612; x_wconf 85' lang='lat' dir='ltr'>interdum</span> <span class='ocrx_word' id='word_1_224' title='bbox 2191 1560 2247 1614; x_wconf 90' lang='lat' dir='ltr'>in</span> <span class='ocrx_word' id='word_1_225' title='bbox 2298 1577 2497 1615; x_wconf 90' lang='lat' dir='ltr'>eorum</span> <span class='ocrx_word' id='word_1_226' title='bbox 2538 1564 2788 1633; x_wconf 87' lang='lat' dir='ltr'>templis,</span> <span class='ocrx_word' id='word_1_227' title='bbox 2839 1569 2937 1618; x_wconf 90' lang='lat' dir='ltr'>aut</span> <span class='ocrx_word' id='word_1_228' title='bbox 2999 1567 3266 1634; x_wconf 82' lang='lat' dir='ltr'>privatim</span> <span class='ocrx_word' id='word_1_229' title='bbox 3331 1571 3549 1640; x_wconf 91' lang='lat' dir='ltr'>aperie-</span> 
     </span>
    </p>
   </div>
   <div class='ocr_carea' id='block_1_17' title="bbox 90 1641 3548 1750">
    <p class='ocr_par' dir='ltr' id='par_1_17' title="bbox 90 1641 3548 1750">
     <span class='ocr_line' id='line_1_17' title="bbox 90 1641 3548 1750; baseline 0.004 -52"><span class='ocrx_word' id='word_1_230' title='bbox 90 1641 298 1708; x_wconf 75' lang='lat' dir='ltr'>lledicis,</span> <span class='ocrx_word' id='word_1_231' title='bbox 346 1643 756 1698; x_wconf 87' lang='lat' dir='ltr'>Constantinus</span> <span class='ocrx_word' id='word_1_232' title='bbox 799 1644 965 1714; x_wconf 89' lang='lat' dir='ltr'>jubet</span> <span class='ocrx_word' id='word_1_233' title='bbox 1007 1645 1086 1699; x_wconf 90' lang='lat' dir='ltr'>eis</span> <span class='ocrx_word' id='word_1_234' title='bbox 1142 1644 1406 1700; x_wconf 81' lang='lat' dir='ltr'>mercedes</span> <span class='ocrx_word' id='word_1_235' title='bbox 1456 1649 1505 1698; x_wconf 88' lang='lat' dir='ltr'>et</span> <span class='ocrx_word' id='word_1_236' title='bbox 1528 1641 1742 1698; x_wconf 78' lang='lat' dir='ltr'>salaria</span> <span class='ocrx_word' id='word_1_237' title='bbox 1783 1695 1822 1750; x_wconf 79' lang='grc' dir='ltr'>Β</span> <span class='ocrx_word' id='word_1_238' title='bbox 1851 1646 1989 1701; x_wconf 87' lang='lat' dir='ltr'>bant</span> <span class='ocrx_word' id='word_1_239' title='bbox 2020 1649 2286 1703; x_wconf 82' lang='lat' dir='ltr'>volumen</span> <span class='ocrx_word' id='word_1_240' title='bbox 2317 1648 2647 1704; x_wconf 89' lang='lat' dir='ltr'>celebrioris</span> <span class='ocrx_word' id='word_1_241' title='bbox 2676 1657 2880 1722; x_wconf 75' lang='lat' dir='ltr'>poetae,</span> <span class='ocrx_word' id='word_1_242' title='bbox 2910 1657 2974 1706; x_wconf 89' lang='lat' dir='ltr'>ut</span> <span class='ocrx_word' id='word_1_243' title='bbox 3005 1656 3255 1722; x_wconf 85' lang='lat' dir='ltr'>Homeri,</span> <span class='ocrx_word' id='word_1_244' title='bbox 3310 1659 3395 1711; x_wconf 86' lang='lat' dir='ltr'>vel</span> <span class='ocrx_word' id='word_1_245' title='bbox 3427 1659 3548 1712; x_wconf 90' lang='lat' dir='ltr'>Vir-</span> 
     </span>
    </p>
   </div>
   <div class='ocr_carea' id='block_1_18' title="bbox 85 1731 3545 1813">
    <p class='ocr_par' dir='ltr' id='par_1_18' title="bbox 85 1731 3545 1813">
     <span class='ocr_line' id='line_1_18' title="bbox 85 1731 3545 1813; baseline 0.004 -29"><span class='ocrx_word' id='word_1_246' title='bbox 85 1731 211 1784; x_wconf 70' lang='grc' dir='ltr'>τ’εάάί</span> <span class='ocrx_word' id='word_1_247' title='bbox 242 1746 338 1800; x_wconf 87' lang='lat' dir='ltr'>quo</span> <span class='ocrx_word' id='word_1_248' title='bbox 364 1732 594 1798; x_wconf 79' lang='lat' dir='ltr'>facilius</span> <span class='ocrx_word' id='word_1_249' title='bbox 624 1732 937 1787; x_wconf 81' lang='lat' dir='ltr'>liberalibus</span> <span class='ocrx_word' id='word_1_250' title='bbox 967 1734 1169 1788; x_wconf 85' lang='lat' dir='ltr'>studiis</span> <span class='ocrx_word' id='word_1_251' title='bbox 1203 1733 1398 1788; x_wconf 88' lang='lat' dir='ltr'>multos</span> <span class='ocrx_word' id='word_1_252' title='bbox 1429 1733 1738 1786; x_wconf 82' lang='lat' dir='ltr'>instituant.</span> <span class='ocrx_word' id='word_1_253' title='bbox 1783 1731 1822 1750; x_wconf 84' lang='lat'>”</span> <span class='ocrx_word' id='word_1_254' title='bbox 1852 1733 2002 1805; x_wconf 82' lang='lat' dir='ltr'>gilii;</span> <span class='ocrx_word' id='word_1_255' title='bbox 2036 1739 2092 1788; x_wconf 88' lang='lat' dir='ltr'>et</span> <span class='ocrx_word' id='word_1_256' title='bbox 2119 1734 2371 1804; x_wconf 89' lang='lat' dir='ltr'>primum</span> <span class='ocrx_word' id='word_1_257' title='bbox 2394 1753 2640 1804; x_wconf 88' lang='lat' dir='ltr'>versum,</span> <span class='ocrx_word' id='word_1_258' title='bbox 2674 1738 2773 1808; x_wconf 85' lang='lat' dir='ltr'>qui</span> <span class='ocrx_word' id='word_1_259' title='bbox 2797 1741 3151 1801; x_wconf 83' lang='lat' dir='ltr'>occurrebat,</span> <span class='ocrx_word' id='word_1_260' title='bbox 3204 1760 3545 1813; x_wconf 89' lang='lat' dir='ltr'>responsum</span> 
     </span>
    </p>
   </div>
   <div class='ocr_carea' id='block_1_19' title="bbox 140 1816 3550 1894">
    <p class='ocr_par' dir='ltr' id='par_1_19' title="bbox 140 1816 3550 1894">
     <span class='ocr_line' id='line_1_19' title="bbox 140 1816 3550 1894; baseline 0.005 -24"><span class='ocrx_word' id='word_1_261' title='bbox 140 1816 439 1888; x_wconf 78' lang='lat' dir='ltr'>Ibid.,§26.</span> <span class='ocrx_word' id='word_1_262' title='bbox 498 1821 702 1875; x_wconf 72' lang='lat' dir='ltr'>Vinum</span> <span class='ocrx_word' id='word_1_263' title='bbox 745 1824 965 1890; x_wconf 85' lang='lat' dir='ltr'>erroris,</span> <span class='ocrx_word' id='word_1_264' title='bbox 998 1822 1142 1892; x_wconf 88' lang='lat' dir='ltr'>quod</span> <span class='ocrx_word' id='word_1_265' title='bbox 1168 1822 1321 1876; x_wconf 87' lang='lat' dir='ltr'>nobis</span> <span class='ocrx_word' id='word_1_266' title='bbox 1349 1819 1746 1890; x_wconf 84' lang='lat' dir='ltr'>propinabatur</span> <span class='ocrx_word' id='word_1_267' title='bbox 1855 1822 2096 1876; x_wconf 89' lang='lat' dir='ltr'>deorum</span> <span class='ocrx_word' id='word_1_268' title='bbox 2140 1823 2434 1894; x_wconf 85' lang='lat' dir='ltr'>putabant.</span> <span class='ocrx_word' id='word_1_269' title='bbox 2489 1825 2628 1879; x_wconf 87' lang='lat' dir='ltr'>Vide</span> <span class='ocrx_word' id='word_1_270' title='bbox 2680 1827 2810 1881; x_wconf 91' lang='lat' dir='ltr'>lntt.</span> <span class='ocrx_word' id='word_1_271' title='bbox 2877 1828 2946 1881; x_wconf 89' lang='lat' dir='ltr'>ad</span> <span class='ocrx_word' id='word_1_272' title='bbox 3011 1830 3197 1883; x_wconf 81' lang='lat' dir='ltr'>Vitam</span> <span class='ocrx_word' id='word_1_273' title='bbox 3244 1832 3481 1886; x_wconf 91' lang='lat' dir='ltr'>Adriani</span> <span class='ocrx_word' id='word_1_274' title='bbox 3519 1852 3550 1888; x_wconf 88' lang='lat' dir='ltr'>a</span> 
     </span>
    </p>
   </div>
   <div class='ocr_carea' id='block_1_20' title="bbox 87 1905 3548 1983">
    <p class='ocr_par' dir='ltr' id='par_1_20' title="bbox 87 1905 3548 1983">
     <span class='ocr_line' id='line_1_20' title="bbox 87 1905 3548 1983; baseline 0.004 -25"><span class='ocrx_word' id='word_1_275' title='bbox 87 1905 140 1958; x_wconf 86' lang='lat' dir='ltr'>ab</span> <span class='ocrx_word' id='word_1_276' title='bbox 169 1905 311 1960; x_wconf 80' lang='lat' dir='ltr'>ebriis</span> <span class='ocrx_word' id='word_1_277' title='bbox 357 1906 738 1980; x_wconf 69' lang='lat' dir='ltr'>doctoribus]</span> <span class='ocrx_word' id='word_1_278' title='bbox 785 1909 1050 1973; x_wconf 85' lang='lat' dir='ltr'>Quamvis</span> <span class='ocrx_word' id='word_1_279' title='bbox 1091 1925 1210 1964; x_wconf 91' lang='lat' dir='ltr'>non</span> <span class='ocrx_word' id='word_1_280' title='bbox 1257 1910 1521 1980; x_wconf 87' lang='lat' dir='ltr'>ignorem</span> <span class='ocrx_word' id='word_1_281' title='bbox 1559 1911 1744 1962; x_wconf 79' lang='lat' dir='ltr'>vinum</span> <span class='ocrx_word' id='word_1_282' title='bbox 1857 1907 2157 1979; x_wconf 86' lang='lat' dir='ltr'>Spartiano</span> <span class='ocrx_word' id='word_1_283' title='bbox 2201 1911 2596 1981; x_wconf 85' lang='lat' dir='ltr'>conscriptam,</span> <span class='ocrx_word' id='word_1_284' title='bbox 2647 1928 2766 1966; x_wconf 91' lang='lat' dir='ltr'>non</span> <span class='ocrx_word' id='word_1_285' title='bbox 2817 1915 3017 1983; x_wconf 87' lang='lat' dir='ltr'>procul</span> <span class='ocrx_word' id='word_1_286' title='bbox 3063 1917 3133 1970; x_wconf 88' lang='lat' dir='ltr'>ab</span> <span class='ocrx_word' id='word_1_287' title='bbox 3165 1917 3349 1972; x_wconf 90' lang='lat' dir='ltr'>initio.</span> <span class='ocrx_word' id='word_1_288' title='bbox 3387 1919 3548 1972; x_wconf 86' lang='lat' dir='ltr'>Chri-</span> 
     </span>
    </p>
   </div>
   <div class='ocr_carea' id='block_1_21' title="bbox 88 1995 3547 2073">
    <p class='ocr_par' dir='ltr' id='par_1_21' title="bbox 88 1995 3547 2073">
     <span class='ocr_line' id='line_1_21' title="bbox 88 1995 3547 2073; baseline 0.005 -29"><span class='ocrx_word' id='word_1_289' title='bbox 88 1995 359 2062; x_wconf 84' lang='lat' dir='ltr'>iniquitatis</span> <span class='ocrx_word' id='word_1_290' title='bbox 407 2000 463 2050; x_wconf 85' lang='lat' dir='ltr'>et</span> <span class='ocrx_word' id='word_1_291' title='bbox 515 1999 935 2065; x_wconf 85' lang='lat' dir='ltr'>compunctionis</span> <span class='ocrx_word' id='word_1_292' title='bbox 977 1998 1036 2051; x_wconf 93' lang='lat' dir='ltr'>in</span> <span class='ocrx_word' id='word_1_293' title='bbox 1069 1997 1360 2068; x_wconf 88' lang='lat' dir='ltr'>Scriptura</span> <span class='ocrx_word' id='word_1_294' title='bbox 1408 1995 1741 2062; x_wconf 87' lang='lat' dir='ltr'>memorari,</span> <span class='ocrx_word' id='word_1_295' title='bbox 1853 1996 2023 2050; x_wconf 89' lang='lat' dir='ltr'>stiani</span> <span class='ocrx_word' id='word_1_296' title='bbox 2072 1997 2268 2064; x_wconf 88' lang='lat' dir='ltr'>etiam,</span> <span class='ocrx_word' id='word_1_297' title='bbox 2319 1999 2493 2052; x_wconf 90' lang='lat' dir='ltr'>simili</span> <span class='ocrx_word' id='word_1_298' title='bbox 2543 1999 2784 2067; x_wconf 86' lang='lat' dir='ltr'>ratione,</span> <span class='ocrx_word' id='word_1_299' title='bbox 2832 2001 3126 2073; x_wconf 87' lang='lat' dir='ltr'>Scriptura</span> <span class='ocrx_word' id='word_1_300' title='bbox 3162 2020 3318 2059; x_wconf 88' lang='lat' dir='ltr'>sacra</span> <span class='ocrx_word' id='word_1_301' title='bbox 3347 2006 3547 2062; x_wconf 85' lang='lat' dir='ltr'>abute-</span> 
     </span>
    </p>
   </div>
   <div class='ocr_carea' id='block_1_22' title="bbox 88 2085 3544 2165">
    <p class='ocr_par' dir='ltr' id='par_1_22' title="bbox 88 2085 3544 2165">
     <span class='ocr_line' id='line_1_22' title="bbox 88 2085 3544 2165; baseline 0.004 -29"><span class='ocrx_word' id='word_1_302' title='bbox 88 2087 302 2139; x_wconf 85' lang='lat' dir='ltr'>attamen</span> <span class='ocrx_word' id='word_1_303' title='bbox 349 2085 698 2140; x_wconf 87' lang='lat' dir='ltr'>crediderim</span> <span class='ocrx_word' id='word_1_304' title='bbox 761 2086 854 2142; x_wconf 89' lang='lat' dir='ltr'>hic</span> <span class='ocrx_word' id='word_1_305' title='bbox 902 2089 1182 2159; x_wconf 89' lang='lat' dir='ltr'>respicere</span> <span class='ocrx_word' id='word_1_306' title='bbox 1235 2086 1619 2158; x_wconf 84' lang='lat' dir='ltr'>Augustinum</span> <span class='ocrx_word' id='word_1_307' title='bbox 1673 2085 1745 2139; x_wconf 89' lang='lat' dir='ltr'>ad</span> <span class='ocrx_word' id='word_1_308' title='bbox 1853 2086 2080 2152; x_wconf 88' lang='lat' dir='ltr'>bantur,</span> <span class='ocrx_word' id='word_1_309' title='bbox 2110 2090 2174 2140; x_wconf 87' lang='lat' dir='ltr'>ut</span> <span class='ocrx_word' id='word_1_310' title='bbox 2203 2085 2520 2141; x_wconf 89' lang='lat' dir='ltr'>videbimus</span> <span class='ocrx_word' id='word_1_311' title='bbox 2546 2088 2644 2144; x_wconf 91' lang='lat' dir='ltr'>lib.</span> <span class='ocrx_word' id='word_1_312' title='bbox 2668 2105 2782 2155; x_wconf 71' lang='lat' dir='ltr'>vnn,</span> <span class='ocrx_word' id='word_1_313' title='bbox 2814 2106 2935 2160; x_wconf 88' lang='lat' dir='ltr'>cap.</span> <span class='ocrx_word' id='word_1_314' title='bbox 2969 2093 3028 2144; x_wconf 91' lang='grc'>12</span> <span class='ocrx_word' id='word_1_315' title='bbox 3059 2092 3295 2161; x_wconf 89' lang='lat' dir='ltr'>hujusce</span> <span class='ocrx_word' id='word_1_316' title='bbox 3326 2094 3544 2165; x_wconf 87' lang='lat' dir='ltr'>Operis.</span> 
     </span>
    </p>
   </div>
   <div class='ocr_carea' id='block_1_23' title="bbox 90 2172 3549 2252">
    <p class='ocr_par' dir='ltr' id='par_1_23' title="bbox 90 2172 3549 2252">
     <span class='ocr_line' id='line_1_23' title="bbox 90 2172 3549 2252; baseline 0.004 -26"><span class='ocrx_word' id='word_1_317' title='bbox 90 2172 290 2241; x_wconf 85' lang='lat' dir='ltr'>Cebetis,</span> <span class='ocrx_word' id='word_1_318' title='bbox 348 2175 634 2230; x_wconf 88' lang='lat' dir='ltr'>Platonici</span> <span class='ocrx_word' id='word_1_319' title='bbox 709 2177 1086 2247; x_wconf 89' lang='lat' dir='ltr'>celeberrimi,</span> <span class='ocrx_word' id='word_1_320' title='bbox 1154 2177 1452 2242; x_wconf 90' lang='lat' dir='ltr'>Tabulam,</span> <span class='ocrx_word' id='word_1_321' title='bbox 1524 2174 1586 2228; x_wconf 90' lang='lat' dir='ltr'>in</span> <span class='ocrx_word' id='word_1_322' title='bbox 1632 2190 1745 2245; x_wconf 86' lang='lat' dir='ltr'>qua</span> <span class='ocrx_word' id='word_1_323' title='bbox 1924 2177 2058 2246; x_wconf 89' lang='lat' dir='ltr'>Cap.</span> <span class='ocrx_word' id='word_1_324' title='bbox 2094 2180 2144 2231; x_wconf 83' lang='lat'>5.</span> <span class='ocrx_word' id='word_1_325' title='bbox 2172 2177 2262 2231; x_wconf 87' lang='lat' dir='ltr'>An</span> <span class='ocrx_word' id='word_1_326' title='bbox 2309 2180 2463 2245; x_wconf 84' lang='lat' dir='ltr'>ﬂetus</span> <span class='ocrx_word' id='word_1_327' title='bbox 2512 2193 2597 2232; x_wconf 84' lang='lat' dir='ltr'>res</span> <span class='ocrx_word' id='word_1_328' title='bbox 2647 2195 2840 2233; x_wconf 83' lang='lat' dir='ltr'>amara</span> <span class='ocrx_word' id='word_1_329' title='bbox 2870 2184 2965 2248; x_wconf 89' lang='lat' dir='ltr'>est,</span> <span class='ocrx_word' id='word_1_330' title='bbox 3000 2185 3104 2236; x_wconf 90' lang='lat' dir='ltr'>etc.</span> <span class='ocrx_word' id='word_1_331' title='bbox 3139 2178 3160 2252; x_wconf 84' lang='grc'>]</span> <span class='ocrx_word' id='word_1_332' title='bbox 3192 2183 3549 2239; x_wconf 88' lang='lat' dir='ltr'>Delectamur</span> 
     </span>
    </p>
   </div>
   <div class='ocr_carea' id='block_1_24' title="bbox 85 2261 3550 2345">
    <p class='ocr_par' dir='ltr' id='par_1_24' title="bbox 85 2261 3550 2345">
     <span class='ocr_line' id='line_1_24' title="bbox 85 2261 3550 2345; baseline 0.003 -29"><span class='ocrx_word' id='word_1_333' title='bbox 85 2271 255 2328; x_wconf 74' lang='grc' dir='ltr'>Ἀπάτη,</span> <span class='ocrx_word' id='word_1_334' title='bbox 285 2278 382 2317; x_wconf 89' lang='lat' dir='ltr'>seu</span> <span class='ocrx_word' id='word_1_335' title='bbox 409 2265 730 2332; x_wconf 77' lang='lat' dir='ltr'>Impastura</span> <span class='ocrx_word' id='word_1_336' title='bbox 754 2263 1045 2320; x_wconf 89' lang='lat' dir='ltr'>inducitur</span> <span class='ocrx_word' id='word_1_337' title='bbox 1096 2281 1306 2336; x_wconf 87' lang='lat' dir='ltr'>pueros</span> <span class='ocrx_word' id='word_1_338' title='bbox 1343 2278 1542 2317; x_wconf 89' lang='lat' dir='ltr'>omnes</span> <span class='ocrx_word' id='word_1_339' title='bbox 1573 2261 1634 2316; x_wconf 89' lang='lat' dir='ltr'>in</span> <span class='ocrx_word' id='word_1_340' title='bbox 1663 2262 1743 2316; x_wconf 91' lang='lat' dir='ltr'>vi-</span> <span class='ocrx_word' id='word_1_341' title='bbox 1851 2265 2083 2320; x_wconf 86' lang='lat' dir='ltr'>tristitia</span> <span class='ocrx_word' id='word_1_342' title='bbox 2114 2269 2168 2320; x_wconf 92' lang='lat' dir='ltr'>et</span> <span class='ocrx_word' id='word_1_343' title='bbox 2197 2266 2377 2332; x_wconf 90' lang='lat' dir='ltr'>luctu,</span> <span class='ocrx_word' id='word_1_344' title='bbox 2411 2269 2475 2320; x_wconf 92' lang='lat' dir='ltr'>ut</span> <span class='ocrx_word' id='word_1_345' title='bbox 2503 2268 2724 2322; x_wconf 64' lang='lat' dir='ltr'>caeteris</span> <span class='ocrx_word' id='word_1_346' title='bbox 2768 2269 3036 2324; x_wconf 90' lang='lat' dir='ltr'>omnibus</span> <span class='ocrx_word' id='word_1_347' title='bbox 3080 2271 3394 2343; x_wconf 80' lang='lat' dir='ltr'>affectibus,</span> <span class='ocrx_word' id='word_1_348' title='bbox 3423 2273 3550 2345; x_wconf 86' lang='lat' dir='ltr'>qui-</span> 
     </span>
    </p>
   </div>
   <div class='ocr_carea' id='block_1_25' title="bbox 89 2350 1638 2430">
    <p class='ocr_par' dir='ltr' id='par_1_25' title="bbox 89 2350 1600 2423">
     <span class='ocr_line' id='line_1_25' title="bbox 89 2350 1600 2423; baseline 0.002 -20"><span class='ocrx_word' id='word_1_349' title='bbox 89 2354 179 2404; x_wconf 87' lang='lat' dir='ltr'>tam</span> <span class='ocrx_word' id='word_1_350' title='bbox 219 2350 609 2423; x_wconf 87' lang='lat' dir='ltr'>ingredientes</span> <span class='ocrx_word' id='word_1_351' title='bbox 659 2357 919 2415; x_wconf 73' lang='grc' dir='ltr'>ποτίζουσα</span> <span class='ocrx_word' id='word_1_352' title='bbox 943 2359 1006 2416; x_wconf 74' lang='grc' dir='ltr'>τῆ</span> <span class='ocrx_word' id='word_1_353' title='bbox 1036 2356 1209 2416; x_wconf 76' lang='grc' dir='ltr'>ἑαυτῆς</span> <span class='ocrx_word' id='word_1_354' title='bbox 1239 2356 1441 2420; x_wconf 75' lang='grc' dir='ltr'>δυνάμει</span> <span class='ocrx_word' id='word_1_355' title='bbox 1491 2351 1600 2406; x_wconf 88' lang='lat' dir='ltr'>hoc</span> 
     </span>
    </p>
   </div>
   <div class='ocr_carea' id='block_1_26' title="bbox 2002 2350 3551 2430">
    <p class='ocr_par' dir='ltr' id='par_1_26' title="bbox 2003 2352 3551 2430">
     <span class='ocr_line' id='line_1_26' title="bbox 2003 2352 3551 2430; baseline 0.006 -25"><span class='ocrx_word' id='word_1_356' title='bbox 2003 2352 2226 2407; x_wconf 89' lang='lat' dir='ltr'>ibenter</span> <span class='ocrx_word' id='word_1_357' title='bbox 2242 2352 2627 2423; x_wconf 88' lang='lat' dir='ltr'>indulgemus,</span> <span class='ocrx_word' id='word_1_358' title='bbox 2658 2372 2810 2426; x_wconf 68' lang='lat' dir='ltr'>aegre</span> <span class='ocrx_word' id='word_1_359' title='bbox 2833 2357 3193 2426; x_wconf 88' lang='lat' dir='ltr'>obsistimus;</span> <span class='ocrx_word' id='word_1_360' title='bbox 3216 2359 3351 2430; x_wconf 84' lang='lat' dir='ltr'>quia</span> <span class='ocrx_word' id='word_1_361' title='bbox 3373 2367 3434 2414; x_wconf 91' lang='lat' dir='ltr'>ut</span> <span class='ocrx_word' id='word_1_362' title='bbox 3454 2378 3551 2415; x_wconf 89' lang='lat' dir='ltr'>eos</span> 
     </span>
    </p>
   </div>
   <div class='ocr_carea' id='block_1_27' title="bbox 90 2438 3555 2515">
    <p class='ocr_par' dir='ltr' id='par_1_27' title="bbox 90 2438 3555 2515">
     <span class='ocr_line' id='line_1_27' title="bbox 90 2438 3555 2515; baseline 0.003 -21"><span class='ocrx_word' id='word_1_363' title='bbox 90 2448 258 2511; x_wconf 73' lang='grc' dir='ltr'>ποτηρίῳ</span> <span class='ocrx_word' id='word_1_364' title='bbox 280 2448 488 2509; x_wconf 71' lang='grc' dir='ltr'>πλάνης,</span> <span class='ocrx_word' id='word_1_365' title='bbox 525 2443 713 2510; x_wconf 83' lang='lat' dir='ltr'>poculo</span> <span class='ocrx_word' id='word_1_366' title='bbox 743 2441 962 2495; x_wconf 85' lang='lat' dir='ltr'>erroris.</span> <span class='ocrx_word' id='word_1_367' title='bbox 995 2439 1131 2492; x_wconf 87' lang='lat' dir='ltr'>Vide</span> <span class='ocrx_word' id='word_1_368' title='bbox 1161 2441 1281 2510; x_wconf 89' lang='lat' dir='ltr'>ejus</span> <span class='ocrx_word' id='word_1_369' title='bbox 1310 2438 1562 2494; x_wconf 90' lang='lat' dir='ltr'>initium.</span> <span class='ocrx_word' id='word_1_370' title='bbox 1851 2441 2164 2507; x_wconf 82' lang='lat' dir='ltr'>vincamus,</span> <span class='ocrx_word' id='word_1_371' title='bbox 2212 2441 2296 2494; x_wconf 86' lang='lat' dir='ltr'>vis</span> <span class='ocrx_word' id='word_1_372' title='bbox 2342 2441 2640 2497; x_wconf 86' lang='lat' dir='ltr'>inferenda</span> <span class='ocrx_word' id='word_1_373' title='bbox 2687 2447 2770 2497; x_wconf 89' lang='lat' dir='ltr'>est</span> <span class='ocrx_word' id='word_1_374' title='bbox 2820 2445 3241 2515; x_wconf 86' lang='lat' dir='ltr'>perturbationi</span> <span class='ocrx_word' id='word_1_375' title='bbox 3292 2449 3469 2504; x_wconf 90' lang='lat' dir='ltr'>animi</span> <span class='ocrx_word' id='word_1_376' title='bbox 3499 2455 3555 2503; x_wconf 86' lang='lat' dir='ltr'>et</span> 
     </span>
    </p>
   </div>
   <div class='ocr_carea' id='block_1_28' title="bbox 141 2525 3550 2600">
    <p class='ocr_par' dir='ltr' id='par_1_28' title="bbox 141 2525 3550 2600">
     <span class='ocr_line' id='line_1_28' title="bbox 141 2525 3550 2600; baseline 0.003 -18"><span class='ocrx_word' id='word_1_377' title='bbox 141 2528 253 2598; x_wconf 87' lang='lat' dir='ltr'>Cap.</span> <span class='ocrx_word' id='word_1_378' title='bbox 305 2531 386 2595; x_wconf 90' lang='lat'>18,</span> <span class='ocrx_word' id='word_1_379' title='bbox 434 2527 462 2597; x_wconf 65' lang='grc' dir='ltr'>ἕ</span> <span class='ocrx_word' id='word_1_380' title='bbox 513 2529 602 2583; x_wconf 86' lang='grc'>29.</span> <span class='ocrx_word' id='word_1_381' title='bbox 657 2530 874 2597; x_wconf 84' lang='lat' dir='ltr'>Scripta</span> <span class='ocrx_word' id='word_1_382' title='bbox 925 2525 1306 2598; x_wconf 84' lang='lat' dir='ltr'>conscientia.]</span> <span class='ocrx_word' id='word_1_383' title='bbox 1336 2527 1584 2598; x_wconf 83' lang='lat' dir='ltr'>Respicit</span> <span class='ocrx_word' id='word_1_384' title='bbox 1620 2529 1738 2581; x_wconf 79' lang='lat' dir='ltr'>Au-</span> <span class='ocrx_word' id='word_1_385' title='bbox 1852 2530 2124 2600; x_wconf 89' lang='lat' dir='ltr'>corporis.</span> <span class='ocrx_word' id='word_1_386' title='bbox 2169 2530 2440 2584; x_wconf 87' lang='lat' dir='ltr'>Minuitur</span> <span class='ocrx_word' id='word_1_387' title='bbox 2480 2532 2653 2586; x_wconf 90' lang='lat' dir='ltr'>etiam</span> <span class='ocrx_word' id='word_1_388' title='bbox 2697 2533 2908 2586; x_wconf 91' lang='lat' dir='ltr'>sensim</span> <span class='ocrx_word' id='word_1_389' title='bbox 2943 2534 3187 2598; x_wconf 87' lang='lat' dir='ltr'>tristitia,</span> <span class='ocrx_word' id='word_1_390' title='bbox 3235 2536 3372 2591; x_wconf 89' lang='lat' dir='ltr'>dum</span> <span class='ocrx_word' id='word_1_391' title='bbox 3425 2555 3550 2592; x_wconf 90' lang='lat' dir='ltr'>eam</span> 
     </span>
    </p>
   </div>
   <div class='ocr_carea' id='block_1_29' title="bbox 89 2615 3553 2690">
    <p class='ocr_par' dir='ltr' id='par_1_29' title="bbox 89 2615 3553 2690">
     <span class='ocr_line' id='line_1_29' title="bbox 89 2615 3553 2690; baseline 0.003 -21"><span class='ocrx_word' id='word_1_392' title='bbox 89 2617 297 2685; x_wconf 79' lang='lat' dir='ltr'>gustinus</span> <span class='ocrx_word' id='word_1_393' title='bbox 341 2617 411 2671; x_wconf 89' lang='lat' dir='ltr'>ad</span> <span class='ocrx_word' id='word_1_394' title='bbox 455 2618 629 2672; x_wconf 81' lang='lat' dir='ltr'>Rom.</span> <span class='ocrx_word' id='word_1_395' title='bbox 669 2633 726 2681; x_wconf 83' lang='grc' dir='ltr'>ιι,</span> <span class='ocrx_word' id='word_1_396' title='bbox 765 2619 850 2684; x_wconf 81' lang='grc'>15,</span> <span class='ocrx_word' id='word_1_397' title='bbox 877 2615 977 2670; x_wconf 91' lang='lat' dir='ltr'>ubi</span> <span class='ocrx_word' id='word_1_398' title='bbox 1009 2615 1276 2670; x_wconf 88' lang='lat' dir='ltr'>dicuntur</span> <span class='ocrx_word' id='word_1_399' title='bbox 1305 2615 1518 2670; x_wconf 81' lang='lat' dir='ltr'>ethnici</span> <span class='ocrx_word' id='word_1_400' title='bbox 1567 2623 1741 2671; x_wconf 87' lang='lat' dir='ltr'>osten-</span> <span class='ocrx_word' id='word_1_401' title='bbox 1851 2617 2029 2671; x_wconf 88' lang='lat' dir='ltr'>libere</span> <span class='ocrx_word' id='word_1_402' title='bbox 2078 2617 2138 2670; x_wconf 90' lang='lat' dir='ltr'>in</span> <span class='ocrx_word' id='word_1_403' title='bbox 2197 2618 2447 2672; x_wconf 88' lang='lat' dir='ltr'>lamenta</span> <span class='ocrx_word' id='word_1_404' title='bbox 2498 2623 2553 2672; x_wconf 89' lang='lat' dir='ltr'>et</span> <span class='ocrx_word' id='word_1_405' title='bbox 2596 2621 2873 2690; x_wconf 80' lang='lat' dir='ltr'>lacrymas</span> <span class='ocrx_word' id='word_1_406' title='bbox 2922 2621 3292 2677; x_wconf 79' lang='lat' dir='ltr'>effundimus.</span> <span class='ocrx_word' id='word_1_407' title='bbox 3371 2626 3553 2680; x_wconf 87' lang='lat' dir='ltr'>Verba</span> 
     </span>
    </p>
   </div>
   <div class='ocr_carea' id='block_1_30' title="bbox 89 2704 3548 2784">
    <p class='ocr_par' dir='ltr' id='par_1_30' title="bbox 89 2704 3548 2784">
     <span class='ocr_line' id='line_1_30' title="bbox 89 2704 3548 2784; baseline 0.003 -26"><span class='ocrx_word' id='word_1_408' title='bbox 89 2705 177 2759; x_wconf 80' lang='lat' dir='ltr'>dere</span> <span class='ocrx_word' id='word_1_409' title='bbox 217 2720 340 2776; x_wconf 83' lang='lat' dir='ltr'>opus</span> <span class='ocrx_word' id='word_1_410' title='bbox 378 2707 522 2773; x_wconf 84' lang='lat' dir='ltr'>legis</span> <span class='ocrx_word' id='word_1_411' title='bbox 553 2707 816 2774; x_wconf 81' lang='lat' dir='ltr'>scriptum</span> <span class='ocrx_word' id='word_1_412' title='bbox 844 2706 902 2758; x_wconf 89' lang='lat' dir='ltr'>in</span> <span class='ocrx_word' id='word_1_413' title='bbox 935 2704 1186 2758; x_wconf 83' lang='lat' dir='ltr'>cordibus</span> <span class='ocrx_word' id='word_1_414' title='bbox 1213 2707 1346 2769; x_wconf 84' lang='lat' dir='ltr'>suis,</span> <span class='ocrx_word' id='word_1_415' title='bbox 1381 2708 1742 2761; x_wconf 86' lang='lat' dir='ltr'>testimonium</span> <span class='ocrx_word' id='word_1_416' title='bbox 1852 2710 1985 2759; x_wconf 89' lang='lat' dir='ltr'>sunt</span> <span class='ocrx_word' id='word_1_417' title='bbox 2014 2705 2295 2776; x_wconf 87' lang='lat' dir='ltr'>Euripidis</span> <span class='ocrx_word' id='word_1_418' title='bbox 2325 2706 2386 2760; x_wconf 90' lang='lat' dir='ltr'>in</span> <span class='ocrx_word' id='word_1_419' title='bbox 2417 2706 2729 2776; x_wconf 73' lang='lat' dir='ltr'>(Enomao,</span> <span class='ocrx_word' id='word_1_420' title='bbox 2764 2709 2915 2779; x_wconf 91' lang='lat' dir='ltr'>apud</span> <span class='ocrx_word' id='word_1_421' title='bbox 2953 2709 3240 2765; x_wconf 64' lang='lat' dir='ltr'>Stobaeum</span> <span class='ocrx_word' id='word_1_422' title='bbox 3289 2713 3548 2784; x_wconf 88' lang='lat' dir='ltr'>Florileg.</span> 
     </span>
    </p>
   </div>
   <div class='ocr_carea' id='block_1_31' title="bbox 89 2793 2106 2862">
    <p class='ocr_par' dir='ltr' id='par_1_31' title="bbox 89 2793 2106 2862">
     <span class='ocr_line' id='line_1_31' title="bbox 89 2793 2106 2862; baseline 0.001 -17"><span class='ocrx_word' id='word_1_423' title='bbox 89 2794 288 2848; x_wconf 77' lang='lat' dir='ltr'>reddente</span> <span class='ocrx_word' id='word_1_424' title='bbox 331 2796 445 2849; x_wconf 83' lang='lat' dir='ltr'>illis</span> <span class='ocrx_word' id='word_1_425' title='bbox 479 2796 816 2848; x_wconf 83' lang='lat' dir='ltr'>conscientia</span> <span class='ocrx_word' id='word_1_426' title='bbox 841 2795 1103 2862; x_wconf 84' lang='lat' dir='ltr'>ipsorum,</span> <span class='ocrx_word' id='word_1_427' title='bbox 1127 2797 1234 2861; x_wconf 89' lang='lat' dir='ltr'>etc,</span> <span class='ocrx_word' id='word_1_428' title='bbox 1853 2793 1942 2848; x_wconf 91' lang='lat' dir='ltr'>tit.</span> <span class='ocrx_word' id='word_1_429' title='bbox 1980 2796 2106 2848; x_wconf 82' lang='lat'>123.</span> 
     </span>
    </p>
   </div>
   <div class='ocr_carea' id='block_1_32' title="bbox 140 2881 1689 2954">
    <p class='ocr_par' dir='ltr' id='par_1_32' title="bbox 140 2881 1686 2954">
     <span class='ocr_line' id='line_1_32' title="bbox 140 2881 1686 2954; baseline 0 -17"><span class='ocrx_word' id='word_1_430' title='bbox 140 2883 250 2954; x_wconf 85' lang='lat' dir='ltr'>Cap.</span> <span class='ocrx_word' id='word_1_431' title='bbox 282 2885 368 2949; x_wconf 88' lang='grc'>20,</span> <span class='ocrx_word' id='word_1_432' title='bbox 403 2881 431 2953; x_wconf 81' lang='lat'>§</span> <span class='ocrx_word' id='word_1_433' title='bbox 465 2886 565 2938; x_wconf 88' lang='lat'>31.</span> <span class='ocrx_word' id='word_1_434' title='bbox 600 2883 978 2938; x_wconf 74' lang='lat' dir='ltr'>Secretissimae</span> <span class='ocrx_word' id='word_1_435' title='bbox 1019 2885 1267 2951; x_wconf 84' lang='lat' dir='ltr'>unitatis,</span> <span class='ocrx_word' id='word_1_436' title='bbox 1319 2882 1470 2954; x_wconf 70' lang='lat' dir='ltr'>etc.j</span> <span class='ocrx_word' id='word_1_437' title='bbox 1507 2884 1618 2937; x_wconf 87' lang='lat' dir='ltr'>Hoc</span> <span class='ocrx_word' id='word_1_438' title='bbox 1657 2899 1686 2936; x_wconf 92' lang='lat' dir='ltr'>e</span> 
     </span>
    </p>
   </div>
   <div class='ocr_carea' id='block_1_33' title="bbox 1568 2881 3117 2954">
    <p class='ocr_par' dir='ltr' id='par_1_33' title="bbox 1568 2887 3117 2952">
     <span class='ocr_line' id='line_1_33' title="bbox 1568 2887 3117 2952; baseline 0 -15"><span class='ocrx_word' id='word_1_439' title='bbox 1568 2899 1618 2937; x_wconf 68' lang='lat' dir='ltr'>)c</span> <span class='ocrx_word' id='word_1_440' title='bbox 1657 2887 1742 2938; x_wconf 91' lang='lat' dir='ltr'>est</span> <span class='ocrx_word' id='word_1_441' title='bbox 2041 2888 2175 2936; x_wconf 79' lang='grc' dir='ltr'>Ἀλλ’</span> <span class='ocrx_word' id='word_1_442' title='bbox 2201 2888 2302 2936; x_wconf 81' lang='grc' dir='ltr'>ἔστι</span> <span class='ocrx_word' id='word_1_443' title='bbox 2328 2889 2420 2952; x_wconf 75' lang='grc' dir='ltr'>γάρ</span> <span class='ocrx_word' id='word_1_444' title='bbox 2447 2888 2508 2948; x_wconf 74' lang='grc' dir='ltr'>δὴ</span> <span class='ocrx_word' id='word_1_445' title='bbox 2537 2890 2619 2935; x_wconf 73' lang='grc' dir='ltr'>καὶ</span> <span class='ocrx_word' id='word_1_446' title='bbox 2645 2888 2694 2936; x_wconf 87' lang='grc' dir='ltr'>ἐν</span> <span class='ocrx_word' id='word_1_447' title='bbox 2721 2891 2936 2936; x_wconf 74' lang='grc' dir='ltr'>κακοῖσιν</span> <span class='ocrx_word' id='word_1_448' title='bbox 2965 2891 3117 2951; x_wconf 63' lang='grc' dir='ltr'>’ἡδονὴ</span> 
     </span>
    </p>
   </div>
   <div class='ocr_carea' id='block_1_34' title="bbox 100 2967 1649 3043">
    <p class='ocr_par' dir='ltr' id='par_1_34' title="bbox 100 2970 1649 3043">
     <span class='ocr_line' id='line_1_34' title="bbox 100 2970 1649 3043; baseline 0.003 -21"><span class='ocrx_word' id='word_1_449' title='bbox 100 2970 173 3033; x_wconf 85' lang='lat' dir='ltr'>Dei,</span> <span class='ocrx_word' id='word_1_450' title='bbox 213 2972 362 3043; x_wconf 86' lang='lat' dir='ltr'>cujus</span> <span class='ocrx_word' id='word_1_451' title='bbox 404 2971 682 3025; x_wconf 88' lang='lat' dir='ltr'>voluntas</span> <span class='ocrx_word' id='word_1_452' title='bbox 724 2975 808 3025; x_wconf 88' lang='lat' dir='ltr'>est</span> <span class='ocrx_word' id='word_1_453' title='bbox 853 2971 1026 3025; x_wconf 88' lang='lat' dir='ltr'>veluti</span> <span class='ocrx_word' id='word_1_454' title='bbox 1065 2970 1509 3026; x_wconf 85' lang='lat' dir='ltr'>secretissimum</span> <span class='ocrx_word' id='word_1_455' title='bbox 1538 2971 1649 3026; x_wconf 82' lang='lat' dir='ltr'>vim</span> 
     </span>
    </p>
   </div>
   <div class='ocr_carea' id='block_1_35' title="bbox 1517 2967 3066 3043">
    <p class='ocr_par' dir='ltr' id='par_1_35' title="bbox 1538 2967 3066 3037">
     <span class='ocr_line' id='line_1_35' title="bbox 1538 2967 3066 3037; baseline -0.007 -14"><span class='ocrx_word' id='word_1_456' title='bbox 1538 2971 1738 3026; x_wconf 74' lang='lat' dir='ltr'>vincu-</span> <span class='ocrx_word' id='word_1_457' title='bbox 1778 2981 1817 3037; x_wconf 73' lang='grc' dir='ltr'><strong>ί]</strong></span> <span class='ocrx_word' id='word_1_458' title='bbox 2041 2969 2240 3027; x_wconf 69' lang='grc' dir='ltr'>Θντ,τοῖς</span> <span class='ocrx_word' id='word_1_459' title='bbox 2272 2968 2488 3031; x_wconf 76' lang='grc' dir='ltr'>ὀδυρμοὶ,</span> <span class='ocrx_word' id='word_1_460' title='bbox 2520 2967 2742 3031; x_wconf 73' lang='grc' dir='ltr'>δακρύων</span> <span class='ocrx_word' id='word_1_461' title='bbox 2765 2973 2806 3014; x_wconf 75' lang='grc' dir='ltr'>τ’</span> <span class='ocrx_word' id='word_1_462' title='bbox 2836 2967 3066 3033; x_wconf 70' lang='grc' dir='ltr'>ἐπιρροαῐ.</span> 
     </span>
    </p>
   </div>
   <div class='ocr_carea' id='block_1_36' title="bbox 99 3046 1648 3131">
    <p class='ocr_par' dir='ltr' id='par_1_36' title="bbox 99 3058 1648 3131">
     <span class='ocr_line' id='line_1_36' title="bbox 99 3058 1648 3131; baseline 0.003 -23"><span class='ocrx_word' id='word_1_463' title='bbox 99 3058 189 3120; x_wconf 81' lang='lat' dir='ltr'>lum,</span> <span class='ocrx_word' id='word_1_464' title='bbox 215 3077 318 3131; x_wconf 89' lang='lat' dir='ltr'>quo</span> <span class='ocrx_word' id='word_1_465' title='bbox 362 3059 629 3114; x_wconf 81' lang='lat' dir='ltr'>universi</span> <span class='ocrx_word' id='word_1_466' title='bbox 671 3060 858 3114; x_wconf 88' lang='lat' dir='ltr'>unitas</span> <span class='ocrx_word' id='word_1_467' title='bbox 888 3063 1038 3114; x_wconf 87' lang='lat' dir='ltr'>sarta</span> <span class='ocrx_word' id='word_1_468' title='bbox 1064 3076 1126 3113; x_wconf 91' lang='lat' dir='ltr'>ac</span> <span class='ocrx_word' id='word_1_469' title='bbox 1154 3063 1302 3114; x_wconf 88' lang='lat' dir='ltr'>tecta</span> <span class='ocrx_word' id='word_1_470' title='bbox 1340 3065 1648 3114; x_wconf 72' lang='lat' dir='ltr'>conservati</span> 
     </span>
    </p>
   </div>
   <div class='ocr_carea' id='block_1_37' title="bbox 1513 3046 3062 3131">
    <p class='ocr_par' dir='ltr' id='par_1_37' title="bbox 1516 3046 3062 3117">
     <span class='ocr_line' id='line_1_37' title="bbox 1516 3046 3062 3117; baseline -0.004 -15"><span class='ocrx_word' id='word_1_471' title='bbox 1516 3065 1731 3117; x_wconf 51' lang='lat' dir='ltr'>matur.</span> <span class='ocrx_word' id='word_1_472' title='bbox 2037 3046 2332 3109; x_wconf 71' lang='grc' dir='ltr'>’Λλγηδόνας</span> <span class='ocrx_word' id='word_1_473' title='bbox 2359 3047 2409 3094; x_wconf 82' lang='grc' dir='ltr'>δὲ</span> <span class='ocrx_word' id='word_1_474' title='bbox 2434 3049 2588 3094; x_wconf 76' lang='grc' dir='ltr'>ταῦτα</span> <span class='ocrx_word' id='word_1_475' title='bbox 2617 3047 2831 3111; x_wconf 70' lang='grc' dir='ltr'>κουφίζει</span> <span class='ocrx_word' id='word_1_476' title='bbox 2859 3053 3062 3112; x_wconf 76' lang='grc' dir='ltr'>φρενῶν,</span> 
     </span>
    </p>
   </div>
   <div class='ocr_carea' id='block_1_38' title="bbox 2037 3127 3034 3191">
    <p class='ocr_par' dir='ltr' id='par_1_38' title="bbox 2037 3127 3034 3191">
     <span class='ocr_line' id='line_1_38' title="bbox 2037 3127 3034 3191; baseline 0.001 -16"><span class='ocrx_word' id='word_1_477' title='bbox 2037 3127 2126 3176; x_wconf 75' lang='grc' dir='ltr'><strong>Καί</strong></span> <span class='ocrx_word' id='word_1_478' title='bbox 2154 3127 2350 3191; x_wconf 71' lang='grc' dir='ltr'>καρδίας</span> <span class='ocrx_word' id='word_1_479' title='bbox 2381 3127 2522 3175; x_wconf 78' lang='grc' dir='ltr'>ἔλυσε</span> <span class='ocrx_word' id='word_1_480' title='bbox 2551 3130 2661 3182; x_wconf 80' lang='grc' dir='ltr'>τοὺς</span> <span class='ocrx_word' id='word_1_481' title='bbox 2690 3129 2814 3190; x_wconf 72' lang='grc' dir='ltr'>ἄγαν</span> <span class='ocrx_word' id='word_1_482' title='bbox 2843 3128 3034 3185; x_wconf 84' lang='grc' dir='ltr'>πόνους.</span> 
     </span>
    </p>
   </div>
   <div class='ocr_carea' id='block_1_39' title="bbox 95 3147 1742 3221">
    <p class='ocr_par' dir='ltr' id='par_1_39' title="bbox 95 3147 1742 3221">
     <span class='ocr_line' id='line_1_39' title="bbox 95 3147 1742 3221; baseline 0.003 -22"><span class='ocrx_word' id='word_1_483' title='bbox 95 3147 188 3201; x_wconf 73' lang='lat' dir='ltr'>Vide</span> <span class='ocrx_word' id='word_1_484' title='bbox 211 3149 297 3203; x_wconf 89' lang='lat' dir='ltr'>lib.</span> <span class='ocrx_word' id='word_1_485' title='bbox 350 3166 403 3203; x_wconf 82' lang='lat' dir='ltr'><strong>IV</strong></span> <span class='ocrx_word' id='word_1_486' title='bbox 451 3150 533 3204; x_wconf 81' lang='lat' dir='ltr'>de</span> <span class='ocrx_word' id='word_1_487' title='bbox 568 3149 765 3204; x_wconf 82' lang='lat' dir='ltr'>Cenes.</span> <span class='ocrx_word' id='word_1_488' title='bbox 818 3149 890 3202; x_wconf 90' lang='lat' dir='ltr'>ad</span> <span class='ocrx_word' id='word_1_489' title='bbox 916 3149 1190 3216; x_wconf 88' lang='lat' dir='ltr'>litteram,</span> <span class='ocrx_word' id='word_1_490' title='bbox 1216 3165 1338 3219; x_wconf 89' lang='lat' dir='ltr'>cap.</span> <span class='ocrx_word' id='word_1_491' title='bbox 1377 3150 1460 3215; x_wconf 87' lang='lat'>12,</span> <span class='ocrx_word' id='word_1_492' title='bbox 1495 3149 1592 3204; x_wconf 90' lang='lat' dir='ltr'>ubi</span> <span class='ocrx_word' id='word_1_493' title='bbox 1622 3148 1742 3221; x_wconf 87' lang='lat' dir='ltr'>agit</span> 
     </span>
    </p>
   </div>
   <div class='ocr_carea' id='block_1_40' title="bbox 89 3228 1638 3301">
    <p class='ocr_par' dir='ltr' id='par_1_40' title="bbox 89 3234 1638 3292">
     <span class='ocr_line' id='line_1_40' title="bbox 89 3234 1638 3292; baseline 0.001 -4"><span class='ocrx_word' id='word_1_494' title='bbox 89 3234 135 3288; x_wconf 88' lang='lat' dir='ltr'>de</span> <span class='ocrx_word' id='word_1_495' title='bbox 159 3239 581 3292; x_wconf 86' lang='lat' dir='ltr'>conservatione</span> <span class='ocrx_word' id='word_1_496' title='bbox 611 3253 803 3292; x_wconf 90' lang='lat' dir='ltr'>rerum</span> <span class='ocrx_word' id='word_1_497' title='bbox 836 3237 1117 3292; x_wconf 91' lang='lat' dir='ltr'>omnium.</span> <span class='ocrx_word' id='word_1_498' title='bbox 1151 3237 1429 3292; x_wconf 85' lang='lat' dir='ltr'>Caeterum</span> <span class='ocrx_word' id='word_1_499' title='bbox 1463 3238 1638 3292; x_wconf 70' lang='lat' dir='ltr'>Platon</span> 
     </span>
    </p>
   </div>
   <div class='ocr_carea' id='block_1_41' title="bbox 1998 3228 3547 3301">
    <p class='ocr_par' dir='ltr' id='par_1_41' title="bbox 1998 3228 3547 3301">
     <span class='ocr_line' id='line_1_41' title="bbox 1998 3228 3547 3301; baseline 0.008 -22"><span class='ocrx_word' id='word_1_500' title='bbox 1998 3231 2123 3280; x_wconf 83' lang='lat' dir='ltr'>rum</span> <span class='ocrx_word' id='word_1_501' title='bbox 2167 3229 2226 3279; x_wconf 86' lang='lat' dir='ltr'>in</span> <span class='ocrx_word' id='word_1_502' title='bbox 2260 3228 2419 3281; x_wconf 87' lang='lat' dir='ltr'>malis</span> <span class='ocrx_word' id='word_1_503' title='bbox 2465 3228 2738 3297; x_wconf 76' lang='lat' dir='ltr'>voluptati</span> <span class='ocrx_word' id='word_1_504' title='bbox 2784 3235 2910 3284; x_wconf 88' lang='lat' dir='ltr'>sunt</span> <span class='ocrx_word' id='word_1_505' title='bbox 2953 3232 3276 3301; x_wconf 86' lang='lat' dir='ltr'>hominibus,</span> <span class='ocrx_word' id='word_1_506' title='bbox 3312 3234 3547 3291; x_wconf 87' lang='lat' dir='ltr'>lamenta</span> 
     </span>
    </p>
   </div>
   <div class='ocr_carea' id='block_1_42' title="bbox 89 3315 3544 3398">
    <p class='ocr_par' dir='ltr' id='par_1_42' title="bbox 89 3315 3544 3398">
     <span class='ocr_line' id='line_1_42' title="bbox 89 3315 3544 3398; baseline 0.008 -46"><span class='ocrx_word' id='word_1_507' title='bbox 89 3330 196 3378; x_wconf 46' lang='lat' dir='ltr'>M81</span> <span class='ocrx_word' id='word_1_508' title='bbox 219 3331 498 3396; x_wconf 57' lang='grc' dir='ltr'>ειμονάδπ</span> <span class='ocrx_word' id='word_1_509' title='bbox 551 3326 762 3396; x_wconf 68' lang='lat' dir='ltr'>passim</span> <span class='ocrx_word' id='word_1_510' title='bbox 808 3327 988 3381; x_wconf 73' lang='lat' dir='ltr'>Deum</span> <span class='ocrx_word' id='word_1_511' title='bbox 1042 3325 1304 3381; x_wconf 46' lang='lat' dir='ltr'>vocitant.</span> <span class='ocrx_word' id='word_1_512' title='bbox 1383 3326 1492 3381; x_wconf 71' lang='lat' dir='ltr'>Adi</span> <span class='ocrx_word' id='word_1_513' title='bbox 1556 3325 1740 3381; x_wconf 64' lang='lat' dir='ltr'>proeli</span> <span class='ocrx_word' id='word_1_514' title='bbox 1850 3319 1900 3368; x_wconf 87' lang='lat' dir='ltr'>et</span> <span class='ocrx_word' id='word_1_515' title='bbox 1953 3315 2200 3383; x_wconf 70' lang='lat' dir='ltr'>deﬂumus</span> <span class='ocrx_word' id='word_1_516' title='bbox 2248 3317 3017 3398; x_wconf 16' lang='lat' dir='ltr'>lacrymarumnHazclevant</span> <span class='ocrx_word' id='word_1_517' title='bbox 3037 3323 3322 3376; x_wconf 82' lang='lat' dir='ltr'>tristitiam</span> <span class='ocrx_word' id='word_1_518' title='bbox 3353 3325 3544 3392; x_wconf 88' lang='lat' dir='ltr'>animi,</span> 
     </span>
    </p>
   </div>
   <div class='ocr_carea' id='block_1_43' title="bbox 85 3405 3548 3484">
    <p class='ocr_par' dir='ltr' id='par_1_43' title="bbox 85 3405 3548 3484">
     <span class='ocr_line' id='line_1_43' title="bbox 85 3405 3548 3484; baseline 0.004 -30"><span class='ocrx_word' id='word_1_519' title='bbox 85 3407 397 3484; x_wconf 68' lang='lat' dir='ltr'>“theologiam</span> <span class='ocrx_word' id='word_1_520' title='bbox 428 3417 469 3469; x_wconf 82' lang='grc' dir='ltr'>Ρ</span> <span class='ocrx_word' id='word_1_521' title='bbox 483 3415 812 3468; x_wconf 68' lang='grc' dir='ltr'>ιεηοηίεεω,</span> <span class='ocrx_word' id='word_1_522' title='bbox 1848 3409 1899 3458; x_wconf 85' lang='lat' dir='ltr'>et</span> <span class='ocrx_word' id='word_1_523' title='bbox 1933 3406 2120 3458; x_wconf 87' lang='lat' dir='ltr'>nimiis</span> <span class='ocrx_word' id='word_1_524' title='bbox 2160 3405 2432 3459; x_wconf 87' lang='lat' dir='ltr'>doloribus</span> <span class='ocrx_word' id='word_1_525' title='bbox 2479 3421 2569 3459; x_wconf 81' lang='lat' dir='ltr'>cor</span> <span class='ocrx_word' id='word_1_526' title='bbox 2607 3405 2856 3462; x_wconf 88' lang='lat' dir='ltr'>liberant.</span> <span class='ocrx_word' id='word_1_527' title='bbox 2901 3409 3023 3463; x_wconf 85' lang='lat' dir='ltr'>Alia</span> <span class='ocrx_word' id='word_1_528' title='bbox 3059 3415 3191 3464; x_wconf 88' lang='lat' dir='ltr'>sunt</span> <span class='ocrx_word' id='word_1_529' title='bbox 3230 3410 3444 3466; x_wconf 90' lang='lat' dir='ltr'>ibidem</span> <span class='ocrx_word' id='word_1_530' title='bbox 3492 3416 3548 3467; x_wconf 89' lang='lat' dir='ltr'>et</span> 
     </span>
    </p>
   </div>
   <div class='ocr_carea' id='block_1_44' title="bbox 134 3491 2747 3573">
    <p class='ocr_par' dir='ltr' id='par_1_44' title="bbox 134 3491 2747 3573">
     <span class='ocr_line' id='line_1_44' title="bbox 134 3491 2747 3573; baseline 0.003 -22"><span class='ocrx_word' id='word_1_531' title='bbox 134 3513 264 3554; x_wconf 71' lang='lat' dir='ltr'>nam</span> <span class='ocrx_word' id='word_1_532' title='bbox 314 3520 369 3557; x_wconf 82' lang='grc' dir='ltr'>ιι.</span> <span class='ocrx_word' id='word_1_533' title='bbox 445 3504 594 3573; x_wconf 86' lang='lat' dir='ltr'>Cap.</span> <span class='ocrx_word' id='word_1_534' title='bbox 658 3507 710 3557; x_wconf 78' lang='lat'>2.</span> <span class='ocrx_word' id='word_1_535' title='bbox 782 3499 1240 3573; x_wconf 86' lang='lat' dir='ltr'>Obsurdueram.]</span> <span class='ocrx_word' id='word_1_536' title='bbox 1281 3501 1383 3566; x_wconf 88' lang='lat' dir='ltr'>Qui</span> <span class='ocrx_word' id='word_1_537' title='bbox 1445 3502 1742 3557; x_wconf 83' lang='lat' dir='ltr'>ediderant</span> <span class='ocrx_word' id='word_1_538' title='bbox 1849 3493 1984 3547; x_wconf 89' lang='lat' dir='ltr'>alibi</span> <span class='ocrx_word' id='word_1_539' title='bbox 2015 3491 2074 3547; x_wconf 88' lang='lat' dir='ltr'>in</span> <span class='ocrx_word' id='word_1_540' title='bbox 2099 3493 2359 3547; x_wconf 80' lang='lat' dir='ltr'>eamdem</span> <span class='ocrx_word' id='word_1_541' title='bbox 2387 3493 2747 3549; x_wconf 78' lang='lat' dir='ltr'>sententiam.</span> 
     </span>
    </p>
   </div>
   <div class='ocr_carea' id='block_1_45' title="bbox 85 3582 1634 3659">
    <p class='ocr_par' dir='ltr' id='par_1_45' title="bbox 85 3586 1634 3659">
     <span class='ocr_line' id='line_1_45' title="bbox 85 3586 1634 3659; baseline 0.005 -22"><span class='ocrx_word' id='word_1_542' title='bbox 85 3586 425 3646; x_wconf 79' lang='lat' dir='ltr'>obsordueram</span> <span class='ocrx_word' id='word_1_543' title='bbox 475 3591 791 3646; x_wconf 86' lang='lat' dir='ltr'>credebant</span> <span class='ocrx_word' id='word_1_544' title='bbox 836 3606 864 3645; x_wconf 91' lang='grc' dir='ltr'>ο</span> <span class='ocrx_word' id='word_1_545' title='bbox 910 3595 967 3644; x_wconf 91' lang='lat' dir='ltr'>et</span> <span class='ocrx_word' id='word_1_546' title='bbox 1013 3606 1049 3644; x_wconf 90' lang='lat' dir='ltr'>u</span> <span class='ocrx_word' id='word_1_547' title='bbox 1089 3590 1182 3643; x_wconf 89' lang='lat' dir='ltr'>hic</span> <span class='ocrx_word' id='word_1_548' title='bbox 1210 3607 1328 3644; x_wconf 87' lang='lat' dir='ltr'>esse</span> <span class='ocrx_word' id='word_1_549' title='bbox 1357 3591 1547 3659; x_wconf 89' lang='lat' dir='ltr'>mista,</span> <span class='ocrx_word' id='word_1_550' title='bbox 1585 3606 1634 3645; x_wconf 79' lang='lat' dir='ltr'>1r</span> 
     </span>
    </p>
   </div>
   <div class='ocr_carea' id='block_1_46' title="bbox 1996 3582 3545 3659">
    <p class='ocr_par' dir='ltr' id='par_1_46' title="bbox 1998 3582 3545 3656">
     <span class='ocr_line' id='line_1_46' title="bbox 1998 3582 3545 3656; baseline 0.006 -22"><span class='ocrx_word' id='word_1_551' title='bbox 1998 3598 2052 3652; x_wconf 88' lang='lat' dir='ltr'>p.</span> <span class='ocrx_word' id='word_1_552' title='bbox 2092 3586 2147 3636; x_wconf 85' lang='lat'>‘7.</span> <span class='ocrx_word' id='word_1_553' title='bbox 2197 3584 2430 3648; x_wconf 85' lang='lat' dir='ltr'>Diligere</span> <span class='ocrx_word' id='word_1_554' title='bbox 2474 3583 2710 3637; x_wconf 85' lang='lat' dir='ltr'>homines</span> <span class='ocrx_word' id='word_1_555' title='bbox 2749 3582 3128 3656; x_wconf 85' lang='lat' dir='ltr'>humaniter.]</span> <span class='ocrx_word' id='word_1_556' title='bbox 3176 3587 3291 3640; x_wconf 86' lang='lat' dir='ltr'>Hoc</span> <span class='ocrx_word' id='word_1_557' title='bbox 3329 3592 3431 3654; x_wconf 91' lang='lat' dir='ltr'>est,</span> <span class='ocrx_word' id='word_1_558' title='bbox 3479 3605 3545 3643; x_wconf 89' lang='lat' dir='ltr'>eo</span> 
     </span>
    </p>
   </div>
   <div class='ocr_carea' id='block_1_47' title="bbox 89 3670 3546 3750">
    <p class='ocr_par' dir='ltr' id='par_1_47' title="bbox 89 3670 3546 3750">
     <span class='ocr_line' id='line_1_47' title="bbox 89 3670 3546 3750; baseline 0.001 -23"><span class='ocrx_word' id='word_1_559' title='bbox 89 3688 188 3730; x_wconf 78' lang='lat' dir='ltr'>voce</span> <span class='ocrx_word' id='word_1_560' title='bbox 223 3680 496 3747; x_wconf 83' lang='lat' dir='ltr'>jocund-us</span> <span class='ocrx_word' id='word_1_561' title='bbox 544 3696 647 3750; x_wconf 89' lang='lat' dir='ltr'>pro</span> <span class='ocrx_word' id='word_1_562' title='bbox 673 3679 930 3750; x_wconf 84' lang='lat' dir='ltr'>jucunda.</span> <span class='ocrx_word' id='word_1_563' title='bbox 965 3678 1265 3749; x_wconf 82' lang='lat' dir='ltr'>Respicere</span> <span class='ocrx_word' id='word_1_564' title='bbox 1295 3683 1484 3733; x_wconf 87' lang='lat' dir='ltr'>autem</span> <span class='ocrx_word' id='word_1_565' title='bbox 1513 3679 1738 3734; x_wconf 83' lang='lat' dir='ltr'>videtur</span> <span class='ocrx_word' id='word_1_566' title='bbox 1849 3671 2058 3725; x_wconf 85' lang='lat' dir='ltr'>amoris</span> <span class='ocrx_word' id='word_1_567' title='bbox 2088 3670 2281 3736; x_wconf 89' lang='lat' dir='ltr'>modo,</span> <span class='ocrx_word' id='word_1_568' title='bbox 2337 3670 2436 3741; x_wconf 90' lang='lat' dir='ltr'>qui</span> <span class='ocrx_word' id='word_1_569' title='bbox 2481 3671 2651 3725; x_wconf 88' lang='lat' dir='ltr'>rebus</span> <span class='ocrx_word' id='word_1_570' title='bbox 2691 3673 2958 3742; x_wconf 90' lang='lat' dir='ltr'>perituris</span> <span class='ocrx_word' id='word_1_571' title='bbox 2996 3673 3171 3728; x_wconf 88' lang='lat' dir='ltr'>tribui</span> <span class='ocrx_word' id='word_1_572' title='bbox 3202 3679 3415 3745; x_wconf 90' lang='lat' dir='ltr'>potest.</span> <span class='ocrx_word' id='word_1_573' title='bbox 3457 3676 3546 3730; x_wconf 89' lang='lat' dir='ltr'>Sic</span> 
     </span>
    </p>
   </div>
   <div class='ocr_carea' id='block_1_48' title="bbox 82 3759 3546 3847">
    <p class='ocr_par' dir='ltr' id='par_1_48' title="bbox 82 3759 3546 3840">
     <span class='ocr_line' id='line_1_48' title="bbox 82 3759 3546 3840; baseline 0.002 -22"><span class='ocrx_word' id='word_1_574' title='bbox 82 3765 388 3834; x_wconf 73' lang='lat' dir='ltr'>Augustinus</span> <span class='ocrx_word' id='word_1_575' title='bbox 417 3769 502 3824; x_wconf 87' lang='lat' dir='ltr'>ad</span> <span class='ocrx_word' id='word_1_576' title='bbox 533 3768 589 3823; x_wconf 89' lang='lat' dir='ltr'>id</span> <span class='ocrx_word' id='word_1_577' title='bbox 621 3768 774 3840; x_wconf 92' lang='lat' dir='ltr'>quod</span> <span class='ocrx_word' id='word_1_578' title='bbox 807 3767 985 3822; x_wconf 80' lang='lat' dir='ltr'>fertur</span> <span class='ocrx_word' id='word_1_579' title='bbox 1013 3767 1081 3822; x_wconf 89' lang='lat' dir='ltr'>de</span> <span class='ocrx_word' id='word_1_580' title='bbox 1111 3767 1433 3822; x_wconf 88' lang='lat' dir='ltr'>catarractis</span> <span class='ocrx_word' id='word_1_581' title='bbox 1481 3768 1611 3833; x_wconf 82' lang='lat' dir='ltr'>Nili,</span> <span class='ocrx_word' id='word_1_582' title='bbox 1641 3767 1738 3822; x_wconf 88' lang='lat' dir='ltr'>ubi</span> <span class='ocrx_word' id='word_1_583' title='bbox 1848 3763 1903 3814; x_wconf 75' lang='lat' dir='ltr'>et</span> <span class='ocrx_word' id='word_1_584' title='bbox 1951 3759 2130 3814; x_wconf 67' lang='grc' dir='ltr'>δι’ωοὶ</span> <span class='ocrx_word' id='word_1_585' title='bbox 2174 3760 2262 3814; x_wconf 71' lang='lat' dir='ltr'>&quot;Si</span> <span class='ocrx_word' id='word_1_586' title='bbox 2311 3764 2444 3814; x_wconf 71' lang='lat' dir='ltr'>sunt</span> <span class='ocrx_word' id='word_1_587' title='bbox 2489 3775 2622 3814; x_wconf 72' lang='lat' dir='ltr'>V000</span> <span class='ocrx_word' id='word_1_588' title='bbox 2652 3767 2980 3832; x_wconf 72' lang='grc' dir='ltr'>ἀνθρωπίνως,</span> <span class='ocrx_word' id='word_1_589' title='bbox 3014 3766 3068 3816; x_wconf 74' lang='lat' dir='ltr'>et</span> <span class='ocrx_word' id='word_1_590' title='bbox 3111 3763 3344 3833; x_wconf 80' lang='lat' dir='ltr'>quidem</span> <span class='ocrx_word' id='word_1_591' title='bbox 3375 3765 3434 3819; x_wconf 85' lang='lat' dir='ltr'>in</span> <span class='ocrx_word' id='word_1_592' title='bbox 3483 3781 3546 3819; x_wconf 73' lang='grc' dir='ltr'>ΓΘ</span> 
     </span>
    </p>
   </div>
   <div class='ocr_carea' id='block_1_49' title="bbox 81 3847 3359 3928">
    <p class='ocr_par' dir='ltr' id='par_1_49' title="bbox 81 3847 3359 3928">
     <span class='ocr_line' id='line_1_49' title="bbox 81 3847 3359 3928; baseline 0 -23"><span class='ocrx_word' id='word_1_593' title='bbox 81 3851 206 3908; x_wconf 82' lang='lat' dir='ltr'>Nilus</span> <span class='ocrx_word' id='word_1_594' title='bbox 249 3861 613 3928; x_wconf 79' lang='lat' dir='ltr'>praecipitans</span> <span class='ocrx_word' id='word_1_595' title='bbox 657 3873 713 3914; x_wconf 88' lang='lat' dir='ltr'>se</span> <span class='ocrx_word' id='word_1_596' title='bbox 748 3859 970 3924; x_wconf 83' lang='lat' dir='ltr'>fragore</span> <span class='ocrx_word' id='word_1_597' title='bbox 1013 3857 1260 3912; x_wconf 86' lang='lat' dir='ltr'>auditum</span> <span class='ocrx_word' id='word_1_598' title='bbox 1306 3859 1500 3911; x_wconf 90' lang='lat' dir='ltr'>accolis</span> <span class='ocrx_word' id='word_1_599' title='bbox 1531 3858 1733 3923; x_wconf 81' lang='lat' dir='ltr'>aufert,</span> <span class='ocrx_word' id='word_1_600' title='bbox 1849 3847 2022 3902; x_wconf 90' lang='lat' dir='ltr'>simili</span> <span class='ocrx_word' id='word_1_601' title='bbox 2053 3849 2360 3903; x_wconf 83' lang='lat' dir='ltr'>Menander</span> <span class='ocrx_word' id='word_1_602' title='bbox 2381 3848 2531 3918; x_wconf 86' lang='lat' dir='ltr'>apud</span> <span class='ocrx_word' id='word_1_603' title='bbox 2560 3848 2849 3903; x_wconf 81' lang='lat' dir='ltr'>Stobaeum</span> <span class='ocrx_word' id='word_1_604' title='bbox 2886 3850 3080 3905; x_wconf 85' lang='lat' dir='ltr'>Floril.</span> <span class='ocrx_word' id='word_1_605' title='bbox 3118 3851 3204 3906; x_wconf 90' lang='lat' dir='ltr'>tit.</span> <span class='ocrx_word' id='word_1_606' title='bbox 3248 3855 3359 3906; x_wconf 73' lang='lat'>1&#39;23.</span> 
     </span>
    </p>
   </div>
   <div class='ocr_carea' id='block_1_50' title="bbox 83 3943 1632 4016">
    <p class='ocr_par' dir='ltr' id='par_1_50' title="bbox 83 3943 1461 4016">
     <span class='ocr_line' id='line_1_50' title="bbox 83 3943 1461 4016; baseline 0.007 -25"><span class='ocrx_word' id='word_1_607' title='bbox 83 3945 130 3993; x_wconf 85' lang='lat' dir='ltr'>ut</span> <span class='ocrx_word' id='word_1_608' title='bbox 152 3943 380 4016; x_wconf 88' lang='lat' dir='ltr'>loquitur</span> <span class='ocrx_word' id='word_1_609' title='bbox 408 3947 636 4002; x_wconf 88' lang='lat' dir='ltr'>Plinius</span> <span class='ocrx_word' id='word_1_610' title='bbox 670 3947 810 4002; x_wconf 84' lang='lat' dir='ltr'>Hist.</span> <span class='ocrx_word' id='word_1_611' title='bbox 841 3949 957 4001; x_wconf 86' lang='lat' dir='ltr'>nat.</span> <span class='ocrx_word' id='word_1_612' title='bbox 983 3945 1080 4000; x_wconf 91' lang='lat' dir='ltr'>lib.</span> <span class='ocrx_word' id='word_1_613' title='bbox 1115 3961 1198 4014; x_wconf 81' lang='lat' dir='ltr'>vi,</span> <span class='ocrx_word' id='word_1_614' title='bbox 1223 3961 1344 4016; x_wconf 90' lang='lat' dir='ltr'>cap.</span> <span class='ocrx_word' id='word_1_615' title='bbox 1366 3949 1461 4001; x_wconf 86' lang='lat'>29.</span> 
     </span>
    </p>
   </div>
   <div class='ocr_carea' id='block_1_51' title="bbox 1590 3943 3139 4016">
    <p class='ocr_par' dir='ltr' id='par_1_51' title="bbox 2036 3943 3139 4009">
     <span class='ocr_line' id='line_1_51' title="bbox 2036 3943 3139 4009; baseline 0.001 -17"><span class='ocrx_word' id='word_1_616' title='bbox 2036 3943 2360 4007; x_wconf 76' lang='grc' dir='ltr'>Ἀνορωπίνως</span> <span class='ocrx_word' id='word_1_617' title='bbox 2385 3947 2485 4008; x_wconf 77' lang='grc' dir='ltr'>χρὴ</span> <span class='ocrx_word' id='word_1_618' title='bbox 2507 3945 2590 3998; x_wconf 74' lang='grc' dir='ltr'>τὰς</span> <span class='ocrx_word' id='word_1_619' title='bbox 2613 3945 2765 4008; x_wconf 73' lang='grc' dir='ltr'>τύχας</span> <span class='ocrx_word' id='word_1_620' title='bbox 2795 3946 2973 4009; x_wconf 76' lang='grc' dir='ltr'>φέρειν,</span> <span class='ocrx_word' id='word_1_621' title='bbox 3005 3947 3106 4004; x_wconf 84' lang='grc' dir='ltr'>ξένε</span> <span class='ocrx_word' id='word_1_622' title='bbox 3130 3946 3139 3964; x_wconf 90' lang='grc'><strong>’</strong></span> 
     </span>
    </p>
   </div>
   <div class='ocr_carea' id='block_1_52' title="bbox 137 4023 1686 4106">
    <p class='ocr_par' dir='ltr' id='par_1_52' title="bbox 137 4030 1686 4106">
     <span class='ocr_line' id='line_1_52' title="bbox 137 4030 1686 4106; baseline -0.001 -16"><span class='ocrx_word' id='word_1_623' title='bbox 137 4030 252 4102; x_wconf 81' lang='lat' dir='ltr'>Cap.</span> <span class='ocrx_word' id='word_1_624' title='bbox 301 4038 352 4102; x_wconf 87' lang='lat'>6,</span> <span class='ocrx_word' id='word_1_625' title='bbox 397 4035 425 4106; x_wconf 67' lang='grc' dir='ltr'>ἓ</span> <span class='ocrx_word' id='word_1_626' title='bbox 474 4037 560 4092; x_wconf 77' lang='grc'>14.</span> <span class='ocrx_word' id='word_1_627' title='bbox 591 4038 837 4090; x_wconf 86' lang='lat' dir='ltr'>Potuitne</span> <span class='ocrx_word' id='word_1_628' title='bbox 858 4035 1019 4089; x_wconf 82' lang='lat' dir='ltr'>libere</span> <span class='ocrx_word' id='word_1_629' title='bbox 1044 4034 1188 4103; x_wconf 88' lang='lat' dir='ltr'>quod</span> <span class='ocrx_word' id='word_1_630' title='bbox 1215 4049 1319 4088; x_wconf 88' lang='lat' dir='ltr'>non</span> <span class='ocrx_word' id='word_1_631' title='bbox 1348 4034 1558 4100; x_wconf 85' lang='lat' dir='ltr'>licebat,</span> <span class='ocrx_word' id='word_1_632' title='bbox 1587 4038 1686 4088; x_wconf 91' lang='lat' dir='ltr'>etc.</span> 
     </span>
    </p>
   </div>
   <div class='ocr_carea' id='block_1_53' title="bbox 1566 4023 3115 4106">
    <p class='ocr_par' dir='ltr' id='par_1_53' title="bbox 1587 4023 3115 4106">
     <span class='ocr_line' id='line_1_53' title="bbox 1587 4023 3115 4106; baseline 0.001 -35"><span class='ocrx_word' id='word_1_633' title='bbox 1587 4038 1690 4088; x_wconf 53' lang='lat' dir='ltr'>etc.</span> <span class='ocrx_word' id='word_1_634' title='bbox 1712 4032 1733 4106; x_wconf 80' lang='grc'>]</span> <span class='ocrx_word' id='word_1_635' title='bbox 2033 4026 2100 4071; x_wconf 73' lang='grc' dir='ltr'>Τὰ</span> <span class='ocrx_word' id='word_1_636' title='bbox 2125 4025 2262 4072; x_wconf 70' lang='grc' dir='ltr'>κοινὰ</span> <span class='ocrx_word' id='word_1_637' title='bbox 2289 4026 2456 4078; x_wconf 71' lang='grc' dir='ltr'>κοινῶς</span> <span class='ocrx_word' id='word_1_638' title='bbox 2481 4023 2554 4071; x_wconf 84' lang='grc' dir='ltr'>δεῖ</span> <span class='ocrx_word' id='word_1_639' title='bbox 2575 4025 2735 4087; x_wconf 72' lang='grc' dir='ltr'>φέρειν</span> <span class='ocrx_word' id='word_1_640' title='bbox 2766 4024 3115 4086; x_wconf 70' lang='grc' dir='ltr'>συμπτώματα.</span> 
     </span>
    </p>
   </div>
   <div class='ocr_carea' id='block_1_54' title="bbox 83 4115 3541 4195">
    <p class='ocr_par' dir='ltr' id='par_1_54' title="bbox 83 4115 3541 4195">
     <span class='ocr_line' id='line_1_54' title="bbox 83 4115 3541 4195; baseline 0.002 -23"><span class='ocrx_word' id='word_1_641' title='bbox 83 4115 272 4176; x_wconf 79' lang='lat' dir='ltr'>Ovidius</span> <span class='ocrx_word' id='word_1_642' title='bbox 299 4124 581 4195; x_wconf 46' lang='lat' dir='ltr'>nequitias.</span> <span class='ocrx_word' id='word_1_643' title='bbox 606 4124 878 4195; x_wconf 89' lang='lat' dir='ltr'>magister</span> <span class='ocrx_word' id='word_1_644' title='bbox 914 4123 1182 4187; x_wconf 79' lang='lat' dir='ltr'>afﬁrmat,</span> <span class='ocrx_word' id='word_1_645' title='bbox 1224 4139 1327 4178; x_wconf 91' lang='lat' dir='ltr'>nec</span> <span class='ocrx_word' id='word_1_646' title='bbox 1354 4123 1518 4191; x_wconf 88' lang='lat' dir='ltr'>falso,</span> <span class='ocrx_word' id='word_1_647' title='bbox 1541 4125 1732 4178; x_wconf 86' lang='lat' dir='ltr'>Amor.</span> <span class='ocrx_word' id='word_1_648' title='bbox 1920 4123 2163 4175; x_wconf 85' lang='lat' dir='ltr'>Humane</span> <span class='ocrx_word' id='word_1_649' title='bbox 2197 4125 2402 4190; x_wconf 86' lang='lat' dir='ltr'>oportet</span> <span class='ocrx_word' id='word_1_650' title='bbox 2440 4122 2774 4175; x_wconf 88' lang='lat' dir='ltr'>calamitates</span> <span class='ocrx_word' id='word_1_651' title='bbox 2803 4124 2968 4188; x_wconf 84' lang='lat' dir='ltr'>ferre,</span> <span class='ocrx_word' id='word_1_652' title='bbox 2997 4137 3026 4176; x_wconf 91' lang='grc' dir='ltr'>ο</span> <span class='ocrx_word' id='word_1_653' title='bbox 3059 4123 3262 4192; x_wconf 85' lang='lat' dir='ltr'>hospes,</span> <span class='ocrx_word' id='word_1_654' title='bbox 3309 4139 3541 4179; x_wconf 88' lang='lat' dir='ltr'>commu-</span> 
     </span>
    </p>
   </div>
   <div class='ocr_carea' id='block_1_55' title="bbox 83 4203 2826 4279">
    <p class='ocr_par' dir='ltr' id='par_1_55' title="bbox 83 4203 2826 4279">
     <span class='ocr_line' id='line_1_55' title="bbox 83 4203 2826 4279; baseline 0.003 -24"><span class='ocrx_word' id='word_1_655' title='bbox 83 4203 157 4260; x_wconf 88' lang='lat' dir='ltr'>lib.</span> <span class='ocrx_word' id='word_1_656' title='bbox 189 4225 237 4275; x_wconf 87' lang='lat' dir='ltr'>u,</span> <span class='ocrx_word' id='word_1_657' title='bbox 266 4213 334 4265; x_wconf 90' lang='lat' dir='ltr'>el.</span> <span class='ocrx_word' id='word_1_658' title='bbox 370 4217 464 4268; x_wconf 88' lang='lat'>19:</span> <span class='ocrx_word' id='word_1_659' title='bbox 1779 4269 1814 4279; x_wconf 41' lang='grc'><strong>⁸</strong></span> <span class='ocrx_word' id='word_1_660' title='bbox 1854 4211 1948 4264; x_wconf 85' lang='lat' dir='ltr'>nia</span> <span class='ocrx_word' id='word_1_661' title='bbox 1973 4225 2078 4279; x_wconf 79' lang='lat' dir='ltr'>par</span> <span class='ocrx_word' id='word_1_662' title='bbox 2103 4213 2181 4263; x_wconf 87' lang='lat' dir='ltr'>est</span> <span class='ocrx_word' id='word_1_663' title='bbox 2207 4211 2431 4263; x_wconf 84' lang='lat' dir='ltr'>tolerare</span> <span class='ocrx_word' id='word_1_664' title='bbox 2460 4211 2826 4264; x_wconf 85' lang='lat' dir='ltr'>communiter.</span> 
     </span>
    </p>
   </div>
   <div class='ocr_carea' id='block_1_56' title="bbox 339 4269 3541 4370">
    <p class='ocr_par' dir='ltr' id='par_1_56' title="bbox 339 4269 3541 4370">
     <span class='ocr_line' id='line_1_56' title="bbox 339 4269 3541 4370; baseline 0.001 -18"><span class='ocrx_word' id='word_1_665' title='bbox 339 4343 436 4370; x_wconf 54' lang='lat' dir='ltr'>,M,</span> <span class='ocrx_word' id='word_1_666' title='bbox 493 4343 762 4370; x_wconf 44' lang='grc' dir='ltr'>,Μ’-,ΑΜ</span> <span class='ocrx_word' id='word_1_667' title='bbox 789 4344 866 4370; x_wconf 58' lang='grc' dir='ltr'>Μ,</span> <span class='ocrx_word' id='word_1_668' title='bbox 913 4340 1050 4370; x_wconf 63' lang='lat' dir='ltr'>mw,</span> <span class='ocrx_word' id='word_1_669' title='bbox 1079 4354 1184 4370; x_wconf 63' lang='lat' dir='ltr'>mm</span> <span class='ocrx_word' id='word_1_670' title='bbox 1216 4341 1334 4370; x_wconf 55' lang='lat' dir='ltr'>HM,</span> <span class='ocrx_word' id='word_1_671' title='bbox 1380 4341 1548 4370; x_wconf 44' lang='lat' dir='ltr'>an,”</span> <span class='ocrx_word' id='word_1_672' title='bbox 1596 4342 1733 4370; x_wconf 50' lang='grc' dir='ltr'>ΜΗ,</span> <span class='ocrx_word' id='word_1_673' title='bbox 1777 4269 1821 4325; x_wconf 79' lang='lat' dir='ltr'><strong>D</strong></span> <span class='ocrx_word' id='word_1_674' title='bbox 1923 4269 2055 4368; x_wconf 65' lang='lat' dir='ltr'>cép.</span> <span class='ocrx_word' id='word_1_675' title='bbox 2121 4300 2206 4364; x_wconf 91' lang='lat'>12,</span> <span class='ocrx_word' id='word_1_676' title='bbox 2257 4295 2284 4367; x_wconf 66' lang='grc' dir='ltr'><strong>ἓ</strong></span> <span class='ocrx_word' id='word_1_677' title='bbox 2343 4300 2425 4351; x_wconf 93' lang='lat'>18.</span> <span class='ocrx_word' id='word_1_678' title='bbox 2458 4300 2591 4351; x_wconf 88' lang='lat' dir='ltr'>Ecce</span> <span class='ocrx_word' id='word_1_679' title='bbox 2619 4298 2710 4350; x_wconf 86' lang='lat' dir='ltr'>ubi</span> <span class='ocrx_word' id='word_1_680' title='bbox 2755 4293 2854 4366; x_wconf 83' lang='lat' dir='ltr'>est,</span> <span class='ocrx_word' id='word_1_681' title='bbox 2887 4297 2982 4351; x_wconf 86' lang='lat' dir='ltr'>ubi</span> <span class='ocrx_word' id='word_1_682' title='bbox 3009 4301 3153 4368; x_wconf 81' lang='lat' dir='ltr'>sapit</span> <span class='ocrx_word' id='word_1_683' title='bbox 3184 4298 3448 4370; x_wconf 70' lang='lat' dir='ltr'>veritas]</span> <span class='ocrx_word' id='word_1_684' title='bbox 3484 4299 3541 4354; x_wconf 91' lang='lat' dir='ltr'>Si</span> 
     </span>
    </p>
   </div>
   <div class='ocr_carea' id='block_1_57' title="bbox 163 4340 3527 4409">
    <p class='ocr_par' dir='ltr' id='par_1_57' title="bbox 163 4340 3527 4409">
     <span class='ocr_line' id='line_1_57' title="bbox 163 4340 3527 4409; baseline 0.001 -4"><span class='ocrx_word' id='word_1_685' title='bbox 163 4341 441 4399; x_wconf 73' lang='grc' dir='ltr'>Ουοάιίοθι</span> <span class='ocrx_word' id='word_1_686' title='bbox 493 4343 764 4406; x_wconf 63' lang='lat' dir='ltr'>ingratum</span> <span class='ocrx_word' id='word_1_687' title='bbox 788 4344 886 4401; x_wconf 60' lang='lat' dir='ltr'>est.</span> <span class='ocrx_word' id='word_1_688' title='bbox 913 4340 1054 4405; x_wconf 75' lang='lat' dir='ltr'>quod</span> <span class='ocrx_word' id='word_1_689' title='bbox 1079 4354 1187 4390; x_wconf 76' lang='lat' dir='ltr'>non</span> <span class='ocrx_word' id='word_1_690' title='bbox 1216 4341 1338 4391; x_wconf 64' lang='lat' dir='ltr'>licet</span> <span class='ocrx_word' id='word_1_691' title='bbox 1379 4341 1550 4390; x_wconf 70' lang='grc' dir='ltr'>ειετῖιιε</span> <span class='ocrx_word' id='word_1_692' title='bbox 1596 4342 1735 4404; x_wconf 67' lang='lat' dir='ltr'>urit;</span> <span class='ocrx_word' id='word_1_693' title='bbox 1851 4340 2284 4409; x_wconf 61' lang='grc' dir='ltr'>ε.-”ἶῗζ-ζ”’-εῗ</span> <span class='ocrx_word' id='word_1_694' title='bbox 2325 4340 3403 4409; x_wconf 22' lang='lat' dir='ltr'>-3:..‘.&#39;.V..w::.v.&#39;_:_&quot;f_’3:37:31&quot;ifilli;</span> <span class='ocrx_word' id='word_1_695' title='bbox 3427 4340 3527 4409; x_wconf 49' lang='lat'>{-74</span> 
     </span>
    </p>
   </div>
   <div class='ocr_carea' id='block_1_58' title="bbox 158 4387 3544 4477">
    <p class='ocr_par' dir='ltr' id='par_1_58' title="bbox 158 4387 3544 4477">
     <span class='ocr_line' id='line_1_58' title="bbox 158 4387 3544 4477; baseline 0.001 -38"><span class='ocrx_word' id='word_1_696' title='bbox 158 4387 297 4471; x_wconf 56' lang='grc' dir='ltr'>ὀιζδᾶ</span> <span class='ocrx_word' id='word_1_697' title='bbox 785 4387 1546 4476; x_wconf 41' lang='grc' dir='ltr'>ἐξιξδῇίῶξάᾧῆ’έθᾷᾗξιζξ</span> <span class='ocrx_word' id='word_1_698' title='bbox 1603 4387 1735 4404; x_wconf 69' lang='grc'>“”’⁷</span> <span class='ocrx_word' id='word_1_699' title='bbox 1851 4387 1928 4442; x_wconf 89' lang='lat' dir='ltr'>ita</span> <span class='ocrx_word' id='word_1_700' title='bbox 1987 4387 2161 4457; x_wconf 89' lang='lat' dir='ltr'>legas,</span> <span class='ocrx_word' id='word_1_701' title='bbox 2205 4387 2284 4477; x_wconf 88' lang='lat' dir='ltr'>sic</span> <span class='ocrx_word' id='word_1_702' title='bbox 2325 4387 3133 4477; x_wconf 62' lang='lat' dir='ltr'>videtur_interpungendum,</span> <span class='ocrx_word' id='word_1_703' title='bbox 3164 4389 3544 4443; x_wconf 82' lang='lat' dir='ltr'>Ecceubiest?</span> 
     </span>
    </p>
   </div>
   <div class='ocr_carea' id='block_1_59' title="bbox 1849 4474 3545 4546">
    <p class='ocr_par' dir='ltr' id='par_1_59' title="bbox 1849 4474 3545 4546">
     <span class='ocr_line' id='line_1_59' title="bbox 1849 4474 3545 4546; baseline 0.001 -15"><span class='ocrx_word' id='word_1_704' title='bbox 1849 4477 1944 4531; x_wconf 88' lang='lat' dir='ltr'>ubi</span> <span class='ocrx_word' id='word_1_705' title='bbox 1981 4478 2129 4546; x_wconf 84' lang='lat' dir='ltr'>sapit</span> <span class='ocrx_word' id='word_1_706' title='bbox 2164 4476 2385 4530; x_wconf 81' lang='lat' dir='ltr'>veritas.</span> <span class='ocrx_word' id='word_1_707' title='bbox 2439 4477 2506 4530; x_wconf 87' lang='lat' dir='ltr'>At</span> <span class='ocrx_word' id='word_1_708' title='bbox 2553 4474 2696 4527; x_wconf 89' lang='lat' dir='ltr'>forte</span> <span class='ocrx_word' id='word_1_709' title='bbox 2745 4476 2952 4530; x_wconf 89' lang='lat' dir='ltr'>melius</span> <span class='ocrx_word' id='word_1_710' title='bbox 2994 4477 3267 4545; x_wconf 87' lang='lat' dir='ltr'>legamus,</span> <span class='ocrx_word' id='word_1_711' title='bbox 3291 4479 3422 4532; x_wconf 84' lang='lat' dir='ltr'>Ecce</span> <span class='ocrx_word' id='word_1_712' title='bbox 3450 4477 3545 4531; x_wconf 87' lang='lat' dir='ltr'>ubi</span> 
     </span>
    </p>
   </div>
   <div class='ocr_carea' id='block_1_60' title="bbox 91 4528 3542 4636">
    <p class='ocr_par' dir='ltr' id='par_1_60' title="bbox 91 4528 3542 4636">
     <span class='ocr_line' id='line_1_60' title="bbox 91 4528 3542 4636; baseline 0.006 -37"><span class='ocrx_word' id='word_1_713' title='bbox 91 4528 142 4582; x_wconf 57' lang='grc' dir='ltr'>Εἴ</span> <span class='ocrx_word' id='word_1_714' title='bbox 164 4529 251 4585; x_wconf 46' lang='lat' dir='ltr'>mh</span> <span class='ocrx_word' id='word_1_715' title='bbox 282 4547 363 4600; x_wconf 68' lang='lat'>1&quot;:</span> <span class='ocrx_word' id='word_1_716' title='bbox 389 4531 463 4585; x_wconf 68' lang='grc' dir='ltr'>ει·</span> <span class='ocrx_word' id='word_1_717' title='bbox 497 4533 527 4584; x_wconf 80' lang='lat'>3</span> <span class='ocrx_word' id='word_1_718' title='bbox 557 4545 569 4581; x_wconf 72' lang='grc'><strong><em>⁵</em></strong></span> <span class='ocrx_word' id='word_1_719' title='bbox 598 4635 601 4636; x_wconf 12' lang='grc' dir='ltr'><em>ν</em></span> <span class='ocrx_word' id='word_1_720' title='bbox 1118 4635 1126 4636; x_wconf 16' lang='lat'><em>7</em></span> <span class='ocrx_word' id='word_1_721' title='bbox 1970 4528 2216 4633; x_wconf 49' lang='lat' dir='ltr'>ibi‘sapit</span> <span class='ocrx_word' id='word_1_722' title='bbox 2246 4528 2479 4628; x_wconf 79' lang='lat' dir='ltr'>veritas;</span> <span class='ocrx_word' id='word_1_723' title='bbox 2523 4563 2633 4616; x_wconf 87' lang='lat' dir='ltr'>hoc</span> <span class='ocrx_word' id='word_1_724' title='bbox 2660 4567 2743 4616; x_wconf 92' lang='lat' dir='ltr'>est</span> <span class='ocrx_word' id='word_1_725' title='bbox 2772 4528 3102 4633; x_wconf 27' lang='lat' dir='ltr'>ejusnaninkii</span> 
     </span>
    </p>
   </div>
   <div class='ocr_carea' id='block_1_61' title="bbox 181 4635 3150 4721">
    <p class='ocr_par' dir='ltr' id='par_1_61' title="bbox 181 4635 3150 4721">
     <span class='ocr_line' id='line_1_61' title="bbox 181 4635 3150 4721; baseline -0.005 -2"><span class='ocrx_word' id='word_1_726' title='bbox 181 4637 472 4721; x_wconf 51' lang='grc' dir='ltr'>Νίξίῖηἷηίίη</span> <span class='ocrx_word' id='word_1_727' title='bbox 499 4635 1356 4721; x_wconf 45' lang='lat' dir='ltr'>Keil”?_§‘2¥PR°FIE‘3PI‘PP.§‘1“8</span> <span class='ocrx_word' id='word_1_728' title='bbox 1381 4637 1588 4698; x_wconf 62' lang='lat' dir='ltr'>negata&#39;</span> <span class='ocrx_word' id='word_1_729' title='bbox 1850 4654 2055 4717; x_wconf 90' lang='lat' dir='ltr'>dicam,</span> <span class='ocrx_word' id='word_1_730' title='bbox 2091 4651 2285 4721; x_wconf 91' lang='lat' dir='ltr'>sapida</span> <span class='ocrx_word' id='word_1_731' title='bbox 2307 4655 2390 4705; x_wconf 89' lang='lat' dir='ltr'>est</span> <span class='ocrx_word' id='word_1_732' title='bbox 2420 4651 2645 4716; x_wconf 87' lang='lat' dir='ltr'>veritas,</span> <span class='ocrx_word' id='word_1_733' title='bbox 2678 4651 2769 4704; x_wconf 88' lang='lat' dir='ltr'>cui</span> <span class='ocrx_word' id='word_1_734' title='bbox 2805 4654 2950 4705; x_wconf 88' lang='lat' dir='ltr'>Deus</span> <span class='ocrx_word' id='word_1_735' title='bbox 2974 4653 3150 4706; x_wconf 88' lang='lat' dir='ltr'>adest.</span> 
     </span>
    </p>
   </div>
   <div class='ocr_carea' id='block_1_62' title="bbox 234 4705 3541 4812">
    <p class='ocr_par' dir='ltr' id='par_1_62' title="bbox 234 4705 3541 4812">
     <span class='ocr_line' id='line_1_62' title="bbox 234 4705 3541 4812; baseline 0.001 -19"><span class='ocrx_word' id='word_1_736' title='bbox 234 4709 313 4759; x_wconf 67' lang='lat' dir='ltr'>Sic</span> <span class='ocrx_word' id='word_1_737' title='bbox 339 4706 637 4760; x_wconf 46' lang='lat' dir='ltr'>inundin</span> <span class='ocrx_word' id='word_1_738' title='bbox 664 4705 909 4756; x_wconf 59' lang='lat' dir='ltr'>imminet</span> <span class='ocrx_word' id='word_1_739' title='bbox 936 4718 1076 4768; x_wconf 43' lang='lat' dir='ltr'><strong>aeger</strong></span> <span class='ocrx_word' id='word_1_740' title='bbox 1110 4707 1278 4768; x_wconf 39' lang='grc' dir='ltr'>δίψη</span> <span class='ocrx_word' id='word_1_741' title='bbox 1855 4705 2062 4810; x_wconf 45' lang='lat' dir='ltr'>WCap&#39;.</span> <span class='ocrx_word' id='word_1_742' title='bbox 2121 4705 2201 4801; x_wconf 48' lang='lat' dir='ltr'>lli,</span> <span class='ocrx_word' id='word_1_743' title='bbox 2254 4738 2280 4808; x_wconf 83' lang='lat'>§</span> <span class='ocrx_word' id='word_1_744' title='bbox 2326 4738 2416 4792; x_wconf 86' lang='lat'>21.</span> <span class='ocrx_word' id='word_1_745' title='bbox 2457 4705 2766 4810; x_wconf 56' lang='grc' dir='ltr'>Πίου-ἰάθη]</span> <span class='ocrx_word' id='word_1_746' title='bbox 2816 4705 3109 4794; x_wconf 14' lang='grc' dir='ltr'>ΕεῑῑιοΠΙκἸ.</span> <span class='ocrx_word' id='word_1_747' title='bbox 3156 4741 3398 4806; x_wconf 84' lang='lat' dir='ltr'>Hierius,</span> <span class='ocrx_word' id='word_1_748' title='bbox 3442 4743 3541 4812; x_wconf 91' lang='lat' dir='ltr'>qui</span> 
     </span>
    </p>
   </div>
   <div class='ocr_carea' id='block_1_63' title="bbox 142 4825 3543 4905">
    <p class='ocr_par' dir='ltr' id='par_1_63' title="bbox 142 4825 3543 4905">
     <span class='ocr_line' id='line_1_63' title="bbox 142 4825 3543 4905; baseline -0.001 -21"><span class='ocrx_word' id='word_1_749' title='bbox 142 4830 354 4905; x_wconf 80' lang='lat' dir='ltr'>Nempe,</span> <span class='ocrx_word' id='word_1_750' title='bbox 418 4832 642 4887; x_wconf 90' lang='lat' dir='ltr'>nullam</span> <span class='ocrx_word' id='word_1_751' title='bbox 686 4829 973 4885; x_wconf 89' lang='lat' dir='ltr'>rationem</span> <span class='ocrx_word' id='word_1_752' title='bbox 1019 4829 1212 4900; x_wconf 88' lang='lat' dir='ltr'>legum</span> <span class='ocrx_word' id='word_1_753' title='bbox 1257 4829 1486 4893; x_wconf 89' lang='lat' dir='ltr'>habere,</span> <span class='ocrx_word' id='word_1_754' title='bbox 1542 4829 1637 4883; x_wconf 89' lang='lat' dir='ltr'>sed</span> <span class='ocrx_word' id='word_1_755' title='bbox 1667 4829 1745 4883; x_wconf 89' lang='lat' dir='ltr'>ita</span> <span class='ocrx_word' id='word_1_756' title='bbox 1849 4846 1999 4883; x_wconf 86' lang='lat' dir='ltr'>anno</span> <span class='ocrx_word' id='word_1_757' title='bbox 2049 4825 2256 4881; x_wconf 89' lang='lat' dir='ltr'>Christi</span> <span class='ocrx_word' id='word_1_758' title='bbox 2297 4827 2397 4879; x_wconf 81' lang='grc'>427</span> <span class='ocrx_word' id='word_1_759' title='bbox 2447 4842 2576 4878; x_wconf 91' lang='lat' dir='ltr'>cum</span> <span class='ocrx_word' id='word_1_760' title='bbox 2630 4827 2708 4880; x_wconf 83' lang='lat' dir='ltr'>F1.</span> <span class='ocrx_word' id='word_1_761' title='bbox 2763 4827 3082 4882; x_wconf 87' lang='lat' dir='ltr'>Ardaburio</span> <span class='ocrx_word' id='word_1_762' title='bbox 3136 4831 3330 4882; x_wconf 88' lang='lat' dir='ltr'>consul</span> <span class='ocrx_word' id='word_1_763' title='bbox 3386 4830 3543 4884; x_wconf 84' lang='lat' dir='ltr'>fuit?</span> 
     </span>
    </p>
   </div>
   <div class='ocr_carea' id='block_1_64' title="bbox 81 4912 3538 4993">
    <p class='ocr_par' dir='ltr' id='par_1_64' title="bbox 81 4912 3538 4993">
     <span class='ocr_line' id='line_1_64' title="bbox 81 4912 3538 4993; baseline -0.001 -22"><span class='ocrx_word' id='word_1_764' title='bbox 81 4933 163 4973; x_wconf 89' lang='lat' dir='ltr'>nos</span> <span class='ocrx_word' id='word_1_765' title='bbox 191 4937 400 4992; x_wconf 85' lang='lat' dir='ltr'>gerere,</span> <span class='ocrx_word' id='word_1_766' title='bbox 423 4921 586 4993; x_wconf 85' lang='lat' dir='ltr'>quasi</span> <span class='ocrx_word' id='word_1_767' title='bbox 617 4920 687 4974; x_wconf 90' lang='lat' dir='ltr'>iis</span> <span class='ocrx_word' id='word_1_768' title='bbox 713 4918 885 4974; x_wconf 90' lang='lat' dir='ltr'>soluti</span> <span class='ocrx_word' id='word_1_769' title='bbox 925 4934 1198 4985; x_wconf 91' lang='lat' dir='ltr'>essemus,</span> <span class='ocrx_word' id='word_1_770' title='bbox 1231 4918 1420 4972; x_wconf 90' lang='lat' dir='ltr'>nescio</span> <span class='ocrx_word' id='word_1_771' title='bbox 1451 4917 1588 4988; x_wconf 89' lang='lat' dir='ltr'>quid</span> <span class='ocrx_word' id='word_1_772' title='bbox 1618 4935 1743 4972; x_wconf 88' lang='lat' dir='ltr'>am-</span> <span class='ocrx_word' id='word_1_773' title='bbox 1851 4918 2010 4972; x_wconf 89' lang='lat' dir='ltr'>Certe</span> <span class='ocrx_word' id='word_1_774' title='bbox 2059 4913 2346 4968; x_wconf 90' lang='lat' dir='ltr'>interdum</span> <span class='ocrx_word' id='word_1_775' title='bbox 2401 4912 2539 4966; x_wconf 90' lang='lat' dir='ltr'>viris</span> <span class='ocrx_word' id='word_1_776' title='bbox 2605 4914 2844 4967; x_wconf 88' lang='lat' dir='ltr'>eruditis</span> <span class='ocrx_word' id='word_1_777' title='bbox 2895 4915 3098 4968; x_wconf 87' lang='lat' dir='ltr'>collata</span> <span class='ocrx_word' id='word_1_778' title='bbox 3151 4932 3217 4968; x_wconf 89' lang='lat' dir='ltr'>ea</span> <span class='ocrx_word' id='word_1_779' title='bbox 3273 4915 3538 4985; x_wconf 89' lang='lat' dir='ltr'>dignitas,</span> 
     </span>
    </p>
   </div>
   <div class='ocr_carea' id='block_1_65' title="bbox 85 5001 3538 5082">
    <p class='ocr_par' dir='ltr' id='par_1_65' title="bbox 85 5001 3538 5082">
     <span class='ocr_line' id='line_1_65' title="bbox 85 5001 3538 5082; baseline -0.001 -21"><span class='ocrx_word' id='word_1_780' title='bbox 85 5007 219 5076; x_wconf 87' lang='lat' dir='ltr'>plum</span> <span class='ocrx_word' id='word_1_781' title='bbox 243 5026 304 5064; x_wconf 90' lang='lat' dir='ltr'>ac</span> <span class='ocrx_word' id='word_1_782' title='bbox 331 5009 708 5082; x_wconf 74' lang='lat' dir='ltr'>magnificum</span> <span class='ocrx_word' id='word_1_783' title='bbox 729 5007 955 5063; x_wconf 91' lang='lat' dir='ltr'>videtur</span> <span class='ocrx_word' id='word_1_784' title='bbox 983 5008 1253 5062; x_wconf 86' lang='lat' dir='ltr'>humanae</span> <span class='ocrx_word' id='word_1_785' title='bbox 1283 5006 1582 5076; x_wconf 67' lang='lat' dir='ltr'>superbiae.</span> <span class='ocrx_word' id='word_1_786' title='bbox 1850 5008 2082 5076; x_wconf 89' lang='lat' dir='ltr'>pr0pter</span> <span class='ocrx_word' id='word_1_787' title='bbox 2106 5003 2287 5056; x_wconf 89' lang='lat' dir='ltr'>solam</span> <span class='ocrx_word' id='word_1_788' title='bbox 2313 5001 2718 5061; x_wconf 88' lang='lat' dir='ltr'>eruditionem,</span> <span class='ocrx_word' id='word_1_789' title='bbox 2744 5006 2808 5056; x_wconf 87' lang='lat' dir='ltr'>ut</span> <span class='ocrx_word' id='word_1_790' title='bbox 2839 5002 3094 5056; x_wconf 86' lang='lat' dir='ltr'>Ausonio</span> <span class='ocrx_word' id='word_1_791' title='bbox 3124 5007 3327 5073; x_wconf 63' lang='lat' dir='ltr'>poetae,</span> <span class='ocrx_word' id='word_1_792' title='bbox 3377 5003 3538 5058; x_wconf 90' lang='lat' dir='ltr'>aliis-</span> 
     </span>
    </p>
   </div>
   <div class='ocr_carea' id='block_1_66' title="bbox 139 5091 3542 5170">
    <p class='ocr_par' dir='ltr' id='par_1_66' title="bbox 139 5091 3542 5170">
     <span class='ocr_line' id='line_1_66' title="bbox 139 5091 3542 5170; baseline -0.001 -19"><span class='ocrx_word' id='word_1_793' title='bbox 139 5097 244 5152; x_wconf 88' lang='lat' dir='ltr'>Lib.</span> <span class='ocrx_word' id='word_1_794' title='bbox 283 5117 358 5153; x_wconf 83' lang='lat' dir='ltr'>in.</span> <span class='ocrx_word' id='word_1_795' title='bbox 394 5100 532 5170; x_wconf 87' lang='lat' dir='ltr'>Cap.</span> <span class='ocrx_word' id='word_1_796' title='bbox 570 5097 673 5169; x_wconf 84' lang='lat'>3,§</span> <span class='ocrx_word' id='word_1_797' title='bbox 701 5102 750 5154; x_wconf 88' lang='lat'>6.</span> <span class='ocrx_word' id='word_1_798' title='bbox 783 5094 1135 5168; x_wconf 83' lang='lat' dir='ltr'>Eversores.]</span> <span class='ocrx_word' id='word_1_799' title='bbox 1184 5095 1460 5150; x_wconf 86' lang='lat' dir='ltr'>Videntur</span> <span class='ocrx_word' id='word_1_800' title='bbox 1506 5095 1584 5148; x_wconf 88' lang='lat' dir='ltr'>ita</span> <span class='ocrx_word' id='word_1_801' title='bbox 1611 5094 1746 5150; x_wconf 91' lang='lat' dir='ltr'>dicti</span> <span class='ocrx_word' id='word_1_802' title='bbox 1851 5107 1983 5163; x_wconf 88' lang='lat' dir='ltr'>que.</span> <span class='ocrx_word' id='word_1_803' title='bbox 2030 5092 2154 5145; x_wconf 83' lang='lat' dir='ltr'>Non</span> <span class='ocrx_word' id='word_1_804' title='bbox 2204 5095 2342 5161; x_wconf 91' lang='lat' dir='ltr'>puto</span> <span class='ocrx_word' id='word_1_805' title='bbox 2392 5094 2607 5156; x_wconf 88' lang='lat' dir='ltr'>tamen,</span> <span class='ocrx_word' id='word_1_806' title='bbox 2657 5095 2893 5163; x_wconf 88' lang='lat' dir='ltr'>propter</span> <span class='ocrx_word' id='word_1_807' title='bbox 2922 5091 3059 5145; x_wconf 90' lang='lat' dir='ltr'>alias</span> <span class='ocrx_word' id='word_1_808' title='bbox 3094 5091 3200 5144; x_wconf 90' lang='lat' dir='ltr'>viri</span> <span class='ocrx_word' id='word_1_809' title='bbox 3239 5091 3542 5161; x_wconf 71' lang='lat' dir='ltr'>dignitates</span> 
     </span>
    </p>
   </div>
   <div class='ocr_carea' id='block_1_67' title="bbox 85 5178 3542 5259">
    <p class='ocr_par' dir='ltr' id='par_1_67' title="bbox 85 5178 3542 5259">
     <span class='ocr_line' id='line_1_67' title="bbox 85 5178 3542 5259; baseline -0.001 -20"><span class='ocrx_word' id='word_1_810' title='bbox 85 5187 468 5252; x_wconf 84' lang='lat' dir='ltr'>petulantiores</span> <span class='ocrx_word' id='word_1_811' title='bbox 508 5190 766 5259; x_wconf 88' lang='lat' dir='ltr'>juvenes,</span> <span class='ocrx_word' id='word_1_812' title='bbox 816 5186 916 5256; x_wconf 91' lang='lat' dir='ltr'>qui</span> <span class='ocrx_word' id='word_1_813' title='bbox 966 5187 1184 5241; x_wconf 88' lang='lat' dir='ltr'>scholas</span> <span class='ocrx_word' id='word_1_814' title='bbox 1214 5183 1529 5249; x_wconf 86' lang='lat' dir='ltr'>rhetorum,</span> <span class='ocrx_word' id='word_1_815' title='bbox 1558 5199 1590 5236; x_wconf 91' lang='lat' dir='ltr'><strong>a</strong></span> <span class='ocrx_word' id='word_1_816' title='bbox 1618 5182 1744 5253; x_wconf 89' lang='lat' dir='ltr'>qui-</span> <span class='ocrx_word' id='word_1_817' title='bbox 1852 5195 1992 5251; x_wconf 87' lang='lat' dir='ltr'>quas</span> <span class='ocrx_word' id='word_1_818' title='bbox 2034 5178 2159 5232; x_wconf 90' lang='lat' dir='ltr'>vide</span> <span class='ocrx_word' id='word_1_819' title='bbox 2204 5179 2354 5249; x_wconf 91' lang='lat' dir='ltr'>apud</span> <span class='ocrx_word' id='word_1_820' title='bbox 2399 5178 2672 5233; x_wconf 88' lang='lat' dir='ltr'>Jacobum</span> <span class='ocrx_word' id='word_1_821' title='bbox 2721 5179 3131 5234; x_wconf 85' lang='lat' dir='ltr'>Gothofredum</span> <span class='ocrx_word' id='word_1_822' title='bbox 3173 5178 3232 5232; x_wconf 92' lang='lat' dir='ltr'>in</span> <span class='ocrx_word' id='word_1_823' title='bbox 3263 5194 3542 5250; x_wconf 90' lang='lat' dir='ltr'>prosopo-</span> 
     </span>
    </p>
   </div>
   <div class='ocr_carea' id='block_1_68' title="bbox 84 5266 2752 5346">
    <p class='ocr_par' dir='ltr' id='par_1_68' title="bbox 84 5266 2752 5346">
     <span class='ocr_line' id='line_1_68' title="bbox 84 5266 2752 5346; baseline -0.001 -22"><span class='ocrx_word' id='word_1_824' title='bbox 84 5270 168 5327; x_wconf 86' lang='lat' dir='ltr'>bus</span> <span class='ocrx_word' id='word_1_825' title='bbox 196 5291 304 5330; x_wconf 90' lang='lat' dir='ltr'>non</span> <span class='ocrx_word' id='word_1_826' title='bbox 354 5276 727 5343; x_wconf 89' lang='lat' dir='ltr'>docebantur,</span> <span class='ocrx_word' id='word_1_827' title='bbox 777 5275 1161 5346; x_wconf 87' lang='lat' dir='ltr'>irrumpentes</span> <span class='ocrx_word' id='word_1_828' title='bbox 1201 5272 1395 5330; x_wconf 85' lang='lat' dir='ltr'>omnia</span> <span class='ocrx_word' id='word_1_829' title='bbox 1441 5271 1557 5326; x_wconf 92' lang='lat' dir='ltr'>illic</span> <span class='ocrx_word' id='word_1_830' title='bbox 1586 5287 1743 5326; x_wconf 87' lang='lat' dir='ltr'>ever-</span> <span class='ocrx_word' id='word_1_831' title='bbox 1852 5266 2091 5340; x_wconf 86' lang='lat' dir='ltr'>graphia</span> <span class='ocrx_word' id='word_1_832' title='bbox 2122 5267 2327 5321; x_wconf 89' lang='lat' dir='ltr'>codicis</span> <span class='ocrx_word' id='word_1_833' title='bbox 2357 5266 2752 5321; x_wconf 89' lang='lat' dir='ltr'>Theodosiani.</span> 
     </span>
    </p>
   </div>
   <div class='ocr_carea' id='block_1_69' title="bbox 84 5353 3545 5437">
    <p class='ocr_par' dir='ltr' id='par_1_69' title="bbox 84 5353 3545 5437">
     <span class='ocr_line' id='line_1_69' title="bbox 84 5353 3545 5437; baseline 0 -25"><span class='ocrx_word' id='word_1_834' title='bbox 84 5360 269 5430; x_wconf 84' lang='lat' dir='ltr'>tebaut,</span> <span class='ocrx_word' id='word_1_835' title='bbox 331 5365 699 5437; x_wconf 87' lang='lat' dir='ltr'>ludibrioque</span> <span class='ocrx_word' id='word_1_836' title='bbox 758 5363 1047 5419; x_wconf 87' lang='lat' dir='ltr'>habebant</span> <span class='ocrx_word' id='word_1_837' title='bbox 1099 5363 1422 5434; x_wconf 86' lang='lat' dir='ltr'>magistros.</span> <span class='ocrx_word' id='word_1_838' title='bbox 1481 5361 1612 5430; x_wconf 87' lang='lat' dir='ltr'>Ejus</span> <span class='ocrx_word' id='word_1_839' title='bbox 1642 5376 1744 5414; x_wconf 88' lang='lat' dir='ltr'>ne-</span> <span class='ocrx_word' id='word_1_840' title='bbox 1923 5356 2062 5411; x_wconf 90' lang='lat' dir='ltr'>Ibid.</span> <span class='ocrx_word' id='word_1_841' title='bbox 2095 5354 2122 5426; x_wconf 63' lang='grc' dir='ltr'><strong>ἓ</strong></span> <span class='ocrx_word' id='word_1_842' title='bbox 2152 5357 2239 5410; x_wconf 87' lang='grc'>23.</span> <span class='ocrx_word' id='word_1_843' title='bbox 2291 5355 2366 5412; x_wconf 91' lang='lat' dir='ltr'>0b</span> <span class='ocrx_word' id='word_1_844' title='bbox 2409 5371 2465 5410; x_wconf 90' lang='lat' dir='ltr'>os</span> <span class='ocrx_word' id='word_1_845' title='bbox 2505 5357 3004 5424; x_wconf 81' lang='lat' dir='ltr'>comtemplaiionis.</span> <span class='ocrx_word' id='word_1_846' title='bbox 3028 5353 3049 5427; x_wconf 80' lang='lat'>]</span> <span class='ocrx_word' id='word_1_847' title='bbox 3074 5354 3129 5410; x_wconf 88' lang='lat' dir='ltr'>Si</span> <span class='ocrx_word' id='word_1_848' title='bbox 3160 5357 3280 5411; x_wconf 67' lang='lat' dir='ltr'>haec</span> <span class='ocrx_word' id='word_1_849' title='bbox 3311 5373 3442 5412; x_wconf 87' lang='lat' dir='ltr'>vera</span> <span class='ocrx_word' id='word_1_850' title='bbox 3463 5363 3545 5414; x_wconf 89' lang='lat' dir='ltr'>est</span> 
     </span>
    </p>
   </div>
   <div class='ocr_carea' id='block_1_70' title="bbox 94 5445 3028 5522">
    <p class='ocr_par' dir='ltr' id='par_1_70' title="bbox 94 5445 3028 5522">
     <span class='ocr_line' id='line_1_70' title="bbox 94 5445 3028 5522; baseline -0.002 -17"><span class='ocrx_word' id='word_1_851' title='bbox 94 5450 261 5520; x_wconf 62' lang='lat' dir='ltr'>quitia</span> <span class='ocrx_word' id='word_1_852' title='bbox 291 5453 558 5509; x_wconf 87' lang='lat' dir='ltr'>meminit</span> <span class='ocrx_word' id='word_1_853' title='bbox 582 5454 790 5509; x_wconf 88' lang='lat' dir='ltr'>iterum</span> <span class='ocrx_word' id='word_1_854' title='bbox 821 5451 1173 5522; x_wconf 84' lang='lat' dir='ltr'>Augustinus</span> <span class='ocrx_word' id='word_1_855' title='bbox 1203 5452 1300 5506; x_wconf 90' lang='lat' dir='ltr'>lib.</span> <span class='ocrx_word' id='word_1_856' title='bbox 1329 5451 1398 5506; x_wconf 87' lang='lat' dir='ltr'>de</span> <span class='ocrx_word' id='word_1_857' title='bbox 1428 5451 1570 5504; x_wconf 87' lang='lat' dir='ltr'>Vera</span> <span class='ocrx_word' id='word_1_858' title='bbox 1597 5450 1742 5518; x_wconf 74' lang='lat' dir='ltr'>Bel,</span> <span class='ocrx_word' id='word_1_859' title='bbox 1853 5447 2040 5516; x_wconf 90' lang='lat' dir='ltr'>lectio,</span> <span class='ocrx_word' id='word_1_860' title='bbox 2062 5445 2299 5517; x_wconf 89' lang='lat' dir='ltr'>perinde</span> <span class='ocrx_word' id='word_1_861' title='bbox 2332 5449 2416 5499; x_wconf 90' lang='lat' dir='ltr'>est</span> <span class='ocrx_word' id='word_1_862' title='bbox 2437 5461 2501 5498; x_wconf 89' lang='lat' dir='ltr'>ac</span> <span class='ocrx_word' id='word_1_863' title='bbox 2531 5446 2593 5499; x_wconf 90' lang='lat' dir='ltr'>ob</span> <span class='ocrx_word' id='word_1_864' title='bbox 2623 5445 2797 5500; x_wconf 86' lang='lat' dir='ltr'>oculos</span> <span class='ocrx_word' id='word_1_865' title='bbox 2817 5446 3028 5499; x_wconf 86' lang='lat' dir='ltr'>mentis.</span> 
     </span>
    </p>
   </div>
   <div class='ocr_carea' id='block_1_71' title="bbox 85 5534 3541 5612">
    <p class='ocr_par' dir='ltr' id='par_1_71' title="bbox 85 5534 3541 5612">
     <span class='ocr_line' id='line_1_71' title="bbox 85 5534 3541 5612; baseline 0 -20"><span class='ocrx_word' id='word_1_866' title='bbox 85 5536 192 5607; x_wconf 84' lang='lat' dir='ltr'>Cap.</span> <span class='ocrx_word' id='word_1_867' title='bbox 245 5543 336 5611; x_wconf 76' lang='grc'>40,</span> <span class='ocrx_word' id='word_1_868' title='bbox 385 5558 545 5600; x_wconf 89' lang='lat' dir='ltr'>num.</span> <span class='ocrx_word' id='word_1_869' title='bbox 594 5546 684 5598; x_wconf 78' lang='lat'>75.</span> <span class='ocrx_word' id='word_1_870' title='bbox 739 5542 817 5596; x_wconf 91' lang='lat' dir='ltr'>De</span> <span class='ocrx_word' id='word_1_871' title='bbox 863 5539 1180 5612; x_wconf 85' lang='lat' dir='ltr'>petulantia</span> <span class='ocrx_word' id='word_1_872' title='bbox 1249 5555 1378 5594; x_wconf 91' lang='lat' dir='ltr'>vero</span> <span class='ocrx_word' id='word_1_873' title='bbox 1432 5538 1744 5610; x_wconf 85' lang='lat' dir='ltr'>juventutis</span> <span class='ocrx_word' id='word_1_874' title='bbox 1929 5553 2085 5590; x_wconf 72' lang='grc' dir='ltr'>ιιι]ῃο</span> <span class='ocrx_word' id='word_1_875' title='bbox 2146 5551 2197 5588; x_wconf 89' lang='lat' dir='ltr'>v.</span> <span class='ocrx_word' id='word_1_876' title='bbox 2241 5536 2375 5604; x_wconf 86' lang='lat' dir='ltr'>Cap.</span> <span class='ocrx_word' id='word_1_877' title='bbox 2430 5534 2540 5602; x_wconf 76' lang='lat'>9,§</span> <span class='ocrx_word' id='word_1_878' title='bbox 2586 5537 2666 5586; x_wconf 81' lang='lat'>16.</span> <span class='ocrx_word' id='word_1_879' title='bbox 2735 5535 2796 5587; x_wconf 85' lang='lat' dir='ltr'><strong>In</strong></span> <span class='ocrx_word' id='word_1_880' title='bbox 2849 5549 3002 5588; x_wconf 86' lang='lat' dir='ltr'>cruce</span> <span class='ocrx_word' id='word_1_881' title='bbox 3061 5535 3541 5610; x_wconf 63' lang='lat' dir='ltr'>phantasmatis]</span> 
     </span>
    </p>
   </div>
  </div>
