3926 6192
365 295 466 350 207
1381 294 1933 350 SUPPLEMENTUM
1977 296 2065 350 AD
2102 295 2328 351 OPERA
2369 296 2424 350 S.
2466 295 2854 351 AUGUSTINI.
3605 269 3614 277 .
3701 312 3781 364 '208

366 419 483 474 Hoc
514 417 687 474 estin
713 434 877 473 cruce
923 435 954 471 e
1003 433 1117 488 qua
1161 415 1502 487 pependisse
1531 418 1896 490 phantasma,
1945 435 2060 474 non
2098 420 2139 474 A
2173 417 2276 487 cie,
2297 418 2356 472 in
2380 418 2590 473 talibus
2621 418 2910 472 aberrare!
2943 416 3026 472 Ad
3043 420 3309 472 eventum
3333 420 3646 479 somniorum
3661 431 3779 497 quod

369 509 656 565 Christum
687 508 901 579 ipsum,
929 505 1236 561 credebant
1266 505 1582 572 manichaei.
1613 506 1750 560 Vide
1782 521 1909 576 quae
1927 520 2068 558 con-
2175 506 2395 575 attinet,
2428 506 2581 560 idem
2631 505 2835 560 dixeris
2877 505 3029 576 quod
3069 506 3138 560 de
3187 507 3640 566 Genethliacorum
3667 531 3784 583 prae-

367 600 458 652 tra
483 599 592 652 hoc
642 597 850 668 dogma
879 595 1052 650 habet
1088 595 1442 665 Augustinus
1475 598 1617 648 tom.
1671 596 1816 664 VIII,
1857 597 1973 659 aut,
2019 591 2065 645 si
2176 595 2538 664 dictionibus,
2587 594 2877 648 interdum
2925 610 3041 648 non
3084 593 3264 660 vanis,
3325 595 3459 650 dixit
3499 600 3794 670 Augustinus

366 685 757 756 paucioribus,
787 699 909 738 rem
943 682 1287 753 descriptam
1311 682 1526 754 cupias,
1554 683 1814 738 libellum
1844 682 1965 754 ejus
1995 681 2065 736 de
2172 683 2272 737 lib.
2327 701 2422 750 vn,
2456 681 2483 753 ξ
2515 686 2565 737 8.
2612 683 2718 737 Sed
2775 682 3159 737 honoriﬁcum
3226 688 3346 738 erat
3393 686 3634 742 Monnicae
3677 691 3789 761 lilio,

368 773 706 839 Haeresibus,
734 773 804 827 ad
830 770 1078 826 haeresim
1109 771 1577 826 Manichaeorum.
2169 771 2351 842 ipsius
2399 772 2827 826 conversionem
2873 771 3044 826 fuisse
3093 772 3347 826 somnilis
3374 780 3659 845 θεοπέμπτοις
3682 795 3795 850 prae-

436 864 571 932 Cap.
626 862 710 928 10,
761 859 789 931 §
840 862 925 915 18.
978 861 1121 927 Quos
1161 862 1344 915 electos
1393 858 1648 932 vocant]
1695 859 1762 914 Hi
1793 858 1944 930 apud
1969 873 2064 912 eos
2171 858 2591 930 signiﬁcatam;
2627 860 2778 931 quod
2805 864 2997 913 tamen
3031 859 3128 913 alii
3153 860 3452 930 pudentius
3499 879 3796 923 commemo-

365 950 541 1006 veluti
588 949 882 1022 primariae
922 949 1167 1014 virtutis,
1219 954 1316 1004 aut
1371 950 1710 1004 commentis
1750 950 1873 1021 ejus
1900 951 2065 1002 sectas
2171 953 2411 1002 rassent.
3065 1002 3070 1006 _

364 1037 732 1094 addistissimi
780 1041 977 1104 erant;
1030 1037 1224 1092 minus
1253 1038 1488 1109 perfecti
1535 1038 1873 1093 dicebantur
1901 1036 2061 1091 audi-
2242 1036 2375 1106 Cap.
2413 1039 2495 1090 16.
2536 1037 2706 1090 Versa
2733 1039 2781 1090 et
2809 1051 3023 1090 reversa
3063 1039 3123 1091 in
3152 1041 3378 1106 tergum,
3427 1043 3474 1093 et
3500 1042 3554 1094 in
3577 1042 3740 1112 latera,
3766 1052 3805 1100 et

364 1133 520 1182 tores.
572 1129 728 1193 Nam,
762 1129 828 1181 ut
875 1126 1061 1181 verbis
1108 1130 1236 1180 utar
1278 1127 1583 1198 Augustini
1632 1144 1702 1181 ex
1744 1129 2061 1182 memorato
2169 1126 2228 1179 in
2257 1130 2493 1179 ventrem
2518 1131 2567 1179 et
2586 1125 2727 1178 dura
2755 1130 2882 1178 sunt
2909 1128 3110 1180 omnia.
3139 1124 3160 1197 ]
3190 1127 3507 1196 Metaphora
3549 1129 3802 1204 desumpta

360 1214 580 1284 libello,
625 1217 710 1270 his
759 1215 974 1269 duabus
1019 1216 1468 1285 profectionibus,
1512 1217 1606 1270 hoc
1644 1220 1742 1282 est,
1782 1215 2063 1269 electorum
2169 1228 2237 1267 ex
2291 1229 2466 1284 aegro,
2520 1214 2610 1267 vel
2655 1214 2941 1268 insomnia
2967 1215 3272 1269 laboranti.
3307 1216 3403 1286 qui
3433 1216 3489 1270 in
3513 1217 3644 1273 lecto
3671 1237 3720 1274 se
3740 1222 3807 1291 ja-

362 1307 413 1358 et
441 1304 777 1371 auditorum,
809 1305 1102 1358 Ecclesiam
1132 1317 1286 1358 suam
1315 1308 1560 1360 constare
1614 1305 1914 1358 voluerunt.
2167 1305 2303 1368 ctat,
2325 1307 2380 1356 et
2402 1318 2803 1374 quamcunque
2824 1303 2886 1357 in
2905 1303 3208 1373 partemin
3229 1321 3286 1358 se
3309 1308 3487 1359 vertat
3507 1306 3691 1362 duram
3710 1311 3807 1364 cul-

437 1390 580 1445 Ibid.
608 1389 635 1462 §
685 1393 774 1445 20.
822 1391 944 1447 Nisi
973 1393 1128 1445 carni
1156 1389 1602 1463 concernentur.]
1635 1391 1743 1456 Qui
1771 1406 1907 1445 voce
1936 1405 2058 1445 con-
2170 1391 2342 1445 citam
2375 1391 2682 1462 experitur.
2731 1392 2819 1446 Sic
2866 1391 3091 1447 animus
3141 1393 3360 1463 anxius,
3382 1393 3514 1448 dum
3540 1397 3814 1466 quaeritve

363 1482 513 1534 cerni
566 1495 673 1548 pro
716 1478 946 1532 misceri
988 1479 1160 1550 primi
1208 1479 1296 1534 usi
1342 1485 1496 1548 sunt,
1528 1480 1793 1534 videntur
1812 1478 2059 1533 voluisse
2167 1478 2398 1533 ritatem
2425 1479 2486 1533 in
2535 1496 2648 1550 qua
2694 1469 3076 1551 conquiescat,
3097 1497 3202 1536 nec
3247 1498 3374 1536 eam
3403 1481 3627 1552 invenit,
3657 1485 3814 1541 omnia

364 1565 684 1636 exprimere
750 1581 946 1620 vocem
995 1566 1244 1621 Graecam
1296 1575 1654 1638 συγκιρνᾶσθαι,
1711 1583 1840 1638 quas
1905 1567 1914 1620 1‘

1296 1575 1654 1638 συγκιρνᾶσθαι,
1711 1583 1840 1638 quae
1905 1566 2060 1621 idem
2167 1567 2386 1623 fastidit
2415 1567 2580 1638 quasi
2610 1569 2805 1624 noxia.

364 1653 664 1725 signiﬁcat,
695 1670 800 1709 nec
826 1670 965 1708 sono
997 1671 1032 1709 a
1063 1654 1262 1709 Latina
1293 1655 1533 1709 abludit,
2101 1713 2138 1725 n
2241 1664 2398 1702 LIBRO
2432 1664 2526 1702 VII.
2558 1649 2692 1719 Cap.
2725 1651 2777 1715 6,
2809 1647 2837 1718 §
2867 1652 2918 1704 9.
2954 1651 3330 1706 Dealbatiores
3359 1650 3542 1724 vias]
3579 1652 3684 1707 Visa
3719 1670 3818 1709 mu-

436 1713 570 1814 Cap.
633 1713 717 1798 13.
776 1741 1046 1814 Dilemit.]
1094 1741 1445 1798 Crediderim
1492 1742 1804 1814 legendum
1833 1743 2058 1812 diremit,
2100 1713 2140 1768 Β
2174 1734 2311 1790 nites
2341 1752 2513 1806 opere
2541 1713 2792 1807 publico,
2813 1713 3102 1808 quadrato
3133 1739 3348 1809 lapide,
3394 1713 3541 1794 calce
3585 1741 3827 1810 interlito,

360 1830 468 1886 hoc
499 1834 585 1886 est
608 1831 981 1902 peregrinum
999 1830 1418 1902 episcopalibus
1439 1831 1688 1886 consiliis
1714 1833 1952 1904 adjuvit.
2173 1828 2362 1879 strata?
2409 1829 2590 1893 erant,
2638 1842 2767 1897 quae
2826 1843 2958 1881 cum
3010 1827 3438 1898 reﬁciebantur,
3508 1846 3649 1884 nova
3703 1833 3824 1887 calce

435 1919 570 1991 Cap.
637 1921 721 1988 14,
753 1917 781 1990 §
813 1921 896 1974 14.
945 1921 1088 1974 Cum
1139 1921 1214 1974 ad
1242 1920 1480 1974 litteram
1505 1923 1818 1990 acciperem,
1851 1921 2062 1977 occide-
2172 1910 2463 1968 hiantibus
2493 1914 2750 1984 lapidum
2777 1914 2940 1968 rimis
2968 1915 3245 1985 immissa,
3275 1917 3555 1972 dealbatae
3585 1919 3822 1974 videban-

362 2007 482 2076 bar,
513 2005 663 2079 etc.]
695 2006 1056 2078 Augustinus
1100 2006 1162 2061 in
1206 2007 1577 2062 declamando
1624 2007 1949 2078 probabilia
1977 2025 2065 2063 se-
2171 2004 2305 2069 tur;
2355 2001 2733 2072 quamobrem
2780 2002 3136 2058 dealbatiores
3180 2007 3283 2058 vix
3338 2004 3454 2059 dici
3497 2007 3661 2077 vulgo
3692 2014 3829 2078 pote-

361 2097 481 2168 qui,
516 2112 633 2150 non
654 2097 950 2166 explorata
978 2095 1199 2163 solitus,
1226 2095 1508 2150 similibus
1525 2096 2064 2152 ratiocinationibus
2171 2092 2321 2156 rant,
2367 2106 2496 2160 Ψιδέ
2543 2090 2874 2161 diligentius
2927 2093 3294 2160 curabant”,
3345 2109 3411 2148 ac
3438 2095 3673 2165 Pl‘Oinde
3699 2113 3828 2151 00m-

359 2186 421 2240 in
443 2185 915 2257 interpretatione
948 2185 1257 2258 Scripturze
1289 2186 1553 2241 satisﬁeri
1583 2186 1693 2241 sibi
1729 2203 1930 2258 passus
1958 2192 2060 2243 est.
2169 2177 2460 2233 mOdiOI‘eS
2506 2183 2689 2234 erant
2736 2180 2876 2234 Hinc
2921 2181 3193 2235 translata
3229 2181 3464 2236 Videtur
3509 2184 3630 2238 haec
3680 2190 3834 2240 meta-

363 2275 509 2329 Nam
538 2273 754 2345 alioqui
783 2277 1001 2329 constat
1045 2274 1408 2332 Ambrosium
1427 2276 1558 2348 plus
1589 2291 1754 2348 aequo
1781 2277 1913 2348 alleg

2292 2283 2370 2322 ra.
2426 2268 2584 2334 Vide,
2645 2268 2692 2322 si
2743 2272 2918 2337 vacat,
2983 2269 3278 2324 Nicolaum
3352 2271 3724 2342 Bergierium,
3782 2273 3835 2326 de

364 2363 623 2418 deditum
645 2363 840 2418 fuisse,
2167 2355 2415 2426 publicis
2458 2359 2513 2411 et
2554 2355 2899 2413 militaribus
2943 2357 3173 2429 imperii
3205 2359 3460 2414 Romani
3500 2359 3635 2427 Viis,
3676 2361 3766 2416 lib.
3798 2378 3844 2429 ιι,

432 2451 600 2519 Ibid.,
637 2450 665 2523 ἓ
694 2455 790 2508 25.
829 2453 983 2508 Sicut
1015 2453 1418 2507 existimantur.
1443 2453 1460 2524 ]
1487 2453 1625 2508 Vide
1657 2470 1786 2525 quae
1819 2455 1888 2508 de
1931 2471 2064 2509 vera
2169 2458 2293 2512 (³81)·
2323 2446 2406 2498 18-

359 2540 830 2596 Academicorum
861 2541 1143 2595 sententia
1163 2541 1562 2612 suspicabatur
1587 2542 1909 2614 Augustinu

2293 2548 2374 2602 ap.
2409 2535 2460 2599 9,
2497 2531 2525 2602 ἓ
2560 2535 2645 2589 13.
2703 2533 2787 2587 Ibi
2830 2535 2934 2601 legi
2984 2535 3128 2603 quod
3179 2537 3238 2589 in
3279 2538 3570 2607 principio
3595 2543 3707 2593 erat
3731 2540 3843 2594 Ver-

360 2645 421 2683 m
452 2629 520 2684 de
551 2628 923 2698 Academicis,
960 2645 1082 2700 cap.
1121 2632 1206 2684 17.
2171 2619 2311 2689 bum,
2347 2624 2454 2674 etc.
2487 2619 2508 2692 ]
2541 2621 2927 2676 Similitudine
2961 2623 3265 2678 verborum
3304 2626 3535 2696 aliquot
3565 2632 3620 2681 et
3658 2630 3844 2680 senten-

431 2732 596 2772 ΜΒΒο
645 2735 717 2772 γι,
776 2718 910 2787 Cap,
964 2719 1018 2772 2,
1078 2718 1194 2783 Quo
1211 2718 1334 2787 jam
1382 2733 1487 2773 non
1516 2719 1686 2773 solum
1707 2721 2061 2787 αρααιίεείηπο
2168 2708 2380 2763 tiarum
2404 2710 2674 2780 deceptus
2697 2712 3070 2782 Augustinus,
3101 2716 3164 2767 ut
3209 2718 3266 2768 et
3320 2715 3500 2770 multi
3528 2715 3708 2771 Graeci
3732 2714 3846 2770 scri-

358 2807 454 2863 εεά
501 2809 664 2862 etiam
696 2807 1053 2878 τφέάίεείγηο,
1087 2822 1208 2861 cum
1235 2810 1348 2862 suis
1374 2809 1732 2877 Ρνκεεηιίδαε
1756 2824 1857 2878 per
1879 2809 2060 2863 sorbi-
2168 2801 2384 2868 ptores,
2440 2814 2570 2853 cum
2619 2799 2876 2853 doctrina
2925 2800 3244 2855 Christiana
3313 2803 3560 2858 miscuit
3605 2804 3853 2858 Platonis-

360 2898 527 2951 tiones
571 2898 800 2963 exiguas
819 2898 1146 2966 partiretur.
1172 2894 1190 2965 ]
1223 2896 1546 2968 Conjiciunt
1575 2897 1634 2950 in
1665 2896 1910 2969 margine

2305 2903 2348 2954 :1,
2396 2887 2496 2957 qui
2546 2903 2739 2941 merus
2784 2893 2924 2954 erat,
2969 2889 3075 2942 hac
3122 2888 3183 2942 in
3226 2896 3426 2960 parte,
3489 2891 3855 2955 Arianis‘mus;

359 2984 532 3052 docti,
567 2985 711 3053 quod
739 3000 844 3040 non
865 2986 1036 3040 solum
1057 2987 1498 3055 aquatissimum,
1520 2987 1615 3040 sed
1633 2989 1796 3041 etiam
1823 2987 2059 3056 tepidis-
2095 2999 2134 3056 ρ
2165 2979 2230 3028 ut
2271 2975 2518 3030 ostendit
2561 2977 2722 3030 Joan.
2762 2977 3010 3032 Clericus
3061 2978 3226 3048 epist.
3293 2981 3489 3035 critic.
3513 2986 3545 3035 7
3577 2987 3634 3035 et
3660 2985 3709 3036 8.
3742 2983 3860 3034 For-

358 3075 574 3128 simum.
604 3072 716 3127 Sed
759 3072 985 3127 minore
1031 3073 1348 3128 mutatione
1387 3075 1685 3130 sanabitur
1704 3075 1794 3130 hic
1821 3076 1980 3130 locus
2011 3075 2058 3129 si
2165 3067 2308 3119 ῐειεεθ
2351 3063 2624 3134 intelligit
2665 3064 2758 3118 hic
2801 3065 3150 3136 Augustinus
3198 3068 3426 3122 Plotini
3473 3085 3677 3140 Opera.
3709 3083 3862 3140 quem

357 3162 619 3232 legamus
641 3165 955 3230 poteretur;
987 3165 1054 3215 ut
1091 3161 1334 3216 suadent
1362 3161 1536 3216 etiam
1561 3163 1893 3236 sequentia:
1926 3167 2056 3234 quia
2163 3152 2530 3206 vehementer
2558 3153 2751 3207 laudat
2778 3153 2876 3207 lib.
2925 3171 2983 3208 ur
3027 3159 3226 3209 contra
3270 3157 3688 3227 Academicos,
3727 3175 3867 3212 num.

353 3251 614 3319 pietatem
641 3247 722 3301 ibi
745 3249 1042 3318 quaerebat,
1065 3263 1170 3303 non
1197 3250 1547 3318 voluptatem.
2162 3241 2253 3307 41,
2287 3245 2343 3295 et
2373 3241 2442 3295 de
2473 3240 2709 3296 Civitate
2740 3242 2840 3296 Dei
2871 3241 2968 3297 lib.
3006 3259 3094 3310 1x,
3118 3260 3240 3314 cap.
3274 3248 3369 3300 10.

430 3339 564 3408 Cap,
617 3339 671 3404 3,
726 3335 754 3406 §
801 3339 853 3392 3.
905 3337 1147 3403 Quolibet
1199 3341 1378 3392 tamen
1407 3340 1606 3406 animo,
1638 3343 1745 3394 etc,
1772 3337 1795 3412 ]
1823 3339 1881 3395 Si
1907 3341 2052 3395 δυο-
2234 3329 2404 3398 Ibid.,
2435 3329 2462 3400 §
2499 3333 2586 3384 15.
2626 3331 2886 3398 Legebam
2921 3332 2999 3385 ibi
3021 3334 3184 3386 etiam
3211 3335 3593 3390 immutatam
3639 3337 3872 3403 gloriam,

361 3429 636 3496 queretur
679 3424 964 3495 homines,
1013 3425 1112 3496 qui
1148 3431 1424 3497 cuperent
1471 3426 1613 3481 scire
1662 3444 1775 3498 qua
1833 3428 2052 3483 ratione
2163 3420 2267 3498 θέε·
2300 3415 2322 3488 ]
2356 3417 2621 3498 Quamvis
2643 3420 2711 3473 d6
2732 3419 2943 3474 summi
2972 3420 3233 3474 Numinis
3277 3428 3511 3478 natura
3529 3423 3743 3478 rectius
3762 3439 3872 3476 sen-

358 3495 533 3568 vitam
562 3512 908 3568 instituisset
934 3495 1294 3581 Ambrosius,
1327 3515 1589 3586 superior
1630 3495 2055 3572 narratiuncula
2161 3495 2336 3586 “rem
2366 3497 2665 3586 Platoni“:
2700 3514 2872 3568 quam
2930 3499 3028 3552 alii
3067 3499 3418 3572 Philosophi
3447 3503 3780 3558 miscebant
3804 3506 3882 3556 ἴθ’

356 3602 504 3656 forte
551 3618 671 3656 non
711 3601 1136 3672 displicuisset;
1188 3603 1288 3658 sed
1313 3585 1428 3658 Deo
1460 3604 1686 3658 minuta
1713 3606 1831 3674 illa,
1862 3605 2052 3677 qualia
2159 3585 3121 3677 me"_i4°1°l_ati‘iamiturpi55im3m
3149 3589 3217 3642 ίίδ
3240 3590 3674 3662 dogmatibus:
3708 3595 3883 3646 θτδῐιί·

355 3691 566 3762 passim
620 3695 1219 3761 occurrunt’narrare’
1249 3693 1442 3747 nescio
1481 3695 1765 3764 quomodo
1782 3674 2051 3749 dcc—orum
2160 3690 2272 3745 que
2301 3674 2670 3730 infensissimi
2714 3676 2906 3730 hostes
2954 3676 3461 3749 Christianorum,
3495 3687 3572 3737 ut.
3594 3681 3786 3754 liquet
3810 3679 3889 3733 vel

355 3779 642 3851 putaverit
669 3779 1043 3850 Augustinus.
1073 3779 1184 3835 Sed
1206 3780 1390 3851 magis
1418 3782 1721 3837 hominum
1743 3799 1911 3837 causa
1929 3784 2052 3838 haec
2159 3779 2228 3818 ex
2263 3764 2603 3835 ΡοῙῬῙλῖτίοι
2646 3765 2960 3819 JambliCho
3005 3770 3061 3820 et
3089 3767 3233 3834 aliis:
3267 3770 3386 3840 (Ιῑιί
3426 3771 3547 3825 8ιώ
3578 3772 3890 3842 ίωΡθΥ³ί⁰’

355 3867 643 3934 narrabat,
674 3883 848 3938 quam
875 3867 1012 3936 Dei;
1063 3871 1121 3923 at
1149 3870 1508 3939 praestitisset
1531 3871 1779 3926 amicum
1813 3872 2046 3944 alloqui,
2157 3852 2320 3906 ribus
2348 3852 2675 3944 (Ῑδτίδίίθιξλίε
2696 3853 3034 3944 Ποτυβνυηῖο

354 3973 528 4028 quam
560 3957 762 4011 Deum.
1942 3942 1961 3944 “
2229 3956 2389 3996 meno
2432 3958 2546 3996 VIII.
2581 3943 2713 4012 Cap.
2745 3946 2797 4007 2,
2835 3942 2861 4013 ἓ
2894 3946 2954 4000 3.
3001 3946 3321 4000 Victorinus
3365 3949 3681 4017 quondam
3726 3950 3901 4003 rhetor

425 4046 558 4116 Cap.
607 4047 659 4101 8.
711 4044 1047 4101 Gladiatorii
1091 4047 1450 4118 spectaculi]
1487 4048 1728 4104 Nefandi
1752 4048 1811 4104 hi
1840 4049 1975 4117 ludi,

2349 4028 2575 4101 Romae]
2609 4032 2931 4101 Victorinus,
2982 4031 3172 4103 inquit
3222 4034 3659 4109 Hieronymus
3699 4039 3763 4093 in
3805 4037 3899 4091 lib.

351 4133 702 4204 sapientibus
754 4133 928 4187 etiam
959 4133 1199 4189 ethnicis
1255 4117 1529 4206 damnati,
1563 4137 1697 4192 facti
1733 4138 1901 4193 etiam

2359 4118 2659 4190 riptoribus
2697 4120 3109 4188 ecclesiasticis,
3166 4125 3411 4178 natione
3495 4130 3682 4196 Afer,
3743 4130 3909 4182 Rom

349 4220 616 4276 videntur
657 4220 717 4274 in
764 4220 1007 4292 gratiam
1059 4221 1301 4276 ethnicm
1347 4222 1546 4294 plebis.
1580 4225 1689 4279 Sed
1717 4224 1929 4290 mirum
1961 4226 2044 4280 est
2081 4289 2112 4294 _
2155 4207 2254 4260 sub
2293 4207 2639 4262 Constantino
2683 4211 2936 4279 principe
2978 4211 3314 4266 rhetoricam
3349 4213 3610 4283 docuit;
3648 4219 3788 4271 etin
3817 4230 3908 4268 cr-

350 4309 648 4380 episcopos
689 4289 808 4362 non
858 4307 1166 4378 impetrare
1195 4289 1450 4379 potuisse
1475 4312 1546 4366 ab
1572 4311 2036 4384 imperatoribus,
2079 4289 2123 4343 Ῑ)
2157 4299 2326 4350 trema
2369 4299 2631 4350 senectute
2669 4297 2882 4351 Christi
2907 4313 2962 4352 se
2993 4298 3212 4353 tradens
3236 4300 3392 4368 ﬁdei
3429 4307 3690 4375 scripsit
3720 4306 3916 4359 adver-

349 4401 416 4450 ιη
443 4396 567 4450 dim
590 4395 688 4449 i113
719 4396 1069 4450 consuetudo
1098 4397 1489 4466 abrogaretur,
2148 4398 2239 4439 sus
2265 4386 2461 4440 Arium
2507 4385 2698 4452 libros,
2736 4401 2881 4440 more
2922 4387 3218 4452 dialectico,
3263 4392 3461 4446 valde
3489 4395 3793 4461 obscuros,
3829 4394 3914 4461 qui

417 4484 552 4554 Cap.
585 4487 636 4550 9,
667 4482 695 4553 ἓ
728 4484 813 4537 14.
844 4483 1097 4538 Editimi
1129 4487 1260 4551 fori.
1289 4485 1306 4556 ]
1336 4485 1630 4542 Editimus
1674 4487 1831 4543 idem
1862 4494 1946 4544 est

2367 4473 2465 4528 litis
2498 4474 2653 4528 modo
2681 4476 3082 4543 intelliguntur,
3113 4481 3164 4531 et
3183 4487 3660 4539 commentarios
3688 4487 3748 4539 in
3772 4484 3917 4552 Apo-

342 4573 577 4640 edituus,
610 4587 838 4643 nempe,
881 4572 1115 4636 νεωκὸρος
1173 4573 1270 4628 sed
1323 4573 1418 4628 hic
1462 4574 1611 4628 sumi
1656 4575 1882 4631 videtur
1929 4595 2033 4649 pro
2146 4563 2360 4616 stolam.
2398 4563 2540 4616 Eum
2587 4563 2647 4616 in
2696 4564 2918 4633 przefat.
2971 4565 3301 4623 Comment.
3354 4568 3428 4623 in
3468 4572 3672 4642 Epist.
3709 4571 3784 4626 ad
3815 4572 3914 4624 Ga-

346 4661 787 4734 apparitoribus,
833 4659 935 4732 qui
983 4661 1256 4716 custodia
1296 4678 1467 4717 causa
1487 4663 1548 4717 in
1576 4663 1701 4720 foro
1731 4669 1896 4721 versa

2359 4651 2405 4707 3.
2448 4653 2685 4706 Marium
2732 4653 3069 4708 Victorinum
3098 4658 3284 4722 vocat,
3329 4657 3574 4731 aitque
3611 4677 3759 4716 eum
3794 4661 3909 4717 Scri

344 4756 456 4819 ιω,
489 4754 587 4806 aut
613 4766 718 4820 pro
741 4749 810 4804 iis
841 4749 940 4820 qui
968 4749 1186 4806 curiam
1216 4752 1535 4808 servabanL
2142 4742 2336 4806 pturas
2361 4741 2572 4793 omnino
2601 4744 2818 4794 sanctas
2848 4743 3143 4807 ignorasse.
3175 4741 3285 4796 Sed
3321 4745 3696 4815 rhetorica,
3733 4753 3802 4802 ut
3853 4747 3915 4800 ita

415 4841 550 4911 Cap.
586 4839 731 4909 lO,§
783 4841 867 4893 16.
917 4839 1124 4894 Comiti
1170 4841 1523 4908 largitionum
1566 4841 2031 4920 ltalicianarum.]
2145 4824 2352 4920 dif‘ami
2397 4825 2652 4920 ingenia,
2711 4828 2792 4920 Oli
2828 4829 3103 4920 Ῑοίῖυθξλξίί
3133 4829 3542 4920 Ῡδξδυιῖδῖθων
3601 4842 3834 4909 imiimi
3877 4851 3918 4889 δε

341 4930 432 4986 Sic
454 4928 838 5001 loquebantur
858 4943 924 4982 eo
945 4943 1086 4982 aevo.
1115 4927 1252 4982 Vide
1275 4928 1529 4983 codicem
1547 4930 1891 4986 Theodosiar

2365 4915 2519 4970 mnia
2560 4916 2628 4971 de
2676 4916 2902 4988 quibus,
2953 4917 3120 4989 plebe
3153 4919 3539 4993 plaudente,
3579 4927 3768 4999 loqui
3797 4942 3915 4999 post

338 5019 439 5074 lib.
470 4998 552 5087 vi;
578 5016 667 5071 tit.
702 5019 788 5084 19,
817 5015 930 5085 leg.
961 5014 1031 5069 de
1057 5015 1464 5070 Consularibus
1485 5021 1540 5072 et
1559 5018 1921 5076 Prassidibus.
2013 4998 2026 5004 ⁷
2142 4998 2294 5093 ειιξξις

411 5083 543 5176 ρει).
583 5107 666 5159 13.
699 5083 1010 5160 Discernere
1027 5119 1100 5171 se,
1140 5107 1315 5159 nescio
1354 5121 1457 5173 quo
1481 5121 1690 5176 sapore,
1724 5124 1879 5178 quem
1904 5127 2032 5165 ver-
2137 5083 2357 5178 ___1b_i§;
2387 5084 2744 5178 Wnigenym
2766 5086 2929 5178 _d_eum
2983 5091 3261 5178 monsm‘r
3289 5095 3425 5147 δίο·
3457 5092 3484 5166 ]
3548 5097 3844 5169 ResPicit
3872 5114 3918 5150 at

340 5191 419 5244 bis
448 5171 718 5260 applicare
744 5206 851 5245 non
880 5194 1116 5260 poterat,
1152 5191 1288 5260 quid
1311 5171 1587 5248 interesset
1604 5171 1750 5248 inter
1782 5197 2026 5252 revelan-
2137 5171 2357 5244 Virgilii
2387 5173 2573 5228 locum
2623 5174 2840 5230 Ᾱῖηθίά·
2889 5192 3003 5242 Ἦην
3051 5179 3174 5244 θθδν
3205 5177 3320 5232 ubi
3348 5182 3716 5256 ESYP'JOS
3774 5187 3918 5243 deos

339 5282 441 5332 tem
466 5282 514 5332 te
539 5283 589 5332 et
619 5280 858 5333 animam
885 5294 1040 5334 suam
1079 5282 1457 5335 somniantem.
1485 5279 1508 5354 ]
1540 5282 1738 5354 Itaque
1767 5283 2028 5341 Monnica
2133 5276 2240 5331 Ι)Γο
2270 5262 2602 5354 Antoni?“
2639 5263 2934 5354 C_l_e9patm
2955 5270 3149 5320 contra
3165 5269 3558 5337 Αυειιειιιω
3593 5278 3682 5332 ad
3706 5277 3918 5333 Actiur

336 5365 445 5420 sibi
469 5381 618 5433 suas,
652 5369 717 5420 ut
747 5366 1111 5438 opinabatur,
1160 5351 1538 5424 revelationes
1585 5351 1809 5426 servare
1847 5372 2024 5429 debe-
2132 5355 2476 5421 Pugnant“,
2509 5351 2779 5406 describit
2807 5358 3017 5423 Poeta:

332 5453 451 5521 bat,
481 5468 726 5526 quarum
755 5454 1059 5511 discrimen
1089 5473 1122 5512 a
1151 5457 1610 5513 somniis'dicere
1629 5475 1747 5515 non
1776 5466 1882 5532 poti

332 5543 510 5576 num...
567 5543 728 5576 ι’..ηίια
772 5546 854 5576 ad
898 5545 1160 5576 ιεηνηζηη.
1200 5545 1493 5576 ζωηηηέιη..
1564 5548 1857 5576 ..διζηζηκμ

2367 5453 2651 5503 genumque
2681 5439 2837 5490 deum
2867 5447 3105 5492 monstra
3128 5445 3180 5494 et
3201 5441 3474 5498 latrator
3500 5451 3756 5505 Anubis

2367 5516 2386 5550 ι
2419 5503 2725 5576 Neptunum
2765 5507 2818 5554 et
2857 5504 3133 5566 Veneram,
3179 5511 3542 5576 contraque
3603 5517 3917 5571 Minervam

331 5543 514 5610 Quam
565 5543 729 5600 facile
772 5546 858 5600 est
897 5545 1162 5601 homines
1198 5545 1516 5618 imperitos,
1564 5548 1859 5619 religionis
1889 5567 2018 5621 spe-
2190 5543 2537 5614 réﬁién‘iii.
