3922 6188
102 280 176 329 209
836 266 1191 323 VARIORUM
1210 269 1832 327 -EXERCITATIONES
1870 274 1936 326 IN
1976 275 2030 326 S.
2075 273 2437 326 AUGUSTINI
2475 272 2733 326 OPERA.

3433 280 3539 334 210

146 397 215 449 An
240 408 300 447 ex
327 388 508 446 decori
528 388 744 460 legibus
773 388 910 445 talia
937 390 1086 461 apud
1133 392 1315 446 Deum
1345 392 1453 447 dici
1504 393 1726 463 possint
1751 391 1801 447 A
1838 393 2174 453 ἀντιλάϐηται.
2226 396 2466 449 animam
2508 396 2756 464 perfecta
2785 394 2914 450 dum
2945 400 3024 451 est
3073 401 3124 452 et
3152 398 3322 466 alata,
3353 401 3413 454 in
3437 414 3536 455 su-

99 482 257 548 nescio,
290 479 543 551 quamvis
591 495 622 531 a
652 482 947 549 pugnante
977 495 1107 533 cum
1139 478 1378 535 ethnicis
1406 485 1556 535 recte
1590 496 1725 550 pro-

103 573 195 627 ferri
222 568 513 641 potuerint.

142 658 329 727 lbid.,§
379 662 429 711 ὅ.
480 660 605 727 ουκ
649 657 825 711 verbis
872 660 1028 712 certis
1076 660 1337 727 conceptis
1377 661 1719 729 retentisque,

94 750 186 818 etc:
211 746 528 816 Symbolum
555 746 710 816 quod
740 746 1115 817 apostolicum
1145 746 1459 813 dicebatur,
1520 752 1617 801 aut
1646 748 1725 801 si-

91 838 190 892 mile
212 835 508 906 quidpiam.

135 927 239 995 Cap.
267 928 312 989 3,
344 923 375 994 §
432 926 484 977 6.
517 925 678 978 Pater
726 924 852 993 plus
902 922 1145 997 gaudes]
1209 925 1356 979 Deus
1394 924 1629 993 gaudere
1667 928 1723 979 et

77 1016 174 1083 plus
199 1012 433 1079 gaudere,
478 1027 775 1083 nunquam
816 1012 1000 1079 aliter,
1032 1012 1145 1065 nisi
1200 1011 1583 1075 ἀνθρωποπτιθῶς
1633 1012 1719 1066 di-

81 1102 195 1155 citur
219 1117 248 1154 a
276 1100 492 1154 Christo
539 1100 835 1154 hominum
869 1100 1248 1155 imbecillitati
1281 1118 1402 1155 sese
1432 1105 1719 1171 attempe-

78 1194 219 1243 rante.
252 1190 353 1243 Nec
378 1192 569 1259 potest
612 1190 717 1242 hoc
767 1189 957 1259 urgeri
1014 1194 1112 1243 aut
1162 1190 1375 1255 inquiri
1426 1206 1526 1243 cur
1568 1192 1716 1244 Deus

77 1280 215 1347 magis
276 1277 535 1346 gaudeat.
603 1278 901 1345 Caeterum,
934 1282 998 1332 ut
1028 1278 1099 1332 ad
1131 1280 1502 1350 grammatica
1530 1283 1713 1333 trans-

72 1382 180 1431 eam,
233 1381 338 1419 non
384 1364 644 1436 intelligo
689 1382 786 1419 cur
841 1366 901 1419 in
950 1367 1323 1437 sequentibus
1376 1368 1561 1422 verbis
1608 1369 1715 1423 viri

76 1454 185 1508 docti
232 1455 564 1522 pmnitentem
606 1459 660 1509 et
710 1458 1087 1525 paznitentiam
1138 1463 1194 1510 ut
1249 1461 1304 1510 et
1356 1456 1512 1525 alibi,
1570 1458 1715 1511 scri—

72 1544 171 1597 bant
196 1558 287 1613 per
314 1558 374 1608 εε,
426 1559 559 1597 cum
592 1549 810 1598 constet
840 1561 961 1599 esse
994 1562 1026 1599 a
1081 1544 1314 1599 nomine
1336 1561 1527 1617 paena,
1560 1546 1714 1617 quod

70 1633 270 1685 aGrazco
300 1642 456 1699 ποινή.
516 1632 678 1696 Quod
710 1650 826 1687 non
865 1634 1248 1703 observarem,
1300 1634 1407 1688 nisi
1453 1634 1707 1689 viderem

69 1737 139 1773 eos
163 1720 771 1785 harumjminutiarum
816 1738 1011 1776 curam
1057 1740 1173 1777 non
1229 1722 1519 1794 abjecisse,
1575 1740 1705 1780 cum

66 1809 475 1879 orthographiam
514 1810 773 1880 priorum
798 1810 1110 1865 editionum
1133 1811 1347 1882 passim
1377 1812 1701 1880 emendent,

64 1901 193 1965 prout
222 1901 411 1969 putant
472 1898 685 1953 rectius
742 1915 881 1953 esse.
920 1900 1009 1953 Sic
1037 1916 1234 1954 vocem
1254 1901 1532 1969 jucundus
1566 1901 1703 1955 scri-

62 1986 167 2038 bunt
214 1992 478 2058 perpetuo
538 1989 822 2057 jocundus,
886 1989 1049 2059 quasi
1106 1993 1253 2043 esset
1282 2006 1314 2043 a
1340 1990 1475 2058 ioco,
1511 2006 1629 2044 non
1670 2007 1704 2045 a

54 2074 175 2143 jure;
216 2075 300 2129 sed
336 2091 364 2129 ο
417 2079 475 2129 et
512 2091 547 2129 u
594 2076 922 2145 frequenter
976 2075 1363 2131 miscebantur
1417 2094 1447 2131 a
1496 2080 1703 2132 veteri-

61 2162 135 2215 bus
176 2163 384 2217 Latinis.
420 2164 567 2217 Vide
620 2163 1031 2228 Quintilianum
1085 2164 1331 2221 Institut.
1364 2170 1570 2220 orator.
1600 2166 1700 2222 lib.

62 2269 86 2318 ι,
105 2268 201 2322 cap.
234 2256 280 2318 4,
325 2256 379 2307 et
408 2252 677 2307 Vossium
711 2252 771 2307 in
820 2254 1230 2325 Etymologico,
1291 2254 1365 2309 ad
1413 2255 1558 2310 hanc
1609 2273 1699 2311 νου

62 2357 161 2394 cem.

112 2430 214 2500 Cap.
242 2432 291 2485 4.
339 2433 469 2488 Cum
513 2433 720 2486 Paulus
775 2433 1063 2502 proconsul
1108 2448 1209 2502 per
1252 2432 1369 2501 ejus
1424 2434 1699 2501 militiam,

68 2520 152 2587 etc.]
191 2520 474 2591 lnquirant
533 2522 651 2590 alii,
702 2537 774 2575 an
823 2522 1047 2575 deceret
1085 2537 1317 2575 narrare
1361 2522 1475 2575 Deo
1518 2522 1703 2577 histo—

62 2606 196 2668 riolas,
248 2613 299 2662 et
345 2609 593 2680 quidem
642 2610 711 2663 de
758 2626 1003 2681 quarum
1039 2610 1272 2664 veritate
1303 2610 1539 2665 minime
1565 2627 1702 2665 con-

60 2694 429 2767 stabat;qualis
495 2698 617 2751 haec
676 2704 793 2752 erat
850 2699 919 2753 de
976 2698 1195 2752 ratione
1244 2715 1345 2752 cur
1374 2699 1582 2753 Paulus
1623 2700 1705 2753 di-

63 2786 142 2833 ctus
164 2783 330 2847 fuerit,
364 2786 465 2856 qui
512 2785 698 2856 patria
721 2787 939 2857 {lingua
967 2788 1170 2842 Saulus
1200 2793 1323 2842 erat
1354 2789 1699 2859 appellatus;

70 2885 181 2938 quam
206 2874 362 2928 multi
411 2874 740 2929 doctissimi
794 2876 901 2929 viri
932 2875 1131 2929 falsam
1161 2892 1281 2930 esse
1312 2880 1542 2946 putant.
1583 2878 1701 2931 Me-

1836 481 1991 536 blimi
2014 482 2214 548 volare,
2241 488 2291 538 et
2317 486 2626 538 universum
2667 484 2929 539 mundum
2975 486 3391 554 administrare;
3447 492 3537 544 cui

1831 586 1954 623 vero
1998 572 2100 625 alae
2146 571 2493 640 deﬂuxerint,
2548 588 2663 627 eam
2718 576 2861 640 ferri
2916 574 3079 629 donec
3108 577 3341 630 solidum
3372 577 3531 646 quid-

1824 661 1983 727 piam
2009 662 2327 729 arripuerit.
2382 661 2505 715 Non
2536 662 2716 715 multo
2748 665 2877 733 post
2926 678 3063 733 pag.
3120 666 3221 718 345
3256 665 3351 720 ed.
3392 666 3532 719 Gen.

1830 746 2041 802 Ficini:
2074 756 2125 803 Ei
2174 758 2229 804 τὸ
2302 760 2395 821 γὰρ
2447 756 2584 817 αὑτὸ,
2656 758 2763 805 ὅθεν
2824 761 2935 818 ἣκει
3002 760 3140 824 ψυχὴ
3220 760 3422 820 enim”
3475 761 3531 809 οὑ

1825 842 2118 891 καθικνεῖται
2177 844 2297 892 ἐτῶν
2355 846 2537 909 μυρίων
2596 844 2673 909 (οὗ
2728 848 2821 909 γὰρ
2877 850 3139 910 πτεροῦται
3197 850 3291 911 πρὸ
3358 848 3530 897 τοσού-

1825 947 1910 979 του
1971 933 2173 997 χρόνου)
2230 934 2361 993 πλὴν
2408 935 2442 995 ἡ
2484 937 2569 982 τοῦ
2628 934 3046 999 φιλοσοφήσαντος
3087 936 3291 993 ἀδόλως,
3337 936 3370 996 ἣ
3420 954 3531 985 παι-

1824 1019 2207 1083 δεραστήσαντος
2264 1020 2385 1083 μετά
2437 1021 2747 1087 φιλοσοςρίας,
2783 1024 2867 1069 καὶ
2918 1025 2979 1069 τὰ
3047 1023 3150 1083 ἑξῆς
3196 1038 3208 1072 :
3266 1020 3332 1073 In
3388 1019 3532 1074 idem

1822 1104 1980 1167 enim,
2012 1102 2153 1155 unde
2178 1104 2427 1170 profecta
2482 1108 2577 1167 est,
2637 1118 2978 1171 unaquaeque
3010 1106 3194 1157 anima
3224 1121 3331 1160 non
3358 1106 3526 1176 redit,

1822 1190 1997 1244 decem
2026 1191 2264 1244 millibus
2286 1206 2553 1246 annorum
2570 1190 2757 1260 (neque
2780 1194 2921 1245 enim
2950 1198 3235 1260 recuperat
3264 1195 3381 1248 alas
3403 1198 3528 1249 ante

1822 1283 2032 1333 tantum
2060 1280 2306 1348 tempus),
2341 1284 2564 1348 excepta
2589 1280 2706 1348 ejus
2746 1296 2842 1349 qui
2869 1281 3285 1349 philosophatus
3304 1287 3385 1337 est
3410 1286 3528 1338 sine

1818 1369 1964 1434 fuco,
2019 1372 2114 1422 aut
2165 1384 2285 1422 cum
2334 1371 2613 1438 sapientia
2666 1368 2846 1423 studio
2906 1384 3106 1438 pueros
3150 1373 3375 1426 amavit.
3435 1371 3526 1427 Sic

1820 1458 2023 1527 postea
2048 1457 2170 1527 ejus
2192 1456 2457 1528 discipuli
2488 1458 2656 1527 vulgo
2686 1457 2863 1511 locuti
2890 1461 3046 1527 sunt,
3080 1474 3293 1530 eosque
3314 1458 3522 1514 imitati

1820 1544 2124 1600 Christiani
2174 1544 2628 1616 resipiscentiam
2687 1550 2962 1601 vocarunt
3018 1555 3370 1620 ἀναπτέρωσιν,
3419 1565 3521 1603 seu

1817 1650 2079 1689 novarum
2122 1636 2336 1689 alarum
2375 1640 2639 1702 emortum,
2695 1638 2759 1689 ut
2805 1634 2900 1690 hic
2947 1636 3327 1707 Augustinus.
3382 1637 3525 1693 Hinc

1817 1726 1875 1777 et
1926 1723 2361 1793 Chrysostomus
2417 1721 2714 1793 usurpavit
2749 1730 3075 1796 ἀναπτεροῦν,
3101 1741 3208 1795 pro
3265 1728 3520 1796 incitare,

1813 1813 2111 1881 impellere.
2144 1811 2284 1866 Vide
2328 1811 2683 1867 Thesaurum
2713 1812 3027 1868 Ecclesiast.
3066 1814 3236 1869 Joan.
3282 1813 3517 1886 Gaspari

1814 1899 2050 1955 Sulceri.

1885 1988 2019 2059 Cap.
2055 1990 2159 2056 8,§
2201 1992 2290 2044 19.
2323 1987 2461 2043 Pede
2503 1992 2627 2058 post
2651 1984 2883 2061 pedem]
2920 1988 3171 2061 Vestigia
3218 2007 3347 2045 mea
3376 2007 3515 2062 pro-

1812 2076 1961 2131 xime
1992 2082 2237 2140 secutus,
2285 2078 2472 2131 Greece
2501 2088 2626 2133 κατὰ
2648 2084 2790 2143 πόδα,
2842 2078 3006 2148 quasi
3040 2078 3269 2147 dixeris,
3316 2079 3518 2151 singu-

1810 2164 1880 2218 lis
1907 2164 2146 2234 pedibus
2168 2164 2227 2218 in
2260 2166 2645 2220 antecedentis
2669 2166 2924 2237 vestigiis
2954 2165 3176 2237 positis.

1883 2254 2019 2323 Cap.
2055 2257 2139 2318 12,
2172 2253 2204 2325 §
2234 2257 2321 2308 28.
2356 2255 2498 2309 Cras
2531 2258 2579 2308 et
2616 2252 2777 2327 cras]
2828 2255 2891 2308 In
2942 2254 3134 2309 animo
3189 2254 3513 2325 Augustino

1813 2342 2217 2397 observabatur
2260 2342 2421 2397 locus
2450 2342 2626 2397 Persii
2670 2347 2774 2397 sat.
2823 2346 2875 2409 5,
2919 2346 3007 2412 66,
3038 2343 3137 2398 ubi
3184 2342 3264 2397 sic
3298 2343 3517 2398 descri-

1809 2430 1963 2485 bitur
1981 2436 2292 2497 cunctator,
2328 2430 2426 2502 qui
2459 2430 2705 2485 reditum
2756 2430 2825 2485 ab
2880 2430 3093 2486 bonam
3144 2435 3399 2486 mentem
3454 2430 3517 2487 in

1814 2518 2158 2574 dies'dilfert.

1876 2607 1999 2671 Cras
2019 2606 2119 2655 hoc
2135 2606 2260 2671 ﬁet;
2289 2605 2425 2671 idem
2457 2620 2571 2671 cras
2596 2605 2709 2671 fiet;
2741 2607 2867 2671 quid
2895 2607 3046 2671 quasi
3083 2621 3354 2671 magnum,

1876 2670 2087 2731 Nempe,
2120 2669 2259 2717 diem
2287 2668 2487 2717 donas?
2517 2669 2618 2718 Sed
2644 2668 2773 2717 cum’
2794 2670 2887 2717 lux
2910 2668 3085 2719 altera
3112 2668 3275 2727 venit,

1873 2732 1988 2779 Jam
2022 2745 2135 2778 cras
2165 2731 2471 2779 hesternum
2504 2731 2957 2793 consumpsimus;
2988 2745 3106 2780 ecce
3131 2731 3276 2780 aliud
3305 2744 3419 2780 cras

1874 2792 2051 2855 Egerit.
2074 2792 2171 2841 hos
2201 2805 2387 2851 annos,
2418 2796 2470 2840 et
2495 2806 2700 2855 semper
2731 2792 2949 2854 paulum
2978 2794 3077 2841 erit
3104 2793 3261 2842 ultra.

1884 2872 2051 2938 Ibid,
2087 2870 2223 2940 §29.
2249 2870 2433 2925 Audio
2448 2886 2642 2938 vocem,
2664 2869 2790 2942 etc.]
2820 2871 3061 2925 Redolet
3101 2872 3208 2926 hoc
3241 2870 3510 2942 supersti-

73 2973 149 3012 ram
169 2977 271 3016 esse
315 2964 738 3034 conjecturam,
789 2980 952 3033 quam
1000 2966 1154 3019 nulla
1182 2967 1457 3034 scriptura
1503 2980 1704 3019 memo-
1733 2970 1772 3026 c
1811 2960 2031 3015 tionem
2072 2959 2379 3026 ethnicam,
2413 2975 2479 3012 ex
2509 2958 2758 3012 fortuitis
2787 2959 3019 3013 vocibus
3049 2959 3242 3013 omina
3271 2963 3505 3030 captan-

66 3054 133 3112 ναί,
166 3049 393 3122 ingenue
433 3053 657 3107 fatetur
709 3053 1084 3124 Hieronymus
1139 3054 1212 3108 ad
1274 3052 1582 3124 Epistolam
1630 3053 1701 3107 ad

61 3136 406 3194 Philemonem.

104 3224 210 3282 lbid.
258 3229 472 3293 Quanto
537 3230 709 3296 igitur
766 3230 979 3296 gratius
1029 3228 1373 3295 cogitabatur
1437 3230 1706 3283 Victorini

53 3317 231 3386 pectus]
266 3318 451 3373 Nolim
493 3333 688 3372 vocem
728 3319 940 3385 gratius
979 3321 1179 3371 notare
1228 3321 1483 3385 accentu,
1543 3318 1705 3388 quasi

54 3399 103 3452 sit
130 3402 450 3472 adverbium,
520 3409 585 3458 ut
628 3404 761 3459 fecit
814 3404 999 3458 editor
1054 3403 1364 3459 Parisinus.
1400 3406 1496 3458 Est
1550 3404 1705 3458 enim

52 3505 211 3545 nomen
238 3493 609 3563 adjectivum,
662 3492 1120 3547 hac‘sententia:
1155 3492 1377 3556 Quanto
1433 3492 1707 3547 Victorini

55 3577 296 3646 ingenium
343 3580 575 3652 gratius
604 3586 777 3652 atque
825 3580 1110 3650 acceptius
1136 3581 1408 3651 [futurum
1451 3581 1708 3635 Ecclesiae

51 3668 384 3735 cogitabatur:
420 3674 593 3725 tanto
624 3669 1325 3741 abundantiusjexsultare
1369 3670 1620 3740 oportuit
1648 3670 1711 3724 ﬁ-

54 3753 132 3806 lios
148 3761 277 3812 tuos.

102 3844 209 3915 Cap.
236 3850 283 3901 5.
318 3846 345 3917 §
380 3850 470 3902 10.
506 3850 613 3913 j'EJ:
637 3862 895 3916 perversa
922 3848 1196 3901 voluntate
1222 3849 1375 3914 facta
1404 3849 1481 3899 est
1510 3846 1707 3911 libido;

55 3936 92 3983 et
114 3933 219 3987 dum
251 3939 485 3992 servitur
517 3936 767 4005 libidini,
796 3938 951 4002 facta
980 3940 1058 3990 est
1095 3934 1417 3989 consuetudo
1436 3954 1456 4000 ,-
1503 3938 1554 3988 et
1582 3934 1710 3988 dum

54 4024 378 4079 consuetudini
424 4041 536 4079 non
576 4027 870 4090 resistitur,
919 4026 1071 4090 facta
1102 4028 1181 4077 est
1220 4021 1567 4094 necessitas.]
1597 4022 1709 4092 Op-

57 4107 163 4161 time
208 4111 470 4166 describit
519 4112 728 4182 quibus
768 4111 1038 4182 gradibus
1069 4110 1270 4165 vitium
1320 4111 1575 4181 obrepat,
1625 4114 1710 4164 at-

56 4210 141 4264 que
168 4211 452 4269 augeatur.
486 4200 599 4254 Sed
640 4200 841 4253 iisdem
879 4198 1474 4270 paulatimjiimminui
1504 4202 1709 4269 potest,

1811 3054 1955 3116 tem;
1990 3048 2143 3119 quod
2184 3063 2353 3101 nemo
2408 3046 2578 3117 paulo
2632 3045 2937 3100 humanior
2972 3047 3213 3118 ignorat.
3272 3047 3331 3101 Si
3380 3046 3509 3118 quis

1811 3136 2088 3208 singulari
2116 3134 2473 3207 providentia
2501 3134 2693 3188 divina
2722 3134 2933 3188 factum
2962 3135 3067 3189 hoc
3110 3137 3291 3205 putet,
3334 3133 3416 3189 ita
3444 3136 3511 3187 ut

1814 3226 2080 3282 aestuanti
2127 3225 2448 3297 Augustino
2496 3224 2715 3279 editum
2776 3224 2996 3279 caelitus
3057 3224 3130 3278 sit
3190 3224 3509 3289 monitum;

1814 3314 2103 3385 oportebit
2131 3318 2195 3368 ut
2225 3313 2487 3367 ostendat
2534 3328 2678 3382 opus
2702 3312 2873 3366 fuisse
2902 3310 3182 3381 ejusmodi
3211 3311 3508 3376 miraculo,

1815 3419 1928 3474 quo
1958 3401 2309 3473 Augustinus
2338 3400 2660 3472 intelligere
2690 3405 2880 3471 posset
2910 3400 3015 3454 sibi
3046 3400 3345 3471 legendam
3368 3399 3513 3454 Scri-

1814 3495 2043 3563 pturam
2073 3506 2309 3557 sacram,
2343 3494 2409 3544 ut
2454 3505 2520 3542 ex
2553 3505 2619 3542 ea
2649 3488 2881 3542 resciret
2914 3488 3051 3559 quid
3078 3487 3188 3541 sibi
3226 3487 3515 3559 agendum

1816 3584 1981 3634 esset.
2015 3579 2179 3643 Quod
2230 3593 2360 3631 cum
2391 3576 2649 3648 quotidie
2705 3576 2929 3631 audiret
2958 3592 2990 3629 a
3045 3574 3355 3642 catholicis,
3386 3591 3518 3629 cum

1816 3668 1876 3722 in
1906 3666 2169 3735 Ecclesia,
2204 3670 2329 3720 tum
2350 3664 2533 3736 {alibi,
2564 3681 2683 3719 non
2722 3664 2886 3719 video
2917 3681 3019 3719 cur
3065 3663 3518 3735 confugiendum

1819 3757 1891 3811 sit
1920 3757 1990 3811 ad
2018 3755 2405 3821 fmiraculum.
2438 3754 2545 3809 Sed
2564 3754 2770 3808 rhetor
2798 3760 3007 3822 noster,
3038 3752 3194 3824 quod
3220 3769 3349 3806 cum
3381 3768 3517 3822 pace

1819 3845 1942 3917 ejus
1973 3845 2187 3898 dictum
2221 3844 2312 3909 sit,
2348 3842 2539 3897 omnia
2569 3846 2898 3913 exaggerat,
2932 3841 3140 3912 quibus
3169 3840 3516 3912 persuadere

1818 3936 2043 4004 poterat
2092 3932 2184 4001 agi
2240 3930 2332 3985 hic
2372 3932 2441 3985 de
2504 3930 2740 3985 homine
2787 3930 3029 4000 vulgari,
3088 3929 3185 3984 sed
3241 3926 3517 3998 singulari

1820 4021 2117 4076 vocatione
2150 4018 2423 4073 divinitus
2464 4018 2531 4071 ad
2563 4017 2865 4071 Ecclesiam
2896 4018 3126 4084 allecto;
3157 4032 3290 4088 quas
3319 4020 3512 4069 tamen

1822 4127 1889 4164 ex
1919 4108 2065 4163 alius
2091 4108 2311 4161 calamo
2343 4108 2550 4159 rectius
2579 4105 2893 4159 ﬂuxissent.

1893 4196 2033 4251 Ibid.
2075 4198 2391 4250 Utrumnam
2416 4195 2642 4248 solerent
2669 4194 2846 4263 pueri,
2876 4189 3007 4262 etc.]
3042 4190 3214 4254 Quasi
3244 4205 3377 4244 vero
3416 4204 3518 4243 ne-

60 4292 379 4343 necessarium
413 4288 575 4343 enim
602 4288 696 4342 hic
736 4287 945 4342 dicitur
975 4288 1203 4342 difﬁcile
1229 4287 1403 4354 victu,
1435 4303 1539 4342 nec
1594 4287 1713 4341 ulla
1750 4257 1793 4312 Β
1824 4300 1977 4339 cesso
2028 4282 2225 4337 fuisset
2277 4282 2423 4336 solas
2479 4279 2802 4335 ludentium
2871 4292 3184 4349 puerorum
3245 4276 3525 4330 solemnes

58 4378 117 4425 est
142 4380 260 4429 ante
314 4376 595 4447 peccandi
646 4376 1121 4433 consuetudinem
1168 4376 1473 4431 necessitas
1529 4375 1715 4431 delin-

56 4465 250 4530 quendi.
279 4466 419 4521 Vide
452 4471 509 4521 et
546 4466 718 4520 ﬁnem
752 4464 778 4535 ἕ
816 4468 895 4520 12.

111 4551 322 4625 lbid.,§
375 4559 467 4609 tl.
543 4554 891 4626 Pugnatior.]
950 4553 1276 4626 Legendum
1300 4555 1625 4624 pugnacior,
1658 4556 1722 4607 ut

56 4635 103 4690 in
152 4640 471 4708 Basileensi,
518 4657 653 4696 nam
712 4646 797 4695 est
826 4658 856 4695 a
900 4657 1187 4711 pugnare;
1235 4644 1336 4695 aut
1358 4642 1718 4711 pugnantior,

57 4726 91 4777 si
116 4727 241 4783 forte
274 4731 353 4785 ita
380 4731 600 4785 habent
627 4746 762 4785 mss.
782 4730 1021 4785 codices.

112 4816 228 4889 Cap.
260 4823 312 4884 6,
344 4822 371 4888 §
409 4824 493 4875 15.
528 4822 768 4888 Agentes
808 4823 866 4873 in
896 4819 1097 4891 rebus]
1147 4818 1214 4873 Hi
1257 4820 1419 4873 erant
1446 4816 1723 4889 principis

60 4906 215 4959 nuntii
244 4924 343 4978 per
372 4908 720 4979 provincias,
768 4907 1135 4979 negotiorum
1187 4922 1378 4977 causa,
1413 4906 1483 4961 de
1516 4906 1724 4978 quibus

56 4989 155 5047 vide
181 4995 499 5052 Guidonem
547 4996 929 5067 Pancirollum
961 4995 1032 5051 ad
1066 4994 1333 5050 Notitiam
1380 4994 1723 5067 dignitatum

58 5079 289 5151 Orientis,
321 5102 451 5157 cap.
486 5089 572 5141 65.

107 5170 227 5242 Cap.
269 5190 367 5239 vn,
403 5173 433 5243 ξ
484 5177 561 5229 18.
616 5175 990 5243 Humerisque
1031 5172 1372 5228 liberioribus
1397 5187 1604 5243 pennas
1632 5187 1724 5225 re-

54 5260 280 5333 cipiunt]
332 5264 467 5317 Haec
494 5263 844 5334 Augustinus
890 5279 953 5315 ex
997 5260 1345 5315 Platonismo
1394 5276 1522 5313 suo.
1570 5260 1727 5313 Plato

58 5347 187 5402 enim
243 5351 303 5403 in
364 5352 602 5406 Phaedro
653 5352 817 5406 docet
857 5359 931 5407 ὃτι
981 5360 1117 5422 ψυχὴ,
1166 5357 1315 5404 τελέα
1353 5358 1441 5417 μὲν
1492 5354 1612 5403 οὖσα
1648 5366 1729 5410 καὶ

62 5440 346 5508 έπτερωμέντ,
427 5447 780 5511 perempti-mlta?
852 5464 905 5495 τε
975 5449 1056 5494 καὶ
1122 5448 1313 5493 ἅπαντα
1391 5445 1475 5491 τὸν
1546 5443 1729 5504 κόσμον

58 5528 216 5591 iacui,
275 5534 366 5595 ἠδέ
427 5536 823 5600 περορρυήσασα
881 5536 1074 5599 φέρεται
1119 5537 1205 5590 ἓως
1256 5536 1315 5583 ἄν
1372 5533 1567 5596 στερεοῦ
1605 5548 1729 5587 τινος

1827 4372 2137 4428 cantilenas
2165 4370 2378 4425 audiri!
2401 4372 2609 4424 Annon
2628 4367 2814 4439 potuit
2832 4366 3037 4421 ludens
3066 4364 3275 4436 aliquis
3307 4364 3375 4419 de
3397 4379 3526 4434 pro-

1822 4464 1972 4534 jecta
2004 4462 2213 4533 {charta
2247 4460 2444 4514 crebro
2474 4460 2583 4514 hoc
2638 4456 2939 4528 repetere?
2991 4454 3349 4527 Oportuisset
3376 4452 3527 4523 apud

1828 4552 2041 4607 vicinos
2081 4566 2338 4621 quaerere
2369 4548 2496 4620 quis
2522 4564 2648 4602 eam
2679 4562 2876 4601 vocem
2925 4544 3192 4614 misisset,
3218 4546 3527 4615 antequam

1830 4657 1946 4695 non
1977 4639 2099 4693 sine
2136 4639 2249 4691 Deo
2282 4636 2513 4690 missam
2536 4634 2842 4706 judicaret.

1903 4729 2045 4783 Ibid.
2078 4725 2416 4782 Audiveram
2453 4728 2594 4778 enim
2634 4723 2699 4777 de
2728 4718 3011 4792 Antonia]
3072 4720 3415 4774 Athanasius
3466 4717 3527 4772 in

1831 4816 1955 4870 Vita
1985 4812 2238 4880 Antonii,
2273 4816 2300 4881 §
2326 4812 2400 4883 12,
2432 4811 2592 4881 cujus
2646 4810 2816 4864 verba
2862 4808 3156 4863 brevitatis
3185 4823 3353 4861 causa
3380 4806 3527 4859 dun-

1831 4907 1982 4959 taxat
2008 4919 2075 4957 ex
2116 4900 2339 4972 Evagrii
2387 4899 2648 4954 versione
2698 4897 3014 4969 proferam:
3075 4895 3174 4949 Ad
3213 4894 3525 4961 Ecclesiam,

1830 4996 1891 5047 ut
1930 4991 2149 5059 solebat,
2192 5004 2477 5044 accurrens
2512 4986 2901 5041 recordabatur
2927 4983 3187 5054 quomodo
3218 4987 3269 5037 et
3298 4982 3531 5051 apostoli

1834 5082 2079 5136 omnibus
2116 5081 2337 5149 spretis,
2369 5078 2538 5132 secuti
2580 5078 2819 5143 fuissent
2864 5074 3235 5138 Salvatorem;
3272 5076 3322 5125 et
3349 5072 3529 5139 multi,

1833 5172 1891 5225 in
1920 5169 2149 5224 Actibus
2179 5169 2561 5236 apostolorum,
2593 5164 2948 5233 facultatibus
2986 5163 3100 5216 suis
3120 5161 3375 5224 venditis,
3406 5173 3533 5227 pre-

1836 5261 1917 5315 tia
1971 5258 2045 5311 ad
2082 5258 2244 5327 pedes
2290 5272 2470 5311 eorum
2526 5255 2841 5309 detulissent
2886 5249 3161 5318 egentibus
3214 5247 3527 5318 partienda,

1838 5362 2019 5417 quaeve
2048 5351 2143 5401 aut
2163 5350 2371 5414 quanta
2395 5358 2514 5413 spes
2540 5345 2609 5397 iis
2637 5342 2875 5410 reposita
2899 5342 3032 5393 esset
3062 5340 3121 5391 in
3174 5339 3336 5391 cretis.
3372 5338 3531 5391 Talia

1836 5451 2012 5491 secum
2049 5436 2260 5489 volvens
2316 5434 2548 5487 intravit
2588 5433 2647 5483 in
2676 5429 2949 5483 ecclesiam
2976 5430 3025 5481 et
3053 5425 3251 5480 accidit
3290 5429 3357 5479 ut
3408 5430 3532 5480 tunc

1841 5524 2193 5591 Evangelium
2215 5524 2494 5589 legeretur,
2520 5522 2577 5572 in
2598 5534 2699 5587 quo
2718 5518 2983 5571 Dominus
3013 5516 3145 5569 dicit
3172 5515 3247 5569 ad
3275 5514 3529 5570 divitem:
