3926 6192
384 325 482 379 2H

380 445 440 501 Si
469 446 552 502 vis
582 446 866 518 perfectus
896 462 1038 514 esse,
1071 447 1212 502 vade
1252 451 1309 501 et
1338 445 1520 501 vende
1550 445 1748 501 omnia
1775 450 1893 515 tua,
1914 462 2085 518 ,quae-
2125 447 2169 503 A

382 551 610 607 cunque
656 535 832 591 habes
880 540 938 589 et
965 535 1035 589 da
1063 534 1425 606 pauperibus
1457 539 1514 590 et
1551 535 1707 604 veni,
1740 551 1976 607 sequere
2005 552 2096 590 uie

384 626 442 678 et
469 623 706 679 habebis
734 623 1069 678 thesaurum
1101 623 1159 678 in
1192 623 1368 678 caelis.

458 712 575 777 Quo
632 711 838 778 audito,
881 713 1042 780 quasi
1070 711 1338 767 divinitus
1378 711 1694 781 hujusmodi
1726 715 1849 766 ante
1896 728 2113 783 memo-_

384 802 524 854 riam
568 801 908 869 concepisset,
976 804 1029 856 et
1067 802 1239 855 veluti
1266 805 1494 871 propter
1521 815 1577 855 se
1630 801 1737 855 haec
1767 804 1901 856 esset
1955 802 2098 857 Scri-

378 892 550 958 ptura
596 890 845 956 recitata,
898 888 974 943 ad
1028 903 1084 943 se
1158 889 1493 943 dominicum
1552 889 1729 943 tramit
1789 890 2094 957 imperium,

382 978 673 1046 statimque
728 990 974 1043 egressus
1041 978 1420 1047 possessiones,
1475 990 1612 1047 quas
1672 975 1922 1043 habebat,
1963 992 2099 1031 ven-

384 1062 551 1118 didit.

455 1151 599 1207 Ibid.
630 1152 884 1222 Arripui,
927 1156 1142 1225 aperui,
1179 1152 1308 1226 etc.]
1350 1154 1461 1208 Hoc
1480 1169 1594 1207 non
1626 1152 1874 1207 multum
1904 1151 2099 1208 aberat

385 1257 419 1294 a
445 1240 691 1295 sortibus
722 1242 1073 1312 Virgiliauis,
1124 1247 1225 1297 aut
1250 1242 1319 1296 ab
1348 1241 1417 1296 iis
1455 1240 1665 1313 quibus
1705 1258 1771 1295 ex
1808 1242 2098 1312 Scriptura

388 1332 606 1384 temere
662 1334 859 1400 aperta
916 1331 1110 1386 futura
1165 1331 1591 1402 quaerebantur,
1649 1330 1804 1401 quod
1863 1330 2099 1385 damnat

388 1417 512 1487 ipse
543 1418 896 1488 Augustinus
945 1419 1109 1490 epist.
1171 1422 1238 1473 55
1297 1420 1366 1474 ad
1409 1419 1763 1474 Januarium.
1815 1421 1903 1473 An
1952 1435 2096 1489 opus

388 1508 671 1574 praeterea
717 1509 838 1559 erat
865 1510 1079 1561 temere
1110 1506 1332 1577 aperire
1384 1507 1758 1577 Scripturam,
1810 1512 1872 1562 ut
1924 1508 2093 1562 scire-

392 1592 666 1662 turIquod
718 1608 791 1646 ne
823 1592 1033 1647 ethnici
1065 1593 1297 1664 quidem
1329 1593 1683 1648 honestiores
1712 1593 2096 1666 ignorabant?

390 1678 529 1733 Vide
557 1680 663 1733 hac
693 1679 762 1734 de
797 1696 855 1734 re
906 1683 1038 1735 Ant.
1068 1697 1177 1736 van
1205 1682 1358 1750 Date,
1410 1681 1603 1738 virum
1652 1682 1962 1747 eruditum,
2024 1682 2094 1737 de

392 1765 849 1821 Divinationibus
879 1767 1252 1822 idololatricis
1284 1769 1388 1823 sub
1422 1770 1480 1823 V.
1522 1771 1582 1824 T.
1614 1770 1749 1841 Cap.
1778 1772 1839 1826 4.

464 1854 631 1908 Lmao
663 1871 742 1908 ιχ.
774 1855 908 1925 Cap.
941 1858 992 1922 2,
1028 1858 1056 1924 §
1088 1859 1137 1911 3.
1170 1859 1251 1914 Ne
1299 1859 1358 1911 in
1388 1860 1502 1912 ima
1556 1874 1916 1927 pergeremus,
1959 1859 2087 1932 etc.J

394 1941 563 1996 Recte
593 1940 701 1994 viri
739 1941 891 1996 docti
920 1943 1069 1997 hanc
1120 1944 1427 1999 lectionem
1478 1946 1858 2016 praetulerunt
1909 1946 2092 2014 alteri,

392 2044 780 2098 mergeremur;
825 2031 968 2085 solet
997 2031 1151 2085 enim
1180 2033 1419 2088 verbum
1448 2049 1665 2102 vergere
1710 2038 1773 2088 ut
1819 2039 1874 2089 et
1902 2035 2095 2090 dever-

391 2132 515 2187 gere
546 2117 656 2172 dici
685 2119 754 2173 de
780 2118 848 2173 iis
891 2136 1020 2191 qua:
1050 2120 1306 2191 pondere
1331 2137 1433 2174 suo
1463 2122 1892 2193 deprimuntur.
1934 2126 2097 2194 Apu-

389 2205 533 2260 leius
562 2206 632 2261 de
661 2208 777 2262 Deo
811 2208 1101 2263 (Socratis:
1162 2209 1320 2274 Quod
1371 2212 1423 2264 si
1471 2213 1830 2277 manifestum
1881 2214 2098 2281 ﬂagitat

391 2296 536 2349 ratio
566 2294 781 2349 debeere
821 2298 1056 2365 propria
1100 2299 1367 2352 animalia
1394 2300 1557 2353 etiam
1594 2301 1653 2352 in
1685 2315 1806 2354 aere
1842 2301 2094 2369 intelligi,

391 2386 633 2452 superest
659 2386 719 2436 ut
739 2399 859 2453 qum
889 2383 1106 2439 tandem
1135 2390 1185 2439 et
1215 2387 1524 2455 cujusmodi
1563 2402 1626 2441 ea
1675 2389 1805 2457 sint,
1841 2388 2097 2444 dissera-

392 2485 532 2525 mus.
566 2473 743 2540 Igitur
778 2477 990 2527 terrena
1025 2488 1404 2543 nequaquam;
1440 2475 1735 2543 devergunt
1762 2478 1902 2530 enim
1951 2492 2099 2546 pon~

393 2558 535 2611 dere.
566 2558 725 2624 Vide,
765 2557 813 2612 si
838 2575 984 2629 opus
1023 2564 1126 2627 est,
1160 2561 1268 2614 alia
1300 2563 1563 2632 exempla
1611 2564 1765 2633 apud
1800 2563 2097 2618 Nicolaum

398 2645 713 2716 Heinsium,
744 2645 804 2700 in
834 2647 986 2701 notis
1015 2647 1086 2702 ad
1135 2648 1421 2704 Valerium
1454 2651 1716 2706 Flaccum
1748 2651 1847 2708 lib.
1887 2668 1925 2719 ι,
1950 2669 2095 2707 vers.

398 2736 525 2789 289.

469 2824 602 2893 Cap.
635 2824 687 2889 3,
719 2822 751 2893 §
780 2825 831 2877 6.
871 2823 1155 2892 Quidquid
1201 2825 1343 2880 illud
1388 2830 1467 2880 est
1496 2827 1640 2896 quod
1669 2828 1763 2882 illo
1815 2831 2096 2899 signiﬁca-

397 2916 488 2967 tur
512 2908 678 2982 sinu.)
715 2911 1026 2982 Desumpta
1055 2916 1141 2965 est
1187 2913 1399 2968 locutio
1451 2929 1519 2968 ex
1563 2915 1695 2970 Luc.
1735 2932 1845 2984 xvr,
1878 2921 1964 2985 52,
1999 2918 2098 2973 ubi

397 3002 590 3053 tamen
615 2998 770 3055 sinus
819 3000 1133 3055 Abrahami
1161 3017 1277 3055 non
1324 3007 1443 3057 tam
1475 3003 1638 3058 sedes
1688 3003 1884 3062 beatas
1921 3023 2096 3078 quam
2127 3027 2167 3083 ο

399 3087 588 3141 locum
635 3087 697 3141 in
726 3086 840 3141 illis
872 3087 1159 3158 insignem
1190 3089 1491 3159 signiﬁcat,
1550 3095 1614 3145 ut
1664 3097 1816 3148 recte
1848 3093 2102 3149 animad-

399 3175 567 3230 vertit
596 3177 757 3242 Hugo
789 3175 1018 3230 Grotius
1052 3177 1121 3231 ad
1152 3177 1383 3232 Lucam.
1418 3179 1771 3250 Augustinus
1814 3180 2102 3238 intellexit

401 3265 563 3319 sedes
621 3264 864 3336 quietas,
923 3265 1351 3337 qualescunque
1399 3266 1513 3322 sint
1557 3267 1619 3323 in
1663 3269 1873 3340 quibus
1919 3269 2100 3325 animi

398 3353 632 3424 piorum
680 3353 1153 3409 resurrectionem
1205 3370 1510 3426 corporum
1569 3362 1913 3427 exspectant.
1976 3358 2095 3414 Lib.

398 3459 474 3496 xu
533 3442 602 3497 de
632 3442 835 3497 Genesi
860 3440 931 3495 ad
980 3442 1254 3510 litteram,
1289 3446 1317 3512 §
1368 3443 1465 3499 63:
1498 3446 1680 3515 Neque
1729 3448 1870 3501 enim
1914 3447 2103 3501 Abra-

403 3531 548 3598 ham,
580 3530 662 3584 vel
689 3530 779 3584 ille
810 3545 1043 3600 pauper,
1085 3532 1145 3585 in
1171 3533 1296 3585 sinu
1333 3532 1471 3601 ejus,
1514 3532 1610 3588 hoc
1658 3538 1738 3588 est
1784 3536 1843 3589 in
1905 3540 2102 3591 secreto

403 3620 598 3687 quietis
629 3619 765 3687 ejus,
793 3620 852 3672 in
898 3619 1173 3673 doloribus
1198 3624 1334 3674 erat.
1367 3620 1661 3676 Sermone‘
1698 3623 1762 3677 14
1819 3623 1889 3677 ad
1914 3639 2103 3694 popu-

403 3708 524 3761 lum
554 3705 616 3759 in
643 3722 790 3759 vers.
844 3708 907 3759 14
936 3707 1078 3777 psal.
1113 3724 1201 3761 1x:
1235 3709 1506 3777 Contigit,
1551 3709 1757 3781 inquit,
1797 3714 1937 3766 mori
1982 3714 2100 3767 ino-

400 3809 522 3863 pem
544 3793 697 3847 illum
733 3797 782 3846 et
809 3794 1022 3858 auferri
1049 3793 1117 3847 ab
1148 3795 1377 3861 angelis.
1424 3795 1577 3862 Quo?
1601 3797 1665 3851 In
1696 3796 1886 3851 sinum
1914 3798 2102 3853 Abra-

399 3881 511 3951 hae,
544 3881 606 3936 id
628 3882 783 3943 estin
812 3885 1069 3936 secretum
1103 3882 1199 3936 ubi
1236 3887 1355 3938 erat
1377 3883 1680 3939 Abraham.
1715 3884 1867 3953 Vide,
1899 3886 2004 3941 hac
2031 3887 2101 3942 de

401 3986 485 4034 re,
527 3969 811 4024 eruditam
851 3969 1308 4025 dissertationem
1344 3971 1612 4027 Ludovici
1642 3972 1873 4045 Capelli,
1926 3990 2101 4046 quam

401 4056 691 4129 inscripsit
717 4068 914 4130 Νεκρῶν
935 4065 1061 4125 Βίον,
1082 4058 1233 4113 inter
1287 4076 1464 4132 opera
1510 4061 1632 4132 ejus
1691 4061 2102 4118 Amstelodami

405 4147 578 4202 edita.

473 4235 610 4305 Cap.
640 4238 696 4298 ‘7,
730 4237 758 4303 §
801 4237 879 4290 l6.
914 4235 1175 4291 Antistiti
1201 4240 1293 4291 tuo
1316 4252 1418 4307 per
1439 4239 1617 4292 visum
1654 4240 1942 4309 aperuisti,
1995 4255 2100 4310 quo

404 4325 513 4377 loco
560 4324 788 4378 laterent
838 4329 1142 4392 martyrum
1194 4340 1423 4394 corpora
1457 4328 1698 4382 Protasii
1730 4317 1799 4382 et
1829 4329 2095 4397 Gervasii,
2138 4311 2180 4366 Ῑ)

403 4411 533 4481 etc.]
565 4410 622 4464 Si
650 4410 772 4465 haec
802 4411 1043 4482 aliaeque
1065 4412 1347 4483 ejusmodi
1383 4412 1741 4468 inventiones
1771 4421 2099 4470 sanctorum

402 4499 761 4567 cadaverum,
780 4517 897 4555 non
920 4500 1161 4555 fuissent
1188 4502 1310 4571 conj
1321 4506 1507 4556 unctae
1528 4518 1658 4556 cum
1688 4502 1912 4575 ingenti
1939 4505 2097 4560 lucro

403 4603 470 4642 ac
516 4588 905 4643 emolumento
934 4604 1135 4643 eorum
1165 4589 1264 4659 qui
1290 4604 1356 4644 ea
1400 4589 1738 4657 effoderunt,
1779 4592 1967 4660 multi,
1999 4594 2100 4665 qui

403 4675 744 4732 callidorum
771 4677 1074 4732 hominum
1098 4676 1370 4748 figmenta
1395 4679 1516 4733 haec
1540 4678 1783 4734 credunt
1810 4680 1881 4735 ad
1911 4682 2100 4752 plebe-

402 4765 590 4820 culam
646 4765 708 4819 in
756 4765 942 4820 ofﬁcio
972 4765 1396 4834 continendam,
1438 4766 1612 4821 ﬁdem
1652 4767 1733 4822 eis
1771 4784 1889 4823 non
1938 4769 2098 4827 facile

400 4854 783 4910 detraherent.
820 4855 949 4908 Haec
967 4853 1244 4923 inventio,
1273 4856 1523 4926 exempli
1544 4871 1732 4923 causa,
1753 4872 1871 4911 non
1892 4873 2100 4928 parum

402 4944 561 4999 auxit
624 4942 1105 4998 existimationem
1183 4943 1696 5017 auctoritatemque
1779 4946 2096 5015 Ambrosii;

406 5031 873 5104 quandoquidem
902 5046 968 5085 ea
1014 5030 1253 5087 Justinus
1280 5032 1557 5103 principis
1586 5033 1810 5089 Arianae
1862 5037 2099 5106 animus,

404 5125 466 5175 ut
493 5122 667 5178 habet
696 5125 913 5191 noster,
944 5123 1048 5177 etsi
1088 5122 1162 5176 ad
1211 5123 1467 5178 credendi
1509 5125 1798 5179 sanitatem
1850 5140 1957 5179 non
1982 5140 2102 5182 am-

398 5209 622 5277 pliatus.
681 5228 716 5265 a
740 5211 1105 5282 persequendi
1146 5216 1325 5266 tamen
1376 5212 1565 5279 furore
1619 5227 1949 5282 compressus
1999 5219 2097 5271 est.

404 5294 531 5350 Duo
570 5302 843 5368 praeterea
871 5301 964 5355 hic
995 5299 1179 5355 obiter
1208 5299 1494 5355 observari
1540 5304 1798 5371 possunt.
1841 5302 2101 5359 Alterum

404 5388 511 5452 est,
541 5386 923 5456 Augustinum
952 5388 1046 5444 hic
1077 5393 1135 5443 et
1160 5388 1229 5443 de
1262 5387 1424 5445 Civit.
1450 5388 1554 5444 Dei
1581 5389 1680 5445 lib.
1711 5403 1846 5456 nu,
1887 5407 2008 5462 cap.
2044 5394 2099 5463 8,

404 5472 589 5528 dicere
611 5489 711 5543 per
738 5477 913 5531 visum
940 5478 1185 5534 revelata
1210 5494 1330 5533 esse
1357 5478 1478 5560 haec
1506 5494 1747 5549 corpora
1774 5479 2096 5548 Ambrosio,

401 5563 765 5619 Ambrosium
810 5579 940 5619 vero
973 5565 1161 5635 ipsum
1216 5568 1285 5622 de
1327 5568 1430 5622 hoc
1454 5569 1623 5640 plane
1666 5571 1851 5623 tacere
1880 5585 1969 5639 ep.
2030 5572 2098 5624 22

1420 324 1979 380 SUI’PLEMENTUM
2024 325 2112 378 ΑΙ.)
2151 322 2385 380 OPERA
2424 324 2479 379 S.
2520 321 2907 380 AUGUSTINI.

3735 340 3818 394 ‘21?

2203 445 2363 501 class.
2411 449 2459 515 l,
2488 445 2588 500 ubi
2626 446 2773 500 hanc
2800 442 3191 500 inventionem
3219 449 3428 501 narrat.
3478 447 3704 509 Alterum
3753 465 3824 515 est

2202 533 2279 588 ita
2311 533 2679 589 Ambrosium
2722 550 2844 589 rem
2875 532 3220 603 describere,
3249 537 3313 587 ut
3340 535 3686 596 narrationem
3723 561 3820 600 sus-

2202 626 2428 694 pectam
2482 623 2715 677 reddat:
2744 624 3084 685 Invenimus,
3116 621 3326 693 inquit,
3378 626 3518 680 mire
3542 633 3823 695 magnitudi-

2205 712 2291 766 nis
2314 714 2457 766 viros
2485 711 2639 777 duos,
2662 716 2723 766 ut
2750 712 2937 781 prisca
2961 715 3093 765 aetas
3135 710 3362 777 ferebat.
3394 711 3521 775 Qua:
3548 730 3663 770 vero
3681 722 3823 776 aetas?

2207 799 2536 867 lleroicane,
2602 805 2910 871 postquam
2980 797 3243 853 homines
3302 798 3630 857 descrescere
3681 822 3828 877 cmpe-

2204 887 2374 943 runt?
2409 890 2549 947 Nam
2589 903 2755 957 genus
2795 889 2890 943 hoc
2937 888 3058 942 vivo
3096 888 3217 958 jam
3270 886 3581 944 decrescebat
3631 893 3826 952 Homero.

2203 978 2290 1031 An
2322 976 2494 1032 etiam
2525 977 2708 1032 tribus
2731 975 2972 1040 saeculis,
3004 991 3133 1047 qua)
3172 991 3205 1029 a
3232 974 3445 1029 Christo
3467 982 3591 1031 nato
3631 979 3692 1033 ad
3712 982 3831 1036 Con-

2205 1066 2440 1120 stantini
2464 1070 2726 1137 tempora
2764 1066 3075 1130 ﬂuxerunt,
3110 1062 3430 1136 grandioris
3459 1070 3608 1120 erant
3647 1073 3830 1126 statura

2203 1152 2470 1207 homines
2510 1167 2683 1223 quam
2714 1155 2917 1222 quarto
2974 1155 3074 1206 aut
3124 1149 3328 1222 quinto
3359 1149 3590 1204 saeculo?
3641 1156 3715 1207 An
3753 1171 3829 1210 au-

2205 1239 2428 1311 gustior
2456 1243 2577 1294 erat
2609 1243 2825 1293 statura
2855 1246 3171 1311 martyrum
3198 1255 3372 1311 quam
3410 1239 3655 1307 aliorum,
3680 1243 3750 1295 vel
3776 1259 3829 1297 an

2203 1328 2387 1399 major
2415 1327 2589 1383 ﬁebat
2617 1332 2746 1398 post
2769 1328 3055 1383 mortem?
3086 1330 3280 1393 Nemo,
3314 1331 3380 1382 ut
3408 1327 3635 1399 opinior,
3661 1330 3829 1385 credet.

2203 1419 2310 1474 Sed
2339 1418 2465 1488 lege
2493 1420 2716 1485 caetera,
2748 1416 2850 1471 ubi
2878 1417 3015 1471 torti
3039 1416 3270 1483 diaboli,
3306 1432 3413 1488 ope
3444 1417 3634 1471 horum
3662 1424 3831 1491 marty-

2204 1522 2355 1573 rum,
2386 1505 2628 1560 Arianos
2663 1504 3143 1577 opportunissime
3179 1505 3481 1573 damnant;
3520 1521 3616 1560 nec
3639 1507 3833 1577 amplius

2203 1594 2504 1650 miraberis
2559 1609 2681 1649 esse
2749 1595 2850 1665 qui
2902 1597 3248 1665 strategema
3309 1594 3411 1648 hoc
3460 1594 3835 1649 Ambrosianum

2204 1684 2377 1739 fuisse
2433 1686 2715 1752 censeant,
2766 1699 2880 1756 quo
2932 1683 3163 1754 plebem
3192 1682 3302 1737 sibi
3354 1682 3664 1749 devinciret,
3705 1682 3833 1738 Justi-

2206 1789 2454 1845 namque
2493 1778 2549 1828 et
2586 1772 2825 1827 Arianos
2853 1772 3344 1844 perterrefaceret,
3376 1772 3743 1842 excogitatum.

2273 1862 2407 1932 Cap.
2449 1863 2502 1927 8,
2532 1860 2559 1932 ἓ
2595 1864 2678 1916 l7.
2712 1862 2900 1929 Agens
2929 1863 2989 1916 in
3033 1861 3191 1916 rebus
3229 1860 3534 1932 militaret]
3584 1859 3703 1915 Vide
3727 1859 3839 1914 dicta

2202 1950 2273 2004 ad
2296 1949 2393 2003 lib.
2423 1965 2541 2015 VIII,
2571 1964 2695 2019 cap.
2728 1951 2781 2015 6,
2812 1947 2840 2019 §
2878 1951 2962 2004 15.

2273 2037 2441 2105 Ibid.,
2472 2036 2500 2107 ἓ
2535 2039 2617 2091 18.
2647 2039 2750 2092 Per
2777 2038 3014 2092 homines
3042 2035 3414 2110 praepositos]
3448 2038 3558 2091 Hoc
3603 2038 3695 2106 est,
3733 2050 3842 2106 quos

2203 2126 2310 2182 tibi
2338 2127 2631 2196 praeponis,
2691 2128 2756 2179 ut
2798 2129 2928 2196 post
2953 2141 3051 2180 eos
3106 2124 3290 2180 veluti
3343 2126 3536 2189 lateas,
3579 2138 3637 2177 ac
3661 2137 3747 2192 per
3768 2137 3842 2175 eos

2204 2215 2419 2271 occulte
2466 2230 2620 2286 agas.
2673 2213 2823 2269 Nihil
2880 2228 3016 2284 ergo
3067 2213 3434 2268 mutandum.
3495 2210 3746 2266 Ceterum
3780 2206 3845 2261 hic

2203 2302 2577 2375 Augustinus,
2608 2318 2760 2369 vere,
2808 2301 2964 2373 quod
2993 2301 3174 2370 aiunt,
3206 2302 3422 2357 ﬂuctus
3453 2299 3513 2353 in
3538 2297 3753 2369 simpulo
3776 2310 3845 2350 ex-

2205 2383 2358 2437 citat.

2274 2471 2416 2541 Cap.
2457 2468 2541 2535 10,
2572 2467 2599 2539 §
2628 2471 2716 2523 25.
2761 2468 3082 2523 Phantasia?
3122 2471 3303 2536 terrae,
3349 2465 3480 2536 etc.]
3530 2465 3637 2520 Hoc
3662 2468 3734 2517 est
3757 2478 3847 2531 spc-

2204 2558 2317 2612 cies
2338 2556 2597 2612 omnium
2629 2570 2821 2609 rerum
2840 2553 3221 2622 terrestrium,
3248 2570 3387 2626 quas
3419 2568 3536 2608 sese
3566 2548 3736 2605 animo
3752 2563 3844 2601 nos-

2204 2651 2293 2701 tro
2315 2645 2498 2700 offert.
2526 2644 2649 2699 Lib.
2678 2659 2759 2710 ιιι,
2787 2659 2910 2713 cap.
2936 2645 2988 2710 6,
3017 2641 3045 2713 ἓ
3075 2645 3158 2698 10.
3185 2643 3268 2697 De
3286 2641 3359 2696 iis
3393 2639 3671 2696 Lucretius
3695 2636 3775 2691 lib.
3793 2652 3837 2688 ιγ.

2276 2732 2418 2786 Ibid.
2460 2733 2708 2788 Sonitum
2742 2729 2951 2802 nubis.]
2986 2732 3099 2785 Hoc
3129 2735 3219 2785 est
3270 2746 3469 2786 vocem
3499 2744 3529 2783 e
3554 2725 3693 2782 nube
3718 2722 3837 2778 emis

2206 2838 2347 2888 sam,
2382 2822 2611 2893 qualem
2642 2820 2857 2876 audivit
2883 2820 3080 2875 Moses.

2276 2910 2444 2978 lbid.,
2477 2909 2505 2981 §
2534 2913 2622 2965 26.
2653 2911 2876 2967 Servum
2899 2910 3016 2979 ejus
3047 2908 3316 2982 videam]
3375 2910 3490 2964 Hoc
3528 2909 3610 2961 est
3650 2900 3851 2958 caelibem

2202 2998 2380 3053 vitam
2426 3014 2596 3071 agere
2635 3013 2987 3069 aggressum.
3019 2997 3110 3053 Sic
3156 2998 3378 3070 passim
3429 2992 3753 3066 Augustinus
3774 2990 3853 3052 κατ’

2210 3094 2385 3161 ἐξοχὴν
2415 3087 2671 3142 Ecclesiae
2712 3085 3003 3141 ministros
3033 3101 3216 3142 servos
3266 3090 3368 3143 Dei
3406 3088 3581 3152 vocat,
3621 3086 3677 3135 ut
3719 3100 3853 3157 supra

2208 3181 2443 3231 vocatur
2466 3175 2722 3230 Monnica
2750 3189 2906 3230 serva
2923 3189 3201 3230 servorum
3220 3176 3346 3245 Dei,
3379 3177 3407 3248 ξ
3434 3180 3526 3233 22.

2281 3265 2414 3336 Cap.
2451 3268 2535 3331 12,
2564 3267 2591 3333 §
2623 3266 2709 3318 32.
2746 3265 2936 3320 Visum
2959 3265 3124 3319 etiam
3150 3266 3295 3319 mihi
3319 3270 3399 3320 est
3428 3270 3489 3320 ut
3508 3268 3635 3321 irem
3668 3267 3855 3321 lavatum

2209 3353 2353 3424 quod
2372 3352 2654 3406 audieram
2690 3351 2818 3406 inde
2846 3351 3051 3407 balneis
3080 3367 3274 3407 nomen
3292 3352 3555 3421 inditum,
3587 3356 3707 3423 quia
3722 3349 3857 3409 Graeci

2210 3449 2468 3515 βαλακεῖον
2513 3441 2774 3510 dicerint,
2825 3440 2971 3510 quod
3008 3442 3350 3497 anxietatem
3376 3444 3547 3512 pellat
3590 3458 3651 3497 ea:
3697 3442 3853 3495 animo.

2208 3532 2296 3588 Sic
2321 3546 2517 3586 revera
2540 3529 2734 3596 Graeci,
2779 3544 3111 3601 quanquam
3140 3529 3398 3585 absurda
3421 3532 3543 3586 haec
3570 3535 3650 3586 est
3683 3535 3858 3600 etymo-

2208 3620 2383 3691 logia.
2451 3618 2700 3689 Scriptor
2770 3616 3145 3688 Etymologici
3210 3617 3450 3688 magni:
3517 3626 3752 3675 Βαλανεῖον
3809 3622 3851 3668 τὸ

2207 3707 2434 3771 λουτρὸν·
2471 3708 2594 3761 τινὲς
2639 3705 2689 3753 δὲ
2744 3704 2941 3767 λέγουσι
2992 3707 3125 3767 παρὰ
3177 3706 3239 3754 τὸ
3298 3706 3599 3755 ἀποϐάλλειν
3633 3709 3707 3762 τὰς
3736 3703 3855 3757 ἀνίας·

2209 3790 2310 3836 καὶ*
2331 3793 2524 3853 Ομηρος
2546 3785 2937 3851 παρετυμολογεῖ
2952 3785 3129 3849 λέγων·

2919 3900 2996 3965 ἀρ’
3020 3902 3076 3948 ἐκ
3096 3899 3327 3964 τρίποδος
3354 3901 3587 3965 μεγάλοιο

2453 3987 2475 4004 "
2496 3985 2633 4047 Οφροι
2672 3995 2753 4043 μοι
2784 3979 2840 4028 ἐκ
2866 3981 3085 4042 κάματον
3113 3980 3429 4046 Θυμόφθορον
3455 3981 3614 4044 εἶτετο
3626 3982 3767 4044 γυὶων.

2271 4060 2339 4110 Οὑ
2372 4060 2570 4124 λέγουσι
2616 4060 2667 4110 δὲ
2691 4060 2871 4121 καλῶς,
2920 4059 2961 4108 εἱ
3003 4062 3096 4123 γὰρ
3128 4056 3194 4119 ἦν
3228 4059 3290 4108 ἑκ
3337 4061 3542 4123 τούτου,
3581 4058 3735 4125 ὤφειλε
3773 4053 3861 4117 γρί-

2209 4195 2378 4261 φεσθαι
2424 4195 2501 4243 διὰ
2540 4196 2608 4258 τῷ
2649 4199 2687 4243 Ι.
2730 4194 2842 4243 ἀλλ’
2885 4194 3014 4242 ἔστιν
3057 4194 3208 4241 εἰπεῖν
3255 4194 3334 4242 ὅτι
3382 4195 3480 4243 ἀπὸ
3534 4197 3626 4243 τῶν
3681 4188 3860 4255 βιλάνων

2212 4275 2414 4341 εἴρηται.
2481 4274 2526 4323 οἱ
2576 4277 2669 4338 γὰρ
2731 4275 2927 4338 ἀρχαῖοι
2990 4272 3233 4338 βαλάνους
3300 4274 3440 4339 εἶχον
3501 4274 3601 4328 ἔθος
3648 4267 3861 4320 ὑποκαίειν.

2210 4358 2342 4421 παρὰ
2388 4356 2445 4404 τὸ
2496 4357 2579 4410 τὰς
2634 4354 2871 4419 βαλάνους
2936 4355 3088 4411 αὓειν,
3148 4353 3387 4401 τουτέστι
3443 4357 3528 4409 τὰς
3593 4353 3709 4416 δρῦς.
3763 4347 3858 4395 οὕτω

2208 4438 2301 4500 γὰρ
2361 4435 2627 4484 καλοῦνται
2683 4433 2734 4482 αἱ
2779 4433 2909 4499 δρῦς,
2965 4435 3049 4481 καὶ
3086 4432 3215 4481 ἄλλο
3262 4450 3314 4482 τι
3382 4433 3550 4499 φυτόν.
3579 4426 3862 4495 Ἐπαφρόδιτος

2209 4514 2260 4563 δὲ
2305 4516 2439 4578 παρὰ
2469 4515 2526 4562 τὸ
2575 4515 2678 4562 αϋω
2710 4515 2767 4562 τὸ
2812 4515 3050 4577 σημαῖνον
3087 4514 3143 4561 τὸ
3179 4515 3309 4561 ualui
3350 4541 3414 4551 —
3440 4514 3531 4576 ιίνει
3560 4511 3755 4576 μήποθεν
3796 4503 3860 4551 ἅλ-

2208 4594 2349 4643 λοθεν
2370 4596 2495 4643 :00:.
2539 4597 2613 4650 At
2673 4596 2796 4650 haec
2859 4595 3053 4650 omnia
3094 4609 3278 4649 meras
3330 4600 3472 4649 sunt
3528 4588 3862 4650 Graeculorum

2210 4700 2401 4756 nugae,
2452 4683 2659 4755 quibus
2693 4683 3046 4756 Augustinus
3093 4698 3366 4738 assensus
3415 4699 3533 4738 non
3589 4680 3778 4742 fuisset,
3826 4668 3861 4724 si

2210 4772 2646 4843 etymologicam
2707 4778 2891 4828 artem
2958 4772 3267 4831 calluisset.
3314 4778 3581 4828 Βαλανεῖον
3629 4764 3859 4838 originem

2210 4860 2367 4916 ducit
2395 4878 2429 4916 a
2456 4877 2591 4916 voce
2617 4861 2889 4917 Hebraica
2910 4847 3017 4923 5‘7:
3055 4861 3252 4940 ballal,
3287 4881 3424 4940 qum
3479 4858 3741 4932 signiﬁcat
3760 4866 3863 4940 per-

2207 4948 2376 5016 fundi
2398 4950 2543 5020 psal.
2574 4966 2702 5018 xcu,
2736 4953 2835 5018 ll,
2861 4953 2917 5004 et
2948 4949 3095 5004 unde
3150 4937 3323 5014 H.153:
3354 4949 3635 5012 ballahah,
3677 4937 3863 4998 nebula.

2210 5035 2302 5091 Sic
2332 5040 2387 5090 et
2414 5037 2563 5107 apud
2592 5036 2806 5092 Arabas
2864 5022 2978 5097 n5:
3004 5036 3297 5109 signiﬁcat
3334 5039 3587 5107 irrigari,
3618 5026 3865 5099 madeﬁeri-

2282 5125 2415 5196 ΟεΡ-
2458 5123 2596 5196 13νὲ
2655 5128 2741 5181 35.
2772 5128 2927 5184 Nunc
2968 5141 3067 5196 pro
3108 5131 3356 5197 peccatis
3408 5126 3602 5182 matris
3640 5133 3751 5175 mea
3794 5113 3870 5166 de-

2204 5227 2396 5283 precor
2433 5215 2503 5280 te,
2536 5210 2662 5285 etc.]
2699 5212 2924 5285 Species
2947 5213 3093 5269 forte
3116 5214 3358 5286 pietatis
3397 5215 3588 5287 aliqua
3613 5210 3698 5267 hic
3731 5205 3869 5269 inest:

2209 5304 2268 5356 at
2291 5315 2358 5354 ea
2384 5301 2735 5355 consuetudo
2790 5317 2897 5356 nec
2922 5301 3145 5357 ratione
3203 5305 3351 5373 ulla,
3411 5320 3517 5359 nec
3570 5293 3870 5385 revelatioue

2210 5388 2438 5444 nititur.
2477 5388 2613 5444 Vide
2666 5388 2879 5445 librum
2916 5390 2987 5446 de
3015 5406 3149 5446 cura
3182 5392 3451 5464 gerenda
3506 5405 3610 5463 pro
3663 5382 3870 5441 mortuis

2209 5485 2365 5537 tomo
2398 5481 2466 5536 VI

2284 5571 2445 5625 LIBRO
2498 5586 2548 5625 ιι.
2584 5571 2716 5642 Cap.
2754 5574 2805 5627 3.
2841 5572 2989 5639 Quid
3024 5544 3159 5628 mihi
3188 5578 3270 5628 est
3323 5588 3450 5641 ergo
3496 5586 3611 5627 cum
3664 5560 3866 5620 homini—
