3926 6192
138 267 208 318 213
835 253 1194 310 vaaronuu
1235 252 1829 309 EXERCITATIONES
1868 254 1936 309 1N
1978 258 2037 309 s.
2086 256 2456 311 AUGUSTINI
2495 255 2755 311 OPERA.

3456 265 3559 317 214

145 379 220 441 bus,
244 379 294 428 ut
331 370 549 427 audiant
579 372 933 437 confessiones
986 386 1130 426 meas
1180 367 1312 441 etc.]
1349 369 1584 424 Videtur
1630 370 1753 424 haec
1788 371 1834 425 A
1863 376 2025 425 acuto
2056 371 2279 426 homini
2313 372 2373 427 in
2402 376 2654 427 mentem
2685 390 2801 427 non
2845 375 3087 443 venisse,
3120 377 3240 432 fore
3268 381 3332 434 ut
3372 381 3559 436 Dona-

144 463 359 534 scripsisse
386 460 749 531 Augustinus,
792 476 909 514 non
941 464 1165 514 tantum
1196 463 1324 530 post
1353 459 1613 529 scriptos,
1652 460 1751 514 sed

1859 460 2029 529 tistee,
2065 461 2379 525 Manicheei,
2416 461 2625 532 aliique
2654 464 2776 533 ejus
2806 464 3116 520 adversarii
3145 467 3399 523 dicerent
3426 486 3557 524 eum

142 554 257 609 etiam
282 554 397 621 post
432 549 609 603 editos
635 549 855 619 priores
894 548 1069 603 libros
1104 547 1570 613 Confessionum;
1607 564 1751 618 quos
1857 565 1975 603 non
2004 550 2305 620 displicere
2336 550 2461 618 sibi,
2496 551 2595 621 qui
2627 552 2824 606 tandiu
2854 570 2971 607 non
3020 560 3137 609 tam
3183 558 3334 626 apud
3376 560 3559 613 Deum

139 642 245 695 avide
266 639 510 693 videntur
536 636 817 691 lectitasse
858 637 902 691 ii
933 638 1143 707 quibus
1168 641 1337 690 notus
1363 642 1505 705 erat,
1528 642 1584 691 et
1609 654 1748 707 quo-

138 746 220 785 rum
254 726 533 782 hominum
580 726 844 780 nonnulli
900 725 1287 797 Augustinum
1334 729 1513 779 semet
1560 725 1748 795 ipsum

135 818 375 872 accuratius
402 815 713 870 describere
744 815 1039 885 optabant.
1074 815 1215 870 Sunt
1235 813 1336 883 qui
1365 813 1746 883 suspicentur,

131 922 215 960 cum
239 906 393 958 multa
418 904 755 974 Augustino,
805 904 874 958 ob
915 904 1165 975 priorem
1196 904 1391 969 vitam,
1424 903 1493 957 ab
1546 904 1748 957 adver-

128 996 255 1061 sariis,
294 1011 424 1065 quos
478 1010 592 1048 non
640 1010 848 1064 paucos
900 993 1121 1060 habuit,
1180 994 1580 1064 objicercntur,
1615 1008 1747 1046 eum

128 1083 445 1138 Couiessiones
476 1084 642 1138 hasce
660 1083 979 1154 scripsisse;
1014 1083 1176 1154 quasi
1202 1081 1523 1165 apologiam
1550 1097 1749 1151 quam-

126 1173 214 1226 dam
250 1171 624 1242 obliquiorem,
678 1172 736 1226 in
796 1188 909 1243 qua
988 1172 1281 1238 fateretur,
1344 1170 1520 1224 veluti
1594 1170 1745 1240 apud

126 1263 270 1326 Deum,
301 1261 443 1331 quod
472 1276 686 1330 negare
708 1278 825 1314 non
856 1264 1114 1332 poterat;
1150 1264 1353 1315 caetera
1406 1275 1540 1313 vero
1591 1275 1747 1329 prae-

122 1349 394 1403 termitteret
418 1354 515 1402 aut
545 1349 850 1416 emolliret,
879 1354 935 1404 et
960 1365 1340 1420 quaecumque
1366 1348 1437 1402 ad
1467 1347 1745 1402 honorem

121 1454 236 1491 suum
263 1438 493 1491 facerent
534 1438 703 1508 quasi
742 1439 895 1493 aliud
952 1454 1125 1509 agens
1170 1441 1557 1508 exaggeraret.
1610 1438 1747 1501 Quae

119 1525 410 1596 suspiciones,
445 1525 709 1596 quamvis
739 1526 882 1581 forte
925 1526 1241 1597 iniquiores
1280 1530 1431 1587 sunt,
1457 1542 1523 1579 ex
1563 1524 1744 1579 inusi-

117 1618 194 1667 tata
214 1618 377 1667 tamen
416 1619 733 1669 nascuntur
778 1614 1002 1669 ratione
1034 1631 1149 1686 qua
1202 1613 1558 1684 Augustinus
1613 1629 1744 1668 cum

118 1704 194 1756 Deo
217 1703 369 1773 garrit
394 1707 567 1773 atque
607 1707 930 1774 argutatur,
984 1703 1385 1774 rhetoricoque
1442 1702 1570 1757 fuco
1627 1718 1742 1772 quo

114 1792 228 1861 pictae
250 1796 367 1845 sunt
394 1792 481 1846 ha:
521 1793 939 1847 Coufessiones.
1000 1793 1141 1847 Dum
1172 1792 1367 1847 tandiu
1400 1792 1469 1846 de
1500 1808 1558 1846 se
1592 1792 1743 1861 apud

114 1881 259 1943 Deum,
284 1880 388 1935 imo
408 1882 565 1951 apud
589 1882 872 1949 homines,
899 1882 1173 1953 loquitur,
1197 1886 1253 1936 et
1272 1886 1387 1935 tam
1410 1881 1592 1935 multa
1611 1896 1741 1951 per-

112 1970 247 2040 exigui
271 1970 561 2037 momenti,
601 1972 669 2025 ad
701 1971 840 2025 alios
870 1971 1104 2041 quidem
1138 1970 1287 2041 quod
1332 1969 1553 2036 attinet,
1602 1984 1743 2022 nar—

112 2061 184 2121 rat,
208 2074 348 2111 nemo
378 2063 457 2112 est
487 2059 593 2129 qui
622 2075 740 2113 non
771 2064 1010 2130 quaerat,
1070 2060 1196 2125 Cui,
1254 2059 1385 2113 bono
1416 2058 1443 2113 ‘l
1499 2061 1554 2111 et
1610 2060 1743 2110 sunt

112 2146 229 2198 multi
260 2146 541 2216 proniores
601 2147 670 2201 ad
710 2146 858 2201 male
901 2146 1301 2217 judicandum,
1351 2145 1453 2217 qui
1485 2144 1739 2208 φίλαυτὶαν

112 2234 355 2302 ingentem,
380 2235 681 2307 religionis
713 2235 900 2305 specie
929 2239 1157 2302 tectam,
1190 2235 1281 2288 hic
1309 2235 1498 2289 videre
1532 2250 1590 2288 se
1634 2250 1740 2304 pu-

111 2326 205 2376 tant.
228 2324 319 2377 Sed
348 2328 583 2394 praestat
606 2324 780 2378 nimis
830 2323 1194 2394 indulgentes
1244 2339 1349 2377 nos
1391 2339 1532 2389 esse,
1567 2338 1740 2394 quam

116 2409 231 2462 nimis
255 2427 498 2477 severos;
534 2411 588 2465 si
633 2412 805 2466 modo
836 2411 1272 2465 meminerimus
1304 2411 1363 2465 in
1410 2409 1735 2481 Evangelio,

114 2497 281 2567 ejusque
326 2504 556 2553 auctore
620 2498 859 2565 Christo,
916 2499 1288 2569 quaerendam
1341 2514 1462 2552 esse
1507 2497 1739 2552 vivendi

112 2600 322 2653 normam,
354 2604 470 2641 non
499 2587 569 2641 in
599 2587 965 2655 hominibus;
998 2587 1101 2657 qui
1131 2591 1187 2641 et
1212 2586 1321 2658 ipsi
1351 2587 1421 2641 ad
1449 2603 1575 2640 eam
1606 2591 1736 2640 sunt

110 2673 320 2745 exigendi,
342 2692 443 2730 nec
462 2676 789 2731 imitatione
822 2692 1075 2747 unquam
1106 2675 1438 2747 efﬁngendi,
1468 2674 1574 2728 nisi
1601 2690 1738 2745 qua-

110 2767 219 2815 tenus
240 2769 285 2817 et
318 2765 419 2835 ipsi
452 2769 596 2820 sunt
618 2765 825 2819 Christi
847 2765 1181 2819 imitatores.

151 2852 251 2923 Cap.
283 2857 359 2920 ll,
391 2853 418 2925 ἓ
444 2858 526 2909 l8.
573 2853 830 2921 Cogenda
856 2868 1047 2908 rursus
1077 2857 1137 2907 ut
1165 2854 1299 2907 sciri
1320 2854 1553 2922 possint,
1586 2850 1645 2904 id
1660 2855 1737 2905 est

1861 652 2035 706 quam
2074 638 2227 707 apud
2258 638 2537 701 homines,
2595 641 2663 693 de
2695 656 2752 693 se
2779 644 2834 693 et
2864 642 2981 695 suis
3019 644 3308 714 loquatur,
3341 650 3397 700 et
3419 648 3557 701 dum

1857 726 2054 794 gravia
2082 732 2335 796 peccata,
2369 744 2496 797 qua?
2520 728 2717 797 negari
2746 746 2865 783 non
2911 735 3197 800 poterant,
3232 739 3332 788 aut
3369 735 3560 789 minu—

1861 814 2008 868 tiora
2046 816 2346 869 ambitiose
2380 817 2768 887 proloquitur,
2798 818 2995 873 laudes
3027 837 3155 874 suas
3194 821 3412 877 interea
3445 824 3557 878 mi-

1856 902 2011 956 nime
2041 903 2271 957 omittit.
2304 905 2477 957 Miror
2500 904 2672 959 etiam
2701 922 2832 959 eum
2860 908 3105 963 veritum
3138 926 3251 964 non
3308 927 3449 978 esse,
3486 929 3556 967 ne

1854 991 2031 1045 iidem
2056 992 2363 1046 adversarii
2393 992 2486 1047 hic
2517 993 2906 1049 desiderarent
2933 999 3315 1059 confessiones
3354 1017 3555 1056 eorum

1854 1096 1984 1150 quae
2022 1081 2368 1151 baptismum
2399 1082 2522 1151 ejus
2551 1086 2743 1136 secuta
2772 1087 2923 1149 sunt,
2957 1090 3012 1138 et
3042 1102 3171 1159 quae
3198 1088 3259 1140 in
3288 1088 3411 1157 ejus
3441 1089 3554 1142 vita

1856 1168 2165 1223 habentur.
2206 1170 2718 1240 Malignihomines
2733 1171 2895 1226 facile
2910 1173 3095 1227 dicere
3123 1180 3407 1249 poterant,
3437 1194 3555 1231 non

1856 1274 1975 1311 esse
2024 1274 2203 1328 usque
2229 1259 2373 1312 adeo
2405 1259 2619 1313 mirum
2651 1276 2781 1313 eum
2842 1262 3173 1316 valedixisse
3225 1265 3329 1317 arti
3362 1265 3552 1319 rheto-

1856 1348 2005 1415 ricas,
2040 1346 2188 1401 inter
2217 1363 2427 1418 pueros
2456 1349 2746 1409 docendas,
2781 1349 3001 1420 exiguis
3034 1366 3165 1405 cum
3195 1353 3552 1408 emolumen-

1856 1436 1928 1490 tis
1948 1440 2004 1490 et
2027 1437 2188 1489 tenui
2218 1438 2466 1505 honore;
2502 1441 2563 1490 ut
2588 1454 2737 1505 eam,
2770 1438 2831 1492 in
2873 1440 3057 1494 multo
3090 1441 3366 1511 ampliore
3395 1442 3556 1496 then-

1854 1529 1964 1592 tro,
1996 1528 2051 1578 et
2080 1525 2260 1579 multo
2312 1525 2656 1579 fructuosius
2704 1532 3027 1593 exerceret;
3070 1528 3130 1582 in
3180 1530 3422 1584 Ecclesia
3477 1530 3557 1584 ni-

1853 1614 2086 1683 mirum,
2120 1620 2474 1669 sacrosancta
2503 1616 3184 1683 auctoritateinstructus,
3218 1622 3273 1672 et
3300 1618 3361 1672 in
3392 1620 3553 1690 cujus

1854 1704 2349 1758 administratione
2383 1705 2711 1775 eloquentia
2735 1722 2835 1759 sua
2854 1722 3092 1776 magnas
3126 1707 3321 1761 laudes
3335 1708 3552 1778 populi,

1852 1808 2059 1862 magna
2088 1809 2121 1846 a
2150 1792 2421 1847 divitibus
2450 1809 2691 1847 munera
2719 1795 2931 1848 referre
2948 1795 3111 1849 facile
3138 1799 3378 1866 poterat,
3413 1797 3551 1850 dum

1849 1885 2247 1952 paupertatem
2277 1898 2395 1951 prae
2423 1898 2479 1936 se
2535 1882 2728 1937 ferret.
2773 1884 3314 1938 Commodissimum
3352 1884 3548 1948 fuisse,

1851 1970 1970 2024 sine
2001 1986 2211 2040 magno
2241 1970 2435 2024 labore
2465 1971 2687 2025 homini
2740 1973 3052 2043 eloquenti,
3085 1977 3258 2044 prout
3288 1978 3553 2044 tempora

1848 2057 2126 2122 ferebant,
2158 2058 2270 2128 piis
2300 2059 2741 2114 liberalitatibus
2785 2062 3035 2116 aliorum
3066 2062 3392 2116 sustentari.
3426 2064 3549 2117 Non

1850 2146 2114 2216 exiguam
2147 2147 2319 2201 fuisse
2353 2148 2703 2217 voluptatem
2735 2165 2850 2203 non
2882 2149 3039 2203 omni
3089 2149 3414 2221 imperandi
3459 2166 3553 2204 cu-

1847 2234 2085 2305 piditate
2118 2240 2308 2296 exuto,
2335 2237 2565 2306 plebem
2596 2237 2773 2291 veluti
2800 2238 3032 2292 nomine
3074 2238 3174 2292 Dei
3204 2254 3421 2309 regere,
3450 2239 3549 2294 ad-

1846 2326 2135 2377 versantes
2183 2324 2567 2378 Ecclesiastica
2632 2326 2899 2380 societate
2971 2325 3196 2396 ejicere,
3254 2328 3548 2395 damnare,

1846 2410 2220 2481 proscribere.
2269 2413 2481 2466 Ducem
2512 2413 2765 2484 partium
2823 2430 2992 2484 agere
3034 2418 3271 2485 propter
3323 2415 3550 2470 dicendi

1846 2500 2194 2565 facultatem,
2229 2505 2283 2555 et
2309 2502 2478 2573 longe
2508 2502 2662 2556 inter
2689 2519 2858 2573 pares
2900 2502 3174 2558 eminere.
3211 2503 3401 2558 Fuisse
3448 2519 3549 2558 cur

1847 2591 2018 2644 aDeo
2046 2590 2275 2645 veniam
2305 2596 2543 2660 peteret,
2600 2593 2751 2662 quod
2809 2592 3081 2663 loquendi
3132 2593 3409 2647 duntaxat
3463 2592 3545 2646 fa-

1845 2677 2055 2732 cilitate
2086 2679 2415 2746 instructus,
2446 2681 2825 2734 tumultuaria
2854 2681 3097 2735 lectione
3149 2681 3453 2751 Scriptura:
3484 2680 3544 2734 in

1844 2767 2103 2837 linguam
2135 2768 2393 2821 Latinam
2451 2784 2762 2837 conversas,
2795 2770 2917 2822 sine
2960 2769 3075 2822 ulla
3129 2769 3415 2823 Hebraicaa
3445 2773 3546 2823 aut

1845 2856 2053 2910 Graeca:
2101 2856 2314 2925 lingua:
2372 2856 2722 2925 cognitione,
2781 2857 3082 2927 presbyter
3138 2861 3193 2910 et
3243 2857 3542 2927 episcopus

108 2939 279 2994 telutea:
305 2943 538 3010 quadam
596 2943 931 3011 dispersione
969 2941 1286 3010 colligenda,
1342 2941 1484 2995 unde
1533 2941 1737 2993 dictum
1775 2951 1814 3007 ς,
1849 2948 2048 2998 contra
2076 2960 2320 2998 canones
2338 2945 2595 2998 Nicaenos
2625 2944 2825 3008 factus,
2850 2938 3213 3016 interpretari
3245 2962 3540 3017 aggressus

109 3030 415 3103 antiquare]
449 3033 596 3103 Cogo
638 3035 725 3085 est
767 3030 928 3101 quasi
976 3045 1157 3096 coago,
1208 3034 1269 3083 ut
1323 3028 1567 3083 ostendit
1596 3030 1727 3083 Ger.

110 3116 285 3171 Joannes
312 3120 533 3174 Vossius
571 3120 631 3173 in
660 3118 1067 3190 Etymologico,
1098 3122 1149 3172 et
1173 3120 1429 3186 cogitatio
1460 3121 1545 3171 est
1571 3116 1735 3187 quasi

110 3208 347 3271 coagitatio.
388 3211 620 3263 Festus:
655 3210 930 3276 Cogitatio
960 3208 1110 3263 dicta
1149 3208 1293 3261 velut
1329 3208 1640 3273 coagitatio,
1675 3206 1737 3260 id

110 3298 155 3344 est
177 3294 302 3361 longa
337 3298 581 3366 ejusdem
610 3299 691 3351 rei
721 3298 950 3365 agitatio
1000 3298 1059 3350 in
1098 3296 1289 3351 eadem
1320 3311 1472 3349 mora
1523 3296 1737 3349 consilii

109 3380 364 3447 Erpﬁcandi.
409 3386 546 3441 Vide
597 3390 654 3440 et
688 3387 999 3441 Varronem
1038 3384 1108 3439 de
1160 3384 1285 3439 L.L.
1336 3383 1433 3437 lib.
1485 3400 1544 3438 v.
1595 3384 1735 3437 Cum

109 3471 352 3538 Augustino
372 3474 708 3529 addendum
746 3489 861 3527 non
900 3477 1127 3527 tantum
1171 3488 1292 3525 esse
1340 3471 1732 3543 agitationem,

110 3558 328 3615 sedsimul
368 3562 629 3631 plurium
681 3578 874 3616 rerum
924 3560 1312 3627 collationem,
1364 3577 1492 3631 quoe
1538 3564 1621 3614 est
1651 3560 1733 3612 vis

108 3650 446 3717 praepositionis
477 3667 624 3717 cum,
658 3667 726 3704 ex
756 3667 871 3721 quo
891 3649 1298 3721 inseparabiles
1320 3664 1415 3703 con
1445 3653 1501 3702 et
1530 3663 1606 3703 co.

153 3734 252 3806 Cap.
281 3741 361 3808 3t,
390 3744 415 3807 ἓ
445 3742 533 3795 47.
568 3740 819 3794 Ebrietas
851 3740 1003 3806 longe
1039 3742 1118 3793 est
1149 3755 1182 3792 a
1210 3753 1311 3803 me,
1350 3738 1579 3806 crapula
1629 3752 1737 3790 au-

112 3826 179 3877 tem
201 3841 564 3898 nonnunquam
579 3828 820 3897 subrepit
840 3842 990 3883 servo
1020 3824 1158 3898 tuo.]
1181 3828 1307 3881 Non
1336 3831 1459 3879 erat
1504 3824 1737 3895 quidem

108 3908 311 3980 ebriosus,
339 3916 415 3969 ita
446 3920 510 3969 ut
540 3915 678 3968 vino
706 3918 851 3968 esset
880 3913 1123 3979 deditus,
1173 3912 1274 3967 sed
1312 3912 1619 3983 aliquando
1648 3916 1733 3966 ta-

107 4011 197 4052 men
233 4004 347 4057 satis
369 4005 487 4059 vini
515 4004 773 4069 bibebat,
809 4006 869 4056 ut
916 4003 1146 4074 crapula
1192 4002 1244 4055 ei
1288 4006 1435 4056 esset
1472 4002 1731 4055 molesta.

110 4085 205 4141 Nam
228 4094 431 4161 crapula
461 4094 618 4148 idem
648 4098 734 4146 est
780 4090 976 4146 Latine
1017 4090 1173 4161 quod
1200 4092 1390 4146 Greece
1461 4089 1729 4153 κραιπάλη,

110 4171 183 4226 hoc
212 4184 281 4231 est
316 4181 469 4234 dolor
497 4180 705 4250 capitis
737 4180 837 4250 qui
885 4196 950 4234 ex
992 4179 1259 4233 hesterna
1307 4178 1732 4249 computatione

110 4273 320 4331 superest.
362 4270 609 4324 Thomas
660 4269 923 4339 Magister
969 4284 982 4322 :

111 4362 309 4423 fi‘i‘ozlé‘mc
353 4365 621 4419 οἰνοποσίας
680 4365 905 4427 napum,
962 4364 1085 4426 μέτη
1141 4363 1191 4411 δέ
1240 4364 1273 4423 ἦ
1336 4363 1413 4410 έπῖ
1454 4366 1539 4421 τῆς
1586 4362 1735 4421 αὐτῆς

110 4446 255 4511 ἡμέρας.
285 4448 429 4501 Dolor
466 4449 672 4517 capitis
718 4462 783 4500 ea:
832 4447 1217 4515 compotatione
1260 4445 1376 4498 heri
1404 4446 1574 4511 facta,
1612 4452 1735 4513 μέτη

112 4528 188 4592 ejus
211 4533 359 4599 ipsius
385 4536 519 4589 diei.

161 4619 262 4689 Cap,
289 4626 370 4691 35,
411 4624 437 4696 §
470 4629 558 4679 57.
594 4626 894 4681 Curiositas
950 4621 1192 4691 quotidie
1235 4624 1423 4676 nostra
1474 4624 1732 4689 tentatur,

115 4706 205 4776 etcj
232 4710 385 4766 Nemo
415 4718 499 4767 est
530 4712 629 4784 qui
660 4713 784 4766 haec
811 4716 1042 4782 peccata
1070 4711 1297 4778 habeat,
1332 4710 1379 4764 si
1426 4709 1598 4763 modo
1628 4726 1734 4764 cae-

114 4793 206 4847 teris
229 4798 405 4873 ofﬁciis
437 4802 556 4856 suis
588 4818 707 4856 non
748 4800 909 4856 desit.
966 4801 1181 4872 Corpus
1222 4799 1377 4854 enim
1421 4802 1477 4853 et
1511 4798 1738 4853 animus

116 4881 389 4944 relaxatione
418 4890 669 4962 quadam
718 4889 1013 4961 indigent;
1076 4905 1262 4959 neque
1306 4904 1533 4959 semper
1592 4887 1739 4941 seria

115 4970 273 5038 agitare
299 4994 355 5031 ac
381 4979 645 5034 meditari
677 4979 902 5033 animus
934 4981 1142 5048 potest,
1178 4982 1277 5033 aut
1307 4993 1514 5048 corpus
1557 4975 1741 5031 labori

113 5054 391 5119 incumbere.
425 5067 482 5123 Si
504 5068 632 5137 quis
661 5067 832 5123 hodie
861 5066 996 5120 talia
1022 5066 1172 5121 inter
1224 5066 1433 5121 delicta
1461 5081 1739 5120 numera-

114 5150 185 5210 ret,
206 5153 520 5223 crederetur,
559 5157 695 5210 dum
752 5155 1139 5210 humilitatem
1196 5171 1315 5225 pra;
1373 5172 1430 5209 se
1485 5155 1612 5221 fert,
1647 5172 1739 5208 su-

117 5236 242 5299 l‘el‘be
278 5257 330 5293 se
374 5259 569 5313 gerere
623 5261 687 5298 ac
740 5244 1101 5299 dissimulare
1147 5243 1383 5312 majora.
1448 5242 1743 5297 Diceretur

121 5333 288 5380 muscas
313 5332 595 5399 percolere
621 5338 676 5387 et
716 5333 997 5403 deglutire
1028 5333 1296 5387 camelos.
1330 5332 1491 5396 Quod
1549 5336 1741 5385 tamen

123 5406 167 5459 de
186 5414 470 5483 Augustino
522 5420 791 5490 suspicari
820 5419 977 5474 nefas
1025 5419 1286 5473 habetur.

171 5496 276 5568 Cap.
307 5505 387 5568 38,
422 5504 450 5565 ξὶ
480 5508 565 5560 es.
599 5508 709 5572 Qui
731 5507 947 5577 placent
986 5507 1093 5561 sibi
1131 5506 1196 5560 de
1250 5522 1323 5573 se,
1382 5502 1514 5569 etc.l
1575 5503 1743 5559 Miror

1848 3037 1932 3085 est
1960 3031 2112 3102 quod
2151 3047 2266 3084 non
2296 3031 2674 3102 intelligebat,
2710 3036 2767 3086 et
2794 3036 2879 3086 tot
2905 3032 3201 3087 volumina
3255 3034 3323 3088 de
3354 3034 3539 3104 Scrip-

1845 3125 1975 3174 tura
1999 3120 2262 3185 scribere,
2297 3125 2606 3191 antequam
2638 3121 2962 3175 neeessaria
3004 3121 3268 3191 praesidia
3315 3122 3383 3175 ad
3413 3137 3539 3176 eam

1844 3207 2277 3279 intelligendam
2325 3207 2431 3261 sibi
2461 3214 2863 3278 comparasset.
2916 3210 3057 3263 Nam
3107 3226 3236 3279 quae
3276 3208 3386 3263 dici
3414 3226 3541 3280 pos-

1846 3301 1999 3365 sunt,
2032 3313 2163 3349 eum
2194 3296 2431 3350 invitum
2459 3296 2671 3351 factum
2697 3314 2819 3351 esse
2866 3299 3261 3368 presbyterum
3319 3302 3375 3352 et
3411 3298 3539 3369 epi-

1845 3400 2100 3455 scopum,
2133 3400 2413 3439 canonem
2445 3386 2741 3439 Nicaznum
2768 3403 2882 3457 quo
2913 3388 3213 3441 vetabatur
3241 3387 3539 3458 episcopus

1845 3473 1953 3527 sibi
1982 3473 2108 3527 vivo
2154 3490 2536 3528 successorem
2564 3474 2845 3542 sufﬁcere,
2876 3474 3133 3545 ignotum
3167 3475 3362 3541 fuisse,
3395 3492 3539 3545 pau-

1842 3578 2039 3632 perem
2069 3561 2240 3617 vitam
2264 3563 2466 3632 egisse,
2500 3567 2629 3630 etc.,
2672 3580 2738 3617 ea
2776 3563 3013 3633 maligni
3054 3563 3314 3617 homines
3367 3563 3537 3618 dixis-

1844 3654 1971 3703 sent
1998 3650 2208 3721 partim
2243 3650 2670 3705 simulationem
2702 3668 2844 3721 esse,
2891 3651 3099 3722 partim
3130 3651 3266 3705 satis
3300 3668 3419 3706 esse
3452 3651 3537 3706 di-

1841 3738 2038 3807 vitem,
2072 3738 2173 3809 qui
2192 3739 2427 3793 haberet
2466 3740 2621 3810 quod
2655 3740 2780 3793 aliis
2808 3740 3134 3811 largiretur,
3166 3744 3220 3794 et
3250 3740 3385 3794 inde
3408 3745 3536 3795 tan-

1842 3830 1965 3880 tum
1991 3826 2098 3879 sibi
2131 3831 2409 3896 sumeret,
2440 3830 2716 3896 quantum
2747 3827 2949 3892 vellet;
2984 3842 3047 3879 ac
3074 3826 3320 3896 denique
3375 3830 3536 3880 notas

1844 3916 2056 3969 dudum
2084 3931 2177 3968 eas
2198 3931 2319 3969 esse
2351 3918 2517 3981 artes,
2550 3931 2677 3986 quas
2708 3915 2776 3969 ad
2800 3932 2971 3986 quam
2992 3916 3310 3985 potentiam
3336 3930 3535 3969 evexe—

1844 4003 1961 4056 rint
1989 4002 2253 4056 homines
2282 4003 2530 4057 humiles
2560 4002 2772 4056 scilicet
2802 4007 2857 4055 et
2883 4002 3084 4057 mundi
3114 4006 3538 4072 contemptores

1836 4090 1959 4159 jam
1990 4090 2266 4145 videmus.
2296 4091 2380 4145 Ad
2425 4107 2516 4144 me
2548 4091 2776 4161 quidem
2836 4090 2985 4160 quod
3044 4089 3262 4156 attinet,
3312 4094 3376 4143 ut
3420 4106 3537 4144 non

1846 4194 1973 4232 sum
2003 4179 2264 4233 credulus
2294 4179 2577 4249 ejusmodi
2607 4178 3135 4239 criminationibus;
3170 4177 3249 4231 sic
3280 4194 3399 4232 non
3429 4178 3535 4233 dif-

1038 4275 1287 4339 κραιπάλη
1328 4275 1362 4334 ἡ
1406 4274 1461 4321 ἐκ
1498 4277 1583 4332 τῆς
1624 4272 1732 4338 χθὲς

1917 4284 2013 4322 eor
2043 4284 2134 4322 me
2174 4268 2535 4323 defensiones
2592 4267 2916 4338 Augustini,
2949 4267 3103 4322 hisce
3151 4267 3219 4321 de
3249 4267 3440 4334 rebus,
3472 4266 3537 4321 li-

1846 4355 2048 4410 benter
2073 4355 2353 4409 lecturum
2382 4356 2572 4410 fuisse.

1917 4445 2164 4514 Cap.42,
2201 4444 2227 4514 ἓ
2262 4448 2347 4499 67.
2414 4443 2777 4499 Ambiendum
2820 4445 2958 4498 mihi
3001 4444 3113 4509 fuit
3158 4443 3232 4498 ad
3277 4444 3542 4511 angelos?

1846 4532 1963 4597 Qua
1984 4548 2140 4601 prece
2170 4536 2197 4587 ?
2231 4534 2437 4597 Quibus
2471 4534 2823 4587 sacramentis
2846 4532 2873 4587 ‘l
2903 4533 3062 4586 mulli
3090 4536 3337 4587 conantes
3376 4533 3450 4587 ad
3493 4537 3541 4587 te

1844 4620 2045 4685 redire,
2079 4636 2246 4687 neque
2274 4636 2371 4689 per
2399 4635 2453 4673 se
2483 4623 2627 4689 ipsos
2658 4622 2913 4689 valentes,
2947 4623 3087 4675 sicut
3125 4622 3305 4686 audio,
3365 4626 3541 4677 tenta-

1845 4712 2039 4763 uerunt
2069 4710 2197 4770 haec,
2235 4706 2371 4778 etc.]
2399 4708 2634 4762 Videtur
2664 4708 2900 4762 omnino
2926 4707 3205 4778 respicere
3238 4709 3309 4763 ad
3338 4710 3540 4762 theur-

1847 4795 1973 4865 gica
2016 4795 2439 4849 Platonicorum
2488 4811 2663 4861 sacra,
2720 4795 2927 4865 quibus
2976 4812 3036 4849 se
3083 4798 3314 4867 angelos
3366 4803 3422 4850 et
3452 4813 3539 4850 ar-

1847 4884 2153 4954 changelos
2188 4883 2410 4951 elicere,
2458 4885 2691 4954 Deoque
2731 4883 3082 4953 singularem
3128 4884 3189 4937 in
3217 4883 3447 4938 modum
3482 4902 3541 4938 se

1848 4973 2123 5044 conjungi
2152 4972 2448 5044 putabant.
2479 4973 2598 5036 Qua
2629 4974 2697 5027 de
2728 4989 2787 5027 re
2820 4972 3015 5027 multis
3045 4972 3268 5043 scripsit
3302 4973 3537 5027 Jambli-

1849 5062 1986 5116 chus
2018 5061 2078 5115 in
2117 5062 2265 5115 libro
2325 5061 2394 5116 de
2444 5061 2719 5131 Mysteriis
2768 5061 3183 5132 Egyptiorum,
3218 5061 3542 5131 prasertim

1851 5150 2097 5205 sectione
2121 5167 2154 5202 v
2182 5154 2238 5203 et
2257 5166 2315 5204 Χ.
2340 5150 2472 5220 Ejus
2502 5151 2602 5203 aevi
2636 5150 2931 5215 Platonici,
2959 5149 3167 5203 mirum
3189 5148 3245 5202 in
3281 5150 3537 5217 modum,

1851 5237 2258 5309 superstitiosis
2287 5238 2344 5292 id
2376 5255 2555 5308 genus
2585 5238 2755 5292 sacris
2788 5243 2949 5293 erant
2967 5238 3160 5292 dediti.
3196 5238 3332 5293 Vide
3357 5239 3543 5294 Vitam

1853 5326 2056 5391 Procli,
2093 5343 2123 5380 a
2154 5325 2370 5381 Marino
2401 5326 2687 5396 scriptam,
2733 5340 2905 5395 quam
2937 5325 3100 5378 Joan.
3145 5325 3411 5380 Albertus
3442 5328 3543 5382 Fa-

1850 5416 2082 5483 bricius,
2114 5416 2201 5471 vir
2231 5416 2506 5483 eruditus,
2537 5416 2818 5485 integram
2850 5413 3025 5469 edidit
3056 5415 3366 5487 Hamburgi
3393 5432 3541 5471 anno

1857 5508 2011 5559 1700.
