3922 6188
320 236 425 288 215

1329 225 1884 282 SUPPLEMENTUM
1929 226 2018 280 AD
2057 225 2284 283 OPERA
2328 226 2382 278 S.
2424 221 2813 278 AUGUSTINI.

3682 226 3765 278 210

394 355 561 409 Liaao
589 369 668 408 χι.
697 352 831 423 Cap.
863 355 917 421 2,
957 351 984 422 §
1054 351 1165 407 3.0
1196 350 1422 404 Domine
1460 347 1660 420 preﬁce
1706 364 1788 402 me
1837 351 1888 402 et
1932 363 2019 402 re-
2058 351 2102 405 A
2134 363 2262 402 rum
2289 346 2411 402 haec
2436 343 2813 416 intelligenda
2854 344 3079 397 tantum
3117 341 3187 396 de
3213 342 3534 397 necessariis
3560 343 3623 398 ad
3649 347 3768 402 salu-

321 441 442 496 oela
471 441 607 495 mihi
635 439 772 512 eas.]
805 439 1092 512 Religiosa
1119 437 1370 508 profecto
1418 439 1475 490 et
1523 437 1698 508 digna
1745 436 2017 507 episcopo

329 528 529 597 oratio,
553 529 649 584 sed
681 545 808 583 cum
833 545 946 599 qua
973 525 1245 597 conjungi
1283 525 1599 579 debuerant
1626 525 1882 580 studium
1912 525 2022 579 lin-

330 633 574 690 guarum
598 618 805 688 quibus
827 616 1148 686 conscripta
1176 619 1300 670 erat
1344 615 1656 685 Scriptura,
1703 621 1761 670 et
1790 631 2024 686 compa-

330 707 475 762 ratio
516 707 776 760 omnium
801 705 1046 759 aliorum
1085 704 1484 775 praesidiorum
1511 720 1524 768 ;
1560 704 1770 774 quibus
1793 705 2026 758 demum

334 793 622 861 adhibitis,
650 793 936 864 Scriptura
960 792 1203 862 intelligi
1231 795 1438 862 potest,
1467 791 1545 846 ita
1577 797 1636 846 ut
1664 792 2032 864 intelligenda

335 887 420 937 est
447 883 516 936 ab
546 898 611 936 eo
634 881 732 952 qui
763 897 890 936 eam
919 897 1024 952 pro
1054 880 1348 944 concione,
1379 885 1550 952 atque
1593 881 1758 935 editis
1786 881 2030 952 scriptis,

333 973 810 1042 interpretaturus
841 974 944 1026 est.
974 969 1269 1024 Auxilium
1300 969 1454 1023 enim
1485 969 1585 1023 Dei
1635 986 1701 1024 eo
1745 986 1864 1024 non
1907 986 2034 1040 per-

343 1060 506 1123 tinet,
559 1064 622 1114 ut
643 1060 761 1113 sine
792 1059 1126 1113 facultatum
1166 1062 1497 1113 nostrarum
1529 1075 1637 1112 usu
1666 1074 1770 1113 nos
1808 1059 2033 1113 interno

339 1149 537 1202 afﬂatu
571 1148 772 1202 doceat
798 1163 927 1218 quas
971 1147 1112 1200 scire
1140 1145 1402 1217 cupimus
1425 1163 1438 1214 ;
1469 1147 1566 1201 sed
1595 1154 1658 1201 ut
1685 1147 1832 1202 vires
1857 1147 2037 1202 animi

339 1243 396 1292 et
425 1236 681 1309 corporis
723 1236 886 1291 nobis
917 1236 1179 1302 sufﬁciat,
1229 1236 1438 1306 quibus
1470 1241 1720 1303 utamur,
1753 1242 1808 1290 et
1857 1236 1918 1290 in
1967 1237 2036 1290 iis
2079 1233 2098 1246 ’

341 1343 470 1398 qua:
491 1327 744 1380 humana
779 1325 1061 1379 industria
1100 1325 1296 1396 perﬁci
1343 1328 1656 1396 nequeunt,
1693 1325 1738 1378 si
1768 1325 1847 1379 ita
1874 1324 1926 1379 ei
1954 1324 2036 1378 vi-

343 1417 564 1483 deatur,
607 1414 914 1469 auxiliator
960 1413 1124 1468 adsit.
1182 1413 1241 1468 Si
1288 1414 1411 1468 haec
1438 1413 1725 1468 intellecta
1769 1414 1829 1468 in
1871 1429 2038 1468 usum

344 1507 660 1558 revocasset
687 1502 1056 1572 Augustinus,
1101 1503 1392 1557 exauditus
1422 1501 1544 1556 sine
1599 1502 1771 1557 dubio
1822 1502 2036 1558 fuisset.

350 1592 509 1644 Nunc
530 1606 660 1644 vero
686 1605 816 1643 cum
847 1605 912 1643 ea
950 1589 1283 1660 neglexerit,
1313 1589 1414 1643 illa
1456 1589 1730 1644 duntaxat
1770 1589 1830 1643 in
1859 1589 2043 1659 Scrip-

347 1683 476 1734 tura
504 1678 802 1747 intellexit,
830 1694 957 1748 quaa
979 1677 1169 1748 potuit
1195 1679 1366 1732 homo
1389 1677 1720 1748 linguarum
1751 1683 1808 1733 et
1833 1677 2042 1734 critica:

347 1767 642 1838 imperitus
672 1766 991 1837 intelligere
1015 1783 1028 1834 ;
1061 1766 1122 1821 in
1153 1767 1370 1822 caeteris
1389 1774 1664 1838 ἀεροϐατεῖ,
1685 1770 1740 1820 et
1759 1767 2043 1822 Platonis-

345 1871 506 1910 mum
536 1854 701 1910 nobis
745 1871 847 1926 pro
891 1854 1142 1909 doctrina
1183 1856 1576 1926 apostolorum
1622 1855 1914 1927 propinat,
1947 1861 2047 1911 aut

348 1945 597 2017 argutias
634 1943 833 1998 inanes
860 1959 1069 2014 magna
1097 1945 1401 1998 verborum
1426 1960 1638 2015 pompa
1655 1944 1823 1999 nobis
1855 1945 2046 1999 obtru-

350 2035 450 2089 dit.
488 2035 715 2104 Loquor
754 2032 1030 2087 nimirum
1080 2032 1149 2087 de
1205 2032 1274 2086 iis
1320 2049 1450 2103 quae
1488 2032 1541 2086 ei
1596 2048 1726 2086 cum
1780 2033 2048 2088 omnibus

351 2122 660 2193 Scripturae
703 2121 1112 2192 interpretibus
1164 2136 1283 2175 non
1334 2125 1466 2176 sunt
1521 2121 1887 2189 communia;
1931 2122 2052 2176 haec

356 2210 509 2265 enim
559 2209 730 2264 etiam
779 2208 1218 2263 catechumenus
1270 2208 1487 2279 accepit
1525 2209 1596 2264 ab
1642 2209 1712 2263 iis
1765 2226 1799 2264 a
1843 2210 2052 2281 quibus

357 2299 588 2354 edoctus
633 2302 737 2366 est,
785 2313 905 2352 non
961 2297 1331 2351 meditatione
1385 2297 1610 2355 retexit.
1655 2298 1794 2362 Quae
1833 2315 1954 2353 non
1984 2315 2052 2354 eo

361 2387 507 2454 dico,
532 2386 685 2457 quod
706 2385 1091 2457 eloquentiam
1127 2389 1183 2440 et
1217 2401 1476 2452 acumen,
1523 2386 1585 2440 in
1614 2386 1783 2441 rebus
1813 2403 2052 2458 praeser-

360 2476 464 2531 tim
493 2474 914 2546 metaphysicis,
941 2474 1260 2544 Augustino
1289 2474 1608 2542 detraham,
1641 2479 1740 2530 aut
1755 2477 1908 2547 quod
1934 2493 2054 2530 me-

361 2565 500 2620 ritas
526 2563 724 2617 laudes
751 2563 943 2617 minus
972 2563 1218 2617 libenter
1249 2563 1498 2618 tribuam
1525 2581 1537 2631 ;
1572 2565 1668 2619 sed
1712 2565 1850 2636 quia
1891 2565 2055 2620 video

363 2653 572 2708 multos
595 2653 716 2723 ejus
747 2653 1079 2706 auctoritate
1103 2652 1282 2719 abuti,
1325 2656 1381 2706 et
1409 2668 1503 2706 eos
1531 2668 1650 2723 prin
1682 2652 1781 2707 illo
1811 2659 2060 2708 contem-

365 2757 516 2802 nere,
549 2741 757 2812 quibus
788 2741 947 2794 nulla
976 2740 1196 2794 ratione
1227 2741 1473 2795 conferri
1502 2745 1709 2812 potest.

436 2831 569 2900 Cap.
607 2832 691 2895 10,
725 2832 752 2896 §
781 2831 861 2882 l2.
897 2829 1042 2893 Quid
1087 2829 1325 2894 faciebat
1365 2832 1525 2898 Deus,
1568 2835 1858 2900 antequam
1903 2833 2059 2900 face—

2131 441 2269 500 tem,
2297 435 2621 490 conditione
2669 432 2843 488 etiam
2887 432 2992 486 hac
3039 429 3242 502 posita,
3293 433 3358 484 ut
3385 431 3480 502 qui
3507 447 3568 485 ea
3594 432 3769 489 intelli-

2135 542 2268 597 gere
2297 525 2475 596 cupit,
2506 541 2622 579 non
2648 527 2872 578 tantum
2900 520 3166 592 precibus
3195 519 3265 574 ad
3285 520 3464 574 Deum
3497 522 3767 594 confugiat,

2135 615 2233 670 sed
2260 614 2430 669 etiam
2455 612 2649 668 omnia
2676 611 2843 667 faciat
2870 626 2999 682 quae
3012 609 3158 663 ratio
3179 609 3376 663 suadet
3395 625 3510 663 esse
3538 610 3772 682 facienda,

2135 707 2200 758 ut
2222 706 2600 774 consequatur
2629 701 2783 773 quod
2811 701 2948 754 vult.
3001 699 3060 754 Si
3088 697 3216 770 quis
3268 714 3302 751 a
3349 699 3460 752 Deo
3501 703 3700 769 peteret
3723 708 3774 756 ut

2137 792 2419 864 acciperet
2446 791 2515 846 ab
2543 807 2610 845 eo
2637 788 2902 861 peritiam
2921 787 3250 858 linguarum
3280 787 3483 841 Graeca:
3509 792 3562 842 et
3580 788 3774 857 Latinae,

2138 898 2210 936 an
2235 884 2541 952 prept'erea
2565 879 2918 949 impetraret,
2969 875 3018 931 si
3055 875 3275 930 interea
3318 875 3461 930 nihil
3507 875 3694 932 faceret
3725 879 3778 933 ad

2139 986 2266 1025 eam
2296 969 2402 1024 sibi
2427 967 2907 1040 comparandam?
2947 967 3093 1021 Sane
3139 981 3327 1036 neque
3366 964 3462 1018 illa
3489 965 3675 1036 peritia
3695 982 3780 1020 ne-

2140 1059 2382 1114 cessaria
2406 1057 2570 1113 estad
2595 1057 2856 1121 salutem,
2880 1071 3067 1126 neque
3086 1053 3208 1108 sine
3230 1054 3418 1108 labore
3431 1053 3634 1125 acquiri
3659 1071 3780 1109 nunc

2141 1151 2352 1220 potest.
2385 1147 2543 1202 Idem
2573 1146 2642 1200 de
2690 1144 2818 1200 aliis
2867 1144 3125 1215 ejusdem
3183 1142 3408 1214 generis
3459 1142 3665 1197 dixeris.
3695 1145 3782 1198 Nec

2143 1237 2265 1291 sine
2292 1235 2546 1307 periculo
2592 1240 2738 1290 esset
2765 1232 2961 1304 opinio
2991 1233 3113 1302 ejus
3145 1230 3247 1302 qui
3283 1230 3622 1286 existimaret
3665 1247 3714 1284 se
3739 1231 3782 1286 id

2145 1326 2296 1397 quod
2321 1324 2530 1396 cogitat
2548 1324 2618 1379 de
2647 1339 2710 1378 re
2739 1321 3010 1395 quapiam
3039 1319 3313 1374 divinitus
3360 1319 3647 1389 accepisse,
3674 1319 3783 1390 quia

2149 1416 2328 1470 Deum
2359 1413 2518 1484 prius
2548 1416 2786 1480 orasset,
2820 1414 2884 1465 ut
2913 1409 3020 1464 sibi
3048 1407 3304 1462 veritatis
3325 1406 3688 1478 cognitionem
3711 1407 3785 1461 im-

2147 1503 2478 1575 pertiretur.
2521 1503 2704 1557 Marus
2749 1500 2855 1554 hoc
2914 1498 3149 1553 tandem
3209 1495 3618 1550 enthusiasmus
3653 1499 3783 1561 esset,

2152 1593 2315 1664 cujus
2335 1607 2443 1663 ope
2473 1589 2695 1645 somnia
2737 1587 2952 1660 qumvis
3000 1586 3210 1641 divinze
3255 1583 3600 1650 revelationi,
3647 1585 3782 1639 etiam

2153 1685 2510 1753 repugnante
2548 1683 2701 1735 recta
2747 1677 2987 1744 ratione,
3036 1679 3420 1748 mquarentur.
3455 1673 3581 1728 Vide
3611 1673 3672 1728 ad
3711 1673 3784 1728 lib.

2153 1788 2249 1826 xm
2280 1787 2403 1841 cap.
2436 1769 2526 1824 25.

2227 1860 2360 1930 Cap.
2396 1861 2448 1925 3,
2477 1860 2504 1924 ἓ
2537 1860 2594 1914 3.
2635 1856 2738 1913 Ubi
2786 1856 2928 1910 enim
2956 1854 3052 1908 tum
3095 1856 3251 1918 esset,
3283 1854 3333 1907 si
3368 1855 3514 1919 esset,
3546 1852 3643 1905 nisi
3666 1865 3790 1919 super

2156 1953 2288 2004 esset
2325 1946 2600 2001 eminendo
2625 1951 2676 2000 et
2702 1943 3029 2000 illustrando
3049 1941 3101 2015 ‘2]
3154 1940 3506 1997 Crediderim
3535 1939 3789 2011 legendum

2157 2036 2454 2103 emicando,
2487 2050 2624 2089 nam

2343 2142 2502 2202 Ignea
2524 2141 2747 2191 convexi
2776 2140 2856 2189 vis
2884 2142 2936 2189 et
2968 2139 3080 2188 sine
3112 2136 3346 2202 pondere
3369 2135 3494 2202 caeli

2389 2199 2590 2265 micuit,
2616 2216 2925 2266 summaque
2954 2199 3130 2252 locum
3153 2200 3256 2251 sibi
3279 2199 3406 2263 legit
3435 2200 3487 2248 in
3515 2210 3623 2248 arce

2164 2305 2234 2360 Ut
2261 2308 2390 2359 utar
2417 2303 2604 2358 verbis
2642 2301 2949 2358 Ovidianis.

2235 2393 2368 2463 Cap.
2405 2395 2489 2460 17,
2521 2394 2549 2459 §
2577 2392 2665 2446 24.
2697 2391 2918 2446 Nomine
2946 2388 3062 2443 cazli
3105 2387 3157 2441 et
3188 2391 3346 2441 terra
3374 2389 3537 2442 totum
3563 2386 3705 2440 istum
3726 2386 3793 2437 ui-

2163 2481 2375 2537 sibilem
2411 2481 2672 2535 mundum
2688 2477 2848 2549 prius
2886 2477 3270 2532 universaliter
3295 2480 3345 2531 et
3384 2475 3600 2530 breviter
3639 2474 3796 2541 signiﬁ-

2166 2585 2289 2624 care
2310 2569 2498 2637 voluit,
2534 2573 2594 2623 ut
2636 2573 2828 2638 postea
2874 2567 3140 2633 digereret
3193 2564 3409 2618 dierum
3463 2562 3796 2617 enumeratione

2168 2659 2329 2726 quasi
2365 2657 2701 2712 articulatim
2730 2657 2985 2710 universa
3010 2669 3130 2722 qua:
3155 2657 3343 2708 sancto
3379 2652 3606 2722 Spiritui
3633 2648 3794 2719 planxit

2167 2748 2247 2802 sic
2285 2742 2589 2816 enuntiare]
2625 2743 2694 2798 Hi
2723 2759 2858 2797 sane
2894 2741 3341 2808 contradictores,
3374 2740 3676 2811 quicunque
3700 2735 3796 2800 sint,

2170 2835 2351 2890 multo
2379 2833 2583 2888 melius
2613 2834 2826 2888 Mosam
2854 2830 3256 2902 intelligebant
3285 2845 3456 2902 quam
3483 2825 3796 2898 Augustinus,

366 2923 447 2974 ret
475 2919 658 2973 caelum
688 2921 738 2971 et
766 2922 986 2981 terram,
1021 2916 1158 2990 etc.]
1215 2918 1388 2972 Multo
1445 2918 1672 2973 brevius
1717 2920 2063 2991 respondeas
2092 2934 2130 2990 (ς
2171 2922 2294 2995 qui,
2326 2921 2436 2976 nisi
2457 2921 2643 2987 fallor,
2673 2919 2958 2992 cogitabat
2980 2919 3073 2973 hic
3098 2919 3170 2972 de
3190 2918 3603 2973 Platonicorum
3619 2925 3798 2968 suorum

367 3007 502 3061 huic
523 3005 848 3077 quaestioni,
877 3006 925 3059 si
959 3006 1112 3060 dicas
1143 3010 1199 3059 te
1226 3005 1465 3073 nescire,
1500 3023 1564 3061 ac
1583 3007 1918 3062 aeternitatis
1951 3008 2064 3063 im-

371 3094 670 3149 mensitate
693 3093 990 3164 ingenium
1010 3094 1330 3148 humanum
1351 3094 1641 3150 absorberi
1663 3111 1880 3168 ;neque
1900 3114 2066 3169 prop-

380 3187 532 3236 terea
558 3182 734 3236 ﬁdem
766 3181 835 3236 de
876 3181 1166 3235 creatione
1220 3181 1480 3236 omnium
1535 3198 1751 3253 rerum,
1795 3189 1895 3239 aut
1933 3186 2067 3240 reli—

377 3271 607 3342 gionem
636 3270 754 3324 ullo
784 3269 845 3323 in
885 3270 1137 3341 periculo
1181 3270 1411 3325 versari.
1469 3271 1691 3325 Etenim
1729 3288 1848 3327 non
1891 3275 2067 3344 proti-

377 3363 573 3414 tentur
611 3357 920 3414 Christiani
949 3375 1008 3413 se
1039 3363 1268 3430 paratos
1297 3375 1418 3413 esse
1447 3359 1716 3415 omnibus
1743 3363 2070 3432 quaestioni-

378 3449 483 3503 bus
500 3447 851 3516 satisfacere;
885 3447 983 3502 sed
1008 3451 1234 3502 tantum
1261 3464 1318 3502 se
1348 3447 1403 3502 id
1434 3449 1590 3520 quod
1620 3448 1907 3505 afﬁrmant
1937 3468 2069 3522 gra-

381 3536 623 3591 vissimis
671 3535 988 3591 rationibus
1055 3552 1222 3606 posse
1279 3537 1691 3592 demonstrare.
1762 3540 2070 3594 Possumus

381 3626 680 3680 ostendere
726 3624 996 3680 omnibus
1035 3641 1157 3680 esse
1213 3624 1466 3696 initium,
1523 3630 1910 3698 przeterquam
1967 3629 2071 3684 soli

383 3718 522 3784 Deo,
552 3719 609 3769 et
632 3715 777 3770 hanc
805 3718 1058 3769 nostram
1088 3715 1355 3770 tellurem
1403 3716 1475 3770 ab
1518 3732 1584 3770 eo
1615 3733 1737 3770 esse
1788 3723 2068 3786 creatam;

382 3805 532 3877 quod
563 3804 695 3858 satis
746 3803 909 3858 nobis
957 3819 1077 3858 esse
1117 3803 1304 3858 debet.
1334 3803 1577 3875 Reliqua
1603 3820 1722 3873 quae
1750 3820 1918 3877 supra
1955 3823 2073 3877 nos,

383 3899 446 3948 ut
473 3896 624 3947 recte
649 3893 928 3962 Socrates,
956 3908 1020 3947 ea
1054 3893 1195 3947 nihil
1223 3891 1297 3946 ad
1339 3907 1451 3947 nos.
1491 3893 1630 3956 Quae
1673 3892 1764 3948 hic
1810 3895 2074 3965 Augusti-

381 3999 489 4037 nus
516 3983 584 4037 de
616 3981 934 4036 aeternitate
955 3985 1011 4036 et
1039 3985 1320 4051 tempore,
1346 3981 1635 4036 Platonico
1665 3998 1824 4037 more
1865 3987 1921 4037 et
1956 3987 2074 4037 tam

382 4071 595 4139 multis,
624 4073 937 4141 argutatur,
967 4074 1023 4124 et
1052 4069 1285 4141 quidem
1333 4070 1485 4142 apud
1516 4072 1715 4137 Deum,
1767 4071 1948 4125 multo
1995 4071 2076 4126 di-

2175 3019 2481 3083 ὑπερκοσμίῳ
2513 3018 2664 3081 τὸπῳ,
2706 3009 2774 3064 de
2832 3024 2947 3080 quo
3008 3008 3166 3062 Plato
3223 3007 3288 3061 in
3345 3005 3595 3064 Phaedro.
3635 3005 3803 3057 Interea

2174 3100 2412 3170 dignum
2434 3104 2519 3152 est
2534 3102 2734 3152 notatu
2761 3097 2913 3168 quod
2943 3096 3116 3150 habet
3142 3095 3495 3167 Augustinus
3520 3109 3630 3163 cap.
3661 3094 3704 3160 9,
3724 3104 3803 3142 εω-

2175 3188 2297 3243 lum
2313 3189 2421 3242 hoc
2448 3185 2884 3257 inconspicuum
2907 3201 3027 3239 esse
3046 3187 3370 3240 aeternitatis
3391 3184 3669 3252 particeps,
3689 3176 3801 3249 quod

2176 3282 2309 3331 ante
2339 3281 2565 3346 tempus
2585 3275 2879 3330 conditum
2919 3277 3081 3328 esset.
3116 3275 3186 3328 At
3214 3273 3363 3327 mira
3391 3277 3472 3326 est
3509 3269 3639 3324 ratio
3664 3264 3804 3336 expli-

2177 3366 2373 3421 caudae
2412 3366 2740 3437 Scriptores,
2808 3380 2983 3436 quam
3039 3367 3240 3434 postea
3288 3359 3554 3434 proponit
3589 3373 3694 3428 cap.
3736 3355 3800 3408 18:

2177 3457 2314 3509 Dum
2339 3457 2566 3524 quisque
2599 3457 2825 3509 conatur
2852 3453 2912 3508 id
2935 3455 3150 3520 sentire,
3188 3454 3248 3506 in
3276 3450 3570 3521 Scripturis
3625 3444 3799 3506 sanctis,

2179 3543 2324 3612 quod
2349 3546 2408 3598 in
2428 3546 2499 3598 iis
2527 3545 2694 3598 sensit
2723 3543 2814 3597 ille
2839 3544 2936 3611 qui
2958 3544 3198 3611 scripsit,
3231 3540 3368 3610 quid
3403 3540 3531 3594 mali
3557 3540 3642 3604 est,
3670 3536 3710 3589 si
3733 3531 3804 3586 hoc

2179 3637 2398 3700 sentiat,
2441 3633 2586 3701 quod
2632 3637 2691 3687 tu
2749 3633 2846 3686 tua:
2899 3633 3136 3686 omnium
3182 3630 3545 3684 veridicarum
3607 3623 3805 3679 mentium

2180 3721 2414 3777 ostendis
2442 3737 2628 3776 verum
2681 3735 2812 3787 esse,
2861 3721 3072 3774 etiamsi
3113 3719 3208 3772 hoc
3260 3734 3367 3773 non
3409 3718 3568 3772 sensit
3594 3715 3670 3768 ille
3691 3723 3805 3780 quem

2182 3811 2330 3882 legit,
2365 3825 2486 3865 cum
2514 3815 2564 3864 et
2590 3810 2681 3864 ille
2725 3824 2927 3874 verum,
2982 3824 3076 3863 nec
3135 3812 3315 3863 tamen
3337 3808 3430 3862 hoc
3473 3802 3708 3860 senserit?
3742 3796 3808 3850 Est

2182 3899 2291 3953 hoc
2314 3899 2552 3966 malum,
2587 3898 2743 3970 quod
2773 3913 2840 3952 ex
2872 3896 3074 3968 quovis
3104 3897 3228 3950 loco
3261 3894 3473 3967 quaevis
3520 3890 3699 3948 veritas
3737 3884 3806 3974 de:

2183 3985 2313 4041 duci
2349 3986 2544 4056 possit,
2591 3969 2649 4040 et
2686 3984 2963 4055 paulatim
3007 3983 3171 4038 nulla
3222 3988 3379 4037 certa
3417 3977 3738 4051 superfutura
3757 3969 3808 4063 si}

2181 4071 2329 4127 ratio
2361 4071 2706 4144 explicandae
2733 4071 3075 4142 Scripturze;
3108 4069 3157 4124 si
3205 4071 3366 4124 nulla
3420 4066 3715 4138 regularum
3738 4069 3806 4144 cuf

382 4159 622 4214 lucidius
645 4140 776 4213 sunt
805 4175 837 4212 a
865 4140 1277 4213 recentioribus
1325 4140 1683 4229 philosophis
1706 4163 1763 4214 et
1794 4159 2074 4230 theologis
2113 4219 2149 4230 _
2183 4140 2736 4214 ﬁcetum—habeatur
2764 4140 2933 4228 ratio,
2965 4161 3022 4212 et
3049 4158 3157 4211 hoc
3185 4171 3370 4210 unum
3391 4155 3662 4227 queratur
3685 4160 3742 4199 an
3758 4140 3809 4194 sit

383 4263 633 4300 excussa.
663 4246 833 4301 Adito
863 4247 954 4300 vel
1000 4245 1230 4301 Joannis
1273 4245 1475 4301 Clerici
1514 4247 2068 4319 Pneumatologiam.

383 4336 508 4388 Non
536 4334 836 4405 aggrediar
860 4334 1014 4388 enim
1046 4335 1366 4404 expendere
1399 4350 1528 4404 quae
1551 4335 1620 4388 de
1652 4335 1970 4390 aeternitate
2015 4339 2071 4389 et

383 4427 639 4494 tempore
703 4423 1140 4493 philosophatur
1208 4422 1585 4493 Hipponensis
1651 4423 1966 4496 episcopus,
2017 4429 2074 4480 et

384 4527 513 4582 qua:
543 4511 684 4566 adeo
735 4511 929 4566 tenuia
977 4513 1130 4582 sunt,
1160 4515 1227 4566 ut
1254 4511 1340 4565 vel
1383 4510 1664 4566 tenuitate
1713 4529 1815 4567 sua
1846 4529 2071 4570 evanes-

383 4603 530 4655 cant.

455 4690 590 4761 Cap.
632 4691 720 4759 32,
761 4689 789 4757 §
837 4689 924 4743 29.
975 4688 1284 4743 Circuitum
1313 4689 1460 4743 illius
1517 4689 1758 4758 ligneolz
1802 4690 1979 4764 rotae]
2012 4691 2075 4746 In

383 4795 517 4851 qua,
575 4777 872 4846 nimirum,
926 4778 1028 4845 sol,
1076 4778 1383 4849 gnomonis
1426 4794 1555 4849 ope,
1595 4778 1764 4834 horas
1820 4781 2072 4836 notabat.

380 4871 626 4940 Tempus
669 4870 753 4922 est
802 4867 928 4938 ipsa
959 4867 1183 4921 duratio
1215 4883 1430 4934 rerum,
1462 4883 1563 4922 seu
1594 4867 1895 4923 existentia
1945 4885 2074 4924 con-

381 4958 622 5027 tinuata,
670 4957 766 5013 sed
821 4972 946 5011 eam
1002 4955 1358 5010 existentiam
1410 4956 1684 5011 metimur
1731 4973 1839 5028 ope
1887 4961 2077 5013 motus

382 5052 690 5115 astrorum,
717 5050 775 5101 et
799 5044 1122 5117 przesertim
1149 5044 1382 5116 quidem
1413 5045 1549 5099 solis
1579 5061 1643 5100 ac
1662 5045 1835 5100 lunas.

455 5136 619 5190 LIBRO
666 5153 764 5203 xii,
801 5137 829 5203 §
864 5139 911 5190 1.
941 5136 1211 5190 Promissa
1238 5138 1332 5189 tua
1384 5138 1511 5190 sunt
1548 5137 1598 5188 et
1650 5136 1774 5202 quis
1822 5133 1956 5200 falli
2001 5137 2079 5190 ti-

382 5229 543 5293 meat,
573 5240 692 5278 cum
722 5226 999 5294 promittit
1041 5223 1284 5282 veritas?
1321 5225 1392 5277 At
1437 5223 1646 5277 verba:
1677 5224 1846 5278 Petite
1914 5227 1964 5278 et
1987 5240 2078 5280 ac-

383 5313 615 5381 cipietis,
649 5315 780 5379 etc.,
809 5313 1004 5368 Matth.
1041 5329 1137 5381 vn,
1167 5317 1219 5379 7,
1256 5312 1337 5366 ita
1360 5327 1478 5367 non
1521 5314 1656 5366 sunt
1684 5310 2078 5383 intelligenda,

383 5400 547 5472 quasi
577 5401 908 5471 quarumvis
940 5401 1459 5474 metaphysicarum
1508 5399 1892 5471 quaestionum
1926 5403 2078 5458 solu-

382 5490 593 5546 tionem
622 5489 837 5562 petenti
868 5506 994 5546 eam
1023 5492 1274 5547 tribuere
1303 5505 1530 5545 necesse
1558 5489 1761 5544 habeat
1793 5491 1958 5546 Deus.
1987 5493 2079 5548 Ve-

2113 4219 2156 4274 D

2185 4264 2289 4319 per
2315 4263 2374 4302 se
2400 4263 2596 4302 verum
2627 4247 2781 4320 quod
2808 4246 3031 4303 dicitur.
3065 4245 3444 4300 Commodum
3488 4239 3698 4326 quidem
3729 4233 3809 4326 11f).c

2181 4341 2267 4414 est
2289 4337 2785 4401 declamatoribus,
2809 4337 2903 4391 sed
2935 4336 3106 4406 plane
3135 4333 3487 4388 contrarium
3518 4332 3652 4383 recte
3687 4323 3808 4414 inst}:

2177 4413 2305 4480 tuto
2335 4426 2642 4497 Scripturaa
2673 4440 2845 4480 sacrae
2869 4405 3075 4491 studio,
3108 4423 3264 4494 quod
3300 4439 3368 4477 eo
3401 4420 3604 4491 spectat
3629 4417 3683 4467 ut
3708 4405 3808 4480 quid

2181 4516 2406 4588 singula
2425 4516 2551 4571 loca
2576 4515 2918 4587 signiﬁcent,
2952 4517 3236 4586 quatenus
3277 4513 3436 4575 licet,
3486 4507 3696 4578 liqueat.

2183 4585 2369 4660 terum
2391 4604 2489 4660 ubi
2502 4585 3184 4676 amb—iguaIestsententia,
3202 4619 3305 4657 nec
3324 4600 3479 4655 nulla
3499 4585 3809 4682 arteintelligl

2182 4697 2370 4762 potest
2396 4692 2532 4764 quid
2563 4669 2900 4764 spectaverit
2926 4669 3177 4764 scriptor
3197 4705 3375 4756 sacer,
3403 4693 3522 4743 tum
3549 4695 3666 4737 vero
3703 4669 3807 4764 nili-il

2184 4758 2613 4835 afﬁrmandum:
2638 4779 2938 4835 Absimilia
2964 4758 3110 4834 veris
3130 4778 3286 4850 rejici
3307 4776 3559 4849 possunt,
3583 4766 3669 4823 sed
3693 4758 3809 4817 nulla

2184 4874 2268 4924 est
2291 4885 2460 4924 causa
2505 4885 2607 4924 cur
2635 4885 2798 4941 aequa
2853 4867 3150 4924 verisimili
3196 4867 3256 4922 id
3295 4863 3572 4937 praeferas,
3602 4850 3732 4928 quod
3752 4859 3806 4941 ϐξ

2184 4957 2450 5013 omnibus
2480 4958 2618 5013 artis
2647 4957 2857 5013 critica;
2883 4956 3198 5012 canonibus
3225 4949 3578 5010 verisimilius
3604 4957 3704 5000 non
3732 4936 3807 4990 est-

2187 5048 2452 5113 Qumrere
2468 5064 2601 5103 vero
2631 5049 2691 5103 in
2721 5046 2994 5120 quopiam
3013 5046 3319 5116 Scriptores
3339 5044 3477 5106 loco,
3517 5033 3654 5109 quod
3689 5021 3809 5120 nulla

2187 5137 2331 5192 ratio
2375 5137 2749 5209 grammatica
2803 5135 2855 5190 ei
2903 5136 3087 5190 inesse
3137 5135 3318 5200 docet,
3362 5133 3467 5186 hoc
3519 5127 3721 5215 domum
3751 5113 3813 5215 eiii

2188 5208 2540 5298 Scripturam
2592 5224 2984 5296 interpretari,
3025 5228 3089 5279 ut
3153 5231 3550 5294 campanarum
3602 5208 3802 5266 sonitum

2191 5316 2356 5387 pueri
2377 5315 2577 5370 solent.

2262 5405 2428 5460 Lisao
2457 5421 2573 5458 xm.
2608 5403 2744 5474 Cap.
2781 5406 2864 5472 H,
2897 5405 2925 5470 ἓ
2970 5406 3050 5458 12.
3099 5402 3412 5458 Trinitatem
3463 5382 3809 5474 οηιηὶροτθηίίηξ

2192 5495 2313 5564 quis
2334 5493 2590 5562 intelligit
2618 5464 2732 5550 τέι
2747 5464 2869 5563 quis
2899 5464 3007 5547 non
3033 5493 3274 5562 loquitur
3292 5503 3423 5552 eam,
3446 5485 3496 5540 si
3513 5486 3671 5536 tamen
3689 5464 3810 5524 eam?
