3922 6188
140 290 212 339 ³11⁷1
861 279 1218 335 VARIORUM
1258 280 1869 338 EXERCITATIONES
1909 284 1978 338 IN
2020 286 2074 337 S.
2118 282 2487 339 AUGUSTINI
2525 281 2776 336 OPERA.

3474 280 3578 333 2l8

145 414 253 466 Rara
271 406 434 460 anima
453 417 584 473 quae,
605 415 725 457 cum
744 401 809 457 de
828 402 927 483 illa
942 402 1200 473 loquitur,
1225 405 1328 459 scit
1348 404 1485 473 quid
1504 406 1765 475 loquitur.
1806 412 1850 467 Α
1878 411 2042 477 atque
2071 409 2174 477 ita,
2211 407 2258 461 si
2309 405 2478 461 modo
2520 405 2745 460 nullum
2771 402 2871 458 hic
2908 402 2980 458 sit
3032 402 3328 469 mendum,
3368 400 3580 458 debent

144 500 193 553 Et
212 492 494 550 contendunt
521 494 570 545 et
588 491 870 561 dimicant,
894 497 945 547 et
967 509 1117 547 nemo
1145 496 1262 548 sine
1291 510 1427 564 pace
1446 495 1592 549 videt
1611 498 1772 551 istam
1880 497 2200 569 signiﬁcare
2229 498 2342 563 sed,
2381 498 2489 551 hoc
2533 499 2617 550 est
2647 494 2904 549 obtinere
2961 493 3077 547 vim
3138 492 3573 547 adversativam.

142 579 382 653 visionem]
410 578 555 635 Nihil
584 580 771 635 verius
800 580 911 635 dici
934 581 1140 652 potuit.
1174 583 1374 654 Itaque
1410 585 1589 638 multo
1621 601 1770 655 pra-

142 675 269 727 staret
300 685 453 740 parce
500 668 656 740 loqui
707 670 774 723 de
805 669 875 723 iis
937 686 1067 741 qua
1125 671 1432 741 nescimus,
1472 688 1577 727 nec
1629 674 1770 728 scire

140 760 377 823 debemus,
424 773 548 811 cum
597 772 712 811 non
761 758 879 812 sint
926 758 1226 830 perspicue
1257 762 1430 815 aDeo
1475 763 1769 829 revelata;

139 849 331 902 multum
362 861 487 899 vero
515 845 583 898 de
615 844 882 899 omnibus
923 845 1052 900 vita
1082 846 1305 915 ofﬁciis,
1341 864 1588 919 quorum
1620 867 1773 921 pra-

1952 587 2086 658 Cap.
2143 590 2229 656 33,
2280 586 2313 658 §
2365 588 2455 641 48.
2505 586 2745 655 Speciem
2791 589 2843 639 et
2884 580 3294 654 privationem]
3328 581 3459 635 Εἰδος
3498 582 3580 629 καὶ

1882 676 2127 739 πέρησπν,
2150 675 2303 747 quod
2342 673 2808 728 scholasticorum
2834 688 3099 726 sermone
3130 686 3282 725 nunc
3313 669 3577 735 dicimus,

1879 767 2115 832 formam
2144 768 2194 818 et
2236 762 2614 833 privationem,
2651 778 2779 832 qua
2811 766 2944 814 sunt
2972 760 3254 831 opposita.

1953 854 2088 925 Cap.
2123 855 2208 918 36,
2244 854 2270 918 ἓ
2304 855 2389 906 51.
2426 851 2557 904 Dies
2583 854 2761 903 autem
2796 846 3042 919 septima,
3076 850 3192 902 sine
3220 862 3444 916 vespera
3474 851 3572 915 est,

134 935 382 991 stationem
416 950 448 987 a
474 932 635 987 nobis
663 933 834 1005 exigit
879 935 1053 1013 Deus.
1092 934 1149 990 Si
1181 936 1250 990 de
1281 935 1350 990 iis
1393 937 1770 1009 loqueremur
1881 958 1974 996 nec
2004 942 2163 996 habet
2190 937 2479 1010 occasum]
2520 938 2576 993 Si
2606 938 2845 991 velimus
2877 936 3151 1007 argutari,
3206 936 3321 990 diei
3344 935 3579 1005 septimi

134 1026 378 1089 duntaxat,
407 1026 684 1093 quatenus
730 1022 891 1076 nobis
924 1027 1057 1077 sunt
1086 1025 1354 1093 revelata,
1393 1029 1583 1095 atque,
1613 1025 1773 1079 locu-

133 1111 338 1167 tionibus
379 1110 677 1181 Scriptura
715 1112 995 1179 contenti;
1030 1111 1221 1182 ignota
1270 1114 1383 1167 Deo
1421 1113 1773 1184 relinquere—

131 1218 248 1267 mus,
278 1215 383 1254 non
435 1202 516 1254 tot
545 1204 735 1254 essent
778 1202 1201 1268 contentiones;
1256 1202 1463 1272 quibus
1493 1206 1558 1255 ut
1584 1202 1774 1256 nescio

131 1306 187 1343 an
205 1289 493 1343 illustratur
521 1289 749 1359 veritas,
778 1289 859 1343 sic
886 1289 1049 1344 video
1072 1290 1438 1345 vehementer
1464 1290 1592 1345 ladi
1622 1290 1777 1345 Chri-

128 1378 329 1432 stianam
366 1376 658 1431 caritatem
671 1419 684 1430 .

183 1468 295 1536 Cap.
330 1468 407 1533 18,
435 1468 522 1519 23.
568 1467 633 1519 In
664 1467 941 1535 principio
973 1464 1131 1538 diei.]
1166 1465 1496 1537 Legendum
1526 1468 1584 1520 in
1609 1469 1775 1536 prin-

125 1557 258 1626 (ἠρία,
273 1558 331 1609 ut
348 1554 516 1625 paulo
536 1554 893 1625 postlegitur
920 1554 980 1608 in
1001 1571 1131 1609 mss.
1160 1554 1323 1609 codd.
1350 1555 1600 1626 Respicit
1621 1555 1775 1610 enim

126 1642 425 1714 Augustinus
478 1643 553 1697 ad
585 1644 721 1698 Gen.
768 1660 806 1711 ι,
862 1646 943 1709 16,
1003 1643 1101 1697 ubi
1154 1644 1278 1698 LXX
1327 1645 1538 1698 habent
1596 1646 1773 1699 Deum

1882 1046 2037 1085 mane
2057 1046 2173 1083 non
2203 1028 2385 1099 magis
2407 1030 2760 1081 memoratur
2788 1042 2964 1097 quam
2984 1040 3232 1095 vespera;
3251 1039 3383 1077 nam
3404 1038 3578 1090 mane,

1885 1120 2045 1190 cujus
2066 1118 2286 1173 mentio
2318 1118 2383 1171 tit
2410 1133 2553 1171 vers.
2586 1120 2674 1180 31,
2708 1119 2793 1169 est
2842 1114 2955 1168 diei
2982 1113 3140 1179 sexti,
3171 1129 3300 1166 cum
3333 1110 3578 1177 llebrai,

1886 1209 2035 1262 Mose
2065 1212 2378 1277 praeunte,
2413 1204 2719 1270 νυχθήμερον
2750 1202 3027 1274 incipiant
3062 1218 3095 1254 a
3122 1216 3376 1271 vespera,
3409 1214 3582 1270 quam

1887 1296 2091 1351 deinde
2120 1295 2379 1367 sequitur
2415 1296 2553 1350 dies.
2584 1294 2693 1349 Sed
2747 1291 2976 1363 septimi
3010 1290 3120 1345 diei
3146 1295 3336 1361 partes
3371 1306 3401 1342 a
3432 1289 3583 1343 Mosa

1887 1402 2005 1441 non
2033 1386 2411 1457 attinguntur,
2446 1384 2579 1456 quia
2610 1399 2675 1438 eo
2708 1382 2797 1437 die
2824 1380 2968 1435 nihil
3001 1379 3132 1435 fecit
3162 1380 3329 1433 Deus.

2368 1504 3025 1563 ANIMADVERSIONES

2273 1640 2327 1678 IN
2366 1639 2554 1677 LIBROS
2593 1637 2796 1676 CONTRA
2834 1635 3196 1674 ACADEMICOS.

3514 1685 3568 1694 7-

124 1732 283 1787 fecisse
335 1731 618 1787 luminare
670 1748 948 1803 magnum
998 1731 1061 1787 εἰς
1108 1732 1262 1796 ἀρχὰς
1315 1734 1401 1791 τῆς
1451 1732 1663 1796 ἡμέρας,
1724 1738 1781 1789 in

1963 1739 2129 1793 LIBRO
2152 1756 2186 1792 ι.
2221 1739 2353 1809 Cap.
2386 1742 2431 1804 l,
2463 1738 2494 1809 §
2525 1740 2577 1791 2.
2612 1738 2673 1792 Si
2701 1736 2937 1790 edentem
2978 1741 3026 1790 te
3054 1749 3279 1788 munera
3310 1747 3582 1800 ursorum,

121 1823 355 1892 prirwipia
381 1821 509 1889 diei,
540 1825 609 1876 ut
636 1821 884 1877 habebat
908 1822 1091 1876 versio
1125 1823 1338 1891 Latina,
1365 1838 1494 1894 qua
1521 1827 1779 1893 tempore

125 1909 384 1980 Augustini
410 1910 731 1981 legebatur.
764 1910 903 1966 Vide
943 1916 1137 1967 tamen
1167 1912 1238 1967 ad
1284 1914 1564 1968 Geneseos
1592 1913 1783 1967 locum

128 1999 426 2054 Flaminium
454 1999 773 2054 Nobilium.

181 2088 294 2157 Cap.
350 2090 435 2156 2t,
485 2089 635 2155 §29.
682 2088 886 2142 Piscem
942 2087 1228 2142 manducet
1275 2089 1509 2143 levatum
1556 2087 1621 2142 de
1662 2104 1789 2158 pro.

124 2175 307 2248 funda]
361 2174 617 2246 Respicit
658 2174 729 2229 ad
789 2190 983 2229 vocem
1014 2182 1163 2248 ἰχθύς,
1208 2192 1338 2248 qua
1407 2191 1539 2229 cum
1584 2177 1789 2245 piscem

127 2264 385 2333 signiﬁcet,
417 2262 819 2334 complectitur
847 2263 1091 2319 initiales
1129 2265 1347 2320 litteras
1380 2281 1578 2320 vocum
1601 2277 1787 2332 Ἰησοῦς

128 2353 288 2414 Χριστὸς
312 2353 427 2399 Θεοῦ
458 2351 567 2405 Υἱός
597 2352 787 2414 Σωτὴρ,
811 2353 977 2407 Jesus
1008 2354 1254 2410 Christus
1302 2353 1409 2408 Dei
1436 2355 1607 2409 Filius
1656 2356 1788 2410 Ser-

128 2447 266 2496 vator.
294 2442 421 2496 Ideo
450 2440 840 2496 Tertullianus
870 2442 940 2496 de
974 2443 1263 2514 Baptismo
1296 2459 1417 2514 cap.
1458 2446 1476 2497 t
1518 2458 1530 2497 :
1561 2442 1667 2498 Sed
1696 2458 1789 2497 nos

125 2530 356 2596 pisciculi,
386 2529 685 2585 secundum
710 2529 848 2593 ἰχθῦν
877 2535 1123 2586 nostrum
1166 2532 1361 2586 Jesum
1407 2532 1700 2599 Christum,
1732 2534 1791 2586 in

129 2633 244 2685 aqua
266 2634 561 2675 nasczmur.

182 2705 295 2777 Cap.
338 2709 423 2762 24.
468 2712 497 2777 §
532 2712 622 2764 36.
680 2710 808 2766 Tibi
854 2712 1103 2779 conﬁteor
1147 2708 1360 2763 credere
1407 2724 1506 2777 me,
1549 2710 1789 2775 Domine,

130 2810 207 2848 non
232 2798 282 2849 in
307 2813 517 2853 cassum
546 2804 596 2853 te
637 2803 722 2857 ita
762 2801 994 2855 locutum
1023 2797 1181 2871 esse]
1211 2799 1338 2852 Non
1375 2796 1437 2851 in
1466 2813 1676 2852 cassum
1710 2798 1794 2851 in-

130 2880 335 2938 duxisset
358 2884 437 2940 ita
458 2887 801 2958 loquentem
828 2888 1010 2941 Deum
1037 2886 1289 2955 Scriptor
1328 2900 1504 2953 sacer,
1532 2884 1794 2955 quamvis

1891 1830 1940 1881 et
1967 1843 2243 1896 nunquam
2270 1827 2349 1880 ibi
2403 1832 2563 1881 antea
2596 1828 2719 1879 visa
2766 1824 3072 1894 spectacula
3118 1823 3323 1877 civibus
3366 1822 3586 1887 nostris,

1894 1918 2186 1972 theatricus
2198 1917 2425 1985 plausus
2450 1930 2656 1985 semper
2680 1916 3081 1983 prosperrimus
3107 1913 3419 1979 accepisset,
3446 1906 3581 1979 etc.]

1894 2006 2063 2058 Recte
2087 2020 2337 2059 ursorum
2353 2003 2593 2069 editum,
2616 2019 2750 2056 nam
2769 2002 2887 2072 agit
2905 2000 3255 2071 Augustinus
3286 1999 3355 2053 de
3376 1996 3590 2069 ignotis

1892 2092 1954 2146 in
1983 2092 2170 2147 Africa
2189 2092 2545 2163 spectaculis,
2571 2091 2763 2162 qualia
2778 2090 3016 2145 fuissent
3040 2104 3277 2142 munera
3297 2101 3588 2152 ursorum,

1897 2198 2052 2249 nam,
2076 2185 2139 2236 ut
2155 2182 2328 2236 habet
2348 2180 2566 2235 Plinius
2596 2180 2694 2235 lib.
2709 2197 2824 2247 vm,
2841 2195 2965 2249 cap.
2987 2180 3077 2245 36,
3100 2179 3159 2232 in
3182 2178 3385 2244 Africa
3404 2190 3592 2229 ursum

1895 2287 2002 2326 non
2036 2272 2192 2339 gigni
2220 2274 2448 2325 constat.
2493 2270 2651 2324 Idem
2692 2268 2938 2323 afﬁrmat
2987 2282 3110 2336 cap.
3145 2268 3232 2319 58.

1967 2358 2109 2414 Ibid.
2134 2360 2639 2423 Fortunatissimus,
2668 2361 2729 2411 ut
2774 2358 2954 2423 fuisti,
2983 2350 3328 2425 jactareris.]
3366 2352 3592 2407 Falsum

1898 2454 1983 2504 est
2007 2448 2426 2504 Romanianum
2456 2450 2797 2514 fortunatum
2819 2446 3073 2516 potuisse
3102 2443 3231 2509 dici,
3258 2446 3322 2495 ut
3345 2439 3595 2495 ostendit

1897 2537 2253 2608 Augustinus
2282 2535 2340 2589 in
2378 2536 2772 2607 sequentibus.
2814 2533 2997 2605 Igitur
3040 2548 3153 2586 non
3184 2529 3376 2601 potuit
3405 2528 3593 2583 dicere

1898 2634 1959 2682 ut
1985 2630 2168 2694 fuisti,
2200 2642 2305 2681 nec
2336 2626 2518 2696 magis
2547 2629 2607 2680 ut
2644 2625 2828 2691 suesti,
2872 2620 3357 2694 quemadmodum
3382 2618 3597 2672 habent

1900 2716 1998 2770 alii
2025 2716 2191 2771 codd.
2234 2731 2368 2769 mss.
2403 2714 2594 2769 Malim
2620 2730 2725 2784 ego
2774 2718 2834 2767 ut
2876 2726 3090 2767 suevere
3120 2711 3233 2776 isti,
3276 2709 3383 2761 hoc
3415 2711 3499 2760 est
3527 2722 3594 2760 eo

1902 2821 2073 2860 sensu
2109 2821 2223 2876 quo
2250 2804 2504 2871 clientes,
2548 2803 2713 2870 cives,
2749 2800 2950 2872 populi
2997 2800 3229 2853 beatum
3258 2794 3592 2867 pradicant.

1974 2895 2138 2948 Linao
2187 2910 2244 2947 ιι.
2294 2893 2426 2963 Cap.
2464 2895 2518 2958 2,
2567 2892 2681 2961 §5.
2720 2891 2855 2944 Cum
2898 2903 3010 2943 ecce
3040 2887 3143 2941 tibi
3183 2885 3320 2940 libri
3371 2883 3599 2953 quidam

133 2984 211 3024 ³ου
238 2972 416 3026 minus
444 2975 635 3046 pOSSit
672 2974 784 3029 diei
838 2976 986 3029 Deus
1014 2973 1375 3029 benediﬁsse
1407 2972 1793 3044 quadrupedi-
1825 2996 1865 3054 ο
1898 2983 2066 3052 pleni,
2092 2986 2152 3036 ut
2172 2984 2252 3036 ait
2275 2982 2543 3044 Celsinus,
2570 2980 2732 3033 bonas
2757 2992 2840 3032 res
2862 2976 3128 3031 Arabicas
3155 2974 3249 3027 ubi
3270 2972 3599 3026 emhalarunt

129 3057 205 3112 bus
231 3076 393 3131 quam
431 3063 691 3133 piscibus
721 3068 822 3119 aut
864 3062 1081 3117 avibus.
1125 3062 1235 3118 Sed
1262 3062 1325 3116 in
1366 3061 1788 3132 simplicissimo

130 3146 390 3219 Scriptura
421 3153 594 3223 style,
628 3153 811 3208 multa
838 3153 1128 3207 adduntur
1158 3155 1257 3206 aut
1277 3150 1641 3219 omittuntur,
1672 3167 1791 3204 non

130 3239 177 3288 ut
198 3253 450 3295 arcanum
469 3240 666 3296 nescio
690 3241 828 3313 quid
857 3241 1160 3307 innuatur;
1191 3240 1289 3294 sed
1318 3240 1452 3311 quia
1475 3256 1542 3294 ea
1570 3239 1790 3293 indoles

128 3329 192 3379 est
238 3328 347 3396 ejus
394 3330 551 3401 styli,
622 3347 752 3402 qua
809 3330 1028 3401 patitur
1085 3329 1419 3384 addimenta
1467 3333 1567 3383 aut
1616 3328 1789 3382 etiam

128 3413 445 3486 emissiones,
494 3418 622 3473 sine
650 3420 769 3473 ulla
807 3418 1109 3474 sententia
1148 3418 1491 3473 mutatione.
1524 3417 1613 3474 Sic
1650 3420 1787 3472 Gen.

126 3516 154 3566 ι,
178 3504 223 3569 8,
248 3503 301 3558 in
333 3506 626 3562 Hebraicis
659 3508 947 3563 codicibus
976 3508 1169 3562 addita
1197 3523 1312 3561 non
1354 3511 1489 3561 sunt
1512 3506 1793 3561 solemnia

129 3586 315 3646 dierum
343 3594 594 3649 aliorum
622 3595 795 3649 verba
827 3611 839 3649 :
870 3598 920 3649 et
944 3594 1085 3649 vidit
1104 3596 1243 3649 Deus
1268 3608 1378 3648 esse
1408 3593 1629 3658 bonum;
1662 3609 1790 3664 qua

128 3680 284 3733 tamen
332 3697 448 3737 non
506 3683 704 3737 minus
758 3682 1106 3737 conveniunt
1161 3682 1407 3736 secundo
1454 3680 1544 3735 die
1592 3681 1793 3735 creatis

128 3789 270 3844 quam
313 3774 534 3828 cateris
574 3773 861 3827 omnibus.
899 3773 961 3825 In
993 3770 1282 3825 creatione
1312 3785 1446 3825 vero
1478 3769 1631 3824 tertii
1679 3768 1795 3824 diei

126 3876 152 3914 a
182 3880 307 3919 vers.
336 3869 365 3920 9
399 3865 469 3920 ad
528 3866 592 3919 13
621 3861 708 3917 bis
737 3862 846 3916 hoc
876 3860 1108 3930 legitur,
1157 3860 1305 3930 quod
1342 3859 1388 3914 si
1417 3860 1612 3925 semel,
1650 3863 1713 3912 ut
1733 3858 1795 3912 in

125 3950 227 4006 aliis
258 3953 474 4022 diebus,
534 3950 794 4006 additum
844 3952 992 4003 esset
1020 3947 1166 4001 nihil
1207 3947 1402 4002 deesse
1429 3946 1795 4002 animadver-

127 4044 357 4100 teremus.
393 4043 503 4109 Qui
540 4042 601 4095 in
627 4039 836 4095 talibus
867 4038 1301 4109 argutabantur,
1334 4037 1641 4108 Scriptura
1666 4035 1797 4108 styli

126 4132 348 4187 nondum
376 4133 616 4187 fuerunt
645 4128 778 4183 satis
807 4126 999 4198 periti.
1034 4127 1171 4180 Nam
1200 4125 1502 4197 allegorica
1524 4125 1797 4197 ﬁgmenta

125 4219 207 4288 qui
254 4223 469 4292 probet,
530 4216 824 4274 neminem
872 4214 1162 4271 eruditum
1203 4231 1355 4269 nunc
1397 4214 1694 4269 inventum
1723 4212 1797 4268 iri

125 4313 260 4377 puto.

181 4398 301 4468 Cap,
339 4401 429 4465 25,
473 4401 501 4467 §
544 4399 629 4453 38.
668 4396 866 4453 Verum
921 4396 1061 4450 enim
1089 4394 1286 4463 dicam,
1320 4399 1369 4450 te
1423 4394 1561 4448 mihi
1612 4394 1787 4463 inspi-

124 4486 308 4560 rante.]
336 4490 451 4543 Hoc
475 4491 562 4542 est
602 4484 1016 4541 consectarium
1044 4500 1245 4539 eorum
1275 4500 1404 4555 qua
1442 4483 1689 4537 diximus
1721 4481 1790 4535 ad

127 4572 206 4627 lib.
233 4592 303 4642 χι,
358 4592 482 4647 cap.
521 4580 570 4630 1.
605 4576 940 4630 Commenta
996 4572 1319 4643 allegorica,
1369 4589 1498 4643 qua
1533 4571 1792 4643 quamvis

126 4677 289 4719 veram
316 4665 642 4721 doctrinam
674 4663 1146 4734 complectantur,
1182 4677 1298 4716 non
1336 4664 1574 4732 possunt
1598 4664 1793 4714 tamen

128 4765 183 4803 ex
208 4752 317 4808 loco
356 4754 526 4810 Musis
585 4750 811 4818 deduci,
862 4750 1025 4823 quasi
1073 4750 1485 4807 revelationem
1542 4748 1794 4805 divinam

126 4839 264 4894 nobis
305 4842 565 4898 obtrudit
590 4840 683 4896 hic
726 4840 1097 4913 Augustinus.
1144 4841 1285 4896 Rem
1312 4839 1515 4909 ipsam,
1549 4838 1658 4892 hoc
1687 4842 1794 4905 est,

125 4932 423 4995 pastoribus
492 4929 811 4986 necessaria
873 4944 996 4985 esse
1052 4945 1086 4983 a
1132 4927 1403 5000 gregibus
1464 4926 1793 4997 prabenda,

122 5014 361 5074 decuerat
421 5035 556 5074 eum
602 5019 837 5081 Paulus,
871 5022 928 5073 et
962 5017 1090 5087 ipsa
1139 5017 1223 5071 rei
1265 5016 1502 5087 aequitas
1530 5015 1650 5069 sine
1680 5015 1796 5069 ulla

120 5105 473 5173 revelatione;
526 5106 622 5161 sed
650 5106 800 5160 hanc
847 5104 1169 5159 doctrinam
1200 5102 1293 5158 hic
1349 5102 1631 5157 contineri
1683 5118 1797 5155 non

119 5195 279 5266 magis
307 5197 359 5250 ei
398 5200 487 5251 est
511 5196 844 5261 revelatum,
866 5210 1039 5267 quam
1060 5191 1285 5248 Philoni
1305 5196 1360 5246 et
1382 5190 1614 5262 Origeni
1643 5190 1797 5261 quod

119 5282 502 5355 allegoriarum
532 5285 780 5341 ﬁdiculis
797 5300 866 5339 ex
895 5283 1208 5354 Scriptura,
1238 5281 1300 5336 in
1327 5281 1548 5335 alienos
1596 5295 1797 5334 sensus

120 5376 375 5441 contorta,
408 5374 788 5430 deduxerunt.

177 5460 303 5532 Cap.
361 5466 449 5531 19,
497 5465 523 5531 §
564 5464 652 5519 44.
712 5464 892 5532 Atque
921 5463 1006 5517 ita
1039 5476 1159 5517 cum
1198 5475 1291 5516 vos
1344 5457 1711 5528 temporaliter
1738 5472 1800 5511 ea

124 5547 356 5617 videatis,
402 5567 509 5606 non
548 5568 643 5621 ego
691 5553 1057 5623 temporaliter
1108 5548 1311 5621 video.]
1360 5545 1800 5619 Conjunctiones

1899 3074 1958 3125 in
1985 3086 2102 3137 nos,
2134 3068 2280 3142 etc.]
2314 3070 2438 3124 Non
2469 3068 2728 3138 intelligo
2761 3066 2860 3138 qui
2890 3064 3019 3118 libri
3044 3064 3195 3132 pleni
3214 3060 3325 3116 dici
3360 3065 3593 3130 queant,

1901 3159 2010 3214 nisi
2048 3160 2286 3214 addatur
2353 3174 2467 3229 qua
2518 3173 2578 3211 re
2624 3155 2779 3227 pleni
2822 3154 2955 3208 sint.
3007 3152 3190 3223 Igitur
3238 3150 3330 3204 hic
3376 3148 3593 3219 aliquid

1902 3246 2095 3301 deesse
2122 3244 2395 3317 suspicor,
2429 3249 2493 3299 ut
2511 3244 2801 3314 sapientia,
2828 3245 2894 3295 ut
2934 3243 3035 3293 aut
3058 3237 3243 3292 simile
3275 3236 3593 3308 quidpiam.

1972 3334 2138 3400 Ibid.,
2171 3338 2198 3401 §
2250 3337 2301 3387 6.
2333 3332 2671 3386 Adversario
2719 3327 2855 3402 tua]
2905 3328 3045 3383 Cum
3086 3343 3224 3398 quo,
3255 3330 3319 3379 ut
3349 3324 3594 3389 videtur,

1902 3421 2060 3476 litem
2088 3420 2338 3475 habebat
2377 3416 2788 3474 Romanianus.

1971 3510 2115 3564 Ibid.
2144 3511 2222 3566 Ne
2269 3509 2360 3562 ille
2405 3512 2456 3562 et
2496 3507 2648 3562 boias
2703 3510 2751 3559 et
2781 3519 2990 3559 amaana
3024 3498 3327 3573 pomeria.]
3362 3498 3464 3554 Hic
3494 3499 3605 3553 tria

1903 3603 2036 3652 sunt
2063 3596 2295 3666 menda,
2317 3611 2564 3666 quorum
2596 3593 2851 3665 primum
2873 3596 2928 3647 et
2947 3595 3304 3663 postremum
3327 3604 3396 3643 ex
3446 3587 3602 3658 prio-

1903 3687 2063 3742 ribus
2102 3686 2453 3741 editionibus
2479 3685 2780 3754 desumpta
2826 3686 2977 3747 sunt,
3019 3679 3278 3735 medium
3313 3677 3445 3732 huic
3464 3693 3604 3747 pro-

1904 3776 2097 3847 prium
2123 3779 2224 3831 est.
2256 3775 2448 3829 Primo
2477 3790 2585 3844 pro
2611 3790 2675 3828 ne
2697 3771 3002 3843 legendum
3029 3774 3116 3824 est
3141 3784 3242 3836 na,
3271 3767 3367 3823 ναὶ.
3398 3767 3503 3821 hoc
3524 3771 3605 3821 est

1904 3865 2192 3935 profecto;
2232 3864 2342 3918 hoc
2392 3863 2547 3918 enim
2594 3862 2715 3916 vult
2758 3860 3131 3931 Augustinus,
3186 3857 3234 3911 si
3282 3854 3604 3910 adversario

1905 3952 2246 4007 Romaniani
2274 3950 2639 4022 spectandam
2656 3962 2981 4018 proponere
3024 3943 3308 4015 potuisset
3353 3940 3603 4012 speciem

1905 4041 2307 4112 philosophia,
2364 4040 2527 4093 illum
2573 4037 2845 4108 profecto,
2894 4034 3064 4088 rebus
3115 4031 3347 4095 relictis,
3381 4031 3453 4084 ad
3478 4045 3604 4083 eam

1907 4130 2324 4185 advolaturum.
2364 4128 2524 4198 Saepe
2554 4127 2663 4180 hoc
2711 4124 2988 4178 mendum
3016 4122 3078 4175 in
3102 4132 3260 4183 ‘mss,
3309 4118 3468 4172 codd.
3508 4135 3605 4172 oc-

1910 4217 2106 4285 currit,
2139 4216 2292 4288 quod
2324 4220 2566 4285 utraque
2593 4213 2792 4267 vocula
2820 4210 3023 4266 eodem
3055 4209 3226 4263 modo
3266 4207 3606 4279 pronuntia-

1836 4288 1881 4344 Ῑ)
1914 4311 2088 4375 retur,
2145 4305 2425 4371 Secundo,
2458 4305 2622 4359 Baias
2655 4300 2849 4357 debuit
2880 4298 3072 4366 scribi,
3100 4296 3419 4368 majusculo
3447 4298 3512 4362 B,
3542 4299 3608 4349 ut

1901 4400 1988 4452 est
2008 4396 2071 4450 in
2117 4395 2365 4451 editione
2395 4392 2633 4460 Erasmi,
2670 4406 2805 4446 nam
2842 4405 3058 4444 nomen
3101 4391 3186 4442 est
3232 4383 3608 4441 amanissimi

1900 4480 2014 4541 loci
2044 4485 2116 4540 ad
2151 4486 2532 4540 Puteolanum
2562 4483 2775 4548 sinum,
2806 4479 2954 4535 circa
2983 4492 3157 4551 quem
3188 4479 3352 4532 erant
3377 4475 3608 4546 elegan-

1903 4575 2138 4631 tissima
2185 4575 2579 4630 Romanorum
2609 4570 2775 4636 villa,
2815 4572 2871 4623 et
2908 4569 2978 4624 de
3009 4583 3124 4639 quo
3165 4564 3433 4621 Horatius
3455 4580 3605 4635 sape

1902 4664 2039 4720 alibi
2071 4667 2128 4718 et
2155 4667 2175 4718 1
2206 4662 2372 4733 epist.
2403 4660 2537 4715 libri
2569 4676 2605 4713 1.

2025 4751 2213 4801 Nullus
2238 4751 2291 4799 in
2322 4750 2446 4799 orbe
2470 4750 2618 4799 locus
2658 4747 2796 4796 Baiis
2824 4744 3079 4810 pralucet
3107 4742 3355 4792 amanis.

1974 4833 2231 4904 Denique
2250 4847 2366 4885 non
2384 4831 2647 4900 pomeria,
2680 4827 2779 4882 sed
2798 4827 3054 4895 pomaria
3069 4822 3380 4917 legendum
3402 4819 3604 4891 liquet,

1904 4937 1970 4978 ex
2000 4921 2252 4993 epitheto
2283 4934 2515 4974 amoma.
2960 4942 2965 4947 ι

1976 5011 2110 5081 Cap.
2145 5011 2195 5078 3,
2224 5008 2257 5080 §
2292 5012 2346 5063 '7.
2382 5007 2690 5061 Philocalia
2733 5006 2841 5058 ista
2868 5003 3029 5071 vulgo
3062 5001 3291 5055 dicitur.
3311 4996 3443 5069 etc.]
3472 4996 3607 5051 Vide

1905 5103 2098 5155 notata
2129 5099 2201 5153 ad
2233 5097 2332 5152 lib.
2358 5095 2866 5159 Retractationum,
2899 5108 3027 5162 cap.
3066 5094 3114 5157 1,
3145 5104 3307 5143 ιιιιω.
3341 5091 3393 5142 3.

1976 5188 2120 5243 Ibid.
2180 5188 2307 5243 Sine
2323 5186 2569 5258 pennis]
2607 5184 2709 5241 Cui
2734 5199 2938 5255 penna
2969 5179 3349 5235 deﬂuxerunt.
3385 5178 3461 5230 Ex
3497 5176 3610 5230 Pla-

1906 5278 2229 5334 tonicorum
2262 5275 2580 5348 disciplina,
2621 5277 2685 5329 ut
2722 5271 3045 5328 notavimus
3080 5268 3154 5324 ad
3201 5266 3454 5333 Confess,
3504 5266 3608 5321 lib.

1907 5385 2023 5423 vm.
2050 5384 2173 5423 can.
2204 5370 2259 5420 7.

1983 5384 2231 5527 Caipli:
2282 5457 2310 5523 §
2368 5456 2451 5508 10.
2509 5453 2635 5508 Sine
2678 5448 2891 5521 metra]
2957 5449 3073 5503 Hoc
3106 5449 3209 5513 est,
3255 5444 3372 5493 ἄνευ
3412 5442 3606 5507 μέτρον,

1908 5547 2023 5600 sine
2043 5545 2215 5599 modo.
2244 5545 2306 5597 In
2336 5540 2710 5611 ambiguitate
2739 5538 2883 5592 ludit
2912 5538 3286 5607 Augustinus,
3310 5552 3411 5590 nec
3440 5535 3607 5593 inter~
