3926 6192
262 297 364 348 219

1293 297 1852 353 SUPPLEMENTUM
1892 298 1982 351 AD
2018 297 2252 352 OPERA
2290 298 2344 352 S.
2385 297 2772 354 AUGUSTINI.
3627 313 3712 366 ‘220

261 432 330 472 ea
358 418 749 489 prietermittit
787 418 1142 473 occasionem
1183 434 1362 490 pauca
1389 419 1560 474 verba
1589 420 1801 488 Graeca,
1834 435 1962 491 quae.
1997 420 2042 474 A
2147 418 2175 488 ἓ
2206 422 2292 475 35.
2315 421 2420 475 Illa
2438 424 2516 475 est
2543 420 2894 490 igitur-plena
2924 422 3149 475 satietas
3199 422 3504 493 animorum,
3536 429 3632 484 haec
3653 436 3718 486 est

261 511 447 572 norat,
470 507 819 579 proferendi.

335 597 468 667 Cap.
505 600 555 659 6,
594 599 621 664 §
664 599 746 651 14.
781 593 1146 667 Archesilas]
1191 597 1377 667 Turpe
1423 596 1718 663 mendum,
1765 612 1962 650 omnes

262 684 419 738 enim
459 684 644 738 sciunt
674 688 934 737 vocatum
967 683 1120 737 hunc
1155 684 1563 754 philosophum
1594 684 1766 738 fuisse
1797 684 1964 747 Ἀρκε-

264 773 452 831 σέλαον,
485 790 603 827 non
654 771 1190 844 ’Apxecﬁaovdtaque
1246 774 1352 828 hoc
1412 790 1638 845 quoque
1687 775 1961 828 mendum

265 863 657 935 antiquiorum
707 863 1023 917 editionum
1055 863 1371 916 tollendum
1412 867 1552 932 erat,
1601 867 1656 917 et
1701 863 1791 917 hic
1820 863 1962 917 etin

265 953 657 1024 sequentibus,
716 952 817 1007 ubi
870 952 1078 1007 iterum
1133 952 1455 1024 iterumque
1512 953 1770 1008 occurrit.
1819 955 1960 1008 Nam

262 1041 520 1112 quamvis
555 1043 746 1095 Grmce
787 1042 1028 1095 nesciret
1074 1042 1446 1112 Augustinus,
1492 1042 1737 1097 habebat
1769 1046 1962 1098 tamen

260 1133 480 1184 veteres
509 1130 796 1185 Ciceronis
830 1130 1069 1195 codices,
1102 1129 1160 1183 in
1200 1131 1406 1201 quibus
1435 1131 1538 1185 boc
1579 1132 1852 1186 mendum
1892 1133 1960 1187 ab

261 1218 671 1273 eruditioribus
703 1219 1086 1289 grammaticis
1112 1219 1373 1273 relictum
1402 1237 1516 1274 non
1539 1225 1697 1290 puto.

333 1307 467 1377 Cap.
529 1311 616 1372 15,
666 1310 692 1375 §
751 1310 836 1362 3i.
888 1309 985 1363 Ille
1039 1313 1214 1363 autem
1245 1324 1373 1363 casu
1400 1311 1600 1378 planus
1649 1315 1764 1364 erat
1794 1310 1858 1364 de
1891 1312 1958 1365 iis

265 1410 396 1464 quos
427 1397 787 1451 Samardacos
807 1397 928 1465 jam
955 1398 1148 1465 vulgus
1185 1396 1385 1470 vocat]
1421 1397 1768 1453 Crediderim
1810 1399 1959 1454 Afri-

265 1499 486 1547 canam,
521 1490 618 1538 aut
658 1486 846 1556 potius
877 1487 1148 1540 Punicam
1197 1503 1316 1540 esse
1348 1504 1567 1551 vocem,
1598 1504 1629 1542 a
1675 1488 1959 1542 radicibus

263 1583 390 1635 173::
451 1574 722 1637 schamar,
780 1574 1098 1641 observare,
1157 1579 1214 1628 et
1258 1584 1358 1660 Ρη
1413 1575 1602 1641 douck,
1656 1575 1956 1646 inspicere.

266 1660 589 1727 deductam,
649 1678 830 1733 eaque
861 1662 1208 1732 significatos
1255 1663 1482 1716 fallaces
1514 1663 1795 1730 homines,
1857 1665 1956 1736 qui

263 1764 328 1802 ex
360 1748 754 1802 observatione
777 1749 1045 1815 siderum,
1072 1750 1354 1819 ominum,
1381 1751 1794 1822 prodigiorum,
1823 1758 1952 1822 etc.,

264 1835 734 1906 inspectioneque
782 1837 1142 1892 victimarum
1210 1839 1401 1894 futura
1462 1841 1849 1911 praenuntiam
1901 1859 1959 1896 se

259 1931 426 1995 pesse
451 1927 775 1996 sperabant,
829 1931 927 1980 aut
957 1927 1266 1998 fingebant.
1297 1927 1385 1982 Sic
1425 1929 1578 1982 enim
1617 1946 1714 1984 eos
1751 1930 1958 1984 descri-

259 2011 344 2066 bit
372 2013 711 2066 Scholiastes
737 2018 897 2067 vetus
933 2015 1150 2068 Horatii
1187 2015 1256 2068 ad
1281 2032 1427 2070 vers.
1460 2019 1557 2070 113
1586 2021 1688 2070 sat.
1724 2020 1753 2071 6
1788 2017 1886 2072 lib.
1917 2035 1956 2080 ι,

264 2101 544 2155 Fallacem
591 2102 804 2155 circum
861 2102 1009 2157 dixit
1067 2108 1288 2173 propter
1339 2105 1696 2161 Sarmadacos
1745 2105 1959 2177 (Scribe

263 2191 648 2262 Sama-rdacos)
681 2195 730 2246 et
777 2193 1054 2260 sortilegos
1097 2194 1518 2262 mathematicos,
1561 2197 1657 2263 qui
1683 2195 1757 2248 ad
1791 2199 1960 2249 metas

269 2285 592 2349 spectatores
622 2281 1045 2336 circumstabant
1065 2286 1116 2335 ct
1146 2283 1422 2351 imperitos
1456 2283 1691 2337 sortibus
1721 2289 1770 2337 et
1798 2286 1958 2350 nugis

262 2369 548 2435 fallebant.
585 2371 762 2424 Paulo
801 2374 928 2439 post
977 2370 1148 2424 etiam
1187 2372 1548 2427 Samardacos
1589 2377 1639 2426 et
1683 2374 1960 2439 sortilegos

269 2458 569 2528 conjungit
619 2462 671 2513 et
721 2459 943 2512 divinos
991 2475 1109 2513 esse
1170 2459 1348 2514 docet.
1391 2464 1460 2516 At
1531 2461 1771 2515 Jacobus
1815 2463 1960 2516 Cru-

266 2545 454 2617 quius,
503 2547 601 2618 qui
659 2564 789 2602 eum
831 2548 1186 2603 Scholiasten
1251 2550 1703 2604 emendatiorem
1759 2550 1956 2615 edidit,

261 2631 582 2702 suspicatur
623 2650 820 2688 vocem
884 2652 1002 2689 esse
1042 2636 1412 2706 compositam
1461 2654 1525 2691 ex
1581 2639 1836 2693 Sarmata
1905 2642 1962 2692 et

262 2723 455 2786 Dacus,
483 2720 582 2791 qui
614 2723 812 2793 populi
840 2723 974 2776 olim
1005 2740 1119 2778 non
1149 2740 1352 2796 parum
1381 2724 1773 2796 hujuscemodi
1805 2725 1961 2780 ludi-

267 2808 404 2862 briis
450 2808 695 2864 infames
750 2811 986 2866 fuerint.
1037 2812 1192 2884 Elige
1242 2817 1434 2867 utrum
1475 2813 1742 2880 volueris,
1774 2817 1830 2867 et
1866 2813 1959 2868 adi

263 2896 432 2951 etiam
463 2900 741 2954 Joannem
774 2899 1106 2968 Meursium,
1140 2901 1199 2954 in
1235 2901 1432 2956 Lexico
1475 2902 1668 2957 Graeco
1696 2901 1955 2957 barbaro.

782 3024 1443 3079 ANIMADVEBSIONES

718 3154 772 3192 ΙΝ
817 3153 1021 3194 LIBRUM
1063 3157 1130 3193 DE
1169 3156 1288 3193 VITA
1341 3156 1529 3195 BEATA.

333 3256 464 3325 §.3.
520 3253 682 3320 Quod
738 3255 818 3308 ita
863 3255 1005 3309 nihil
1065 3257 1212 3309 intus
1253 3256 1469 3324 plenum
1512 3260 1674 3325 atque
1725 3257 1958 3311 solidum

265 3343 448 3410 habet,
475 3346 534 3395 ut
579 3344 794 3410 inﬂatos
841 3343 951 3396 sibi
993 3357 1157 3414 super
1216 3343 1570 3409 ambulantes,
1615 3349 1958 3413 succrepante

258 3431 456 3499 fragili
485 3431 614 3495 solo,
639 3430 912 3499 demergat
954 3448 1016 3486 ac
1044 3431 1302 3504 sorbeat]
1339 3432 1596 3502 Legerim
1622 3435 1809 3501 inﬂato
1828 3434 1953 3501 sibi,

265 3535 400 3572 nam
431 3518 524 3573 hic
556 3523 811 3572 montem
834 3518 998 3573 nobis
1027 3520 1292 3574 describit
1340 3526 1507 3575 vento
1546 3526 1880 3577 tumentem.
1920 3523 1959 3578 S

264 3607 429 3662 facile
452 3609 641 3679 potuit
664 3625 726 3663 ex
778 3613 1050 3680 sequente
1078 3625 1213 3663 voce
1255 3611 1610 3664 antecedenti
1646 3611 1954 3666 adhaerere.

334 3700 361 3764 §
395 3699 447 3750 4.
496 3699 670 3752 Lectis
706 3703 886 3752 autem
922 3701 1164 3754 Platonis
1198 3703 1543 3769 paucissimis
1584 3701 1780 3775 libris]
1834 3703 1959 3758 Cre-

264 3783 458 3837 derem
488 3784 794 3853 legendum
842 3785 1164 3852 Platonicis,
1210 3802 1343 3839 nam
1387 3789 1739 3859 Augustinus
1786 3789 1959 3844 habet

263 3869 694 3924 Confessionum
741 3870 885 3925 libro
916 3889 1010 3940 vn,
1044 3888 1167 3942 cap.
1201 3876 1255 3940 9,
1288 3872 1314 3943 §
1353 3877 1435 3936 l5,
1477 3877 1739 3944 quosdam
1780 3878 1953 3931 Plato-

261 3960 504 4013 nieorum
526 3959 721 4027 libros;
754 3959 865 4014 nisi
911 3961 1165 4031 quinque
1199 3978 1329 4017 mss.
1378 3963 1471 4017 hic
1513 3963 1791 4019 haberent
1837 3965 1956 4020 Plo-

260 4047 367 4099 tini
411 4061 586 4113 quam
637 4061 829 4100 veram
895 4047 1198 4101 lectionem
1259 4064 1377 4102 esse
1417 4053 1574 4118 puto.
1633 4052 1955 4121 Antequam

259 4133 410 4187 hunc
441 4135 630 4188 locum
663 4124 932 4189 attentius
965 4135 1248 4206 legissem,
1276 4136 1398 4205 jam
1453 4136 1770 4208 suspicatus
1797 4153 1955 4192 eram

265 4223 582 4277 Platonicos
613 4223 741 4279 illos
766 4225 960 4292 libros,
994 4225 1052 4278 in
1095 4225 1302 4296 quibus
1349 4227 1702 4295 Augustinus
1747 4226 1956 4280 similia

2072 509 2228 563 beata
2255 512 2388 578 vita,
2420 512 2512 580 pie
2530 511 2866 580 perfecteque
2887 525 3195 577 cognoscere
3221 526 3254 564 a
3275 526 3375 579 quo
3393 514 3645 571 induceris
3669 521 3718 572 in

2071 601 2371 666 veritatem,
2401 615 2508 668 qua
2528 603 2752 654 veritate
2767 601 3101 669 perfruaris,
3123 614 3223 668 per
3252 615 3402 668 quem
3428 610 3721 661 connectaris

2069 703 2274 742 summo
2332 687 2535 760 modo]
2575 688 2689 742 Etsi
2739 705 2856 742 non
2895 687 3127 742 difﬁcile
3159 693 3242 742 est
3286 688 3561 745 intellectu
3602 694 3722 764 quid

2069 776 2207 831 velit
2237 777 2612 849 Augustinus,
2649 781 2901 852 attamen
2932 781 3014 831 est
3045 793 3146 831 cur
3194 793 3494 848 queramur
3521 797 3643 835 eum
3674 782 3727 836 in

2071 865 2174 919 hac
2203 869 2323 920 tota
2370 865 2754 936 disputatione
2792 864 3198 936 metaphoricis
3241 865 3465 919 vocibus
3495 883 3553 921 ac
3598 869 3728 923 locu-

2069 954 2336 1021 tionibus,
2373 971 2514 1025 quas
2539 954 2665 1008 aliis
2701 970 2862 1025 aeque
2883 953 3172 1008 tralatitiis
3213 952 3428 1020 deﬁnit,
3475 961 3726 1026 perpetuo

2068 1043 2245 1098 ferme
2269 1044 2531 1098 abusum.
2547 1044 2668 1108 Quo
2690 1043 2903 1097 factum
2934 1047 3019 1097 est
3037 1047 3102 1096 ut
3123 1043 3265 1097 nihil
3283 1047 3485 1112 praeter
3507 1046 3732 1112 argutias

2068 1148 2135 1186 ex
2163 1131 2536 1202 ambiguitate
2572 1136 2844 1202 captatas,
2878 1135 2934 1185 et
2975 1148 3104 1203 quae
3141 1131 3487 1186 dialecticam
3513 1133 3732 1188 nimium

2066 1221 2344 1287 redolent,
2394 1221 2486 1275 hic
2523 1221 2855 1276 habeamus.
2884 1221 3024 1275 Cum
3083 1220 3275 1292 pueris
3303 1220 3501 1288 fateor,
3543 1227 3596 1275 et
3626 1238 3736 1277 mu-

2066 1310 2304 1364 liercula
2346 1311 2722 1379 loquebatur;
2755 1310 2852 1365 sed
2892 1325 3023 1364 cum
3051 1310 3174 1363 haec
3211 1309 3429 1375 ederet,
3461 1313 3543 1364 tot
3567 1311 3734 1364 verbis

2066 1397 2210 1451 nihil
2235 1397 2421 1451 dicere
2445 1397 2634 1450 nescio
2667 1396 2956 1468 quomodo
2996 1396 3349 1450 sustinuerit.
3381 1396 3559 1460 Quam
3598 1397 3741 1452 facile

2069 1485 2366 1539 ostendere
2396 1485 2670 1556 potuisset
2697 1484 3110 1540 beatitudinem
3148 1485 3381 1556 proprie
3413 1485 3613 1540 dictam
3638 1503 3741 1541 esse

2067 1589 2193 1627 eam
2241 1573 2418 1627 animi
2460 1573 2820 1627 affectionem
2871 1589 2983 1644 qua
3011 1573 3071 1626 in
3105 1577 3258 1627 sorte
3297 1577 3496 1627 nostra
3539 1574 3746 1644 acquie-

2067 1666 2304 1728 scentes,
2329 1677 2434 1715 nec
2455 1661 2766 1733 quidquam
2796 1660 3078 1730 cupimus,
3108 1676 3212 1714 nec
3241 1660 3514 1714 timemus
3535 1662 3564 1714 ?
3587 1661 3749 1724 Quam

2069 1749 2316 1820 proclive
2347 1748 2454 1803 fuit
2479 1749 2871 1803 demonstrare
2903 1748 3049 1802 hanc
3091 1747 3272 1801 animi
3319 1747 3672 1803 affectionem
3699 1748 3752 1802 in

2069 1838 2174 1891 hac
2203 1837 2317 1892 vita
2353 1854 2470 1891 non
2510 1853 2676 1908 posse
2706 1837 3044 1906 comparari,
3074 1836 3133 1890 in
3174 1853 3289 1908 qua
3323 1853 3551 1908 semper
3593 1838 3754 1891 multa

2068 1930 2198 1980 sunt
2239 1942 2368 1997 qum
2415 1926 2742 1992 timeamus,
2783 1929 2882 1980 aut
2928 1925 3272 1996 cupiamus?
3315 1926 3537 1990 Quibus
3580 1925 3749 1991 dictis,

2068 2008 2390 2086 collegisset
2435 2015 2657 2069 beatam
2689 2014 2863 2068 vitam
2910 2015 3127 2068 nullam
3159 2030 3329 2085 posse
3363 2030 3486 2068 esse
3515 2013 3574 2068 in
3619 2013 3758 2068 hisce

2066 2103 2259 2168 terris;
2293 2118 2491 2157 omnes
2519 2102 2781 2156 homines
2813 2118 2932 2155 esse
2960 2101 3234 2170 miseros;
3273 2101 3379 2156 sed
3410 2117 3510 2155 eos
3542 2101 3757 2155 domum

2070 2190 2262 2244 minus
2309 2205 2430 2244 esse
2489 2189 2749 2257 miseros,
2813 2205 2986 2261 quam
3028 2188 3190 2255 alios,
3247 2188 3350 2260 qui
3401 2191 3652 2258 possent,
3703 2203 3761 2240 ex

2070 2279 2356 2350 Evangelii
2385 2279 2628 2350 legibus,
2659 2278 2768 2332 sibi
2797 2277 3212 2332 beatitudinem
3243 2281 3383 2349 post
3427 2276 3576 2330 hanc
3602 2275 3761 2329 vitam

2068 2369 2367 2422 mortalem
2398 2367 2676 2438 polliceri.
2726 2369 2934 2422 Verum
2967 2383 3167 2422 vocum
3199 2365 3579 2422 deﬁnitiones
3611 2381 3767 2419 accu-

2068 2463 2227 2526 ratae,
2261 2473 2448 2511 sermo
2483 2456 2744 2528 simplex,
2800 2461 2855 2511 et
2884 2455 3020 2510 ordo
3069 2456 3414 2510 commodus
3468 2471 3562 2509 res
3613 2457 3764 2508 erant

2067 2545 2390 2601 rhetoribus
2429 2545 2584 2600 illius
2640 2545 2746 2600 aevi
2776 2544 3196 2616 propemodum
3236 2544 3486 2615 ignotae.

2584 2667 3158 2722 ANIMADVERSION
3170 2666 3244 2721 ES

2567 2799 2625 2838 IN
2667 2799 2856 2838 LIBROS
2905 2800 2972 2837 DE
3011 2799 3230 2838 ORDINE.

2142 2902 2310 2956 Linao
2344 2917 2380 2955 1.
2431 2899 2566 2969 Cap.
2614 2902 2664 2967 t,
2694 2897 2721 2968 ἓ
2752 2902 2804 2952 2.
2851 2899 2982 2964 Quis
3022 2901 3133 2952 tam
3159 2912 3333 2952 caecus
3375 2902 3458 2952 est
3499 2899 3692 2963 mente,
3726 2897 3779 2947 ut

2069 2990 2370 3059 quidquam
2395 2989 2454 3041 in
2473 2987 2746 3041 movendis
2775 2987 3086 3055 corporibus
3116 2986 3362 3042 rationis
3415 2986 3569 3054 quod
3594 2988 3784 3055 praeter

2069 3081 2360 3133 humanam
2414 3077 2818 3145 dispositionem
2858 3091 2921 3130 ac
2949 3077 3282 3130 voluntatem
3335 3081 3424 3131 est
3455 3075 3661 3128 diuinae
3700 3087 3784 3142 po-

2068 3168 2265 3233 tentia,
2304 3164 2766 3231 moderationique
2795 3163 2928 3218 dare
2973 3161 3247 3236 dubitet?]
3296 3163 3685 3235 Transposita
3704 3160 3790 3214 hic

2067 3259 2148 3308 est
2180 3271 2281 3308 vox
2313 3255 2562 3321 rationis,
2597 3269 2726 3323 quae
2751 3252 2920 3307 debet
2958 3253 3220 3323 praeponi
3249 3253 3536 3323 proxime
3559 3250 3686 3304 voci
3713 3249 3792 3302 di-

2065 3345 2221 3411 vinae,
2251 3346 2316 3396 ut
2336 3341 2509 3394 series
2557 3340 2631 3394 sit
2661 3357 2672 3393 :
2706 3344 2956 3410 potentiae
3003 3341 3495 3410 moderationique
3539 3340 3794 3394 Rationis

2067 3433 2306 3498 Divinaz,
2368 3431 2593 3495 Graece,
2675 3427 2912 3490 δυνάμει,
2973 3429 3057 3476 καὶ
3114 3428 3360 3488 διοικήσει
3413 3428 3580 3490 Λόγου
3639 3427 3789 3476 Θείου.

2068 3521 2304 3590 Nempe,
2345 3535 2414 3572 ex
2460 3516 2881 3572 Platonicorum
2913 3533 3177 3571 sermone
3207 3517 3561 3590 desumpsit
3601 3521 3800 3588 Augu-

2065 3608 2247 3662 stinus
2277 3610 2555 3664 Rationem
2582 3607 2845 3661 Divinam
2874 3622 2891 3678 ;
2925 3607 2994 3661 de
3026 3623 3141 3677 qua
3168 3606 3491 3661 locutione
3516 3606 3650 3661 vide
3673 3621 3800 3676 qua:

2065 3697 2294 3769 collegit
2348 3699 2509 3751 Joan.
2570 3696 2817 3750 Clericus
2882 3696 2951 3750 ad
2982 3698 3141 3750 Joan.
3211 3713 3247 3764 1,
3315 3701 3370 3752 1.
3439 3694 3807 3752 Benedictini

2065 3787 2271 3843 docent
2319 3786 2511 3840 decem
2551 3802 2580 3839 a
2611 3801 2668 3838 se
2711 3801 2845 3838 mss.
2890 3785 3058 3840 codd.
3116 3784 3453 3855 inspectos,
3507 3787 3575 3840 in
3599 3785 3807 3856 quibus

2063 3876 2157 3930 hic
2203 3875 2340 3930 ordo
2375 3879 2497 3928 erat
2525 3873 2853 3927 observatus
2900 3889 2912 3940 ;
2959 3873 3054 3926 sed
3089 3873 3236 3926 male
3287 3874 3540 3929 habent
3578 3873 3810 3938 rationi,

2065 3964 2113 4019 si
2164 3964 2331 4018 modo
2371 3963 2591 4016 nullum
2631 3962 2703 4015 sit
2749 3960 2808 4014 in
2841 3959 3355 4015 Benedictinorum
3393 3964 3620 4016 notula
3653 3977 3813 4016 men-

2065 4052 2220 4107 dum.
2256 4052 2462 4107 Eadem
2504 4067 2638 4104 voce
2685 4051 2744 4104 in
2794 4050 3060 4104 eumdem
3091 4065 3334 4104 sensum
3383 4051 3590 4107 utitur
3642 4051 3815 4105 etiam

2063 4145 2264 4211 postea
2295 4139 2646 4210 Augustinus
2678 4137 2705 4209 ἓ
2733 4138 2821 4202 ‘26,
2854 4137 2954 4190 ubi
2985 4140 3267 4190 memorat
3314 4141 3820 4208 pulchritudinem

2067 4231 2315 4284 Rationis
2337 4228 2564 4298 (nempe
2613 4226 2835 4295 divinae)
2865 4232 3058 4280 cuncta
3113 4227 3356 4280 scientia
3395 4234 3456 4282 et
3513 4230 3822 4283 nescientia

266 4309 601 4365 Christiana:
640 4312 944 4383 theologiae
974 4293 1258 4366 invenisse
1291 4329 1347 4365 se
1387 4293 1646 4378 credidit,
1689 4313 1860 4368 fuisse
1888 4314 1955 4369 li-
1995 4293 2040 4349 D
2067 4293 2428 4388 modiﬁcantis
2459 4293 2512 4370 et
2528 4293 2901 4384 gubernantis,
2924 4330 3042 4383 qua
3064 4315 3353 4370 inhiantes
3379 4319 3505 4371 sibi
3525 4323 3826 4372 sectatores

263 4397 396 4451 bros
428 4399 638 4452 Plotini
669 4415 681 4452 :
715 4399 775 4453 in
807 4415 920 4469 qua
945 4401 1271 4468 conjectura
1309 4401 1677 4456 vehementer
1718 4401 1957 4457 lectione

261 4485 366 4539 hac
395 4501 526 4539 mss.
559 4485 816 4541 codicum
850 4487 1176 4542 confirmor.

334 4572 362 4643 ἓ
403 4575 454 4626 5.
503 4574 834 4642 Eloquentia
877 4581 970 4629 tua
1019 4579 1238 4632 territus
1279 4592 1386 4632 non
1419 4578 1580 4649 sum]
1617 4579 1803 4633 Exstat
1849 4579 1958 4633 ele-

262 4676 403 4731 gans
435 4661 752 4716 dissertatio
774 4663 843 4718 de
870 4663 992 4717 Vita
1019 4665 1097 4719 F1.
1124 4664 1294 4719 Mallii
1313 4665 1614 4734 Theodori,
1639 4667 1708 4720 ab
1731 4667 1958 4722 Alberto

179 4746 185 4750 ⁷
266 4749 526 4804 Rubenio
573 4752 910 4823 conscripta,
963 4768 1090 4822 qum
1140 4753 1291 4808 edita
1337 4759 1424 4808 est
1470 4755 1758 4826 Ultrajecti
1805 4773 1957 4810 anno

270 4839 426 4904 1693,
459 4853 526 4892 ex
557 4854 670 4908 qua
693 4855 822 4910 quae
851 4839 1026 4894 fuerit
1055 4840 1302 4894 eruditio
1325 4842 1604 4896 Theodori
1644 4848 1701 4896 et
1730 4844 1797 4898 ad
1831 4861 1959 4914 quae

257 4942 500 4980 munera
529 4928 853 4997 pervenerit
882 4928 1202 5000 intelligere
1231 4929 1444 4983 licebit.
1491 4931 1683 5002 Itaque
1726 4932 1794 4986 ad
1833 4949 1955 4986 eam

260 5015 531 5069 lectorem
563 5018 958 5071 amandamus.

334 5105 434 5170 §7.
469 5105 609 5158 Cum
635 5109 912 5172 fateamur
939 5109 1136 5174 cuncti,
1168 5122 1336 5175 neque
1366 5109 1480 5160 sine
1523 5123 1762 5177 corpore,
1790 5124 1960 5178 neque

259 5192 374 5244 sine
416 5195 620 5259 anima,
675 5211 782 5249 esse
824 5210 980 5264 posse
1027 5196 1306 5261 hominem,
1349 5195 1491 5248 cibos
1536 5203 1778 5265 propter,
1826 5197 1961 5264 quid

261 5281 452 5333 horum
482 5285 843 5353 appetamus.]
871 5285 991 5337 Imo
1023 5286 1328 5352 appet-imus
1360 5287 1387 5336 ?
1417 5285 1510 5338 Est
1536 5285 1690 5338 enim
1714 5285 1956 5338 interro-

227 5401 232 5410 ι
259 5366 413 5437 gatio
443 5369 766 5438 Augustini,
800 5372 870 5426 ad
920 5389 1114 5443 quam,
1144 5377 1369 5441 propter
1407 5387 1617 5441 corpus,
1653 5373 1961 5444 respondet

263 5454 565 5509 Licentius.
603 5457 866 5514 Mendum
916 5461 1023 5516 hoc
1054 5461 1159 5516 fuit
1203 5461 1537 5516 Basilecnsis
1584 5462 1871 5530 editionis,
1900 5463 1958 5516 in

260 5544 407 5599 hanc
429 5545 801 5601 transfusum.

2065 4423 2187 4462 suos
2221 4408 2411 4471 trahit,
2447 4419 2764 4474 quacunque
2785 4408 2947 4472 atque
2983 4403 3294 4471 ubicunque
3328 4420 3394 4459 se
3427 4409 3625 4474 queri
3643 4405 3822 4475 jubet.

2138 4496 2270 4564 Cap.
2306 4497 2358 4562 3,
2392 4496 2419 4561 §
2451 4497 2498 4548 6.
2531 4496 2673 4552 Nam
2701 4497 2750 4546 et
2776 4495 2892 4562 ipse
2919 4495 2980 4546 in
2999 4492 3178 4546 eodem
3223 4497 3506 4549 conclavi
3540 4498 3684 4551 lecto
3737 4509 3833 4549 suo

2066 4583 2267 4636 cubans
2294 4582 2582 4651 vigilabat,
2607 4581 2760 4636 nobis
2780 4581 3166 4647 nescientibus;
3195 4588 3371 4637 erant
3396 4587 3560 4639 enim
3597 4586 3833 4640 tenebrae

2067 4671 2212 4740 quod
2257 4672 2316 4724 in
2360 4671 2526 4726 Italia
2594 4671 2758 4723 etiam
2809 4670 3114 4738 pecuniosis
3169 4685 3355 4738 prope
3411 4689 3653 4729 necesse
3706 4668 3835 4742 est]

2066 4760 2154 4813 Sic
2192 4759 2450 4830 loquitur
2487 4759 2546 4812 in
2603 4757 2848 4829 gratiam
2899 4773 3136 4812 suorum
3184 4757 3523 4816 Afrorum.
3593 4761 3837 4816 Utinam

2066 4848 2238 4901 etiam
2259 4847 2318 4900 in
2349 4847 2590 4917 gratiam
2619 4845 2985 4915 posteritatis,
3012 4844 3338 4900 addidisset
3389 4865 3512 4904 cur
3547 4849 3618 4905 in
3650 4848 3844 4908 Italia.

2066 4936 2255 5008 potius
2296 4951 2470 5006 quam
2503 4934 2659 5002 alibi,
2687 4933 2746 4988 in
2775 4933 3025 4988 tenebris
3070 4933 3368 5004 jacerent.
3411 4941 3517 4992 An
3547 4939 3617 4992 in
3650 4938 3848 4994 Africa

2066 5023 2228 5094 copia
2252 5025 2373 5076 erat
2402 5021 2783 5093 specularium
2823 5022 3098 5093 lapidum,
3147 5021 3245 5092 qui
3282 5023 3495 5080 Lunae
3542 5031 3610 5081 et
3641 5026 3849 5081 stella-

2064 5129 2194 5167 rum
2249 5111 2435 5165 lucem
2484 5111 2545 5164 in
2585 5110 2875 5164 conclavia
2922 5110 3322 5178 admitterent,
3377 5114 3500 5184 qui
3553 5115 3625 5170 in
3681 5114 3854 5169 Italia

2068 5203 2355 5267 rariores;
2390 5217 2505 5272 quo
2549 5200 2722 5254 fiebat
2752 5203 2837 5268 ut,
2881 5199 3082 5253 clausis
3114 5199 3340 5269 ligneis
3392 5202 3728 5273 fenestris,
3759 5208 3858 5258 te-

2066 5291 2258 5346 nebrze
2288 5293 2476 5344 essent
2505 5289 2564 5342 in
2595 5287 2999 5342 conclavibus?
3039 5287 3303 5342 Viderint
3338 5289 3705 5347 doctiores.

2139 5377 2274 5447 Cap.
2316 5376 2452 5442 ll,§
2503 5377 2588 5428 31.
2630 5375 2730 5427 Vir
2777 5377 2826 5426 et
2873 5375 3090 5441 ingenio
3145 5377 3196 5427 et
3231 5373 3604 5442 eloquentia
3631 5384 3689 5435 et
3716 5379 3864 5452 ipsis

2067 5463 2376 5531 insignibus
2427 5461 2844 5530 muneribusque
2881 5463 3116 5527 fortuna:
3153 5466 3223 5527 et,
3261 5466 3447 5530 quod
3485 5473 3634 5523 ante
3673 5471 3876 5523 omnia

2068 5557 2162 5618 est,
2205 5557 2375 5606 mente
2403 5553 2890 5622 praestantissimus
2930 5551 3264 5610 Theodorus.
3298 5569 3492 5618 quem
3555 5557 3701 5611 bene
3751 5561 3880 5626 ipsn
