3922 6188
173 328 250 378 221
937 319 1289 375 VARIORUM
1332 320 1931 376 EXERCITATOINES
1971 322 2036 374 ΙΝ
2076 322 2130 375 8.
2173 320 2534 374 AUGUSTINI
2573 298 2830 374 OPERA.

3533 320 3638 372 2'22

171 449 303 513 nosti,
332 445 391 499 id
406 444 532 511 agit,
565 447 627 498 ut
646 446 697 498 et
725 458 866 499 nunc
885 448 935 498 et
958 444 1110 514 apud
1123 450 1384 514 posteros,
1408 446 1617 500 nullum
1641 461 1806 514 genus
1846 447 1888 501 A
1923 444 2042 512 bes,
2076 445 2171 500 sed
2221 444 2458 498 minime
2511 449 2815 514 propterea
2859 442 3152 498 castiores.
3196 444 3421 508 Quanto
3447 445 3623 499 satius

172 537 407 592 hominum
434 533 496 586 de
532 532 729 587 litteris
763 537 1072 587 nostrorum
1115 539 1411 604 temporum
1433 535 1560 604 jure
1591 550 1825 604 conque-

170 630 313 678 ratur.
342 621 361 693 ]
395 620 601 674 Vellem
634 624 882 674 exstaret
911 622 1251 691 opusculum
1281 621 1563 676 Theodori
1597 621 1665 675 de
1692 620 1821 675 Ori-

168 713 275 783 gine
294 717 345 764 et
373 713 571 763 natura
601 709 827 777 mundi,
862 709 1012 780 quod
1050 710 1226 764 latere
1253 710 1311 764 in
1343 709 1701 764 bibliothecis
1732 709 1825 764 di-

165 801 283 854 citur
319 814 351 851 a
398 799 475 852 Cl.
530 797 810 852 Salmasio
850 798 910 851 in
958 799 1118 869 praef.
1162 799 1231 853 ad
1265 799 1612 870 Ampelium.
1656 800 1728 853 Ex
1759 814 1824 851 eo

162 888 287 943 enim
315 886 633 957 intelligere
663 887 862 941 liceret
890 903 964 941 an
985 886 1079 941 hic
1108 887 1160 942 ei
1191 888 1473 955 aduletur,
1507 888 1659 959 quod
1690 903 1824 941 sane

160 975 405 1047 suspicor,
458 975 831 1045 Augustinus,
864 991 971 1045 pro
1020 991 1181 1030 more
1234 976 1426 1031 saeculi
1472 977 1578 1039 sui,
1613 992 1746 1047 quo,
1780 976 1825 1029 si

159 1080 379 1135 unquam
409 1063 569 1129 alias,
601 1064 922 1118 immodica
953 1065 1149 1119 laudes
1172 1064 1232 1118 in
1255 1081 1361 1119 usu
1381 1065 1599 1136 vulgari
1623 1066 1781 1119 fuere
1807 1080 1819 1117 :

159 1156 197 1208 ls
236 1152 572 1221 Theodorus,
626 1168 757 1205 cum
814 1152 1115 1206 militasset
1153 1152 1306 1206 inter
1339 1154 1652 1208 Advocatos
1679 1153 1826 1206 sedis

155 1241 478 1313 praetoriana
512 1241 573 1295 in
594 1241 777 1305 Italia,
805 1242 1110 1311 praefectus
1137 1241 1244 1295 fuit
1273 1241 1421 1311 parti
1468 1242 1673 1311 Libya,
1701 1246 1825 1294 tum

152 1329 277 1402 parti
303 1329 664 1395 Macedonia,
693 1330 899 1384 deinde
949 1334 1202 1400 quaestor
1251 1329 1395 1383 sacri
1437 1328 1653 1400 palatii,
1698 1335 1827 1401 post

151 1435 316 1472 comes
352 1434 645 1472 sacrarum
690 1419 1085 1489 largitionum,
1137 1435 1199 1472 ac
1240 1420 1478 1473 tandem
1526 1420 1825 1490 prafectus

148 1509 388 1580 pratorio
419 1507 737 1561 Galliarum
786 1523 938 1562 anno
985 1509 1106 1562 380.
1144 1506 1239 1561 His
1278 1508 1597 1563 honoribus
1627 1509 1826 1563 defun-

154 1603 257 1651 ctus
285 1596 351 1650 ad
376 1596 557 1650 vitam
577 1596 858 1666 privatam
882 1596 1071 1663 rediit,
1096 1596 1155 1650 in
1177 1612 1289 1668 qua
1319 1597 1629 1652 scribendis
1657 1597 1828 1651 variis

155 1685 413 1757 opusculis
463 1701 707 1756 operam
758 1685 932 1740 dedit.
985 1686 1106 1750 Quo
1156 1686 1473 1750 intervallo,
1524 1685 1671 1740 circa
1737 1702 1829 1740 an-

152 1790 268 1828 num
313 1776 433 1839 386,
478 1772 843 1843 Augustinus
891 1773 1013 1827 hac
1069 1772 1370 1827 scribebat.
1416 1773 1502 1827 Ad
1550 1771 1831 1842 ampliora

152 1862 330 1915 deinde
375 1878 628 1915 munera
675 1862 959 1932 pervenit,
1006 1865 1070 1915 ut
1090 1861 1602 1916 docebitAlbertus
1634 1861 1826 1915 Rube-

152 1952 257 2005 nius
276 1951 331 2004 in
357 1951 562 2005 libello
582 1954 750 2004 antea
778 1955 1115 2004 memorato.

208 2040 355 2094 LIBRO
415 2057 472 2093 ιι.
529 2039 664 2110 Cap.
716 2039 827 2108 μς
880 2043 926 2093 1.
976 2039 1263 2095 Nobiscum
1309 2043 1424 2093 erat
1457 2041 1619 2093 etiam
1656 2043 1829 2092 mater

150 2133 330 2195 nostra,
362 2127 532 2197 cujus
563 2130 905 2194 ingenium...
930 2143 1048 2181 cum
1067 2133 1228 2183 antea
1259 2131 1504 2182 convictu
1543 2128 1825 2193 diuturno,

147 2223 188 2271 et
225 2217 469 2285 diligenti
520 2216 943 2270 consideratione
983 2230 1385 2285 perspcaeram,
1451 2220 1562 2269 tum
1610 2232 1733 2269 vero
1770 2218 1829 2269 in

148 2306 357 2376 quadam
381 2306 765 2375 disputatione
794 2320 899 2359 non
926 2319 1114 2374 parua
1142 2306 1223 2357 rei
1253 2320 1481 2372 quam...
1514 2303 1573 2357 in
1593 2304 1830 2357 libellum

150 2397 343 2461 contuli,
388 2399 553 2449 tanta
594 2395 732 2448 mihi
776 2408 922 2447 mens
961 2397 1317 2462 apparuerat,
1356 2399 1415 2445 ut
1462 2394 1602 2446 nihil
1645 2395 1828 2461 aptius

154 2498 269 2536 vera
290 2481 654 2552 philosophia
689 2480 982 2533 videretur.
1012 2478 1034 2551 ]
1065 2479 1121 2533 Si
1149 2478 1271 2533 hac
1300 2476 1361 2531 in
1386 2492 1645 2532 sermone
1664 2477 1828 2531 fami-

155 2572 257 2625 liari
283 2570 451 2625 matri
480 2568 725 2624 dixisset
773 2568 1146 2639 Augustinus,
1197 2568 1510 2639 vituperari
1549 2584 1682 2621 sane
1712 2584 1828 2621 non

155 2664 335 2730 posset,
366 2660 484 2713 imo
517 2658 670 2712 forte
696 2658 1048 2722 laudaretur,
1089 2657 1319 2729 pietatis
1349 2673 1535 2712 causa.
1569 2656 1679 2712 Sed
1708 2656 1830 2711 hac

154 2746 317 2801 nescio
348 2746 651 2819 quomodo
684 2745 927 2801 scribere
958 2746 1296 2800 sustinuerit
1315 2747 1385 2801 ad
1415 2746 1602 2801 virum
1640 2746 1826 2800 erudi-

157 2840 254 2889 tum
282 2842 448 2906 atque
480 2835 676 2900 cdere,
710 2850 836 2888 cum
865 2834 1186 2905 praesertim
1215 2835 1360 2889 liber
1392 2836 1460 2889 de
1494 2835 1616 2889 Vita
1640 2835 1825 2900 beata,

154 2925 231 2979 ubi
258 2923 461 2978 eximia
509 2922 615 2977 illa
654 2924 927 2978 Monnica
957 2940 1230 2994 responsa
1260 2924 1549 2994 leguntur,
1575 2924 1830 2978 edendus

154 3012 295 3065 etiam
318 3017 485 3067 esset.
526 3013 672 3066 Eum
704 3011 858 3066 enim
890 3011 936 3064 si
986 3012 1115 3081 quis
1144 3012 1317 3081 legat,
1350 3011 1512 3065 facile
1542 3010 1829 3082 intelliget

155 3100 309 3155 lilium
338 3118 459 3173 pra
490 3116 694 3155 amore
723 3100 1231 3171 matrisingenium
1264 3100 1546 3155 invenisse
1567 3100 1625 3154 in
1645 3099 1833 3154 verbis

154 3188 294 3243 bona
323 3206 489 3257 anus,
527 3190 685 3260 quod
717 3188 815 3243 alii
847 3205 962 3243 non
989 3189 1153 3243 facile
1183 3189 1659 3244 animadvertant.
1696 3190 1833 3253 Qua

155 3279 336 3332 mulier
358 3295 517 3333 nunc
546 3278 721 3349 paulo
750 3277 1045 3332 liberalius
1074 3278 1313 3332 educata
1341 3278 1477 3332 talia
1506 3282 1560 3332 et
1592 3278 1833 3332 meliora

156 3367 299 3421 etiam
332 3368 489 3423 aliud
524 3383 705 3438 agens
736 3382 855 3422 non
881 3367 1174 3421 eﬂundat?

214 3456 334 3527 Cap.
364 3462 420 3525 2,
455 3456 485 3527 §
516 3457 573 3510 4.
615 3458 785 3525 Deﬁni
841 3472 986 3523 ergo,
1023 3458 1269 3525 inquam,
1301 3457 1352 3509 si
1394 3456 1569 3524 placet
1597 3456 1731 3526 quid
1760 3458 1833 3511 sit

156 3559 245 3599 esse
294 3562 411 3600 cum
460 3550 647 3601 Deo...
711 3545 816 3601 Odi
876 3560 990 3614 ego,
1052 3547 1250 3613 inquit,
1308 3545 1602 3616 deﬁnire]
1655 3548 1727 3599 At
1787 3545 1828 3599 si

158 3633 287 3687 hunc
339 3640 395 3688 et
442 3633 805 3704 superiorem
863 3633 1075 3687 librum
1126 3634 1298 3703 legas,
1369 3633 1589 3687 nullam
1639 3633 1836 3688 delini-

158 3720 348 3776 tionem
400 3724 581 3794 paulo
645 3721 1057 3777 accuratiorem
1113 3721 1401 3789 invenies;
1456 3722 1553 3776 sed
1610 3726 1834 3777 tantum

156 3810 546 3882 descriptiones
590 3811 925 3878 rhetoricas,
987 3828 1049 3865 re
1100 3810 1381 3881 descripta
1429 3827 1578 3881 sape
1628 3810 1832 3865 obscu-

158 3898 313 3955 riores
366 3907 465 3956 aut
518 3905 671 3956 certe
719 3917 882 3971 aeque
940 3916 1006 3954 ac
1066 3916 1192 3953 eam
1241 3899 1527 3953 obscuras.
1577 3898 1834 3969 Exempli

157 4004 302 4042 causa
338 4007 448 4046 esse
507 4006 629 4045 cum
688 3991 821 4056 Deo,
881 4004 1011 4059 qua
1059 3992 1142 4041 est
1198 3987 1409 4041 locutio
1437 3987 1752 4058 impropria
1781 3990 1836 4041 et

157 4077 389 4143 obscura,
436 4079 716 4134 deﬁnitur
757 4094 791 4131 a
840 4080 943 4132 Deo
978 4076 1382 4144 administrari,
1410 4079 1507 4129 aut
1532 4076 1834 4143 intelligere

156 4167 319 4233 Deum,
351 4172 459 4222 etc.
493 4167 585 4222 Sic
605 4166 738 4220 talia
766 4165 936 4219 hodie
963 4164 1542 4230 conscribillarentur,
1575 4168 1630 4217 et
1648 4164 1710 4217 in
1730 4180 1834 4234 pu-

155 4251 335 4309 blicam
384 4256 579 4310 lucem
622 4255 1120 4325 protruderentur,
1168 4254 1421 4324 profecto
1463 4252 1826 4307 eruditorum

158 4343 397 4412 plausum
428 4361 553 4399 non
580 4344 819 4412 ferrent,
852 4343 934 4397 uti
961 4358 1065 4397 nec
1092 4342 1413 4398 innumera.
1444 4342 1641 4396 inanes
1665 4358 1830 4413 argu-
1868 4320 1911 4375 Ῑ)

156 4432 255 4497 tia,
279 4434 487 4504 quibus
518 4434 641 4487 hac
668 4432 942 4502 opuscula
972 4436 1214 4487 scatent.
1252 4432 1360 4486 Sed
1390 4430 1486 4485 illo
1518 4447 1637 4485 aevo
1665 4431 1837 4485 verba

155 4522 317 4589 pluris
350 4523 540 4577 multo
579 4521 816 4591 ﬁebant,
856 4536 1030 4591 quam
1075 4536 1166 4573 res
1213 4519 1390 4590 ipsa;
1431 4536 1545 4591 quo
1593 4519 1731 4573 vitio
1779 4525 1837 4574 et

157 4615 400 4664 nostrum
485 4611 782 4677 saeculum,
859 4610 988 4679 plus
1063 4624 1237 4680 quam
1295 4608 1611 4679 optandum
1667 4613 1832 4675 esset,

157 4698 454 4754 etiamnum
488 4700 728 4753 laborat.

219 4788 345 4859 Cap.
376 4790 433 4857 4,
468 4788 497 4857 §
536 4791 614 4841 12.
656 4785 803 4852 Quid
846 4785 1145 4852 sordidius,
1194 4785 1330 4856 quid
1355 4787 1576 4840 inanius
1631 4784 1834 4839 decoris

157 4879 199 4927 et
238 4876 597 4946 turpitudinis
643 4876 854 4945 plenius
884 4875 1271 4942 meretricibus,
1318 4874 1615 4943 lenonibus,
1674 4879 1835 4928 catc-

156 4965 321 5032 risque
351 4966 448 5019 hoc
480 4980 646 5031 genus
664 4964 909 5034 pestibus
939 4964 1050 5018 dici
1064 4966 1275 5033 potest?
1311 4964 1487 5030 Aufer
1533 4965 1833 5017 meretrices

155 5051 381 5109 derebus
422 5056 696 5122 humanis,
750 5053 1052 5108 turbaueris
1082 5053 1263 5106 omnia
1301 5052 1638 5107 libidinibus.
1672 5051 1832 5124 Jlta-

156 5156 255 5209 que
299 5148 454 5197 recte
497 5142 730 5210 faciunt,
760 5142 807 5196 si
854 5140 1159 5213 Augustini
1186 5140 1469 5211 judicium
1500 5156 1830 5212 sequamur,

157 5230 495 5302 legislatores
538 5237 592 5287 et
633 5232 918 5304 principes
957 5231 1057 5302 qui
1112 5231 1411 5302 lupanaria
1445 5248 1564 5285 esse
1608 5230 1833 5301 patiun-

156 5324 429 5386 tur-,nam
454 5325 688 5391 praestat
733 5336 941 5392 paucas
985 5320 1186 5374 domos
1216 5319 1394 5391 pollui
1424 5335 1593 5390 quam
1636 5335 1833 5373 omnes

157 5407 480 5464 libidinibus
510 5409 745 5464 turbari.
788 5408 1175 5473 Quamobrem
1207 5409 1369 5463 aiunt
1410 5408 1472 5461 in
1523 5395 1663 5463 urbe
1713 5423 1833 5461 om-

156 5496 304 5551 nium
348 5496 701 5553 nobilissima
740 5514 807 5552 ea
834 5497 993 5564 ferri,
1018 5513 1088 5552 ne
1119 5497 1179 5551 in
1208 5502 1499 5552 matronas
1539 5500 1595 5551 et
1622 5512 1832 5567 pueros

160 5584 354 5652 passim
389 5590 719 5655 grassentur
748 5586 1013 5641 homines
1057 5590 1255 5657 sponte
1287 5586 1518 5658 quidem
1548 5602 1649 5640 sua
1678 5585 1830 5640 caeli-

1932 538 2054 587 erat
2107 533 2291 588 dicere
2347 533 2523 586 malas
2578 532 2846 591 mulieres
2890 537 2946 586 et
2994 532 3329 587 libidinosus
3379 533 3620 601 juvenes

1931 623 2088 676 abuti
2135 622 2392 676 libertate
2432 638 2463 674 a
2512 623 2623 675 Deo
2675 626 2919 691 accepta,
2954 627 3008 674 et
3037 622 3149 674 alia
3172 638 3301 692 quae
3333 622 3401 676 ab
3431 622 3625 677 erudi-

1930 710 2002 764 tis
2032 726 2186 765 nunc
2215 710 2326 764 dici
2355 710 2582 763 solent?
2613 710 2669 763 Si
2695 710 2830 762 talia
2861 709 3029 762 hodie
3052 710 3449 779 scriberemus,
3480 726 3628 764 nun-

1932 818 2106 873 quam
2154 806 2239 854 sat
2278 817 2475 871 graves
2511 816 2706 869 pmnas
2749 800 2883 854 dare
2928 817 3222 869 possemus
3250 800 3317 852 iis
3349 801 3450 871 qui
3480 818 3545 856 ea
3570 802 3628 855 in

1933 891 2220 945 veteribus
2260 889 2543 943 mirantur
2597 891 2720 943 Non
2775 889 3097 958 expendam
3144 892 3433 959 quomodo
3494 891 3631 944 vitia

1933 978 2143 1032 faciant
2183 979 2252 1031 ad
2301 978 2564 1041 ordinem,
2612 976 2784 1029 nimis
2836 976 3030 1029 multis
3069 977 3252 1030 verbis
3283 994 3426 1047 opus
3456 984 3629 1044 esset,

1934 1073 1996 1121 ut
2043 1067 2284 1138 quaestio
2333 1066 2797 1133 constitueretur,
2849 1072 2906 1118 et
2950 1064 3007 1118 in
3037 1065 3296 1118 ordinem
3318 1064 3515 1129 omnia
3548 1066 3628 1119 di-

1934 1161 2287 1226 gererentur.
2342 1156 2552 1207 Verum
2597 1154 2771 1207 orabo
2808 1155 3075 1207 lectorem
3120 1159 3180 1206 ut
3208 1159 3447 1207 conetur
3477 1170 3540 1207 ex
3562 1154 3631 1207 iis

1935 1261 2063 1314 quae
2094 1244 2186 1297 hic
2213 1243 2498 1296 habentur
2523 1242 2677 1311 apud
2704 1241 3110 1311 Augustinum,
3139 1244 3384 1295 conflare
3419 1241 3624 1311 dispu—

1932 1333 2211 1385 tationem
2258 1332 2618 1401 perspicuam
2670 1334 2724 1383 et
2774 1331 2860 1382 via
2890 1346 2954 1383 ac
3000 1329 3220 1383 ratione
3252 1329 3630 1400 dispositam:

1934 1420 2088 1491 quod
2120 1420 2166 1472 si
2194 1422 2443 1487 praestet,
2461 1421 2566 1472 erit
2583 1419 2721 1471 mihi
2744 1432 2973 1483 magnus
2994 1418 3206 1485 Apollo.

2006 1510 2137 1579 Cap.
2193 1512 2242 1575 9,
2307 1507 2334 1577 §
2383 1510 2468 1560 22.
2517 1510 2809 1560 Aeriorum
2860 1507 3182 1560 animalium
3255 1508 3397 1559 mira
3453 1506 3632 1570 falla-

1933 1600 2038 1665 cia,
2068 1602 2173 1651 etc.
2208 1596 2228 1668 ]
2282 1595 2554 1649 Platonici
2600 1595 2697 1651 ζῶα
2748 1599 2967 1662 vocant,
3016 1611 3116 1648 seu
3160 1595 3444 1661 animalia,
3473 1610 3630 1664 qua-

1934 1703 2159 1757 cunque
2191 1685 2384 1739 anima
2412 1684 2651 1755 pradita
2680 1688 2832 1748 sunt,
2857 1684 3052 1753 quales
3082 1688 3214 1735 sunt
3244 1683 3323 1736 dii
3353 1684 3437 1736 illi
3485 1681 3631 1736 infe-

1937 1776 2136 1841 riores,
2180 1789 2425 1844 quorum
2474 1773 2663 1825 sedem
2695 1772 2757 1824 in
2801 1787 2929 1823 aere
2971 1772 3277 1841 ponebant.
3327 1773 3438 1824 llos
3466 1786 3628 1824 caco-

1939 1866 2232 1921 damonas
2280 1878 2399 1915 esse
2447 1860 2929 1930 interpretabatur
2974 1859 3344 1929 Augustinus.
3380 1861 3457 1913 De
3490 1875 3633 1914 sen-

1937 1955 2119 2009 tentia
2151 1950 2573 2007 Platonicorum
2623 1956 2707 2004 sat
2745 1950 2925 2003 multa
2953 1949 3247 2018 Apuleius,
3279 1948 3337 2001 in
3362 1948 3524 2002 libris
3558 1948 3629 2002 de

1940 2043 2161 2104 Mundo,
2212 2041 2280 2095 de
2326 2039 2694 2110 Philosophia
2721 2038 2986 2104 naturali,
3022 2042 3075 2091 et
3105 2037 3174 2091 de
3210 2039 3323 2091 Deo
3355 2037 3630 2091 Socratis.

2012 2133 2144 2202 Cap.
2205 2127 2346 2199 12,§
2397 2132 2482 2183 35.
2534 2129 2736 2194 Quibus
2781 2127 2986 2181 duobus
3035 2128 3262 2195 repertis
3305 2124 3530 2196 (litteris
3578 2129 3635 2178 et

1936 2220 2138 2291 ﬁguris
2188 2218 2580 2287 numerorum)
2625 2221 2759 2271 nata
2795 2222 2871 2271 est
2910 2217 3009 2270 illa
3049 2217 3403 2269 librariorum
3434 2220 3487 2269 et
3515 2216 3630 2269 cal-

1938 2310 2183 2363 culonum
2206 2309 2496 2376 professio,
2528 2308 2671 2360 velut
2700 2306 2947 2375 quadam
2968 2307 3338 2373 grammatica
3365 2305 3632 2372 infantia,

1938 2414 2102 2467 quam
2138 2399 2311 2452 Varro
2334 2397 2712 2451 litterationem
2738 2399 2911 2459 vocat,
2946 2395 3122 2449 Grace
3156 2399 3337 2447 autem
3370 2392 3636 2462 quomodo

1937 2484 2243 2555 appelletur
2296 2500 2403 2539 non
2442 2486 2577 2539 satis
2616 2486 2673 2537 in
2711 2484 2999 2552 prasentia
3049 2481 3282 2553 recolo]
3318 2482 3638 2535 Vocabatur

1936 2585 2346 2645 γραμματιστικὴ,
2417 2574 2614 2628 doctor
2687 2588 2818 2626 vero
2883 2579 3255 2643 γραμματιστής
3328 2570 3493 2625 Philo
3564 2570 3635 2624 de

1939 2678 2243 2733 congressu
2288 2662 2626 2717 eruditionis
2662 2677 2875 2715 causa:
2937 2669 2999 2715 To
3054 2684 3108 2728 γε
3168 2670 3257 2729 μὲν
3307 2667 3508 2730 γράψειν
3555 2667 3639 2712 καὶ

1939 2759 2283 2822 ἀναγινώσκειν
2336 2761 2682 2823 γραμματικῆς·
2735 2774 2787 2805 τε
2842 2756 3160 2819 ἀτελεστέρας
3218 2754 3527 2817 ἀπάγγελμα,
3573 2754 3635 2811 ἣν

1939 2848 2326 2912 παρατρέποντές
2392 2862 2513 2900 τινες
2580 2847 3000 2909 γραμματιπικὴν
3070 2843 3276 2890 καλοῦσι
3328 2856 3340 2889 :
3406 2835 3639 2887 scribere

1940 2936 1991 2984 et
2020 2933 2190 2997 legere
2246 2929 2661 2996 grammattica
2717 2931 2795 2979 est
2860 2926 3210 2993 imperfecta,
3254 2937 3423 2992 quam
3497 2937 3633 2975 non-

1939 3021 2078 3073 nulli
2122 3021 2477 3071 convertcntes
2527 3014 2843 3068 vocabulum
2891 3014 3383 3079 grammatisticam
3412 3015 3631 3065 vocant.

1946 3106 2251 3160 Martianus
2283 3104 2510 3173 Capella
2540 3103 2637 3156 lib.
2671 3119 2729 3155 ιιι
2763 3102 2833 3155 de
2878 3101 3099 3171 Nuptiis
3136 3098 3394 3155 Mercurii
3426 3104 3483 3153 et
3506 3098 3637 3152 Phi-

1944 3193 2192 3264 lologia,
2226 3193 2306 3246 sic
2333 3190 2765 3262 grammaticam
2798 3190 3128 3259 loquentem
3161 3187 3411 3242 inducit:
3467 3199 3634 3256 Υρπμ-

1944 3294 2124 3354 ματικὴ
2154 3283 2305 3335 dicor
2350 3283 2409 3334 in
2475 3281 2701 3346 Gracia,
2763 3278 2906 3347 quod
2945 3288 3151 3348 γραμμὴ
3181 3279 3323 3331 linea
3384 3282 3434 3331 et
3473 3286 3630 3347 γράμ-

1944 3397 2073 3442 ματα
2105 3374 2296 3425 littera
2333 3372 2729 3437 nuncupentur,
2768 3368 3009 3436 mihique
3037 3369 3110 3420 sit
3167 3367 3491 3420 attributum
3544 3367 3637 3418 lit-

1944 3468 2183 3515 terarum
2210 3463 2417 3527 formas
2472 3458 2712 3528 propriis
2748 3456 2998 3510 ductibus
3046 3457 3268 3521 lineare,
3320 3457 3457 3509 Hinc
3502 3455 3640 3507 mihi

1946 3552 2200 3626 Romulus
2249 3549 2583 3602 litteratura
2624 3561 2813 3600 nomen
2854 3547 3129 3613 ascripsit,
3164 3548 3413 3613 quamvis
3442 3546 3637 3610 infan-

1946 3645 2047 3692 tem
2092 3654 2173 3691 me
2215 3635 2622 3691 litterationem
2670 3635 2903 3689 voluerit
2949 3649 3279 3701 nuncupare,
3311 3635 3451 3687 sicut
3488 3632 3639 3701 apud

1945 3728 2151 3783 Gracos
2174 3734 2565 3796 γραμματιστικὴ
2601 3724 2860 3791 primitus
2908 3722 3204 3785 vocitabar,
3263 3727 3376 3776 tum
3418 3726 3469 3775 et
3494 3723 3638 3774 anti-

1943 3819 2118 3870 stitem
2147 3815 2316 3881 dedit,
2363 3819 2413 3868 et
2431 3816 2717 3867 sectatores
2748 3810 3049 3879 impuberes
3079 3811 3420 3877 aggregavit.
3467 3809 3641 3864 Isido-

1943 3922 2041 3959 rus
2071 3903 2225 3974 Orig.
2260 3902 2357 3957 lib.
2388 3919 2424 3963 ι,
2454 3917 2578 3970 cap.
2612 3904 2681 3955 3:
2735 3898 3042 3954 Primordia
3089 3900 3457 3964 grammatica
3502 3899 3639 3951 artis

1943 3996 2134 4050 littera
2164 4005 2460 4045 communes
2499 3991 2760 4053 existunt,
2812 4002 2949 4055 quas
2976 3986 3193 4038 librarii
3209 3991 3257 4039 et
3291 3986 3640 4038 calculatores

1942 4085 2257 4149 sequuntur,
2309 4078 2451 4132 unde
2490 4082 2541 4130 et
2596 4092 2712 4130 eam
2780 4077 2954 4127 Varro
3005 4073 3417 4126 litterationem
3463 4078 3636 4126 vocat.

1942 4170 2111 4224 Plura
2141 4168 2245 4220 hac
2276 4167 2346 4220 de
2376 4182 2435 4219 re
2470 4168 2725 4218 veterum
2754 4160 3086 4216 testimonia
3116 4161 3247 4215 vide
3296 4161 3447 4230 apud
3472 4162 3635 4214 Joan.

1942 4259 2218 4312 aWower
2263 4255 2325 4308 in
2367 4252 2701 4307 tractatione
2747 4250 2816 4305 de
2870 4249 3247 4320 Polymathia,
3305 4265 3426 4320 cap.
3474 4251 3527 4315 4,
3585 4254 3641 4303 et

1944 4345 2137 4400 Claud.
2187 4342 2529 4398 Salmasium
2579 4341 2682 4396 sub
2730 4340 2903 4395 ﬁnem
2956 4342 3223 4393 notarum
3274 4338 3333 4392 in
3388 4338 3635 4393 Pallium

1945 4433 2301 4488 Tertulliani.

2018 4520 2273 4594 [lbid.,§
2322 4523 2408 4576 37.
2461 4520 2734 4573 Historia.
2794 4518 2919 4572 Non
2959 4531 3024 4570 ea
3072 4516 3443 4589 intelligenda
3476 4533 3641 4589 aqua

1944 4610 2080 4665 dicti
2125 4609 2383 4663 historici
2431 4608 2811 4678 Thucydides,
2859 4605 3147 4677 Polybius,
3188 4606 3401 4677 aliique
3453 4606 3511 4660 id
3541 4623 3639 4677 ge-

1944 4715 2068 4762 nus,
2122 4699 2220 4751 sed
2260 4696 2598 4767 philologia,
2657 4696 2819 4767 cujus
2879 4694 3045 4766 periti
3075 4702 3388 4766 πολυίστορες
3433 4694 3639 4749 dicun-

1942 4793 2056 4853 tur,
2106 4786 2257 4840 unde
2300 4785 2620 4838 Alexander
2668 4783 3009 4853 Polyhistor,
3060 4783 3247 4852 Apion
3294 4782 3634 4852 Polyhistor,

1943 4876 2001 4930 C.
2026 4876 2209 4930 Julius
2242 4873 2495 4944 Hyginus
2528 4872 2873 4943 Polyhistor,
2902 4871 3066 4941 quasi
3101 4871 3252 4924 dicas
3282 4871 3634 4936 multiscium,

1939 4971 2035 5019 ἀπὸ
2063 4973 2149 5019 τοῦ
2178 4969 2303 5017 πολὺ
2358 4966 2411 5015 et
2445 4967 2653 5016 ἴσισϐαι.
2691 4959 2820 5014 Vide
2911 4959 2989 5013 Cl.
3078 4957 3421 5012 Salmasium
3458 4958 3527 5011 ad
3559 4958 3634 5013 ῐὶ-

1941 5053 2126 5107 tulum
2183 5050 2361 5106 Solini
2396 5048 2783 5121 Polyhistoris.
2833 5047 2921 5102 Sic
2969 5060 3181 5101 nomen
3233 5046 3468 5099 historia
3532 5060 3636 5116 pro

1941 5140 2140 5213 quavis
2187 5139 2515 5209 cognitione
2568 5142 2882 5208 usurpatur
2919 5135 2987 5189 ab
3018 5132 3335 5203 Augustino
3366 5132 3463 5188 lib.
3494 5151 3531 5187 ιι
3565 5134 3633 5189 de

1943 5229 2168 5296 Musica,
2194 5244 2298 5299 cap
2350 5231 2400 5292 l,
2433 5226 2535 5296 ξι.

2288 5314 2637 5381 DESIDERII
2678 5312 2924 5368 ERASMI
2966 5308 3287 5364 CENSURA

2394 5420 2450 5458 ΙΝ
2491 5416 2931 5463 SOLILOQUIORUM
2976 5414 3190 5454 LIBROS.

2013 5496 2166 5567 Opus
2198 5493 2340 5549 mire
2379 5493 2656 5564 resipiens
2678 5489 2878 5561 optimi
2900 5488 3006 5543 viri
3044 5486 3346 5542 infantiam
3387 5486 3447 5541 in
3477 5486 3637 5541 Chri-

1943 5588 2045 5639 sto.
2094 5586 2231 5639 Nam
2275 5583 2571 5638 Rationem
2612 5580 2691 5633 ita
2734 5581 3058 5650 loquentem
3110 5577 3242 5631 facit
3274 5593 3399 5630 cum
3443 5579 3638 5668 Angli:
