3922 6188
280 300 382 351 223
1291 298 1829 353 SUPI’LEMENTUM

2157 299 2243 353 ua
2281 301 2337 352 s.
2381 297 2762 354 AUGUSTINI.
3624 311 3706 365 22,

277 417 448 485 stino,
481 418 645 490 quasi
672 419 838 476 Ratio
869 435 986 474 non
1008 419 1079 474 sit
1104 419 1298 490 potior
1320 419 1624 490 Augustini
1654 436 1804 493 pars.
1854 422 1964 475 To-
2003 422 2048 478 A
2077 425 2199 487 cta;
2232 425 2289 476 et
2315 421 2592 492 thymosa,
2631 421 2746 476 sive
2777 439 2808 476 e
2837 421 3036 493 thymo
3074 423 3318 481 collecta.
3373 427 3474 481 Adi
3500 428 3709 486 Plinium

286 506 584 562 lerabilius
617 509 827 563 Seneca
855 509 1019 579 ﬁngit
1049 507 1305 563 Rationis
1336 513 1392 562 et
1419 509 1627 563 Sensus
1655 509 1969 580 dialogum.
2086 511 2220 566 Hist.
2253 515 2373 566 nat.
2403 511 2504 566 lib.
2540 528 2618 580 x1,
2647 528 2770 582 cap.
2806 514 2868 566 t3
2895 516 2951 565 et
2980 527 3137 582 seqq.

279 597 362 652 Ad
393 597 537 665 haec,
587 597 749 668 quasi
793 613 926 651 vero
975 597 1089 651 duo
1119 597 1428 667 loquantur
1456 598 1740 665 homines,
1768 598 1830 652 in
1859 599 1973 652 dis-
2603 601 3258 656 ANIMADVERSIONES

279 685 609 756 putationes
663 690 718 739 et
760 685 933 738 libros
969 684 1280 739 dissecatur
1311 703 1520 753 sermo,
1555 704 1626 741 ne
1652 687 1973 758 defatigen-
2366 705 2423 743 IN
2462 706 2663 744 LIBRUM
2703 705 2771 744 DE
2815 706 3236 744 IMMORTALITATE
3282 707 3471 746 aurita.

280 779 416 829 tur:
472 789 845 844 nonunquam
899 778 954 827 et
996 773 1056 826 in
1105 773 1434 844 sophistica,
1487 775 1839 846 leviculaque
1878 792 1976 829 ar-
2153 778 2287 848 Cap.
2320 781 2372 847 I,
2405 777 2432 848 §
2468 782 2520 833 1.
2573 780 2634 834 Si
2679 778 2880 833 alicubi
2920 783 2998 833 est
3045 779 3357 849 disciplina,
3397 795 3481 835 nec
3516 796 3611 836 esse
3627 786 3718 838 nisi

281 864 573 936 gutatione
623 863 968 934 imploratur
1013 864 1293 918 auxilium
1327 865 1634 936 divinum.
1687 868 1974 922 Lectorem
2083 868 2140 920 in
2170 882 2227 921 eo
2260 867 2404 935 quod
2429 869 2568 922 vivit
2591 872 2766 937 potest
2795 872 2844 922 et
2884 883 3092 937 semper
3121 872 3219 934 est,
3244 883 3410 937 neque
3461 871 3720 939 quidquam

281 953 524 1025 requirit
547 951 857 1022 patientem
891 958 947 1006 et
967 953 1298 1008 candidum.
2081 958 2138 1009 in
2159 971 2262 1024 quo
2293 957 2427 1026 quid
2471 973 2678 1026 semper
2719 962 2797 1011 est
2837 960 3015 1027 potest
3053 972 3164 1011 esse
3184 973 3287 1012 non
3316 972 3524 1028 semper,
3550 975 3722 1030 semper

547 1041 594 1094 .l.
627 1042 1032 1095 PIIEREPONI
1074 1042 1726 1098 ANIMADVERSIONES
2083 1047 2220 1099 vivit
2256 1048 2315 1099 in
2365 1061 2468 1114 quo
2510 1050 2589 1100 est
2634 1047 2948 1115 disciplina.
2980 1044 3001 1117 ]
3048 1045 3216 1110 Quasi
3247 1061 3376 1100 vero
3407 1062 3514 1100 non
3540 1049 3724 1117 possint

853 1145 906 1182 1N
958 1145 1160 1183 nososu
1200 1147 1407 1187 LIBROS.
2086 1148 2207 1186 esse
2247 1132 2307 1186 in
2349 1131 2642 1187 intellectu
2694 1133 2794 1186 Dei
2846 1133 2992 1188 idea:
3036 1133 3475 1203 disciplinarum,
3507 1137 3724 1205 quamvis

355 1219 528 1274 Lleao
561 1236 603 1273 ι.
645 1219 780 1288 Cap.
820 1223 866 1281 1,
903 1218 930 1288 §
966 1222 1014 1272 1.
1050 1220 1148 1274 Ait
1176 1221 1312 1274 mihi
1339 1220 1533 1288 subito,
1584 1222 1695 1275 sive
1719 1235 1812 1287 ego
1843 1222 1976 1290 ipse,
2087 1221 2262 1275 nulla:
2309 1227 2499 1276 essent
2545 1223 2851 1277 creaturas!
2890 1224 3015 1277 Imo
3045 1223 3296 1288 fuerunt,
3339 1227 3463 1276 ante
3522 1224 3722 1278 creatio-

272 1311 385 1362 sive
409 1310 551 1362 alius
587 1310 711 1377 quis
759 1310 1103 1375 intrinsecus,
1173 1311 1285 1363 sive
1339 1312 1674 1365 extrinsecus
1720 1310 1974 1383 nescia]
2088 1325 2240 1364 nem.
2301 1311 2600 1376 Praeterea,
2655 1311 2782 1380 quis
2837 1311 3018 1365 nescit
3064 1311 3517 1381 distinguendam
3547 1311 3726 1366 abstra-

283 1399 414 1454 Haec
442 1397 698 1451 redolent
730 1395 1168 1466 Platonismum,
1202 1413 1269 1451 ex
1300 1415 1414 1470 quo
1446 1399 1706 1452 homines
1734 1401 1978 1455 rationa-
2087 1402 2234 1452 ctam
2284 1398 2600 1470 cujuspiam
2647 1398 2731 1452 rei
2772 1398 2981 1468 ideam,
3012 1415 3076 1454 ac
3099 1398 3429 1454 veritatem:
3454 1400 3519 1454 ab
3559 1401 3728 1454 actuali

280 1487 354 1539 les
387 1488 542 1553 sunt,
592 1488 878 1555 quatenus
931 1484 1141 1539 divinae
1169 1488 1399 1541 rationis
1431 1486 1771 1558 participes;
1806 1504 1839 1541 a
1867 1505 1982 1559 qua
2088 1487 2431 1559 cogitatione
2481 1489 2550 1542 de
2581 1488 2865 1558 ejusmodi
2895 1488 3044 1556 idea,
3077 1493 3178 1543 aut
3204 1489 3475 1543 veritate?
3501 1489 3632 1544 Idea:
3655 1505 3728 1544 ve-

282 1590 401 1629 non
428 1577 653 1628 tantum
686 1580 1028 1646 acceperunt
1056 1575 1430 1630 substantiam
1461 1576 1643 1647 ipsam
1665 1581 1721 1631 et
1741 1577 1978 1632 faculta-
2087 1577 2398 1648 ritatesque
2437 1578 2737 1632 abstractas
2777 1581 3005 1632 aeterna:
3033 1576 3314 1644 dicantur,
3362 1578 3506 1648 quod
3527 1576 3627 1631 sint
3644 1593 3730 1631 na-

282 1667 368 1718 tes
399 1662 629 1730 mentis,
663 1663 764 1718 sed
793 1663 964 1718 etiam
995 1680 1124 1720 cum
1155 1664 1300 1719 bene
1329 1665 1745 1720 ratiocinantur
1760 1667 1976 1722 occulte
2017 1717 2056 1737 η
2090 1670 2217 1720 tura
2250 1681 2351 1721 sua
2381 1665 2771 1720 immutabiles
2795 1686 2810 1731 ;
2843 1666 2943 1720 sed
2989 1664 3119 1737 quis
3142 1664 3275 1719 inde
3304 1664 3522 1736 colligat
3547 1663 3730 1719 animos

285 1755 614 1818 monentur,
670 1751 832 1823 quasi
890 1770 923 1807 a
971 1754 1261 1824 magistro.
1298 1754 1430 1808 Vide
1458 1754 1672 1808 librum
1703 1755 1771 1809 de
1802 1755 1976 1826 Magi-
2017 1751 2058 1772 "
2091 1755 2159 1810 de
2206 1755 2274 1809 iis
2323 1753 2641 1825 cogitantes
2688 1768 2808 1807 esse
2853 1756 3113 1819 aeternos,
3148 1755 3360 1822 praeter
3394 1765 3572 1805 meros
3594 1767 3730 1821 argn-

285 1845 420 1894 stro.
480 1842 598 1895 Imo
642 1846 698 1896 et
743 1841 1043 1909 rationem,
1101 1843 1378 1898 abstracta
1435 1847 1766 1916 spectatam,
1816 1860 1977 1898 more
2085 1843 2342 1898 tatores?
2390 1842 2600 1897 Eadem
2649 1858 2843 1912 opera,
2897 1840 3165 1911 colligere
3224 1839 3495 1910 potuisset
3564 1838 3731 1892 animis

287 1928 571 1983 Platonico
619 1929 996 1984 substantiam
1049 1947 1169 1986 esse
1209 1933 1351 2000 vult,
1411 1931 1481 1986 de
1547 1933 1976 1987 Immortalitate
2087 1933 2355 1988 humanis
2384 1933 2609 1988 nullum
2639 1932 2812 1987 fuisse
2842 1931 3098 1986 initium.
3138 1930 3248 1986 Sed
3295 1929 3430 1984 talia
3465 1927 3730 1984 ratiocina-

287 2017 494 2071 animae
527 2016 553 2087 §
589 2021 670 2072 11.
723 2017 854 2072 Ideo
899 2019 1251 2090 Augustinus
1278 2019 1564 2074 rationem
1593 2036 1627 2074 a
1653 2025 1846 2075 mente
1877 2037 1980 2074 sua
2086 2021 2311 2075 tionum
2343 2020 2589 2075 ludibria
2607 2037 2727 2074 non
2755 2035 3069 2074 moramur.

287 2106 561 2168 distinxit,
637 2123 878 2178 eamque
934 2123 1063 2162 cum
1114 2109 1214 2162 illa
1259 2110 1682 2180 colloquentem
1735 2108 1975 2164 induxit.
2159 2113 2292 2182 Cap.
2324 2110 2442 2181 ‘7,§
2488 2114 2570 2165 12.
2629 2111 2792 2165 Nulla
2843 2111 3088 2182 prmeisio
3127 2108 3380 2179 perducit
3419 2107 3490 2162 ad
3525 2104 3732 2161 nihilum.

288 2196 424 2249 Haec
474 2193 828 2250 observanda
872 2196 1054 2266 fuere,
1105 2201 1344 2269 pr0pter
1399 2214 1696 2253 censuram
1724 2199 1979 2265 Erasmi;
2087 2202 2272 2257 Omnis
2300 2202 2440 2254 enim
2467 2215 2600 2270 pars
2632 2215 2751 2269 qua?
2791 2204 3029 2254 remanet
3077 2213 3270 2269 corpus
3289 2202 3384 2265 est,
3416 2201 3463 2250 et
3508 2194 3736 2265 quidquid

287 2299 360 2338 ne
406 2282 656 2354 ineptior
699 2289 818 2338 tum
870 2285 1044 2340 fuisse
1094 2285 1352 2341 videatur
1399 2287 1774 2358 Augustinus,
1807 2303 1980 2359 quam
2087 2291 2182 2345 hoc
2233 2293 2311 2344 est
2357 2289 2692 2358 quantolibet
2742 2291 2920 2358 spatio
2977 2289 3147 2342 locum
3200 2283 3489 2355 occupat.)
3551 2284 3670 2336 Vere
3693 2286 3736 2335 et

288 2388 488 2426 revera
535 2375 674 2427 erat.
719 2372 843 2427 Alia
891 2390 1184 2446 possemus
1232 2375 1436 2430 addere
1463 2376 1532 2431 de
1561 2376 1784 2430 ratione
1818 2393 1880 2431 ex
1912 2375 1981 2430 iis
2087 2380 2268 2431 acute.
2296 2376 2434 2430 Hinc
2458 2375 2726 2446 colligere
2784 2374 2972 2445 potuit
3007 2373 3387 2428 substantiam
3415 2368 3644 2440 corporis
3667 2367 3736 2420 vi-

290 2477 420 2532 quze
469 2476 536 2516 ex
586 2461 875 2517 Clemente
925 2463 1141 2534 profert
1183 2464 1414 2518 Photius
1444 2464 1570 2520 cod.
1605 2482 1710 2519 crx.
1736 2465 1979 2520 Caetero-
2088 2467 2245 2521 ribus
2301 2465 2570 2520 humanis
2617 2465 2852 2520 interire
2895 2480 3131 2534 prorsus
3158 2480 3278 2518 non
3309 2477 3488 2533 posse,
3520 2458 3608 2514 sed
3635 2463 3734 2512 tan-

292 2549 393 2620 qui
447 2566 620 2622 quem
660 2567 777 2605 non
834 2551 1044 2622 pigeat,
1085 2553 1404 2625 madeatque
1431 2553 1808 2625 argutiarum,
1840 2570 1981 2625 quas
2090 2560 2212 2610 tum
2245 2553 2476 2610 mutari.
2511 2553 2602 2607 Sic
2626 2558 2820 2624 posset
2850 2553 2974 2608 ﬁeri
3003 2558 3065 2607 ut
3092 2570 3125 2607 a
3155 2552 3434 2607 creaturis
3467 2551 3739 2604 mutaretur

296 2655 406 2692 non
437 2639 543 2692 sibi
576 2641 671 2694 sed
697 2641 904 2694 rationi
934 2640 1044 2712 ipsi
1076 2641 1321 2696 tribuit?
2089 2643 2353 2698 nonnihil
2383 2643 2444 2696 in
2472 2643 2788 2697 substantia
2813 2642 3042 2709 mentis,
3077 2659 3210 2714 quas
3242 2646 3436 2696 tamen
3483 2641 3740 2709 propterea

365 2728 392 2797 §
420 2729 470 2781 2.
505 2732 644 2782 Deus
669 2731 765 2796 qui
791 2731 991 2783 malum
1017 2745 1120 2783 non
1149 2733 1309 2798 facis,
1370 2735 1419 2784 et
1448 2732 1591 2796 facis
1633 2745 1742 2784 esse
1765 2745 1830 2782 ne
1855 2744 1982 2799 pes-
2092 2732 2272 2788 deleri
2299 2749 2464 2804 posse
2495 2732 2777 2786 censenda
2807 2748 2924 2786 non
2952 2735 3053 2795 est,

288 2818 488 2870 simum
517 2819 637 2885 fiat.
668 2815 690 2888 ]
723 2818 836 2871 Hoc
886 2821 970 2871 est
1000 2817 1098 2889 qui
1147 2823 1346 2889 sponte
1376 2819 1606 2890 quidem
1640 2823 1738 2873 tua
1765 2819 1980 2872 malum
2612 2819 3270 2876 ANIMADVEBSIONES

297 2921 410 2959 non
439 2905 595 2972 facis,
631 2906 726 2960 sed
756 2910 979 2961 tantum
1011 2923 1081 2961 ne
1108 2908 1247 2978 quid
1294 2907 1542 2962 deterius
1571 2908 1814 2962 eveniat.
1845 2908 1982 2972 Quas
2439 2926 2492 2964 IN
2532 2925 2733 2964 manus
2775 2924 2842 2962 ne
2881 2923 3226 2968 euasurus
3256 2922 3452 2960 aurum.

295 2994 596 3059 sententia,
649 2994 758 3048 nisi
807 2996 993 3062 fallor,
1047 2996 1219 3067 digna
1250 3001 1371 3050 erat
1399 3013 1527 3068 quas
1556 3000 1980 3052 retractaretur.
2016 3015 2054 3070 ο
2171 2997 2303 3069 Cap.
2343 3000 2390 3064 1,
2427 2995 2453 3066 §
2502 3000 2554 3050 2.
2610 2996 2758 3052 Unde
2806 2999 2880 3050 sit
2922 2993 3174 3067 anima.]
3237 2996 3416 3066 Hujus
3462 2986 3743 3065 quaestionis

297 3082 440 3146 Quid
473 3083 628 3136 enim
667 3099 699 3136 a
730 3089 882 3137 recta
910 3085 1151 3152 ratione,
1210 3085 1628 3156 Scripturisque
1657 3085 1831 3140 sacris
1862 3101 1988 3139 ma-
2097 3103 2295 3145 sensus
2345 3090 2486 3152 erat,
2544 3101 2619 3140 an
2667 3102 2700 3139 a
2747 3087 2862 3140 Deo
2903 3089 3090 3139 creata
3119 3083 3193 3139 sit
3215 3083 3428 3150 anima,
3456 3098 3525 3136 an
3552 3083 3745 3140 aeterna,

299 3171 388 3240 gis
435 3170 708 3238 alienum,
765 3189 936 3242 quam
987 3176 1151 3228 Deum
1187 3177 1367 3241 facere
1410 3179 1469 3228 ut
1499 3177 1570 3228 sit
1609 3177 1860 3228 malum?
1888 3173 1987 3228 sed
2097 3194 2170 3232 an
2225 3191 2342 3230 una
2379 3190 2510 3228 cum
2559 3188 2796 3242 corpore
2844 3190 2909 3227 ex
2956 3173 3190 3226 traduce
3224 3177 3509 3226 nascatur.
3535 3167 3632 3224 Sed
3657 3168 3748 3220 Au-

299 3257 426 3312 vide
456 3259 644 3329 operis
678 3260 747 3314 de
788 3261 997 3316 Ordine
1045 3263 1152 3316 lib.
1191 3280 1252 3328 II,
1283 3280 1404 3332 cap.
1431 3265 1494 3329 ’4,
1527 3262 1554 3331 §
1586 3267 1637 3316 5.
1669 3262 1862 3316 Potuit
1885 3261 1987 3316 ali-
2097 3264 2358 3340 gustinus
2387 3261 2666 3317 rhetorice
2697 3277 2824 3316 eam
2851 3260 3016 3315 solvit.
3044 3263 3142 3314 aut
3173 3260 3374 3327 eludit,
3424 3256 3577 3330 quasi
3622 3267 3748 3325 qua-

301 3361 416 3416 quo
471 3361 642 3400 sensu
685 3346 796 3401 dici
845 3349 992 3402 Deus
1030 3352 1155 3418 pati
1183 3351 1347 3416 mala,
1377 3366 1448 3404 ne
1478 3349 1762 3404 deteriora
1791 3349 1858 3403 ab
1890 3349 1989 3403 ho-
2098 3356 2338 3419 reretur,
2381 3366 2511 3421 quas
2557 3348 2742 3421 patria
2785 3349 2860 3403 sit
2904 3347 3111 3402 animus
3142 3363 3155 3413 ;
3193 3347 3348 3419 quod
3378 3346 3504 3417 quis
3535 3354 3748 3413 unquam

297 3433 550 3488 minibus
597 3435 755 3503 ﬁant,
805 3452 936 3490 cum
985 3454 1042 3490 se
1084 3438 1398 3492 liberarum
1432 3441 1820 3492 creaturarum
1855 3439 1989 3492 afl‘e-
2099 3438 2448 3496 somniavit?

301 3521 477 3576 ctioni
507 3527 888 3594 attemperat;
919 3531 983 3580 ut
1012 3543 1141 3581 cum
1172 3527 1232 3581 in
1257 3527 1468 3582 Iudaeis
1496 3528 1769 3582 toleraret
1801 3527 1990 3582 divor-
2169 3528 2310 3584 Ibid.
2364 3529 2424 3584 Si
2441 3539 2691 3596 pergeres
2713 3539 2948 3594 quaerere
2967 3523 3108 3578 unde
3129 3525 3257 3592 ipsa
3288 3526 3453 3588 terra,
3497 3519 3574 3574 vel
3615 3527 3749 3584 aqua,

301 3609 448 3665 tium
475 3616 533 3666 et
563 3613 691 3667 alia.
726 3614 833 3668 Sed
883 3631 948 3668 ea
983 3617 1164 3682 facere
1191 3616 1301 3672 dici
1325 3633 1440 3671 non
1468 3620 1653 3686 potest
1680 3635 1695 3685 ;
1728 3632 1830 3670 nec
1859 3632 1993 3670 sane
2097 3621 2178 3674 vel
2217 3634 2324 3683 aer,
2358 3617 2440 3671 vel
2460 3617 2602 3684 ignis
2624 3619 2882 3682 constent,
2906 3615 3046 3668 nihil
3064 3615 3185 3683 jam
3202 3613 3350 3683 quod
3378 3613 3596 3667 dicerem
3625 3617 3752 3672 repe-

307 3698 521 3754 mirum
545 3702 680 3756 talia
730 3703 842 3756 Deo
872 3703 1232 3773 ingerentem
1263 3705 1332 3759 ab
1361 3721 1427 3760 eo
1453 3704 1593 3759 nihil
1622 3705 1993 3775 impetrasse;
2100 3708 2284 3761 rirem.
2313 3703 2334 3775 ]
2381 3702 2657 3757 Omnibus
2683 3707 2876 3755 tamen
2905 3705 3106 3754 notum
3138 3705 3263 3754 erat
3287 3704 3544 3754 constare
3568 3711 3628 3749 ea
3652 3691 3753 3746 ﬁcta

302 3803 436 3842 nam
464 3788 550 3843 his
573 3789 1036 3860 duobuslibellis,
1067 3791 1274 3863 quibus
1304 3793 1376 3847 ad
1405 3793 1658 3848 divinam
1690 3809 1858 3863 opem
1889 3808 1992 3846 sm-
2103 3795 2388 3848 elementa
2410 3790 2668 3845 omnium
2692 3805 2884 3844 rerum
2905 3788 3226 3844 innumeris
3247 3789 3521 3860 partibus,
3545 3785 3603 3838 in
3643 3792 3754 3851 quas

303 3876 433 3949 pius
452 3878 727 3950 confugit,
743 3880 880 3950 quid
896 3881 1124 3935 tandem
1141 3882 1412 3953 est,quod
1425 3881 1696 3953 telegisse
1714 3881 1996 3952 gaudeas?
2102 3881 2309 3938 resolvi
2341 3883 2599 3951 possunt.
2633 3879 2754 3942 Quo
2805 3878 2853 3932 si
2895 3877 3006 3932 dici
3044 3883 3238 3948 posset
3265 3878 3335 3932 de
3364 3879 3572 3942 mente,
3601 3873 3754 3925 actum

375 3969 510 4038 Cap.
561 3970 644 4034 12,
698 3968 726 4040 §
783 3973 870 4024 21.
921 3971 1104 4036 Cogor
1141 3971 1413 4026 interdum
1451 3972 1691 4028 Cornelio
1727 3971 1871 4027 Celso
1900 3985 1996 4025 as—
2105 3974 2246 4025 esset
2293 3969 2363 4024 de
2398 3968 2519 4038 ejus
2560 3965 3010 4020 immortalitate.
3061 3965 3168 4020 Sed
3212 3980 3438 4030 eorum,
3482 3961 3576 4032 qui
3600 3956 3757 4012 minas

304 4057 516 4122 sentiri,
567 4058 665 4126 qui
709 4059 791 4112 ait
836 4073 1102 4112 summum
1123 4059 1314 4113 bonum
1343 4074 1453 4114 esse
1483 4061 1826 4128 sapientiam,
1850 4074 1995 4112 sum-
2105 4063 2363 4116 accurate
2410 4057 2909 4130 philosophantur,
2967 4055 3428 4126 comparationes
3493 4051 3562 4106 ad
3602 4047 3758 4102 vivum

309 4160 454 4198 mum
483 4149 666 4199 autem
697 4146 900 4199 malum
919 4147 1153 4200 dolorem
1194 4149 1459 4216 corporis.
1491 4147 1506 4217 ]
1539 4147 1772 4201 Videtur
1801 4162 1922 4199 esse
1952 4145 1998 4198 is
2105 4149 2426 4205 resecandae
2473 4162 2591 4202 non
2637 4149 2789 4199 sunt.
2841 4144 3004 4209 Quod
3046 4143 3138 4198 hic
3175 4143 3505 4198 faciendum
3536 4153 3639 4193 non
3665 4145 3759 4187 esse

309 4233 472 4303 cujus
523 4233 805 4288 habemus
842 4234 1017 4289 libros
1060 4237 1129 4290 de
1173 4236 1466 4300 Medicina,
1512 4252 1645 4290 nam
1682 4239 1738 4290 et
1774 4235 1844 4290 de
1876 4233 1998 4288 aliis
2038 4305 2069 4310 _
2111 4240 2306 4310 liquet,
2362 4254 2431 4292 ex
2481 4253 2546 4290 eo
2589 4234 2744 4307 quod
2784 4233 3158 4304 Augustinus,
3205 4236 3464 4287 mentem
3515 4231 3760 4282 extensum

309 4321 526 4375 artibus
580 4321 901 4393 scripserat,
969 4327 1033 4377 ut
1099 4325 1264 4378 docet
1313 4324 1693 4388 Quintilianus
1751 4323 1996 4378 Institut.
2037 4305 2081 4360 D
2113 4305 2234 4382 esse
2255 4331 2446 4396 neget,
2465 4324 2526 4378 in
2559 4305 2952 4394 sequentibus.

306 4413 520 4464 orator.
553 4410 650 4464 lib.
685 4428 781 4480 xu,
811 4427 935 4482 cap.
968 4411 1188 4466 ultimo.
2179 4414 2312 4484 Cap.
2348 4416 2400 4480 3,
2433 4411 2460 4481 ἓ
2491 4412 2541 4466 4.
2568 4413 2637 4465 Et
2667 4411 2760 4464 hoc
2807 4409 3025 4463 interim
3068 4409 3204 4462 satis
3252 4411 3353 4462 est.
3388 4404 3411 4478 ]
3448 4400 3635 4460 Facilis
3656 4407 3764 4450 sane

384 4499 553 4552 Lieao
583 4516 641 4552 η.
675 4499 809 4570 Cap.
844 4503 896 4566 3,
930 4499 957 4570 §
989 4504 1039 4554 4.
1073 4501 1389 4556 Absurdius
1437 4501 1640 4555 dicitur
1678 4501 1996 4566 falsitatem,
2108 4500 2215 4555 fuit
2239 4501 2496 4562 Evodius,
2543 4499 2642 4570 qui
2671 4503 2788 4552 tam
2819 4496 3014 4568 paucis
3043 4496 3152 4551 sibi
3172 4495 3443 4551 satisﬁeri
3475 4506 3659 4566 passus
3682 4487 3763 4547 est.

315 4597 480 4655 quam
521 4590 802 4643 veritatem
842 4604 953 4643 esse
994 4605 1101 4644 non
1142 4605 1313 4659 posse.
1345 4588 1366 4662 ]
1417 4591 1556 4644 Vere
1596 4591 1878 4654 Erasmus,
1932 4589 2001 4642 ad
2114 4590 2182 4644 de
2212 4589 2530 4660 quaestione
2559 4588 2738 4657 qualis
2768 4589 2842 4640 sit
2871 4588 3076 4640 anima.
3119 4585 3224 4640 Sed
3256 4584 3527 4639 eamdem
3553 4572 3769 4634 invenies

314 4691 475 4730 oram
501 4691 620 4730 suae
674 4676 963 4744 editionis,
1016 4677 1110 4732 hic
1155 4679 1421 4750 apposuit
1450 4693 1463 4733 ε
1497 4679 1804 4748 Sophistica
1833 4677 2003 4732 indu—
2111 4681 2409 4732 tractatam
2431 4677 2489 4730 in
2518 4677 2695 4730 altera
2727 4675 3062 4744 quaestione,
3095 4673 3165 4728 de
3215 4672 3536 4744 quantitate
3574 4665 3765 4722 anima!-

316 4767 443 4820 ctio.
473 4766 676 4820 Postea
708 4765 879 4820 etiam
907 4767 977 4821 ad
1027 4749 1256 4821 initium
1310 4767 1508 4837 capitis
1553 4766 1879 4838 sequentis:
1913 4768 2004 4822 So-
2185 4763 2328 4818 Ibid.
2359 4764 2598 4834 Ideoque
2628 4764 2753 4817 bene
2778 4764 3114 4832 praecipitur,
3149 4763 3314 4814 etiam
3344 4763 3404 4814 in
3425 4754 3699 4827 mysteriis,
3723 4749 3769 4838 ιξτ

303 4854 641 4924 phisticatur
671 4858 720 4908 et
751 4855 837 4910 hic
867 4855 932 4909 de
955 4872 1079 4910 vero
1108 4861 1158 4910 et
1183 4857 1347 4923 falso.
1375 4835 1783 4911 —Profecto_non
1817 4855 2006 4926 sophi-
2112 4853 2294 4906 omnia
2347 4867 2600 4921 corporea
2642 4855 2963 4912 contemnat,
3025 4852 3384 4919 universoque
3436 4847 3556 4901 huic
3603 4835 3770 4895 mundo

308 4945 393 4995 sta
424 4945 668 5004 tantum,
699 4941 798 4996 sed
828 4944 1248 5013 propemodum
1275 4943 1504 5014 ineptus
1533 4944 1856 5009 haberetur,
1904 4944 2005 5015 qui
2112 4941 2398 4994 renuntiet.
2423 4938 2444 5011 ]
2471 4941 2618 4994 Bene
2645 4939 2703 4993 in
2731 4939 2987 5010 margine
3021 4940 3286 4992 Erasmus
3317 4932 3602 4992 adnotavit
3622 4932 3674 4982 in
3691 4926 3771 5015 lia-

316 5029 452 5084 talia
480 5030 651 5086 hodie
685 5030 974 5086 scriberet.
1927 5014 1938 5015 7
2108 5031 2347 5099 ptismo:
2402 5033 2604 5082 notum
2651 5027 2805 5082 enim
2848 5032 2931 5081 est
2971 5026 3301 5082 renuntiare
3343 5024 3550 5080 solitos.
3580 5015 3669 5090 qui
3694 5014 3774 5099 baf

392 5119 526 5189 Cap.
559 5124 610 5188 6,
647 5120 674 5190 §
710 5124 791 5176 I2.
823 5122 929 5176 Mel
967 5121 1272 5189 thyminum
1301 5136 1333 5174 a
1353 5120 1506 5174 melle
1535 5118 1835 5191 thymino.]
1873 5122 2007 5174 Era-
2111 5098 2387 5190 ptismum
2417 5117 2789 5189 accipiebant,
2813 5115 3026 5171 diaboli
3053 5119 3109 5170 et
3137 5115 3340 5170 mundi
3370 5111 3611 5185 pompis.
3641 5098 3773 5169 Ουοά

320 5219 476 5259 smus
497 5205 588 5260 hic
616 5209 788 5264 habet
817 5209 875 5264 in
910 5225 1042 5264 ora:
1080 5227 1106 5260 ‹‹
1139 5208 1443 5278 Virgilius:
1495 5208 1852 5276 Redolentque
1883 5210 2005 5276 thy-
2115 5206 2398 5262 faciebant
2415 5205 2588 5262 etiam
2603 5205 2908 5260 infantium
2937 5207 3314 5276 susceptores,
3337 5215 3535 5258 eorum
3555 5193 3775 5252 nomine.

321 5308 406 5349 mo
449 5296 768 5361 fragrantia
813 5300 991 5354 mella.
1037 5298 1191 5354 Alias
1240 5299 1569 5352 Himetinum
1621 5300 1679 5351 et
1724 5299 2006 5364 Hymeiuo,
2120 5301 2181 5352 ut
2209 5299 2449 5351 testatur
2502 5294 2856 5366 Augustinus
2900 5293 3005 5350 lib.
3045 5294 3114 5349 de
3146 5296 3278 5350 Pec.
3318 5291 3550 5362 origin,
3582 5285 3607 5356 §
3634 5285 3711 5345 45,
3736 5282 3779 5331 et

318 5379 417 5434 sed
465 5381 641 5435 altera
691 5383 856 5439 lectio
900 5386 1080 5457 magis
1126 5385 1418 5458 probatur.
1455 5409 1480 5431 »
1515 5386 1642 5438 Haec
1679 5384 1794 5438 ille.
1840 5383 2010 5438 Miror
2123 5386 2220 5440 lib.
2253 5402 2271 5438 ι
2301 5385 2370 5440 de
2403 5384 2628 5456 Nuptiis
2658 5388 2714 5438 et
2744 5383 3071 5455 Concupis.,
3103 5399 3227 5454 cap.
3260 5383 3352 5449 20,
3387 5379 3415 5450 §
3445 5381 3532 5433 22.

315 5467 605 5524 varietatis
636 5470 808 5541 hujus
838 5490 953 5528 non
980 5453 1310 5530 mem-inisse
1363 5473 1610 5530 editores
1642 5471 2002 5527 Parisienses.
2191 5475 2324 5544 Cap.
2357 5475 2412 5541 4,
2453 5453 2566 5545 §‘5.
2603 5474 2855 5528 Placetne
2885 5453 2988 5528 tilii
3023 5477 3085 5526 ut
3128 5453 3303 5541 ipsam
3352 5467 3626 5539 justitiam
3664 5453 3783 5513 nihil

322 5557 578 5615 Celebria
607 5559 840 5616 fuerunt
868 5564 1037 5618 mella
1073 5565 1376 5637 Hymettia,
1409 5583 1442 5618 a
1472 5568 1666 5618 monte
1696 5561 1894 5616 Atticas
1923 5561 2008 5616 di-
2124 5577 2233 5618 esse
2283 5563 2567 5617 credamus
2590 5560 2663 5632 ?]
2698 5562 2793 5616 Est
2830 5562 3001 5631 plane
3052 5559 3218 5624 nihil,
3253 5557 3299 5612 si
3331 5555 3648 5612 conferatur
3674 5558 3781 5601 cum
