3922 6188
164 306 262 358 225
968 305 1331 362 VARIORUM
1374 307 1974 366 EXERCITATIONES
2015 311 2078 365 IN
2118 311 2154 364 S
2217 312 2576 366 AUGUSTINI
2619 314 2867 367 ()l’l‘llH.

3568 319 3667 372 226

163 427 519 494 substantia;
559 443 691 482 nam
731 428 955 499 justitia
997 429 1057 483 in
1106 430 1388 486 abstracto
1442 449 1727 504 nusquam
1760 437 1865 499 est,
1904 433 1949 487 A
1982 416 2180 488 Omnes
2203 435 2665 505 pronuntiemus,
2692 440 2748 489 et
2776 451 2949 506 quam
2978 452 3151 507 prave
3203 452 3398 491 versus
3426 454 3663 508 praeser-

162 517 266 572 nisi
299 518 359 570 in
408 516 609 571 animo
659 534 784 571 eam
849 518 1244 589 intelligentis.
1300 520 1405 575 Sed
1462 522 1735 577 Platonici
1791 523 1860 578 de

160 605 295 661 ideis
329 606 737 676 loquebantur,
766 606 932 676 quasi
963 607 1033 661 de
1062 608 1412 663 substantiis.

223 695 359 763 Cap.
388 699 448 759 '7,
484 694 512 764 ἓ
542 694 631 749 12.
671 696 1009 750 Auctoritati
1046 698 1257 751 credere
1293 714 1550 765 magnum
1609 716 1861 769 compen—

157 785 303 838 dium
328 788 425 849 est,
459 789 511 837 et
535 786 718 839 nullus
744 785 913 851 labor,
935 786 1076 855 etc.]
1098 786 1207 840 Sed
1226 786 1383 856 prius
1399 788 1522 859 ipsa
1550 788 1649 843 illa
1668 794 1861 843 aucto-

157 873 292 927 ritas
334 873 713 943 expendenda
742 878 845 938 est,
891 889 1063 943 quam
1096 874 1147 928 ei
1180 874 1353 928 ﬁdem
1392 876 1742 943 habeamus;
1784 878 1863 932 ita

161 966 220 1016 ut
241 962 297 1015 ei
346 978 452 1033 per
507 962 706 1015 omnia
751 962 1072 1025 credamus,
1131 964 1266 1034 quia
1315 964 1477 1019 nobis
1527 966 1862 1021 indubitatis

156 1051 519 1121 argumentis
549 1053 769 1104 constat
812 1067 938 1104 eam
976 1067 1081 1104 nec
1124 1052 1261 1117 falli,
1314 1069 1417 1127 nec
1454 1054 1669 1109 fallere.
1704 1056 1864 1111 Alio—

155 1141 254 1212 qui
288 1142 536 1195 stultum
583 1145 730 1194 esset
758 1140 811 1194 ei
839 1140 1239 1195 credulitatem
1287 1160 1448 1197 suam
1505 1144 1787 1212 addicere,
1832 1162 1864 1199 a

154 1246 269 1301 qua
301 1245 504 1284 verum
554 1228 663 1283 dici
692 1229 849 1283 nulla
887 1228 1109 1283 ratione
1139 1235 1446 1286 constaret.
1494 1232 1593 1286 Sin
1650 1234 1863 1303 minus,

150 1318 389 1372 barbari
420 1334 619 1371 omnes
649 1317 871 1388 populi,
904 1318 1005 1389 qui
1036 1319 1421 1374 sacerdotibus
1476 1326 1573 1375 aut
1631 1323 1862 1393 majori-

148 1407 257 1461 bus
288 1406 413 1461 suis
442 1411 561 1461 tam
593 1407 774 1461 multa
802 1411 1016 1461 temere
1043 1408 1301 1473 credunt,
1354 1413 1504 1463 recte
1544 1410 1728 1464 facere
1772 1410 1866 1464 di-

150 1495 327 1550 cendi
356 1500 565 1549 essent.
611 1496 1049 1565 Compendiaria
1073 1496 1163 1550 via
1195 1498 1367 1552 etiam
1395 1499 1862 1569 progrediuntur,

150 1584 254 1637 sed
288 1587 355 1637 ut
383 1584 455 1638 ad
503 1584 691 1638 omnis
738 1585 962 1655 generis
992 1601 1214 1640 errores
1247 1587 1605 1658 perveniant,
1637 1604 1705 1642 ex
1737 1588 1864 1659 qui-

147 1673 260 1727 bus
301 1688 607 1743 nunquam
638 1689 759 1728 sese
799 1674 1133 1744 expediunt.
1182 1676 1376 1747 Itaque
1416 1693 1613 1731 cavere
1669 1692 1867 1731 omnes

147 1764 402 1832 oportet,
432 1761 640 1832 quibus
670 1760 828 1815 cordi
860 1765 945 1815 est
969 1760 1289 1816 Christiana
1347 1763 1567 1833 religio,
1610 1780 1683 1818 ne
1712 1765 1866 1819 idem

148 1850 205 1903 ei
237 1849 686 1904 fundamentum
716 1854 955 1921 ponant,
993 1867 1108 1921 quo
1162 1852 1402 1906 maximi
1451 1856 1506 1906 et
1548 1854 1867 1924 turpissimi

148 1936 371 2006 quique
403 1953 623 1991 errores
664 1938 947 1992 nituntur.
990 1940 1324 1994 Accuratius
1373 1940 1625 2013 loquitur
1670 1944 1864 2013 Augu-

149 2024 344 2078 stinus
373 2024 436 2079 in
464 2026 610 2081 libro
640 2026 710 2080 de
740 2028 881 2080 Vera
920 2028 1241 2097 Religione,
1292 2028 1319 2099 §
1374 2032 1477 2085 45:
1530 2031 1863 2099 Auctoritas,

147 2113 370 2184 inquit,
390 2115 553 2183 ﬁdem
568 2118 785 2184 ﬂagitat
814 2121 864 2170 et
892 2116 1099 2171 rationi
1124 2124 1405 2187 prwparat
1431 2120 1714 2174 hominem.
1752 2122 1861 2175 Ra-

146 2202 238 2257 tio
270 2203 343 2257 ad
386 2203 745 2259 intellectum
803 2206 1313 2278 cognitionemque
1361 2208 1637 2279 perducit.
1683 2210 1867 2275 Quan-

148 2307 327 2360 quam
361 2288 533 2361 neque
592 2296 969 2349 auctoritatem
1031 2298 1176 2350 ratio
1220 2299 1438 2365 penitus
1495 2297 1712 2366 deserit,
1748 2314 1865 2353 cum

148 2380 539 2436 consideratur
581 2386 670 2437 cui
695 2386 766 2437 sit
821 2384 1179 2451 credendum;
1241 2390 1292 2440 et
1335 2391 1473 2440 certe
1527 2402 1737 2441 summa
1789 2394 1867 2443 est

150 2472 343 2539 ipsius
362 2470 488 2538 jam
509 2474 736 2540 cognita:
765 2477 927 2541 atque
949 2474 1251 2542 perspicuae
1269 2477 1517 2528 veritatis
1547 2478 1861 2532 auctoritas.

233 2559 373 2629 Cap.
431 2561 518 2625 30,
552 2558 579 2630 ς
609 2563 710 2615 39:
766 2560 969 2616 Sensus
1026 2567 1103 2615 est
1159 2566 1397 2632 corporis
1447 2567 1631 2633 passio
1683 2581 1783 2634 per
1812 2581 1867 2620 se

154 2649 345 2715 ipsam
374 2662 484 2700 non
532 2648 701 2702 latens
746 2648 1035 2718 animam]
1068 2651 1202 2703 Post
1228 2654 1311 2704 tot
1362 2651 1535 2706 verba
1594 2652 1760 2721 facta,
1795 2654 1864 2709 de

154 2734 502 2789 deﬁnitione
524 2751 744 2803 sensus,
778 2737 990 2791 mirum
1020 2742 1103 2791 est
1123 2738 1421 2793 meliorem
1445 2757 1558 2794 non
1578 2756 1698 2795 esse
1730 2758 1862 2812 pro-

156 2825 361 2890 latam,
402 2839 534 2877 cum
568 2825 887 2894 praesertim
929 2826 1281 2895 Augustinus
1315 2828 1494 2897 probe
1534 2828 1703 2884 sciret
1745 2831 1865 2885 ani-

153 2927 322 2966 mum
362 2912 597 2979 sentire,
656 2929 774 2967 non
812 2929 1038 2984 corpus.
1082 2916 1279 2970 Sensus
1319 2916 1533 2987 duplici
1574 2917 1861 2989 significa-

1969 521 2075 576 tim
2109 522 2400 592 legamus:
2433 523 2561 593 quis
2588 524 2741 577 enim
2762 524 2912 578 inter
2942 525 3294 597 loquendum
3323 526 3490 582 aliter
3525 543 3663 597 pone

1970 614 2070 664 aut
2092 626 2232 679 pone
2259 611 2636 681 pronuntiare
2665 614 2854 666 solet?

2042 699 2173 768 Cap.
2204 702 2287 765 l0,
2321 697 2347 768 §
2386 702 2466 752 l7.
2520 702 2715 768 Sesque
2746 702 3115 769 appellantur,
3156 703 3251 756 ubi
3297 704 3403 757 duo
3456 709 3672 761 numeri

1970 787 2044 841 ad
2070 802 2124 841 se
2144 803 2207 841 ea
2235 790 2447 841 ratione
2474 788 2655 856 affecti
2676 794 2821 852 sunt,
2846 794 2905 842 ut
2931 795 3005 843 tot
3026 796 3207 859 partes
3234 792 3428 846 habeat
3457 794 3530 847 ad
3558 797 3669 849 mi—

1968 892 2150 929 norem
2180 877 2372 945 major,
2406 882 2571 945 quota
2606 884 2765 945 parte
2794 880 2880 931 sui
2926 894 3044 932 eum
3093 881 3425 949 pracedit...
3474 885 3664 941 Nomi-

1968 966 2053 1019 nis
2084 968 2262 1018 autem
2289 965 2452 1033 hujus
2481 967 2741 1031 originem
2769 981 2874 1019 non
2902 968 3067 1032 facile
3086 969 3340 1036 dixerim,
3373 972 3485 1024 nisi
3527 973 3671 1037 forte

1970 1069 2172 1123 sesque
2194 1054 2355 1122 quasi
2381 1069 2438 1105 se
2469 1053 2681 1123 absque
2712 1052 2934 1119 dictum,
2958 1053 3019 1107 id
3057 1059 3152 1120 est,
3187 1056 3399 1126 absque
3421 1073 3499 1124 se,
3534 1059 3666 1125 quia

1971 1144 2208 1211 quinque
2239 1141 2312 1194 ad
2342 1145 2591 1210 quatuor,
2622 1141 2823 1209 absque
2852 1143 3045 1210 quinta
3060 1148 3217 1210 parte
3237 1158 3336 1197 sua
3366 1148 3540 1215 major
3569 1148 3664 1200 hoc

1970 1236 2048 1284 est
2076 1230 2219 1298 quod
2248 1230 2459 1297 minor.]
2491 1229 2599 1284 Sed
2631 1246 2746 1283 non
2774 1232 3030 1298 quinque,
3062 1247 3261 1285 verum
3290 1248 3403 1302 sex,
3438 1238 3523 1288 est
3551 1251 3662 1289 nu-

1973 1335 2164 1373 merus
2202 1325 2504 1387 sesquatus,
2551 1320 2596 1373 si
2628 1335 2755 1373 cum
2797 1324 3030 1388 quatuor
3086 1320 3430 1376 conferatur.
3464 1322 3661 1393 Itaque

1974 1408 2178 1462 merito
2202 1409 2347 1462 hanc
2366 1408 2667 1478 Augustini
2699 1408 3107 1478 etymologiam
3163 1409 3527 1479 reprehendit
3551 1412 3662 1467 Jul.

1976 1497 2114 1551 Caes.
2172 1497 2422 1568 Scaliger
2450 1498 2547 1552 lib.
2586 1514 2621 1550 ιι
2654 1497 2721 1551 de
2753 1498 2832 1550 Re
2862 1496 3101 1567 poetica,
3128 1513 3257 1566 cap.
3296 1501 3387 1564 26,
3411 1499 3509 1569 qui
3554 1516 3664 1571 pu-

1974 1588 2057 1639 tat
2084 1585 2269 1653 sesqui
2314 1586 2425 1640 dici
2465 1602 2570 1655 pro
2602 1588 2757 1639 semis
2802 1601 3035 1654 aquam,
3084 1586 3238 1656 quod
3280 1585 3433 1641 idem
3494 1588 3568 1642 sit
3606 1605 3671 1643 ac

1974 1671 2215 1733 ἡμιόλιον,
2246 1674 2353 1728 Sed
2386 1674 2511 1728 Ger.
2545 1675 2708 1727 Joan.
2745 1674 2973 1727 Vossius
3002 1673 3224 1727 felicius
3276 1675 3523 1744 conjecit
3558 1692 3668 1731 ces-

1978 1766 2074 1831 qui
2097 1763 2211 1833 (aut
2270 1778 2475 1831 sesque,
2525 1766 2591 1815 ut
2622 1762 2888 1815 scribitur
2944 1761 3037 1815 hic
3068 1762 3221 1831 apud
3262 1764 3668 1836 Augustinum)

1978 1851 2130 1905 idem
2161 1850 2333 1905 fuisse
2355 1866 2417 1903 ac
2447 1853 2711 1919 semisque
2740 1866 2842 1904 seu
2870 1854 2920 1904 et
2948 1852 3125 1916 semis,
3150 1850 3228 1904 ita
3256 1854 3319 1904 ut
3348 1867 3450 1920 que
3477 1868 3669 1923 respe-

1976 1943 2131 1992 ctum
2152 1939 2359 1993 habeat
2386 1939 2455 1992 ad
2486 1943 2693 2005 totum,
2729 1938 2817 1992 cui
2861 1940 3019 1993 semis
3063 1938 3487 2009 superadditur,
3519 1941 3669 1996 unde

1977 2027 2183 2082 Graecis
2223 2034 2464 2096 ἡμιόλιον,
2499 2031 2666 2081 totum
2686 2032 2735 2081 et
2758 2012 2939 2081 semis.

2048 2117 2213 2171 LIBRO
2242 2133 2298 2169 ιι.
2326 2116 2458 2187 Cap.
2498 2120 2546 2182 l,
2582 2114 2609 2185 ἓ
2641 2119 2687 2170 1.
2732 2117 2884 2171 Scias
2912 2115 3069 2169 velim
3099 2118 3268 2169 totam
3302 2116 3458 2171 illam
3495 2120 3669 2174 scien-

1978 2205 2130 2271 tiam,
2164 2220 2283 2274 quae
2337 2203 2711 2275 grammatica
2741 2206 2942 2257 Graece.
2978 2203 3173 2257 Latine
3220 2209 3397 2258 autem
3453 2206 3669 2261 littera-

1976 2298 2107 2347 tura
2158 2296 2488 2359 nominatur,
2552 2295 2791 2347 historiaa
2848 2292 3149 2347 custodiam
3222 2293 3487 2363 proﬁteri,
3538 2296 3669 2365 etc.]

1976 2383 2238 2437 Historia
2266 2382 2359 2436 hic
2388 2382 2598 2436 dicitur
2626 2382 2874 2453 cognitio
2903 2381 2987 2435 rei
3016 2381 3356 2452 cujuspiam,
3390 2399 3519 2453 quae
3551 2400 3665 2439 non

1974 2470 2185 2540 pendet
2211 2487 2241 2523 a
2293 2470 2746 2534 ratiocinatione,
2775 2471 2875 2526 sed
2913 2471 2982 2525 ab
3049 2470 3350 2525 hominum
3410 2471 3666 2526 arbitrio.

1977 2559 2151 2613 Paulo
2180 2564 2309 2630 post
2345 2560 2767 2631 grammaticus,
2809 2561 3014 2615 docens
3068 2561 3342 2631 syllabam
3392 2577 3511 2616 esse
3544 2562 3668 2616 lon-

1975 2664 2107 2719 gam
2137 2653 2237 2702 aut
2284 2649 2539 2717 brevem,
2582 2649 2789 2703 dicitur
2842 2666 2961 2703 esse
2998 2654 3173 2703 custos
3205 2650 3465 2719 historia,
3498 2649 3669 2703 nimi-

1974 2753 2104 2790 rum
2146 2753 2281 2790 usus
2328 2737 2542 2808 lingua:
2594 2738 2805 2791 Latinae
2852 2741 2952 2791 aut
2995 2738 3201 2791 Graeca:
3251 2738 3319 2791 de
3351 2737 3668 2808 quantitate

1976 2825 2339 2896 syllabarum.

2047 2915 2212 2968 LIBRO
2242 2930 2319 2967 III.
2357 2914 2489 2984 Cap.
2525 2917 2573 2980 1,
2620 2912 2647 2982 §
2704 2915 2756 2967 2.
2813 2913 3131 2981 Rhythmus,
3182 2912 3244 2965 id
3288 2918 3367 2967 est
3394 2914 3666 2983 numerus]

156 3001 313 3055 tione
346 3000 593 3055 dicitur:
627 3006 711 3055 est
759 3002 912 3055 enim
946 3002 1253 3072 aliquando
1310 3004 1435 3074 ipsa
1477 3006 1757 3061 sentiendi
1788 3007 1865 3060 fa-
1901 3017 1940 3073 ρ
1974 3001 2100 3057 Scio
2131 3002 2360 3072 quidem
2391 3001 2450 3055 id
2482 3001 2637 3072 quod
2666 3003 2857 3056 Greece
2905 3010 3079 3073 ῥυθμὸς
3110 3000 3339 3065 dicitur,
3374 3018 3409 3055 a
3453 3002 3668 3057 Latinis

158 3089 342 3145 cultas
369 3106 503 3161 quae
533 3090 683 3144 inest
738 3090 949 3157 menti;
1004 3092 1311 3162 aliquando
1364 3094 1551 3164 passio
1595 3094 1718 3166 ipsa
1750 3112 1864 3166 qua

157 3195 222 3233 ea
249 3180 495 3233 facultas
526 3178 792 3246 afﬁcitur,
824 3184 879 3233 et
911 3196 1082 3250 quam
1116 3180 1355 3235 barbare
1393 3185 1747 3237 sensationem
1774 3200 1865 3237 vo-

156 3284 375 3322 camus.
413 3267 645 3336 Sensus,
675 3268 981 3337 posteriori
1013 3268 1357 3340 signiﬁcatu,
1392 3270 1535 3324 nihil
1587 3275 1671 3325 est
1720 3288 1864 3343 prce-

156 3360 243 3410 ter
267 3355 797 3410 animadversionem
826 3358 1017 3411 mentis
1040 3362 1229 3411 natam
1279 3374 1345 3411 ea:
1376 3362 1646 3413 occasione
1690 3366 1863 3415 motus

160 3446 405 3514 corporis
458 3446 583 3511 sui;
617 3443 796 3515 priori
852 3449 937 3499 est
984 3445 1223 3499 facultas
1280 3462 1395 3516 qua
1446 3463 1610 3501 mens
1660 3448 1863 3503 talium

159 3531 723 3588 animadversionum
782 3549 957 3604 capax
1010 3538 1111 3589 est.
1181 3534 1377 3588 Paucis
1437 3535 1626 3589 verbis
1680 3538 1866 3607 potuit

160 3626 342 3677 totum
376 3622 485 3675 hoc
515 3620 815 3691 negotium
847 3621 1082 3689 absolvi,
1115 3622 1269 3694 quod
1299 3623 1391 3676 hic
1407 3626 1525 3677 tam
1555 3625 1751 3679 multis
1780 3626 1863 3681 in-

159 3712 432 3767 tricatum
460 3720 563 3766 est.
600 3713 768 3766 Plura
796 3728 914 3766 non
975 3713 1201 3779 addam,
1250 3730 1377 3784 quae
1434 3720 1566 3769 sunt
1598 3717 1865 3772 omnibus

161 3806 315 3870 nota,
350 3816 420 3854 ex
446 3816 561 3871 quo
598 3799 982 3872 philosophia,
1015 3807 1211 3855 nostra
1249 3807 1305 3857 et
1356 3804 1588 3859 Patrum
1634 3810 1861 3861 nostro-

161 3906 286 3943 rum
317 3888 622 3955 memoria,
665 3888 906 3942 feliciter
946 3889 1262 3943 instaurata
1308 3893 1408 3958 est,
1458 3894 1513 3944 et
1555 3891 1623 3945 de
1654 3891 1863 3962 quibus

160 3978 328 4032 etiam
358 3977 424 4031 in
454 3977 744 4047 opusculis
773 3977 1187 4048 philosophicis
1218 3982 1304 4032 sat
1324 3979 1550 4049 copiose
1593 3979 1709 4051 egi.
1752 3983 1862 4036 Nec

162 4065 589 4137 philosophicas
614 4069 780 4119 notas
804 4064 866 4119 in
909 4067 1297 4137 Augustinum
1330 4066 1577 4124 scribere
1629 4084 1859 4139 aggres-

162 4172 251 4209 sus
280 4171 447 4209 sum:
487 4153 702 4225 alioqui
734 4154 916 4208 multa
942 4155 1052 4209 dici
1088 4159 1340 4226 possent,
1383 4156 1589 4227 quibus
1618 4174 1859 4228 sequen-

1973 3087 2187 3141 dictum
2216 3104 2519 3158 numerum,
2542 3089 2638 3143 sed
2669 3106 2868 3143 vereor
2899 3107 2969 3144 ne
2998 3089 3348 3160 Augustinus
3378 3090 3670 3145 miscuerit

1973 3183 2152 3247 ῥυθμὸν
2210 3194 2339 3231 cum
2397 3185 2599 3250 ἀριθμῷ.
2657 3178 2896 3233 Felicior
2942 3178 3035 3233 hic
3089 3183 3173 3232 est
3223 3178 3422 3247 lingua
3477 3179 3670 3233 Graeca

1972 3280 2146 3334 quam
2177 3265 2391 3333 Latina,
2436 3284 2569 3321 nam
2628 3276 2801 3339 ῥυθμὸς
2828 3268 3035 3339 dicitur
3061 3266 3157 3313 ἀπὸ
3184 3267 3271 3312 τοῦ
3316 3266 3457 3329 ῥέειν,
3484 3272 3666 3335 ﬂuere,

1973 3357 2172 3423 estque
2198 3353 2257 3408 id
2306 3355 2459 3425 quod
2507 3354 2573 3409 fit
2619 3359 2684 3409 ut
2723 3372 2921 3409 versus
2967 3354 3130 3409 facile
3159 3355 3582 3425 pronuntietur,
3616 3360 3673 3408 et

1973 3442 2190 3513 gratius
2210 3444 2281 3497 ad
2313 3460 2477 3497 aures
2509 3443 2749 3499 accidat.
2791 3443 2936 3499 Galli
2979 3448 3179 3498 vocant
3228 3444 3283 3497 la
3338 3443 3582 3509 cadence,
3615 3448 3671 3497 et

1969 3533 2190 3598 ﬂuentes
2222 3531 2504 3602 (coulants)
2533 3532 2704 3587 etiam
2732 3548 2917 3587 versus
2947 3537 3171 3595 vocant,
3199 3532 3257 3585 in
3291 3532 3497 3603 quibus
3525 3531 3669 3586 nihil

1971 3624 2057 3673 est
2089 3636 2355 3691 asperum
2382 3625 2480 3675 aut
2507 3621 2737 3676 durum.
2772 3623 2847 3675 Ex
2898 3637 3033 3675 voce
3090 3621 3324 3692 quidem
3384 3622 3671 3689 rhythmus

1970 3707 2126 3761 venit
2147 3725 2253 3763 vox
2284 3709 2613 3778 linguarum
2659 3709 3070 3764 hodiernamm
3123 3712 3287 3776 rima,
3320 3710 3418 3764 sed
3448 3710 3555 3764 hac
3586 3710 3667 3763 si-

1970 3798 2316 3868 gniﬁcantur
2336 3799 2468 3853 ﬁnis
2496 3816 2765 3854 versuum
2817 3807 3213 3869 ὁμοιοτελεύτων,
3260 3815 3389 3869 quae
3445 3798 3668 3868 signifi-

1969 3886 2114 3941 catio
2147 3904 2178 3941 a
2204 3889 2395 3943 Graeca
2417 3904 2551 3943 voce
2570 3890 2741 3959 plane
2770 3888 2958 3943 aliena
2996 3892 3098 3943 est.
3141 3890 3266 3942 Non
3313 3887 3512 3941 fuisset
3562 3888 3671 3941 hoc

1970 3975 2408 4043 observandum,
2443 3976 2554 4030 nisi
2585 3982 2731 4031 esset
2762 3976 3021 4031 eruditus
3052 3976 3263 4043 Gallus,
3318 3975 3417 4046 qui
3467 3975 3573 4029 hac
3611 3975 3669 4029 in

1966 4079 2029 4117 re
2056 4064 2327 4134 peccavit;
2356 4080 2530 4134 quem
2561 4065 2793 4118 nomine
2825 4081 2943 4119 non
2979 4064 3299 4135 appellabo.

2042 4153 2207 4206 [ληςηο
2232 4170 2286 4207 v.
2318 4153 2452 4223 Cap.
2482 4156 2534 4219 3,
2567 4151 2594 4222 ξ
2648 4154 2701 4206 4.
2744 4154 2861 4207 Non
2902 4153 3040 4205 mihi
3088 4167 3283 4205 versus
3337 4167 3404 4204 ea:
3444 4167 3501 4206 eo
3558 4166 3666 4220 ap-

163 4249 240 4298 tes
270 4244 394 4313 ejus
427 4242 887 4297 ratiocinationes
912 4243 1347 4297 confutarentur
1367 4260 1380 4310 ;
1404 4244 1465 4298 in
1493 4245 1701 4317 quibus
1728 4263 1856 4301 ver-
1896 4308 1932 4317 ﬁ
1963 4240 2196 4309 peltatas
2226 4241 2460 4303 videtur.
2490 4245 2550 4294 ut
2576 4241 2823 4295 ηοηηυιιὶ
2844 4244 3066 4309 Putant.
3109 4239 3253 4308 ςαοά
3312 4256 3346 4294 α
3384 4245 3523 4294 σθ’*ιο
3563 4243 3669 4309 ﬁne

166 4330 365 4385 borum
395 4335 515 4385 tam
540 4335 626 4385 est
654 4332 946 4402 prodigus,
981 4348 1153 4401 quam
1182 4348 1387 4403 parcus
1410 4350 1622 4388 rerum.

232 4422 369 4491 Cap.
404 4422 496 4487 33,
531 4418 558 4490 ἓ
602 4422 691 4475 76.
735 4423 963 4476 Vanitas
1015 4422 1428 4493 vanitantium.]
1486 4424 1742 4493 Oportet,
1802 4422 1863 4477 in

172 4508 512 4579 quibusdam
542 4509 965 4580 exemplaribus
996 4510 1223 4580 Graecis,
1259 4511 1468 4565 lectum
1508 4512 1645 4566 olim
1690 4511 1862 4565 fuisse

173 4598 817 4663 ματαίοττ.ςματαιούντων;
894 4613 1067 4669 quam
1190 4598 1452 4653 vitiosam
1554 4599 1862 4655 lectionem

174 4684 396 4741 Latinus
428 4685 732 4757 interpres,
766 4701 881 4756 quo
915 4686 1177 4741 utebatur
1204 4688 1585 4759 Augustinus,
1626 4704 1861 4759 expres-

174 4776 315 4830 serit.
349 4777 415 4829 In
445 4774 735 4829 veteribus
765 4774 969 4845 glossis
998 4780 1083 4830 est
1137 4779 1433 4838 ματαιοῦμαι
1460 4793 1650 4849 vanor,
1699 4777 1861 4849 cujus

171 4863 643 4935 frequentativum
672 4862 783 4917 fuit
804 4866 1041 4918 venitur.

686 4952 1346 5009 ANIMADVEBSIONES

693 5057 747 5095 IN
780 5057 968 5095 LIBROS
1002 5058 1070 5095 DE
1106 5057 1325 5098 MUSICA.

231 5130 394 5185 Liaao
426 5147 467 5184 ι.
503 5130 637 5199 Cap.
677 5133 725 5197 l,
777 5128 887 5199 ξι.
938 5133 1015 5185 Eo
1068 5130 1261 5198 distat,
1323 5130 1468 5201 quod
1517 5133 1575 5185 in
1631 5131 1857 5187 diversis

166 5218 280 5272 locis
318 5219 517 5272 habent
549 5218 813 5288 acumen.]
860 5219 944 5272 Ita
974 5219 1228 5290 loquitur
1272 5220 1341 5275 de
1368 5236 1507 5289 pone
1557 5220 1748 5285 verbo,
1804 5225 1861 5275 et

165 5321 289 5374 pone
318 5307 614 5372 adverbio,
670 5311 725 5360 et
772 5323 1011 5361 acumen
1070 5308 1190 5362 sine
1232 5308 1403 5363 dubio
1452 5311 1612 5362 vocat
1662 5324 1856 5362 accen-

168 5398 295 5450 tum.
330 5395 621 5452 Credibile
664 5399 749 5449 est
778 5396 1019 5451 verbum
1036 5397 1303 5452 habuisse
1334 5401 1628 5452 accentum
1658 5394 1716 5449 in
1740 5397 1858 5466 pri-

168 5498 269 5553 ma,
299 5484 644 5541 adverbium
693 5483 755 5539 in
792 5486 1061 5554 secunda,
1114 5486 1460 5541 discriminis
1497 5500 1683 5540 causa.
1720 5485 1859 5540 Hinc

172 5572 481 5647 intelligere
512 5573 647 5629 licet
677 5589 849 5646 quam
890 5576 1041 5633 male
1088 5575 1258 5633 hodie
1307 5576 1565 5647 linguam
1601 5574 1858 5631 Latinam

1894 4308 1938 4362 Ῑ)
1966 4308 2041 4382 ad
2066 4329 2304 4398 ejusdem
2331 4331 2543 4384 numeri
2565 4333 2729 4399 caput
2765 4308 2997 4395 reditur,
3024 4333 3081 4382 ut
3109 4344 3297 4383 nomen
3326 4308 3569 4383 ductum
3595 4331 3669 4383 sit

1970 4404 2037 4473 ab
2065 4420 2133 4473 iis
2166 4420 2262 4487 qui
2281 4434 2334 4473 se
2359 4422 2606 4485 vertunt,
2631 4419 2757 4473 dum
2787 4420 2877 4472 via
2901 4417 3288 4485 redeunt,nam
3311 4418 3403 4472 hoc
3434 4418 3521 4471 illi
3550 4433 3668 4472 cum

1972 4508 2053 4562 his
2080 4509 2242 4562 etiam
2296 4510 2482 4562 metris
2532 4524 2651 4577 qua
2686 4523 2881 4561 versus
2908 4522 3015 4561 non
3072 4512 3217 4572 sunt,
3278 4511 3510 4576 apparet
3557 4522 3668 4561 esse

1970 4596 2284 4666 commune]
2326 4596 2459 4651 Ideo
2510 4596 2682 4650 etiam
2732 4613 2850 4650 non
2909 4596 3081 4650 modo
3138 4599 3439 4665 poetarum
3485 4599 3668 4649 metra

1968 4701 2153 4741 versus
2181 4686 2469 4752 dicuntur,
2498 4686 2595 4739 sed
2630 4689 2685 4739 et
2704 4685 2917 4756 quaevis
2947 4685 3243 4756 scripturae
3268 4687 3439 4748 lineae,
3463 4700 3664 4755 quem-

1970 4774 2279 4830 admodum
2311 4790 2463 4828 nunc
2493 4773 2804 4845 loquimur,
2846 4779 2907 4829 ut
2949 4778 3101 4829 recte
3143 4772 3460 4828 observavit
3491 4774 3656 4829 Joan.

1969 4865 2091 4920 Ger.
2154 4862 2387 4917 Vossius
2460 4863 2523 4917 in
2597 4863 3003 4935 Etymologico,
3066 4863 3136 4917 ad
3198 4878 3393 4916 vocem
3427 4862 3661 4916 Vaasus.

1967 4951 2128 5005 Idem
2160 4950 2375 5020 optime
2398 4951 2645 5006 ostendit
2676 4951 2923 5007 dubitari
2950 4968 3065 5005 non
3108 4951 3313 5005 debere
3368 4948 3507 5019 quin
3540 4950 3664 5003 siu-

1966 5040 2089 5111 guli
2113 5040 2407 5112 scripturae
2429 5041 2571 5097 sulci
2603 5058 2670 5096 ex
2702 5058 2769 5096 eo
2798 5057 3048 5096 versuum
3078 5054 3289 5093 nomen
3317 5038 3659 5108 acceperint,

1966 5130 2121 5201 quod
2172 5134 2235 5184 ut
2274 5131 2523 5201 agricola
2576 5132 2815 5185 Vomere
2873 5131 3092 5185 solum:
3127 5127 3203 5181 sic
3248 5125 3488 5196 scriptor
3517 5129 3661 5197 stylo

1966 5234 2155 5273 ceram
2184 5222 2395 5285 vertat;
2450 5235 2511 5272 ac
2540 5223 2605 5272 ut
2634 5218 2749 5285 ille,
2796 5218 2855 5271 in
2901 5222 3071 5282 terra,
3114 5214 3271 5268 sulco
3323 5230 3441 5268 uno
3493 5214 3660 5270 abso-

1964 5307 2106 5375 luto,
2132 5306 2300 5361 vertit
2328 5311 2602 5369 aratrum,
2636 5308 2928 5375 aliumque
2958 5305 3177 5358 sulcum
3207 5303 3415 5358 efﬁcit:
3451 5303 3531 5358 sic
3560 5304 3661 5376 qui

1967 5395 2180 5462 scribit,
2222 5395 2365 5464 stylo
2388 5395 2776 5450 sinistrorsum
2814 5406 2982 5459 verso,
3037 5392 3390 5463 prolatoque,
3447 5409 3659 5448 novum

1965 5483 2027 5538 in
2065 5500 2194 5540 cera
2221 5485 2445 5540 sulcum
2479 5484 2666 5539 ducat.
2701 5482 2977 5552 Cumque,
3012 5484 3074 5535 ut
3104 5480 3288 5549 docet,
3320 5480 3381 5535 id
3409 5496 3527 5536 non
3557 5483 3661 5538 mi-

1966 5590 2075 5628 nus
2113 5573 2175 5629 in
2196 5590 2366 5647 prosa
2388 5573 2489 5628 fiat
2518 5586 2690 5643 quam
2721 5570 2780 5624 in
2824 5556 3098 5637 carmine,
3129 5572 3287 5643 patet
3314 5584 3498 5625 versus
3545 5586 3656 5627 nu-
