3926 6192
319 271 418 323 ρξεῖ
1328 264 1882 320 SUPPLEMENTUM
1925 263 2014 317 AD
2053 262 2283 317 OPERA
2323 263 2376 317 s.
2421 262 2814 319 AUGUSTINI.
3693 279 3778 332 2-28

2652 382 3318 439 ANIMADVERSIONES

2630 489 2686 526 IN
2717 489 2916 527 LIBRUM
2947 490 3014 526 DE
3040 489 3317 527 MAGISTRO.

2199 563 2330 633 Cap.
2367 566 2417 624 5,
2453 564 2479 629 §
2517 564 2597 616 16.
2633 564 2696 616 In
2727 564 2838 617 suis
2889 561 3244 616 nobilissimis
3291 566 3625 635 orationibus,
3663 586 3778 639 quas

2132 649 2391 704 Verrinas
2441 654 2653 715 vocant,
2689 664 2880 703 coram
2931 650 3366 718 prapositionem
3400 653 3508 706 sive
3558 655 3642 708 illo
3687 658 3780 713 loco

2126 737 2444 792 adverbium
2470 740 2564 803 sit,
2611 753 2823 790 nomen
2871 736 3216 806 appellavit.]
3276 736 3398 790 Non
3451 746 3618 809 vacat,
3669 745 3782 800 data

2126 843 2320 898 opera,
2356 827 2548 898 legere
2582 826 2862 892 Verrines,
2895 831 2959 880 ut
3014 826 3203 880 locum
3267 843 3533 897 quaeram.
3591 832 3784 890 Fuisset

2124 915 2232 970 hoc
2295 915 2610 986 diligentiae
2670 915 3195 984 Benedictinorum,
3226 917 3326 987 qui
3355 919 3467 972 otio
3498 919 3782 991 abundant,

2125 1009 2182 1058 et
2211 1021 2238 1058 a
2264 1004 2471 1074 quibus
2505 1003 2755 1076 margini
2806 1005 3017 1073 locum,
3073 1009 3135 1060 ut
3173 1005 3306 1060 alibi
3357 1006 3580 1075 factum,
3631 1010 3784 1066 adlini

2125 1092 2489 1164 oportuisset.

2196 1182 2330 1252 Cap.
2368 1184 2420 1249 9,
2472 1180 2500 1252 ἓ
2559 1184 2646 1237 28.
2679 1181 2825 1237 Idem
2871 1184 3090 1238 Persius
3145 1183 3389 1239 omnibus
3446 1188 3631 1254 panis,
3670 1203 3786 1257 quas

2127 1276 2484 1339 tyrannorum
2509 1272 2592 1325 vel
2611 1271 2904 1326 crudelitas
2925 1274 3268 1340 ewcogitavit,
3299 1274 3384 1327 vel
3402 1274 3664 1342 cupiditas
3681 1292 3788 1344 pen-

321 406 456 444 men
483 393 686 444 natura
717 406 837 455 sua,
861 404 980 442 non
1004 386 1191 442 minus
1224 387 1422 440 solutae
1455 403 1626 457 quam
1661 386 1850 457 ligatas
1891 401 2020 440 ora-
2060 385 2105 438 A

317 478 463 533 tioni
506 479 827 533 convenire.
862 477 969 532 Sed
1017 475 1151 545 quia
1197 478 1381 546 poetas
1431 491 1622 529 versus
1686 491 1818 529 suos
1864 477 2018 528 certo

320 568 626 622 absolvunt
664 568 880 638 pedum
938 579 1198 630 numero,
1232 566 1288 618 et
1337 564 1546 634 stylum
1605 563 1847 635 proinde
1904 562 2017 617 fre-

324 657 594 728 quentius
622 660 856 721 vertunt,
885 652 1018 707 hinc
1046 651 1256 706 factum
1290 657 1353 706 ut
1373 652 1432 706 hi
1456 651 1564 706 sibi
1591 667 1776 706 versus
1808 667 2018 705 nomen

322 761 505 816 prope
552 744 790 798 fecerint
814 740 1120 812 peculiare.
1170 741 1322 796 Adde
1380 740 1532 795 hisce
1578 757 1792 795 versum
1821 755 2018 794 revera

321 833 383 886 in
406 833 754 903 agricultura
775 831 996 885 sulcum
1023 830 1262 898 dictum,
1297 835 1354 884 et
1376 829 1525 900 apud
1559 830 1778 884 Graecos
1822 843 2016 882 vocem

324 930 506 994 στίχος,
565 937 680 992 qua
731 935 942 974 versum
999 918 1296 989 scripturae
1345 918 1592 990 signant,
1666 933 1786 972 esse
1845 917 2017 971 etiam

323 1027 389 1064 ex
430 1009 778 1082 agricultura
829 1009 1225 1078 desumptarn:
1294 1008 1445 1078 quod
1501 1007 1723 1062 erudite
1771 1005 2019 1060 ostendit

321 1100 486 1154 Joan.
528 1097 727 1153 Croius
755 1101 899 1168 part.
941 1101 958 1150 1
993 1095 1464 1151 Observationum
1505 1096 1564 1149 in
1593 1097 1655 1150 N.
1690 1097 1775 1154 Τ..
1811 1111 1933 1165 cap.
1963 1097 2014 1149 9.

395 1186 542 1242 Ibid.
577 1187 684 1242 Sed
719 1188 895 1254 magis
923 1188 1158 1253 fortasse
1190 1201 1213 1239 e
1245 1188 1513 1240 contrario
1551 1200 1738 1239 nomen
1790 1185 2012 1245 invenit,

324 1281 385 1331 ut
411 1275 863 1345 quemadmodum
907 1277 1254 1341 grammatici
1281 1275 1573 1345 deponens
1600 1273 1840 1340 verbum,
1873 1273 2018 1342 quod

325 1381 353 1418 r
387 1367 628 1419 litteram
655 1380 761 1418 non
787 1364 1023 1433 deponit,
1057 1365 1221 1418 sicuti
1246 1368 1322 1418 est
1358 1363 1550 1417 lucror
1587 1367 1635 1416 et
1672 1377 2012 1433 conqueror,
2125 1360 2227 1427 dit,
2261 1361 2398 1414 hanc
2425 1375 2590 1414 unam
2620 1363 2918 1430 anteponit,
2953 1377 3062 1429 qua
3099 1365 3411 1416 cruciantur
3442 1363 3682 1429 homines,
3708 1368 3790 1434 qui

329 1455 772 1523 appellaverunt:
806 1453 886 1506 ita
917 1452 1060 1520 quod
1088 1452 1293 1506 duobus
1323 1452 1572 1505 membris
1597 1452 1754 1519 conﬁt
1790 1464 2018 1519 quorum
2123 1451 2282 1516 vitia,
2336 1465 2455 1518 quae
2504 1452 2680 1504 vitare
2730 1465 2837 1504 non
2876 1455 3126 1519 possunt,
3171 1456 3434 1518 coguntur
3494 1455 3786 1522 agnoscere]

324 1547 596 1605 neutrum,
623 1543 682 1594 in
711 1542 934 1595 alterius
974 1542 1102 1607 loco,
1134 1539 1290 1595 salva
1331 1541 1440 1608 lege
1483 1555 1845 1606 numerorum,
1900 1554 2019 1593 con-
2128 1537 2305 1592 Locus
2336 1542 2421 1591 est
2445 1537 2616 1591 satira
2651 1541 2703 1602 3,
2738 1540 2826 1606 35,
2857 1539 3019 1609 cujus
3073 1540 3240 1594 verba
3269 1539 3648 1610 subjiciemus,
3677 1543 3790 1613 quia

323 1632 590 1695 stituitur,
625 1631 753 1692 quia
782 1627 925 1681 verti
953 1643 1090 1682 nono
1117 1631 1292 1697 potest
1330 1643 1525 1681 versus
1555 1625 1812 1695 vocetur.]
1861 1625 2019 1680 Prior
2059 1677 2100 1732 Β
2127 1630 2184 1680 et
2213 1624 2368 1692 alibi,
2402 1626 2469 1680 ad
2502 1625 2751 1681 Confess.
2787 1627 2883 1682 lib.
2915 1644 3013 1694 χιι,
3047 1644 3174 1699 cap.
3219 1631 3273 1696 8,
3303 1629 3712 1684 observavimus
3731 1631 3789 1684 ad

318 1715 664 1788 etymologia
708 1716 877 1787 plane
908 1715 1049 1770 falsa
1089 1720 1189 1782 est,
1223 1720 1289 1770 ut
1332 1720 1464 1770 sunt
1492 1715 1783 1786 pleraeque
1813 1730 2012 1768 omnes
2060 1715 2100 1732 "
2129 1715 2281 1769 hunc
2306 1719 2538 1785 poetam
2563 1715 2949 1784 Augustinum
2977 1717 3295 1788 respexisse
3322 1734 3337 1772 :

318 1821 448 1878 quas
479 1819 586 1862 κατ’
613 1813 896 1877 ἀντίφρασιν
925 1805 1222 1876 ﬁnguntur
1247 1821 1260 1871 ;
1292 1821 1425 1859 nam
1455 1805 1638 1858 multa
1690 1804 2012 1873 deponentia
2308 1812 2493 1878 Magne
2517 1816 2669 1878 pater
2692 1811 3087 1878 divum,__saevos
3116 1815 3302 1878 punire
3333 1819 3582 1878 tyrannos

315 1874 452 1951 olim
484 1895 546 1949 in
569 1911 598 1949 o
628 1898 683 1949 et
734 1874 800 1949 lor
849 1874 1096 1960 exibant,
1153 1909 1466 1964 eorumque
1509 1893 1832 1963 catalogum
1875 1907 2010 1946 con-
2310 1875 2459 1983 ξδυά
2484 1874 2585 1946 ελ¹ίὲ¹
2612 1875 2811 1946 rati?“
2831 1876 2978 1934 νθὶίεν
3007 1874 3136 1948 cum:
3157 1876 3235 1925 im
3264 1874 3428 1926 “hmo

459 1984 468 1987 _
540 1984 558 1987 _
770 1984 792 1987 μ
943 1983 986 1987 __
1086 1981 1096 1987 .
1220 1985 1226 1987 _
1284 1981 1294 1987 ,
1451 1982 1464 1987 ,
1497 1981 1507 1987 ,
1953 1984 1984 1987 μ
2307 1971 2323 1984 .
2361 1941 2528 1985 overlt
2556 1949 2825 1987 ingenium
2856 1937 3266 1987 ferventitincta
3296 1953 3428 1987 vene

458 1984 468 1994 .
1083 1949 1096 1991 ἶ
1284 1981 1294 1992 .
1371 1949 1391 1964 ⁸
1497 1981 1507 1991 .
1584 1981 1593 1991 .
1693 1949 1727 1963 ν
2307 1949 2528 1985 moverit
2556 1949 2825 1996 ingenium
2856 1949 3079 1987 Iervenu
3101 1949 3266 1987 uncta
3296 1952 3527 1997 veneno,

315 1987 498 2038 texuit
532 1984 696 2038 Joan.
757 1984 883 2037 Ger.
943 1983 1170 2036 Vossms
1209 1982 1512 2037 Aristarchi
1559 1982 1657 2035 11b.
1695 1997 1745 2046 v,
1799 1996 1922 2050 cap.
1953 1984 2008 2034 7.
2307 1998 2564 2063 Virtutem
2588 1994 3482 2063 yidggntgintabescantquerelicm'

320 2071 660 2128 Credibilius
692 2075 777 2126 est
805 2087 872 2125 ea
925 2071 1247 2139 deponentia
1277 2070 1448 2136 dicta,
1504 2073 1570 2123 ut
1618 2068 1773 2123 idem
1821 2066 2015 2122 innuit

2306 2059 2456 2109 Anne
2485 2061 2651 2123 magis
2674 2060 2836 2110 Siculi
2865 2059 3283 2124 genueruntbra
3309 2063 3562 2126 juvenci?

319 2161 521 2232 capitis
553 2163 583 2214 6
609 2159 794 2225 initio,
828 2159 964 2229 quia
1010 2158 1294 2228 passivam
1338 2156 1818 2228 significationem
1856 2156 2012 2225 depo-

319 2252 550 2316 suerint,
608 2264 738 2319 quze
794 2247 968 2301 etiam
1030 2246 1311 2300 sententia
1380 2245 1487 2301 fuit
1544 2246 1739 2300 Franc.
1801 2242 2012 2298 Sanctii

317 2335 534 2392 summi
562 2333 942 2406 grammatici.
975 2335 1081 2390 Sed
1125 2338 1180 2388 et
1209 2333 1452 2404 scriptor
1505 2333 1636 2387 libri
1699 2332 1769 2387 de
1822 2333 2013 2386 Gram-

2192 2158 2325 2228 Cap.
2360 2157 2505 2228 lO,§
2555 2161 2642 2214 33.
2691 2159 2991 2215 Sarabaltas
3046 2160 3272 2230 eorum]
3338 2161 3478 2216 Cum
3536 2161 3595 2214 in
3654 2164 3789 2215 textu

2121 2245 2419 2301 Chaldaico
2468 2248 2609 2302 Dan.
2669 2265 2748 2315 III,
2789 2250 2878 2311 27,
2920 2249 3199 2319 scripturn
3258 2251 3337 2304 sit
3375 2235 3636 2339 11.195210
3678 2250 3790 2305 Sar-

2123 2336 2385 2404 ballehon,
2438 2335 2528 2389 vix
2583 2335 2821 2391 dubium
2862 2337 3108 2405 videtur,
3158 2337 3301 2408 quin
3357 2335 3705 2414 scribendum
3731 2337 3789 2391 sit

315 2424 523 2479 matica
551 2464 566 2491 ,
601 2424 702 2495 qui
751 2423 968 2478 solebat
1016 2423 1333 2494 Augustino
1389 2422 1585 2487 tribui,
1647 2421 1800 2476 aliud
1847 2420 2014 2475 nobis

312 2513 644 2584 suppeditat
664 2518 918 2583 etymon.
950 2514 1140 2583 Agens
1175 2512 1244 2566 de
1271 2511 1478 2576 verbis,
1529 2512 1743 2576 Restat,
1804 2509 2011 2580 inquit,

312 2603 534 2656 verbum
561 2601 872 2672 deponens,
913 2605 1043 2670 quia
1074 2599 1311 2671 deponit
1339 2599 1554 2668 aliquid
1599 2599 1664 2653 de
1707 2600 2014 2668 quantitate

313 2693 607 2746 communis
659 2691 828 2744 verbi.
855 2692 993 2747 Nam
1045 2705 1165 2744 cum
1202 2691 1500 2759 participia
1531 2691 1764 2757 quatuor
1819 2688 2014 2741 habeat

316 2780 535 2835 verbum
575 2795 873 2834 commune:
903 2795 1140 2849 praesens
1171 2784 1232 2833 ut
1261 2779 1590 2844 criminans,
1621 2779 1871 2843 futurum
1900 2777 2012 2831 cri-
2120 2779 2328 2833 usitata
2353 2783 2438 2833 est
2491 2780 2640 2850 apud
2671 2777 3073 2835 Thallnudicos
3105 2784 3162 2834 et
3204 2781 3443 2848 Arabas,
3475 2797 3575 2852 pro
3602 2779 3785 2845 tunica,

316 2868 660 2935 minaturus,
679 2856 1025 2938 praeteritum
1049 2868 1404 2935 criminatus,
1436 2869 1686 2934 futurum
1707 2865 2011 2920 criminan-
2123 2872 2180 2922 et
2208 2867 2445 2921 verbum
2468 2852 2616 2927 ⁸73Ἶο
2647 2868 2848 2935 sarbel,
2881 2867 3163 2939 signiﬁcat
3191 2871 3352 2923 texit.
3386 2870 3578 2939 Itaque
3606 2881 3786 2921 nomen

318 2957 446 3025 dus,
478 2974 512 3011 a
535 2959 763 3026 passiva
818 2958 1232 3026 signiﬁcatione,
1280 2955 1373 3008 hoc
1420 2970 1527 3008 non
1583 2953 1742 3008 habet
1790 2953 2009 3007 verbum
2051 2965 2089 3021 ς,
2119 2956 2285 3011 vestis
2315 2955 2489 3010 fuisse
2520 2955 2764 3023 videtur,
2795 2959 2860 3010 ut
2889 2961 2976 3010 est
3005 2955 3330 3011 etiamnum
3380 2957 3530 3026 apud
3574 2954 3779 3011 Arabas.

2187 3046 2318 3116 Cap.
2359 3047 2445 3113 14,
2487 3043 2514 3114 §
2569 3047 2652 3099 16.
2707 3045 2888 3098 Didici
2941 3045 3307 3099 admonitione
3363 3045 3635 3099 verborum
3684 3047 3786 3095 tuo-

2114 3149 2256 3198 rum,
2286 3132 2430 3186 nihil
2481 3131 2636 3185 aliud
2671 3132 2847 3186 verbis
2886 3147 3050 3201 quam
3098 3132 3390 3186 admoneri
3458 3133 3704 3187 hominem
3738 3133 3787 3182 ut

2116 3221 2291 3276 discat
2313 3225 2363 3274 et
2386 3235 2683 3289 perparum
2714 3235 2824 3274 esse
2844 3220 2989 3290 quod
3012 3236 3113 3290 per
3165 3221 3487 3275 locutionem
3535 3221 3786 3288 aliquanta

2116 3311 2373 3377 cogitatio
2413 3309 2676 3376 loquentis
2707 3307 2980 3379 apparet]
3021 3309 3134 3362 Hoc
3164 3312 3248 3363 est
3279 3309 3463 3362 totius
3505 3307 3629 3362 libri
3657 3321 3785 3360 com-

2113 3397 2409 3468 pendium.
2446 3396 2650 3451 Mirum
2697 3399 2783 3450 est
2839 3412 3013 3467 quam
3042 3396 3400 3467 Augustinus
3447 3395 3786 3451 callueritar-

2113 3490 2232 3540 tem
2272 3501 2456 3556 pauca
2502 3488 2559 3539 et
2613 3484 2915 3555 perspicua
2970 3485 3242 3556 dogmata
3288 3484 3683 3556 philosophica
3707 3484 3787 3535 aut

2112 3573 2429 3643 theologica
2474 3572 2670 3626 multis
2716 3571 2902 3626 verbis
2959 3577 3018 3626 et
3077 3573 3341 3627 obscuris
3390 3572 3610 3628 dicendi
3640 3575 3785 3640 atque

2112 3659 2485 3732 impediendi.
2525 3659 2635 3715 Sed
2662 3659 2768 3713 hoc
2791 3659 2901 3714 fuit
2932 3659 3136 3714 vitium
3165 3660 3473 3715 rhetoricae
3503 3660 3648 3714 illius
3682 3654 3784 3711 aevi.

2183 3749 2328 3804 Ibid.
2367 3751 2556 3804 Utrum
2588 3755 2768 3802 autem
2795 3763 2924 3802 vera
2956 3748 3213 3803 dicantur
3248 3765 3374 3804 eum
3416 3749 3595 3804 docere
3619 3747 3782 3810 solum,

2111 3838 2210 3907 qui
2236 3853 2290 3892 se
2312 3839 2459 3891 intus
2491 3836 2757 3903 habitare,
2790 3851 2910 3890 cum
2933 3837 3072 3903 foris
3109 3836 3440 3905 loqueretur,
3485 3833 3742 3890 admonuit
3770 3846 3782 3896 ;

2112 3942 2268 3996 quem
2288 3925 2409 3994 jam
2435 3927 2652 3992 favente
2674 3927 2814 3994 ipso,
2838 3928 2986 3979 tanto
3017 3925 3304 3980 ardent-ius
3339 3926 3586 3994 diligam,
3611 3925 3785 3992 quanto

2111 4029 2198 4070 ero
2248 4013 2560 4068 indiscendo
2587 4012 2933 4083 provectior.]
2968 4013 3324 4068 Platonicum
3348 4013 3458 4069 hoc
3482 4017 3564 4068 est
3582 4013 3779 4082 dogma.

2110 4118 2177 4157 ex
2207 4117 2321 4173 quo
2351 4099 2494 4162 λόγος
2520 4100 2916 4171 (quonomine
2946 4100 3232 4155 Christum
3273 4102 3504 4157 vocavit
3549 4096 3782 4165 Joannes)

2114 4189 2468 4244 statuebatur
2498 4187 2661 4258 quasi
2699 4187 2846 4242 ratio
2904 4187 3242 4243 universalis
3304 4190 3565 4245 omnium
3614 4183 3783 4242 homi-

2040 4253 2084 4308 D
2113 4290 2273 4329 num.
2306 4274 2396 4330 Sic
2424 4253 2679 4329 lus—tinus
2703 4274 3122 4330 vultChristum
3157 4276 3370 4347 partim
3400 4277 3572 4332 fuisse
3597 4269 3784 4330 Socrati

2109 4367 2334 4430 notum,
2388 4372 2535 4433 Λὸγος
2563 4371 2658 4435 γάρ
2689 4369 2770 4430 ἦν,
2848 4363 3061 4435 inquit,
3129 4372 3213 4420 ut
3243 4373 3374 4421 ἐστιν
3404 4373 3430 4422 ὁ
3460 4373 3512 4421 ἐν
3554 4371 3688 4420 παντὶ
3710 4369 3781 4424 ὢν,

2107 4455 2268 4509 Ratio
2307 4454 2447 4507 enim
2470 4456 2588 4507 erat
2625 4457 2675 4506 et
2713 4457 2789 4507 est
2813 4469 2932 4523 quae
2976 4458 3055 4508 est
3091 4455 3150 4508 in
3202 4471 3388 4510 rerum
3439 4453 3781 4510 universitate.

2108 4538 2235 4592 Alia
2263 4538 2437 4594 habet
2466 4539 2671 4593 similia
2701 4539 2764 4595 in
2793 4541 3185 4612 sequentibus,
3227 4543 3289 4598 in
3332 4559 3401 4598 ea
3437 4559 3566 4615 quae
3603 4539 3785 4596 dicitur

2109 4626 2388 4698 Apologia
2431 4631 2449 4682 1
2505 4644 2633 4699 quae
2661 4645 2775 4683 non
2825 4629 3160 4685 exscribam.
3211 4631 3322 4687 Sed
3354 4633 3478 4688 haec
3509 4630 3785 4702 diligenter

2107 4716 2360 4770 notanda
2386 4721 2518 4770 sunt
2544 4717 2615 4771 iis
2641 4717 2742 4788 qui
2772 4719 2965 4773 Patres
2992 4718 3314 4792 intelligere
3340 4722 3581 4793 cupiunt
3609 4736 3622 4786 ;
3660 4729 3784 4788 quos

2107 4819 2409 4874 nunquam
2441 4811 2838 4877 assequentur,
2873 4805 2988 4861 nisi
3026 4807 3221 4863 norint
3243 4825 3375 4880 quae
3413 4823 3614 4865 eorum
3636 4801 3786 4862 fuerit

2122 2425 2429 2490 Saraballa,
2464 2428 2565 2479 aut
2590 2425 2907 2492 Saraballz,
2969 2442 3085 2480 non
3141 2427 3514 2496 Sararabara,
3558 2432 3618 2482 ut
3644 2427 3788 2480 habet

2121 2513 2304 2568 versio
2335 2515 2545 2574 Graeca,
2577 2514 2636 2568 in
2668 2531 2782 2585 qua
2810 2514 3078 2569 facillime
3109 2516 3390 2570 mendum
3438 2516 3677 2586 irrepere
3700 2531 3786 2586 po-

2121 2602 2230 2656 tuit
2258 2602 2318 2656 in
2334 2618 2530 2656 vocem
2562 2603 2882 2670 barbaram,
2915 2619 3047 2658 cum
3085 2605 3412 2675 praesertim
3447 2604 3680 2675 liquidas
3706 2617 3788 2656 au-

2122 2690 2200 2744 ris
2225 2690 2387 2745 facile
2420 2691 2745 2746 confundat.
2774 2691 2863 2747 Sic
2892 2691 3101 2764 scripta
3143 2709 3272 2761 vox,
3309 2709 3416 2764 per
3437 2678 3470 2753 Β
3493 2708 3605 2747 non
3630 2707 3721 2762 per
3743 2703 3785 2754 Ἴ,

310 3045 604 3114 deponens.
656 3046 737 3098 Et
779 3045 898 3098 ideo
956 3043 1160 3098 dicitur
1211 3043 1521 3113 deponens,
1589 3045 1719 3110 quia
1775 3041 2011 3111 deponit

308 3147 477 3186 unum
500 3134 856 3202 participium
877 3133 1058 3198 futuri
1087 3132 1360 3199 temporis,
1392 3145 1427 3183 a
1445 3129 1602 3183 verbo
1628 3131 1844 3198 passivo
1866 3127 2010 3197 quod

310 3224 425 3274 escit
451 3221 511 3274 in
536 3221 642 3274 dus
671 3219 966 3287 syllabam;
991 3224 1050 3273 ut
1077 3223 1217 3288 puta
1247 3217 1454 3288 opinor
1506 3217 1589 3271 vel
1634 3215 1810 3269 miror
1846 3216 2010 3271 verba

309 3313 438 3364 sunt
466 3309 806 3377 deponenlia.
837 3307 945 3362 Sed
974 3306 1118 3360 mihi
1153 3305 1334 3376 magis
1365 3303 1636 3358 Vossiana
1662 3303 2010 3374 etymologia

316 3394 548 3450 arridet.
573 3395 732 3459 Quod
764 3394 936 3448 habet
958 3393 1312 3465 Augustinus
1339 3393 1409 3447 de
1432 3408 1592 3447 versu
1643 3393 1823 3446 multo
1878 3409 2007 3446 coa-

315 3484 458 3538 ctius
491 3487 594 3550 est,
628 3488 684 3538 et
711 3484 878 3554 plane
909 3483 1080 3538 etiam
1110 3482 1333 3547 falsum,
1363 3498 1498 3536 nam
1523 3481 1793 3552 permulti
1816 3497 2009 3536 versus

311 3571 563 3627 converti
612 3575 831 3642 queunt
877 3587 944 3626 eo
1001 3570 1170 3625 modo
1233 3586 1345 3641 quo
1393 3586 1490 3623 eos
1543 3568 1796 3623 converti
1842 3585 2006 3640 posse

309 3664 500 3730 negat.
555 3659 924 3727 Pentametri,
995 3657 1244 3730 exempli
1299 3674 1485 3724 causa,
1547 3673 1662 3712 non
1713 3658 1881 3729 pauci
1928 3658 2007 3712 sic

310 3753 555 3819 possunt
573 3749 825 3803 converti
851 3765 864 3814 ;
891 3764 1091 3802 omnes
1122 3747 1394 3802 nimirum
1429 3763 1672 3818 quorum
1698 3747 1857 3817 prior
1875 3763 2007 3818 pars

307 3841 439 3892 ante
495 3853 768 3891 censuram
827 3837 1052 3892 duobus
1110 3835 1343 3907 dactylis
1391 3839 1634 3890 constat.
1699 3837 2004 3890 Possumus

309 3926 466 3982 enim
491 3941 654 3998 aeque
675 3925 892 3980 dicere:

495 4049 915 4112 Semivirumque
939 4049 1148 4109 bovem,
1179 4048 1604 4112 semibovemque
1629 4048 1816 4108 virum,

424 4140 529 4189 Aut
550 4154 562 4189 :

491 4227 925 4290 Semibovemque
948 4226 1141 4287 virum,
1172 4223 1581 4289 semivirumque
1607 4224 1813 4274 bovem.

430 4323 634 4373 Dixeris
659 4323 874 4388 perinde
900 4337 912 4371 :

491 4410 638 4474 Saepe
663 4411 756 4460 tibi
785 4413 934 4474 pater
961 4413 1058 4469 est,
1098 4423 1236 4472 saepe
1264 4408 1519 4472 legendus
1543 4423 1691 4470 avus,

429 4505 522 4556 Vel
545 4521 557 4554 :

495 4593 644 4656 Saepe
670 4593 924 4657 legendus
958 4606 1107 4652 avus,
1136 4607 1274 4657 saepe
1295 4593 1389 4643 tibi
1418 4598 1566 4658 pater
1594 4597 1690 4644 est.

374 4709 688 4764 Innumera
719 4707 856 4764 talia
883 4712 1181 4764 occurrent
1227 4709 1540 4781 elegiacum
1587 4713 1809 4781 poetam
1843 4711 2002 4765 evol-

304 4799 488 4854 venti.
529 4799 724 4870 Itaque
755 4797 816 4852 in
847 4797 1073 4852 fumum
1119 4797 1238 4852 abit
1290 4797 1570 4870 quidquid
1600 4802 1717 4854 tam
1767 4799 2001 4854 verbose

310 4887 380 4943 de
410 4887 668 4942 versibus
683 4903 796 4942 non
819 4887 1106 4942 vertendis
1120 4886 1426 4958 disputavit
1444 4892 1612 4943 antea
1627 4888 1996 4960 Augustinus.

311 4977 420 5031 Sed
449 4977 596 5032 bene
619 4981 704 5031 est
733 4977 884 5048 quod
915 4976 1126 5030 fatetur
1153 4976 1237 5030 vir
1263 4976 1572 5043 modestus,
1597 4975 1760 5031 initio
1786 4977 1886 5032 lib.
1915 4994 1996 5033 v1:

311 5066 376 5120 Se
405 5069 540 5120 satis
572 5065 670 5119 diu
690 5081 846 5136 pene,
888 5070 1049 5134 atque
1077 5065 1210 5119 adeo
1234 5067 1521 5135 pueriliter
1546 5068 1607 5120 in
1628 5069 1872 5134 vestigiis
1900 5084 2000 5122 nu-

305 5169 571 5208 merorum
609 5154 684 5208 ad
721 5169 901 5209 moras
929 5159 1224 5224 temporum
1269 5157 1675 5222 pertinentium,
1730 5161 1997 5212 moratum

304 5256 433 5296 esse.
468 5240 647 5311 Igitur
692 5243 814 5297 haec
844 5247 902 5297 et
929 5242 1041 5297 alia
1076 5241 1128 5296 ei
1183 5241 1569 5312 ignoscamus,
1623 5245 1721 5299 sed
1770 5248 1997 5316 tempus

303 5327 511 5384 melius
541 5329 934 5385 collocandum
966 5332 1027 5386 in
1058 5331 1129 5385 iis
1175 5331 1452 5401 legendis,
1490 5331 1546 5384 in
1577 5333 1781 5402 quibus
1818 5332 1996 5390 ferme

303 5416 448 5472 nihil
478 5419 690 5488 praeter
744 5418 1041 5474 tiediosam
1091 5424 1147 5474 et
1185 5418 1468 5474 infelicem
1497 5419 1715 5490 ingenii
1745 5425 1994 5478 ostenta-

297 5505 519 5560 tionem
555 5503 769 5572 videas,
804 5506 1040 5562 minime
1069 5512 1339 5564 teramus.

2108 4891 2494 4964 philosophia.

2632 4985 3198 5042 ANIMADVERSION
3207 4985 3284 5041 ES

2495 5087 2550 5126 IN
2590 5087 2779 5127 LIBROS
2809 5089 2877 5128 DE
2913 5089 3105 5140 LIBERQ
3144 5090 3415 5130 ARBITRIO.

2179 5160 2345 5214 Lmno
2377 5174 2418 5214 ι.
2464 5159 2598 5231 Cap.
2633 5165 2685 5228 2,
2721 5159 2747 5231 §
2777 5163 2830 5217 4.
2862 5164 2986 5218 Nisi
3033 5163 3401 5232 credideritis,
3448 5178 3554 5218 non
3603 5158 3782 5216 intelli-

2105 5247 2287 5318 getis.]
2319 5246 2494 5302 Locus
2523 5253 2606 5304 est
2633 5249 2761 5305 Isai.
2794 5267 2889 5317 vn,
2926 5254 2977 5306 9.
3007 5251 3117 5306 Sed
3153 5251 3213 5306 in
3266 5252 3395 5306 LXX
3441 5251 3545 5307 int.
3587 5247 3785 5304 versio-

2105 5353 2200 5407 ne,
2232 5353 2361 5408 quae
2391 5353 2522 5391 cum
2556 5337 2830 5392 Hebraico
2847 5342 3004 5395 textu
3027 5356 3144 5395 non
3160 5341 3464 5408 consentit,
3483 5339 3582 5410 qui
3608 5335 3781 5399 habet,

2103 5429 2170 5480 ut
2198 5429 2348 5481 recte
2409 5424 2587 5480 vertit
2633 5425 3010 5498 Hieronymus
3065 5433 3195 5499 post
3249 5427 3684 5498 Symmachum:
3727 5422 3786 5475 Si

2103 5530 2210 5570 non
2256 5515 2622 5580 credideritis,
2652 5531 2758 5572 non
2783 5517 3184 5599 permanebitis.
3243 5516 3366 5581 Quo
3399 5517 3460 5571 iu
3489 5516 3630 5580 loco,
3661 5526 3781 5582 pro-
