  <div class='ocr_page' id='page_1' title='image "/cluster/home/n/w/nwhite01/storage/ocr_20150623/47/hvd.32044096580683/120.png"; bbox 0 0 3922 6188; ppageno 0'>
   <div class='ocr_carea' id='block_1_1' title="bbox 142 232 2788 294">
    <p class='ocr_par' dir='ltr' id='par_1_1' title="bbox 142 232 2788 294">
     <span class='ocr_line' id='line_1_1' title="bbox 142 232 2788 294; baseline -0.002 -1"><span class='ocrx_word' id='word_1_1' title='bbox 142 244 223 294; x_wconf 72' lang='grc'>229</span> <span class='ocrx_word' id='word_1_2' title='bbox 888 232 1245 289; x_wconf 75' lang='lat' dir='ltr'>VARIORUM</span> <span class='ocrx_word' id='word_1_3' title='bbox 1289 233 1887 291; x_wconf 78' lang='lat' dir='ltr'>EXERCITATIONES</span> <span class='ocrx_word' id='word_1_4' title='bbox 1929 238 1990 290; x_wconf 83' lang='lat' dir='ltr'>lN</span> <span class='ocrx_word' id='word_1_5' title='bbox 2032 240 2085 291; x_wconf 88' lang='lat' dir='ltr'>S.</span> <span class='ocrx_word' id='word_1_6' title='bbox 2130 237 2496 294; x_wconf 82' lang='lat' dir='ltr'>AUGUSTINI</span> <span class='ocrx_word' id='word_1_7' title='bbox 2537 237 2788 292; x_wconf 71' lang='lat' dir='ltr'>Ol’ERA.</span> 
     </span>
    </p>
   </div>
   <div class='ocr_carea' id='block_1_2' title="bbox 3490 245 3593 296">
    <p class='ocr_par' dir='ltr' id='par_1_2' title="bbox 3490 245 3593 296">
     <span class='ocr_line' id='line_1_2' title="bbox 3490 245 3593 296; baseline 0.01 -1"><span class='ocrx_word' id='word_1_8' title='bbox 3490 245 3593 296; x_wconf 88' lang='lat'>230</span> 
     </span>
    </p>
   </div>
   <div class='ocr_carea' id='block_1_3' title="bbox 143 354 3586 436">
    <p class='ocr_par' dir='ltr' id='par_1_3' title="bbox 143 354 3586 436">
     <span class='ocr_line' id='line_1_3' title="bbox 143 354 3586 436; baseline 0.002 -21"><span class='ocrx_word' id='word_1_9' title='bbox 143 364 279 435; x_wconf 84' lang='lat' dir='ltr'>pheta</span> <span class='ocrx_word' id='word_1_10' title='bbox 320 354 619 426; x_wconf 83' lang='lat' dir='ltr'>alloquitur</span> <span class='ocrx_word' id='word_1_11' title='bbox 668 356 889 410; x_wconf 73' lang='lat' dir='ltr'>Iudaeos</span> <span class='ocrx_word' id='word_1_12' title='bbox 915 397 929 424; x_wconf 93' lang='lat'>,</span> <span class='ocrx_word' id='word_1_13' title='bbox 962 372 1171 428; x_wconf 90' lang='lat' dir='ltr'>eosque</span> <span class='ocrx_word' id='word_1_14' title='bbox 1200 357 1461 413; x_wconf 87' lang='lat' dir='ltr'>hortatur</span> <span class='ocrx_word' id='word_1_15' title='bbox 1507 359 1579 413; x_wconf 90' lang='lat' dir='ltr'>ad</span> <span class='ocrx_word' id='word_1_16' title='bbox 1639 359 1779 414; x_wconf 88' lang='lat' dir='ltr'>tidu-</span> <span class='ocrx_word' id='word_1_17' title='bbox 1818 363 1859 416; x_wconf 84' lang='lat' dir='ltr'><strong>A</strong></span> <span class='ocrx_word' id='word_1_18' title='bbox 1887 359 2109 430; x_wconf 89' lang='lat' dir='ltr'>dignos,</span> <span class='ocrx_word' id='word_1_19' title='bbox 2143 362 2294 433; x_wconf 91' lang='lat' dir='ltr'>quod</span> <span class='ocrx_word' id='word_1_20' title='bbox 2324 378 2440 416; x_wconf 90' lang='lat' dir='ltr'>non</span> <span class='ocrx_word' id='word_1_21' title='bbox 2480 363 2705 417; x_wconf 75' lang='lat' dir='ltr'>brevius</span> <span class='ocrx_word' id='word_1_22' title='bbox 2737 362 2863 416; x_wconf 77' lang='lat' dir='ltr'>fieri</span> <span class='ocrx_word' id='word_1_23' title='bbox 2892 368 3100 433; x_wconf 81' lang='lat' dir='ltr'>potest,</span> <span class='ocrx_word' id='word_1_24' title='bbox 3134 381 3307 436; x_wconf 87' lang='lat' dir='ltr'>quam</span> <span class='ocrx_word' id='word_1_25' title='bbox 3338 368 3586 423; x_wconf 79' lang='lat' dir='ltr'>naturali</span> 
     </span>
    </p>
   </div>
   <div class='ocr_carea' id='block_1_4' title="bbox 144 445 1787 512">
    <p class='ocr_par' dir='ltr' id='par_1_4' title="bbox 144 445 1787 512">
     <span class='ocr_line' id='line_1_4' title="bbox 144 445 1787 512; baseline -0.002 -8"><span class='ocrx_word' id='word_1_26' title='bbox 144 452 254 504; x_wconf 88' lang='lat' dir='ltr'>ciam</span> <span class='ocrx_word' id='word_1_27' title='bbox 300 447 352 500; x_wconf 90' lang='lat' dir='ltr'>in</span> <span class='ocrx_word' id='word_1_28' title='bbox 402 445 609 499; x_wconf 85' lang='lat' dir='ltr'>auxilio</span> <span class='ocrx_word' id='word_1_29' title='bbox 641 445 851 512; x_wconf 91' lang='lat' dir='ltr'>divino,</span> <span class='ocrx_word' id='word_1_30' title='bbox 887 450 1083 501; x_wconf 89' lang='lat' dir='ltr'>contra</span> <span class='ocrx_word' id='word_1_31' title='bbox 1120 446 1447 501; x_wconf 91' lang='lat' dir='ltr'>molitiones</span> <span class='ocrx_word' id='word_1_32' title='bbox 1501 448 1787 502; x_wconf 77' lang='lat' dir='ltr'>Israelita-</span> 
     </span>
    </p>
   </div>
   <div class='ocr_carea' id='block_1_5' title="bbox 143 535 1787 608">
    <p class='ocr_par' dir='ltr' id='par_1_5' title="bbox 143 535 1787 608">
     <span class='ocr_line' id='line_1_5' title="bbox 143 535 1787 608; baseline -0.003 -13"><span class='ocrx_word' id='word_1_33' title='bbox 143 556 239 595; x_wconf 83' lang='lat' dir='ltr'>rum</span> <span class='ocrx_word' id='word_1_34' title='bbox 267 543 315 589; x_wconf 88' lang='lat' dir='ltr'>et</span> <span class='ocrx_word' id='word_1_35' title='bbox 346 535 630 605; x_wconf 78' lang='lat' dir='ltr'>Syrorum,</span> <span class='ocrx_word' id='word_1_36' title='bbox 667 535 1027 605; x_wconf 84' lang='lat' dir='ltr'>ponendam:</span> <span class='ocrx_word' id='word_1_37' title='bbox 1059 537 1211 606; x_wconf 92' lang='lat' dir='ltr'>quod</span> <span class='ocrx_word' id='word_1_38' title='bbox 1242 536 1288 589; x_wconf 91' lang='lat' dir='ltr'>si</span> <span class='ocrx_word' id='word_1_39' title='bbox 1316 536 1576 606; x_wconf 79' lang='lat' dir='ltr'>fecerint,</span> <span class='ocrx_word' id='word_1_40' title='bbox 1612 537 1787 608; x_wconf 89' lang='lat' dir='ltr'>polli—</span> 
     </span>
    </p>
   </div>
   <div class='ocr_carea' id='block_1_6' title="bbox 142 625 1788 696">
    <p class='ocr_par' dir='ltr' id='par_1_6' title="bbox 142 625 1788 696">
     <span class='ocr_line' id='line_1_6' title="bbox 142 625 1788 696; baseline -0.001 -16"><span class='ocrx_word' id='word_1_41' title='bbox 142 634 263 680; x_wconf 86' lang='lat' dir='ltr'>cetur</span> <span class='ocrx_word' id='word_1_42' title='bbox 295 625 406 677; x_wconf 85' lang='lat' dir='ltr'>fore</span> <span class='ocrx_word' id='word_1_43' title='bbox 453 628 513 677; x_wconf 88' lang='lat' dir='ltr'>ut</span> <span class='ocrx_word' id='word_1_44' title='bbox 562 639 649 676; x_wconf 89' lang='lat' dir='ltr'>res</span> <span class='ocrx_word' id='word_1_45' title='bbox 702 640 902 678; x_wconf 91' lang='lat' dir='ltr'>eorum</span> <span class='ocrx_word' id='word_1_46' title='bbox 942 626 1122 678; x_wconf 69' lang='lat' dir='ltr'>firma:</span> <span class='ocrx_word' id='word_1_47' title='bbox 1153 630 1550 694; x_wconf 83' lang='lat' dir='ltr'>permaneant.</span> <span class='ocrx_word' id='word_1_48' title='bbox 1609 627 1788 696; x_wconf 80' lang='lat' dir='ltr'>Igitur</span> 
     </span>
    </p>
   </div>
   <div class='ocr_carea' id='block_1_7' title="bbox 140 709 1786 785">
    <p class='ocr_par' dir='ltr' id='par_1_7' title="bbox 140 709 1786 785">
     <span class='ocr_line' id='line_1_7' title="bbox 140 709 1786 785; baseline 0.001 -18"><span class='ocrx_word' id='word_1_49' title='bbox 140 712 245 767; x_wconf 84' lang='lat' dir='ltr'>nihil</span> <span class='ocrx_word' id='word_1_50' title='bbox 266 709 389 765; x_wconf 81' lang='lat' dir='ltr'>facit</span> <span class='ocrx_word' id='word_1_51' title='bbox 439 710 530 764; x_wconf 90' lang='lat' dir='ltr'>hic</span> <span class='ocrx_word' id='word_1_52' title='bbox 560 712 715 765; x_wconf 92' lang='lat' dir='ltr'>locus</span> <span class='ocrx_word' id='word_1_53' title='bbox 749 712 819 765; x_wconf 90' lang='lat' dir='ltr'>ad</span> <span class='ocrx_word' id='word_1_54' title='bbox 850 728 971 765; x_wconf 90' lang='lat' dir='ltr'>rem</span> <span class='ocrx_word' id='word_1_55' title='bbox 1030 728 1205 783; x_wconf 90' lang='lat' dir='ltr'>quam</span> <span class='ocrx_word' id='word_1_56' title='bbox 1259 713 1351 767; x_wconf 90' lang='lat' dir='ltr'>hic</span> <span class='ocrx_word' id='word_1_57' title='bbox 1390 714 1560 768; x_wconf 89' lang='lat' dir='ltr'>habet</span> <span class='ocrx_word' id='word_1_58' title='bbox 1597 717 1786 785; x_wconf 82' lang='lat' dir='ltr'>Augu-</span> 
     </span>
    </p>
   </div>
   <div class='ocr_carea' id='block_1_8' title="bbox 137 801 1789 872">
    <p class='ocr_par' dir='ltr' id='par_1_8' title="bbox 137 801 1789 872">
     <span class='ocr_line' id='line_1_8' title="bbox 137 801 1789 872; baseline 0.001 -18"><span class='ocrx_word' id='word_1_59' title='bbox 137 804 295 866; x_wconf 86' lang='lat' dir='ltr'>stinus,</span> <span class='ocrx_word' id='word_1_60' title='bbox 343 807 393 854; x_wconf 90' lang='lat' dir='ltr'>et</span> <span class='ocrx_word' id='word_1_61' title='bbox 430 816 533 869; x_wconf 91' lang='lat' dir='ltr'>pro</span> <span class='ocrx_word' id='word_1_62' title='bbox 569 801 851 855; x_wconf 74' lang='lat' dir='ltr'>sententia</span> <span class='ocrx_word' id='word_1_63' title='bbox 881 803 1180 872; x_wconf 68' lang='lat' dir='ltr'>prophetae</span> <span class='ocrx_word' id='word_1_64' title='bbox 1238 802 1433 857; x_wconf 85' lang='lat' dir='ltr'>laudat</span> <span class='ocrx_word' id='word_1_65' title='bbox 1488 804 1672 856; x_wconf 92' lang='lat' dir='ltr'>bonus</span> <span class='ocrx_word' id='word_1_66' title='bbox 1704 804 1789 857; x_wconf 88' lang='lat' dir='ltr'>vir</span> 
     </span>
    </p>
   </div>
   <div class='ocr_carea' id='block_1_9' title="bbox 134 889 1787 960">
    <p class='ocr_par' dir='ltr' id='par_1_9' title="bbox 134 889 1787 960">
     <span class='ocr_line' id='line_1_9' title="bbox 134 889 1787 960; baseline 0.001 -16"><span class='ocrx_word' id='word_1_67' title='bbox 134 892 423 960; x_wconf 83' lang='lat' dir='ltr'>ligmentum</span> <span class='ocrx_word' id='word_1_68' title='bbox 457 889 783 944; x_wconf 65' lang='lat' dir='ltr'>Graecorum</span> <span class='ocrx_word' id='word_1_69' title='bbox 827 890 1228 960; x_wconf 89' lang='lat' dir='ltr'>interpretum,</span> <span class='ocrx_word' id='word_1_70' title='bbox 1270 891 1316 944; x_wconf 91' lang='lat' dir='ltr'>si</span> <span class='ocrx_word' id='word_1_71' title='bbox 1353 892 1523 945; x_wconf 91' lang='lat' dir='ltr'>modo</span> <span class='ocrx_word' id='word_1_72' title='bbox 1554 891 1634 945; x_wconf 91' lang='lat' dir='ltr'>ita</span> <span class='ocrx_word' id='word_1_73' title='bbox 1666 908 1787 945; x_wconf 88' lang='lat' dir='ltr'>ver-</span> 
     </span>
    </p>
   </div>
   <div class='ocr_carea' id='block_1_10' title="bbox 132 976 1786 1042">
    <p class='ocr_par' dir='ltr' id='par_1_10' title="bbox 132 976 1786 1042">
     <span class='ocr_line' id='line_1_10' title="bbox 132 976 1786 1042; baseline 0.001 -11"><span class='ocrx_word' id='word_1_74' title='bbox 132 977 284 1031; x_wconf 83' lang='lat' dir='ltr'>terint.</span> <span class='ocrx_word' id='word_1_75' title='bbox 319 976 468 1029; x_wconf 90' lang='lat' dir='ltr'>Unde</span> <span class='ocrx_word' id='word_1_76' title='bbox 498 993 632 1030; x_wconf 86' lang='lat' dir='ltr'>vero</span> <span class='ocrx_word' id='word_1_77' title='bbox 654 977 761 1031; x_wconf 74' lang='lat' dir='ltr'>hoc</span> <span class='ocrx_word' id='word_1_78' title='bbox 790 976 1042 1032; x_wconf 84' lang='lat' dir='ltr'>factum?</span> <span class='ocrx_word' id='word_1_79' title='bbox 1072 978 1215 1042; x_wconf 87' lang='lat' dir='ltr'>Quia</span> <span class='ocrx_word' id='word_1_80' title='bbox 1243 979 1520 1032; x_wconf 89' lang='lat' dir='ltr'>nimirum</span> <span class='ocrx_word' id='word_1_81' title='bbox 1575 980 1786 1033; x_wconf 83' lang='lat' dir='ltr'>credere</span> 
     </span>
    </p>
   </div>
   <div class='ocr_carea' id='block_1_11' title="bbox 131 1065 1783 1135">
    <p class='ocr_par' dir='ltr' id='par_1_11' title="bbox 131 1065 1783 1135">
     <span class='ocr_line' id='line_1_11' title="bbox 131 1065 1783 1135; baseline 0.002 -16"><span class='ocrx_word' id='word_1_82' title='bbox 131 1065 273 1119; x_wconf 79' lang='lat' dir='ltr'>voluit</span> <span class='ocrx_word' id='word_1_83' title='bbox 298 1070 597 1135; x_wconf 84' lang='lat' dir='ltr'>antequam</span> <span class='ocrx_word' id='word_1_84' title='bbox 624 1068 960 1133; x_wconf 76' lang='lat' dir='ltr'>intelligeret.</span> <span class='ocrx_word' id='word_1_85' title='bbox 995 1067 1246 1122; x_wconf 88' lang='lat' dir='ltr'>Credidit</span> <span class='ocrx_word' id='word_1_86' title='bbox 1278 1068 1432 1123; x_wconf 90' lang='lat' dir='ltr'>enim</span> <span class='ocrx_word' id='word_1_87' title='bbox 1472 1069 1625 1123; x_wconf 91' lang='lat' dir='ltr'>hunc</span> <span class='ocrx_word' id='word_1_88' title='bbox 1666 1085 1783 1122; x_wconf 90' lang='lat' dir='ltr'>esse</span> 
     </span>
    </p>
   </div>
   <div class='ocr_carea' id='block_1_12' title="bbox 130 1153 1782 1225">
    <p class='ocr_par' dir='ltr' id='par_1_12' title="bbox 130 1153 1782 1225">
     <span class='ocr_line' id='line_1_12' title="bbox 130 1153 1782 1225; baseline 0.003 -20"><span class='ocrx_word' id='word_1_89' title='bbox 130 1169 321 1206; x_wconf 88' lang='lat' dir='ltr'>sensum</span> <span class='ocrx_word' id='word_1_90' title='bbox 372 1153 700 1223; x_wconf 71' lang='lat' dir='ltr'>Scripturae,</span> <span class='ocrx_word' id='word_1_91' title='bbox 745 1160 1056 1225; x_wconf 88' lang='lat' dir='ltr'>antequam</span> <span class='ocrx_word' id='word_1_92' title='bbox 1088 1156 1257 1211; x_wconf 89' lang='lat' dir='ltr'>sciret</span> <span class='ocrx_word' id='word_1_93' title='bbox 1305 1174 1377 1211; x_wconf 90' lang='lat' dir='ltr'>an</span> <span class='ocrx_word' id='word_1_94' title='bbox 1426 1159 1550 1212; x_wconf 80' lang='lat' dir='ltr'>LXX</span> <span class='ocrx_word' id='word_1_95' title='bbox 1599 1157 1782 1212; x_wconf 86' lang='lat' dir='ltr'>inter-</span> 
     </span>
    </p>
   </div>
   <div class='ocr_carea' id='block_1_13' title="bbox 128 1241 1781 1312">
    <p class='ocr_par' dir='ltr' id='par_1_13' title="bbox 128 1241 1781 1312">
     <span class='ocr_line' id='line_1_13' title="bbox 128 1241 1781 1312; baseline 0.004 -20"><span class='ocrx_word' id='word_1_96' title='bbox 128 1241 343 1309; x_wconf 83' lang='lat' dir='ltr'>pretibus</span> <span class='ocrx_word' id='word_1_97' title='bbox 372 1256 470 1311; x_wconf 90' lang='lat' dir='ltr'>per</span> <span class='ocrx_word' id='word_1_98' title='bbox 528 1242 720 1296; x_wconf 88' lang='lat' dir='ltr'>omnia</span> <span class='ocrx_word' id='word_1_99' title='bbox 775 1242 952 1297; x_wconf 83' lang='lat' dir='ltr'>fidere</span> <span class='ocrx_word' id='word_1_100' title='bbox 982 1243 1201 1312; x_wconf 87' lang='lat' dir='ltr'>liceret,</span> <span class='ocrx_word' id='word_1_101' title='bbox 1237 1250 1335 1298; x_wconf 88' lang='lat' dir='ltr'>aut</span> <span class='ocrx_word' id='word_1_102' title='bbox 1387 1245 1539 1299; x_wconf 90' lang='lat' dir='ltr'>hunc</span> <span class='ocrx_word' id='word_1_103' title='bbox 1594 1246 1781 1299; x_wconf 91' lang='lat' dir='ltr'>locum</span> 
     </span>
    </p>
   </div>
   <div class='ocr_carea' id='block_1_14' title="bbox 129 1330 1783 1389">
    <p class='ocr_par' dir='ltr' id='par_1_14' title="bbox 129 1330 1783 1389">
     <span class='ocr_line' id='line_1_14' title="bbox 129 1330 1783 1389; baseline 0.004 -6"><span class='ocrx_word' id='word_1_104' title='bbox 129 1331 242 1383; x_wconf 83' lang='lat' dir='ltr'>bene</span> <span class='ocrx_word' id='word_1_105' title='bbox 268 1346 380 1383; x_wconf 89' lang='lat' dir='ltr'>esse</span> <span class='ocrx_word' id='word_1_106' title='bbox 410 1330 481 1384; x_wconf 91' lang='lat' dir='ltr'>ab</span> <span class='ocrx_word' id='word_1_107' title='bbox 526 1331 597 1385; x_wconf 92' lang='lat' dir='ltr'>iis</span> <span class='ocrx_word' id='word_1_108' title='bbox 640 1348 867 1387; x_wconf 85' lang='lat' dir='ltr'>versum</span> <span class='ocrx_word' id='word_1_109' title='bbox 922 1338 1227 1387; x_wconf 88' lang='lat' dir='ltr'>constaret.</span> <span class='ocrx_word' id='word_1_110' title='bbox 1276 1334 1385 1389; x_wconf 90' lang='lat' dir='ltr'>Sed</span> <span class='ocrx_word' id='word_1_111' title='bbox 1428 1340 1485 1389; x_wconf 92' lang='lat' dir='ltr'>et</span> <span class='ocrx_word' id='word_1_112' title='bbox 1510 1335 1647 1389; x_wconf 89' lang='lat' dir='ltr'>alibi</span> <span class='ocrx_word' id='word_1_113' title='bbox 1676 1336 1783 1389; x_wconf 90' lang='lat' dir='ltr'>hoc</span> 
     </span>
    </p>
   </div>
   <div class='ocr_carea' id='block_1_15' title="bbox 128 1418 1522 1492">
    <p class='ocr_par' dir='ltr' id='par_1_15' title="bbox 128 1418 1522 1492">
     <span class='ocr_line' id='line_1_15' title="bbox 128 1418 1522 1492; baseline 0.003 -20"><span class='ocrx_word' id='word_1_114' title='bbox 128 1420 222 1472; x_wconf 87' lang='lat' dir='ltr'>loco</span> <span class='ocrx_word' id='word_1_115' title='bbox 246 1418 571 1489; x_wconf 89' lang='lat' dir='ltr'>simpliciter</span> <span class='ocrx_word' id='word_1_116' title='bbox 600 1420 874 1487; x_wconf 87' lang='lat' dir='ltr'>abutitur,</span> <span class='ocrx_word' id='word_1_117' title='bbox 911 1427 971 1476; x_wconf 91' lang='lat' dir='ltr'>ut</span> <span class='ocrx_word' id='word_1_118' title='bbox 992 1421 1142 1492; x_wconf 77' lang='lat' dir='ltr'>infra</span> <span class='ocrx_word' id='word_1_119' title='bbox 1171 1422 1277 1477; x_wconf 88' lang='lat' dir='ltr'>lib.</span> <span class='ocrx_word' id='word_1_120' title='bbox 1319 1439 1376 1490; x_wconf 90' lang='grc' dir='ltr'>ιι,</span> <span class='ocrx_word' id='word_1_121' title='bbox 1412 1422 1439 1492; x_wconf 82' lang='lat'>§</span> <span class='ocrx_word' id='word_1_122' title='bbox 1472 1426 1522 1477; x_wconf 85' lang='lat'>6.</span> 
     </span>
    </p>
   </div>
   <div class='ocr_carea' id='block_1_16' title="bbox 180 1506 1779 1582">
    <p class='ocr_par' dir='ltr' id='par_1_16' title="bbox 180 1506 1779 1582">
     <span class='ocr_line' id='line_1_16' title="bbox 180 1506 1779 1582; baseline 0.003 -21"><span class='ocrx_word' id='word_1_123' title='bbox 180 1508 291 1577; x_wconf 83' lang='lat' dir='ltr'>Cap.</span> <span class='ocrx_word' id='word_1_124' title='bbox 324 1510 371 1569; x_wconf 89' lang='lat'>3,</span> <span class='ocrx_word' id='word_1_125' title='bbox 405 1506 513 1576; x_wconf 78' lang='lat'>§8.</span> <span class='ocrx_word' id='word_1_126' title='bbox 545 1508 736 1563; x_wconf 77' lang='lat' dir='ltr'>Libido</span> <span class='ocrx_word' id='word_1_127' title='bbox 758 1512 814 1563; x_wconf 89' lang='lat' dir='ltr'>in</span> <span class='ocrx_word' id='word_1_128' title='bbox 848 1511 1117 1564; x_wconf 86' lang='lat' dir='ltr'>adulterio</span> <span class='ocrx_word' id='word_1_129' title='bbox 1148 1513 1348 1565; x_wconf 85' lang='lat' dir='ltr'>malum</span> <span class='ocrx_word' id='word_1_130' title='bbox 1371 1511 1489 1582; x_wconf 63' lang='lat' dir='ltr'>est]</span> <span class='ocrx_word' id='word_1_131' title='bbox 1530 1511 1779 1565; x_wconf 89' lang='lat' dir='ltr'>Dubium</span> 
     </span>
    </p>
   </div>
   <div class='ocr_carea' id='block_1_17' title="bbox 127 1597 1779 1671">
    <p class='ocr_par' dir='ltr' id='par_1_17' title="bbox 127 1597 1779 1671">
     <span class='ocr_line' id='line_1_17' title="bbox 127 1597 1779 1671; baseline 0.002 -20"><span class='ocrx_word' id='word_1_132' title='bbox 127 1613 217 1651; x_wconf 89' lang='lat' dir='ltr'>non</span> <span class='ocrx_word' id='word_1_133' title='bbox 233 1602 305 1650; x_wconf 89' lang='lat' dir='ltr'>est</span> <span class='ocrx_word' id='word_1_134' title='bbox 327 1597 461 1667; x_wconf 90' lang='lat' dir='ltr'>quin</span> <span class='ocrx_word' id='word_1_135' title='bbox 492 1598 643 1652; x_wconf 87' lang='lat' dir='ltr'>mala</span> <span class='ocrx_word' id='word_1_136' title='bbox 674 1598 747 1653; x_wconf 88' lang='lat' dir='ltr'>sit</span> <span class='ocrx_word' id='word_1_137' title='bbox 794 1598 852 1652; x_wconf 91' lang='lat' dir='ltr'>in</span> <span class='ocrx_word' id='word_1_138' title='bbox 883 1599 1164 1653; x_wconf 90' lang='lat' dir='ltr'>adulterio</span> <span class='ocrx_word' id='word_1_139' title='bbox 1195 1600 1402 1666; x_wconf 88' lang='lat' dir='ltr'>libido;</span> <span class='ocrx_word' id='word_1_140' title='bbox 1458 1600 1554 1654; x_wconf 91' lang='lat' dir='ltr'>sed</span> <span class='ocrx_word' id='word_1_141' title='bbox 1603 1617 1779 1671; x_wconf 85' lang='lat' dir='ltr'>quare</span> 
     </span>
    </p>
   </div>
   <div class='ocr_carea' id='block_1_18' title="bbox 127 1686 1782 1761">
    <p class='ocr_par' dir='ltr' id='par_1_18' title="bbox 127 1686 1782 1761">
     <span class='ocr_line' id='line_1_18' title="bbox 127 1686 1782 1761; baseline 0.004 -23"><span class='ocrx_word' id='word_1_142' title='bbox 127 1686 243 1739; x_wconf 87' lang='lat' dir='ltr'>mala</span> <span class='ocrx_word' id='word_1_143' title='bbox 268 1686 381 1738; x_wconf 81' lang='lat' dir='ltr'>est?</span> <span class='ocrx_word' id='word_1_144' title='bbox 421 1686 570 1749; x_wconf 87' lang='lat' dir='ltr'>Quia</span> <span class='ocrx_word' id='word_1_145' title='bbox 600 1686 946 1741; x_wconf 89' lang='lat' dir='ltr'>adulterium</span> <span class='ocrx_word' id='word_1_146' title='bbox 978 1688 1165 1759; x_wconf 89' lang='lat' dir='ltr'>ipsum</span> <span class='ocrx_word' id='word_1_147' title='bbox 1195 1693 1282 1743; x_wconf 91' lang='lat' dir='ltr'>est</span> <span class='ocrx_word' id='word_1_148' title='bbox 1338 1689 1569 1751; x_wconf 87' lang='lat' dir='ltr'>malum,</span> <span class='ocrx_word' id='word_1_149' title='bbox 1629 1690 1782 1761; x_wconf 92' lang='lat' dir='ltr'>quod</span> 
     </span>
    </p>
   </div>
   <div class='ocr_carea' id='block_1_19' title="bbox 126 1773 1783 1847">
    <p class='ocr_par' dir='ltr' id='par_1_19' title="bbox 126 1773 1783 1847">
     <span class='ocr_line' id='line_1_19' title="bbox 126 1773 1783 1847; baseline 0.004 -21"><span class='ocrx_word' id='word_1_150' title='bbox 126 1775 199 1827; x_wconf 90' lang='lat' dir='ltr'>illo</span> <span class='ocrx_word' id='word_1_151' title='bbox 238 1773 454 1827; x_wconf 88' lang='lat' dir='ltr'>societas</span> <span class='ocrx_word' id='word_1_152' title='bbox 509 1775 763 1829; x_wconf 88' lang='lat' dir='ltr'>humana</span> <span class='ocrx_word' id='word_1_153' title='bbox 818 1777 989 1846; x_wconf 88' lang='lat' dir='ltr'>plane</span> <span class='ocrx_word' id='word_1_154' title='bbox 1044 1777 1431 1847; x_wconf 84' lang='lat' dir='ltr'>perturbetur.</span> <span class='ocrx_word' id='word_1_155' title='bbox 1510 1779 1783 1833; x_wconf 84' lang='lat' dir='ltr'>Humanae</span> 
     </span>
    </p>
   </div>
   <div class='ocr_carea' id='block_1_20' title="bbox 126 1861 1783 1922">
    <p class='ocr_par' dir='ltr' id='par_1_20' title="bbox 126 1861 1783 1922">
     <span class='ocr_line' id='line_1_20' title="bbox 126 1861 1783 1922; baseline 0.004 -6"><span class='ocrx_word' id='word_1_156' title='bbox 126 1862 245 1916; x_wconf 88' lang='lat' dir='ltr'>enim</span> <span class='ocrx_word' id='word_1_157' title='bbox 270 1861 549 1917; x_wconf 84' lang='lat' dir='ltr'>societatis</span> <span class='ocrx_word' id='word_1_158' title='bbox 592 1863 1029 1919; x_wconf 86' lang='lat' dir='ltr'>fundamentum</span> <span class='ocrx_word' id='word_1_159' title='bbox 1062 1864 1402 1920; x_wconf 90' lang='lat' dir='ltr'>estsocietas</span> <span class='ocrx_word' id='word_1_160' title='bbox 1434 1866 1539 1920; x_wconf 90' lang='lat' dir='ltr'>viri</span> <span class='ocrx_word' id='word_1_161' title='bbox 1570 1873 1626 1922; x_wconf 91' lang='lat' dir='ltr'>et</span> <span class='ocrx_word' id='word_1_162' title='bbox 1653 1884 1783 1922; x_wconf 91' lang='lat' dir='ltr'>con-</span> 
     </span>
    </p>
   </div>
   <div class='ocr_carea' id='block_1_21' title="bbox 120 1950 1781 2025">
    <p class='ocr_par' dir='ltr' id='par_1_21' title="bbox 120 1950 1781 2025">
     <span class='ocr_line' id='line_1_21' title="bbox 120 1950 1781 2025; baseline 0.004 -21"><span class='ocrx_word' id='word_1_163' title='bbox 120 1950 255 2021; x_wconf 87' lang='lat' dir='ltr'>jugis,</span> <span class='ocrx_word' id='word_1_164' title='bbox 290 1968 409 2022; x_wconf 64' lang='lat' dir='ltr'>quas</span> <span class='ocrx_word' id='word_1_165' title='bbox 458 1958 554 2007; x_wconf 85' lang='lat' dir='ltr'>est</span> <span class='ocrx_word' id='word_1_166' title='bbox 583 1954 843 2008; x_wconf 89' lang='lat' dir='ltr'>omnium</span> <span class='ocrx_word' id='word_1_167' title='bbox 898 1955 1106 2025; x_wconf 88' lang='lat' dir='ltr'>prima,</span> <span class='ocrx_word' id='word_1_168' title='bbox 1154 1971 1257 2009; x_wconf 90' lang='lat' dir='ltr'>nec</span> <span class='ocrx_word' id='word_1_169' title='bbox 1298 1955 1606 2011; x_wconf 89' lang='lat' dir='ltr'>incolumis</span> <span class='ocrx_word' id='word_1_170' title='bbox 1661 1973 1781 2012; x_wconf 89' lang='lat' dir='ltr'>esse</span> 
     </span>
    </p>
   </div>
   <div class='ocr_carea' id='block_1_22' title="bbox 125 2040 1780 2112">
    <p class='ocr_par' dir='ltr' id='par_1_22' title="bbox 125 2040 1780 2112">
     <span class='ocr_line' id='line_1_22' title="bbox 125 2040 1780 2112; baseline 0.005 -21"><span class='ocrx_word' id='word_1_171' title='bbox 125 2042 291 2108; x_wconf 82' lang='lat' dir='ltr'>potest,</span> <span class='ocrx_word' id='word_1_172' title='bbox 324 2040 437 2094; x_wconf 90' lang='lat' dir='ltr'>sine</span> <span class='ocrx_word' id='word_1_173' title='bbox 472 2045 681 2095; x_wconf 82' lang='lat' dir='ltr'>mutuo</span> <span class='ocrx_word' id='word_1_174' title='bbox 713 2041 1009 2112; x_wconf 88' lang='lat' dir='ltr'>utriusque</span> <span class='ocrx_word' id='word_1_175' title='bbox 1053 2058 1268 2111; x_wconf 91' lang='lat' dir='ltr'>amore,</span> <span class='ocrx_word' id='word_1_176' title='bbox 1309 2047 1363 2097; x_wconf 93' lang='lat' dir='ltr'>et</span> <span class='ocrx_word' id='word_1_177' title='bbox 1393 2045 1684 2098; x_wconf 88' lang='lat' dir='ltr'>communi</span> <span class='ocrx_word' id='word_1_178' title='bbox 1715 2046 1780 2099; x_wconf 90' lang='lat' dir='ltr'>li-</span> 
     </span>
    </p>
   </div>
   <div class='ocr_carea' id='block_1_23' title="bbox 126 2128 1783 2202">
    <p class='ocr_par' dir='ltr' id='par_1_23' title="bbox 126 2128 1783 2202">
     <span class='ocr_line' id='line_1_23' title="bbox 126 2128 1783 2202; baseline 0.004 -21"><span class='ocrx_word' id='word_1_179' title='bbox 126 2128 347 2182; x_wconf 86' lang='lat' dir='ltr'>berorum</span> <span class='ocrx_word' id='word_1_180' title='bbox 379 2144 441 2181; x_wconf 90' lang='lat' dir='ltr'>ac</span> <span class='ocrx_word' id='word_1_181' title='bbox 466 2129 557 2183; x_wconf 84' lang='lat' dir='ltr'>rei</span> <span class='ocrx_word' id='word_1_182' title='bbox 608 2129 909 2183; x_wconf 87' lang='lat' dir='ltr'>familiaris</span> <span class='ocrx_word' id='word_1_183' title='bbox 939 2146 1092 2196; x_wconf 90' lang='lat' dir='ltr'>cura,</span> <span class='ocrx_word' id='word_1_184' title='bbox 1145 2147 1275 2202; x_wconf 68' lang='lat' dir='ltr'>quae</span> <span class='ocrx_word' id='word_1_185' title='bbox 1307 2148 1440 2186; x_wconf 92' lang='lat' dir='ltr'>cum</span> <span class='ocrx_word' id='word_1_186' title='bbox 1502 2133 1783 2188; x_wconf 89' lang='lat' dir='ltr'>adulterio</span> 
     </span>
    </p>
   </div>
   <div class='ocr_carea' id='block_1_24' title="bbox 128 2219 1784 2290">
    <p class='ocr_par' dir='ltr' id='par_1_24' title="bbox 128 2219 1784 2290">
     <span class='ocr_line' id='line_1_24' title="bbox 128 2219 1784 2290; baseline 0.005 -22"><span class='ocrx_word' id='word_1_187' title='bbox 128 2221 239 2269; x_wconf 84' lang='lat' dir='ltr'>stare</span> <span class='ocrx_word' id='word_1_188' title='bbox 273 2221 583 2288; x_wconf 91' lang='lat' dir='ltr'>nequeunt.</span> <span class='ocrx_word' id='word_1_189' title='bbox 641 2220 923 2273; x_wconf 65' lang='lat' dir='ltr'>Praeterea</span> <span class='ocrx_word' id='word_1_190' title='bbox 968 2219 1251 2274; x_wconf 86' lang='lat' dir='ltr'>adulteria</span> <span class='ocrx_word' id='word_1_191' title='bbox 1300 2224 1604 2290; x_wconf 90' lang='lat' dir='ltr'>parentum</span> <span class='ocrx_word' id='word_1_192' title='bbox 1653 2227 1784 2277; x_wconf 90' lang='lat' dir='ltr'>sunt</span> 
     </span>
    </p>
   </div>
   <div class='ocr_carea' id='block_1_25' title="bbox 126 2304 1783 2380">
    <p class='ocr_par' dir='ltr' id='par_1_25' title="bbox 126 2304 1783 2380">
     <span class='ocr_line' id='line_1_25' title="bbox 126 2304 1783 2380; baseline 0.005 -23"><span class='ocrx_word' id='word_1_193' title='bbox 126 2304 279 2359; x_wconf 89' lang='lat' dir='ltr'>liberis</span> <span class='ocrx_word' id='word_1_194' title='bbox 303 2306 757 2361; x_wconf 80' lang='lat' dir='ltr'>efﬁcacissimum</span> <span class='ocrx_word' id='word_1_195' title='bbox 809 2308 1098 2362; x_wconf 90' lang='lat' dir='ltr'>scortandi</span> <span class='ocrx_word' id='word_1_196' title='bbox 1152 2310 1509 2379; x_wconf 84' lang='lat' dir='ltr'>exemplum;</span> <span class='ocrx_word' id='word_1_197' title='bbox 1552 2312 1705 2380; x_wconf 93' lang='lat' dir='ltr'>quod</span> <span class='ocrx_word' id='word_1_198' title='bbox 1736 2310 1783 2365; x_wconf 88' lang='lat' dir='ltr'>si</span> 
     </span>
    </p>
   </div>
   <div class='ocr_carea' id='block_1_26' title="bbox 128 2394 1782 2468">
    <p class='ocr_par' dir='ltr' id='par_1_26' title="bbox 128 2394 1782 2468">
     <span class='ocr_line' id='line_1_26' title="bbox 128 2394 1782 2468; baseline 0.005 -23"><span class='ocrx_word' id='word_1_199' title='bbox 128 2394 394 2461; x_wconf 77' lang='lat' dir='ltr'>promiscue</span> <span class='ocrx_word' id='word_1_200' title='bbox 440 2395 629 2464; x_wconf 79' lang='lat' dir='ltr'>fieret,</span> <span class='ocrx_word' id='word_1_201' title='bbox 669 2402 859 2450; x_wconf 90' lang='lat' dir='ltr'>actum</span> <span class='ocrx_word' id='word_1_202' title='bbox 908 2413 1139 2468; x_wconf 90' lang='lat' dir='ltr'>quoque</span> <span class='ocrx_word' id='word_1_203' title='bbox 1191 2402 1339 2451; x_wconf 90' lang='lat' dir='ltr'>esset</span> <span class='ocrx_word' id='word_1_204' title='bbox 1390 2398 1460 2452; x_wconf 91' lang='lat' dir='ltr'>de</span> <span class='ocrx_word' id='word_1_205' title='bbox 1516 2399 1782 2454; x_wconf 89' lang='lat' dir='ltr'>societate</span> 
     </span>
    </p>
   </div>
   <div class='ocr_carea' id='block_1_27' title="bbox 128 2481 1773 2555">
    <p class='ocr_par' dir='ltr' id='par_1_27' title="bbox 128 2481 1773 2555">
     <span class='ocr_line' id='line_1_27' title="bbox 128 2481 1773 2555; baseline 0.004 -20"><span class='ocrx_word' id='word_1_206' title='bbox 128 2481 346 2538; x_wconf 87' lang='lat' dir='ltr'>humana.</span> <span class='ocrx_word' id='word_1_207' title='bbox 394 2485 552 2539; x_wconf 88' lang='lat' dir='ltr'>Talia</span> <span class='ocrx_word' id='word_1_208' title='bbox 614 2500 750 2555; x_wconf 89' lang='lat' dir='ltr'>ergo</span> <span class='ocrx_word' id='word_1_209' title='bbox 810 2490 944 2539; x_wconf 90' lang='lat' dir='ltr'>sunt</span> <span class='ocrx_word' id='word_1_210' title='bbox 994 2485 1189 2554; x_wconf 87' lang='lat' dir='ltr'>vetita,</span> <span class='ocrx_word' id='word_1_211' title='bbox 1241 2486 1544 2541; x_wconf 89' lang='lat' dir='ltr'>hominum</span> <span class='ocrx_word' id='word_1_212' title='bbox 1574 2504 1773 2555; x_wconf 89' lang='lat' dir='ltr'>causa;</span> 
     </span>
    </p>
   </div>
   <div class='ocr_carea' id='block_1_28' title="bbox 130 2570 1781 2644">
    <p class='ocr_par' dir='ltr' id='par_1_28' title="bbox 130 2570 1781 2644">
     <span class='ocr_line' id='line_1_28' title="bbox 130 2570 1781 2644; baseline 0.004 -21"><span class='ocrx_word' id='word_1_213' title='bbox 130 2570 288 2639; x_wconf 87' lang='lat' dir='ltr'>quibus</span> <span class='ocrx_word' id='word_1_214' title='bbox 312 2573 681 2628; x_wconf 83' lang='lat' dir='ltr'>vehementer</span> <span class='ocrx_word' id='word_1_215' title='bbox 728 2578 1019 2628; x_wconf 85' lang='lat' dir='ltr'>nocerent.</span> <span class='ocrx_word' id='word_1_216' title='bbox 1054 2575 1279 2644; x_wconf 82' lang='lat' dir='ltr'>Alioqui</span> <span class='ocrx_word' id='word_1_217' title='bbox 1314 2576 1503 2643; x_wconf 79' lang='lat' dir='ltr'>libido,</span> <span class='ocrx_word' id='word_1_218' title='bbox 1547 2593 1644 2629; x_wconf 91' lang='lat' dir='ltr'>seu</span> <span class='ocrx_word' id='word_1_219' title='bbox 1685 2594 1781 2630; x_wconf 91' lang='lat' dir='ltr'>eu-</span> 
     </span>
    </p>
   </div>
   <div class='ocr_carea' id='block_1_29' title="bbox 130 2659 1784 2733">
    <p class='ocr_par' dir='ltr' id='par_1_29' title="bbox 130 2659 1784 2733">
     <span class='ocr_line' id='line_1_29' title="bbox 130 2659 1784 2733; baseline 0.005 -22"><span class='ocrx_word' id='word_1_220' title='bbox 130 2659 290 2728; x_wconf 88' lang='lat' dir='ltr'>piditas</span> <span class='ocrx_word' id='word_1_221' title='bbox 313 2662 545 2717; x_wconf 88' lang='lat' dir='ltr'>alterius</span> <span class='ocrx_word' id='word_1_222' title='bbox 575 2679 763 2727; x_wconf 87' lang='lat' dir='ltr'>sexus,</span> <span class='ocrx_word' id='word_1_223' title='bbox 788 2663 932 2717; x_wconf 86' lang='lat' dir='ltr'>nihil</span> <span class='ocrx_word' id='word_1_224' title='bbox 956 2663 1127 2717; x_wconf 89' lang='lat' dir='ltr'>habet</span> <span class='ocrx_word' id='word_1_225' title='bbox 1155 2679 1259 2733; x_wconf 89' lang='lat' dir='ltr'>per</span> <span class='ocrx_word' id='word_1_226' title='bbox 1284 2680 1342 2718; x_wconf 91' lang='lat' dir='ltr'>se</span> <span class='ocrx_word' id='word_1_227' title='bbox 1368 2665 1524 2730; x_wconf 91' lang='lat' dir='ltr'>mali,</span> <span class='ocrx_word' id='word_1_228' title='bbox 1555 2664 1602 2718; x_wconf 89' lang='lat' dir='ltr'>si</span> <span class='ocrx_word' id='word_1_229' title='bbox 1631 2665 1784 2720; x_wconf 90' lang='lat' dir='ltr'>intra</span> 
     </span>
    </p>
   </div>
   <div class='ocr_carea' id='block_1_30' title="bbox 130 2748 1782 2824">
    <p class='ocr_par' dir='ltr' id='par_1_30' title="bbox 130 2748 1782 2824">
     <span class='ocr_line' id='line_1_30' title="bbox 130 2748 1782 2824; baseline 0.005 -24"><span class='ocrx_word' id='word_1_230' title='bbox 130 2748 292 2802; x_wconf 86' lang='lat' dir='ltr'>limites</span> <span class='ocrx_word' id='word_1_231' title='bbox 318 2766 348 2803; x_wconf 92' lang='lat' dir='ltr'>a</span> <span class='ocrx_word' id='word_1_232' title='bbox 378 2752 513 2817; x_wconf 92' lang='lat' dir='ltr'>Deo,</span> <span class='ocrx_word' id='word_1_233' title='bbox 548 2750 669 2805; x_wconf 91' lang='lat' dir='ltr'>imo</span> <span class='ocrx_word' id='word_1_234' title='bbox 700 2756 753 2805; x_wconf 92' lang='lat' dir='ltr'>et</span> <span class='ocrx_word' id='word_1_235' title='bbox 802 2752 873 2805; x_wconf 90' lang='lat' dir='ltr'>ab</span> <span class='ocrx_word' id='word_1_236' title='bbox 928 2751 1050 2823; x_wconf 90' lang='lat' dir='ltr'>ipsa</span> <span class='ocrx_word' id='word_1_237' title='bbox 1100 2752 1357 2817; x_wconf 81' lang='lat' dir='ltr'>Ratione,</span> <span class='ocrx_word' id='word_1_238' title='bbox 1417 2754 1782 2824; x_wconf 78' lang='lat' dir='ltr'>prmscriptos</span> 
     </span>
    </p>
   </div>
   <div class='ocr_carea' id='block_1_31' title="bbox 134 2840 1783 2904">
    <p class='ocr_par' dir='ltr' id='par_1_31' title="bbox 134 2840 1783 2904">
     <span class='ocr_line' id='line_1_31' title="bbox 134 2840 1783 2904; baseline 0.005 -15"><span class='ocrx_word' id='word_1_239' title='bbox 134 2843 326 2893; x_wconf 88' lang='lat' dir='ltr'>maneat.</span> <span class='ocrx_word' id='word_1_240' title='bbox 399 2840 791 2904; x_wconf 86' lang='lat' dir='ltr'>Quamobrem</span> <span class='ocrx_word' id='word_1_241' title='bbox 859 2840 941 2895; x_wconf 91' lang='lat' dir='ltr'>ita</span> <span class='ocrx_word' id='word_1_242' title='bbox 996 2842 1302 2896; x_wconf 89' lang='lat' dir='ltr'>constituta</span> <span class='ocrx_word' id='word_1_243' title='bbox 1370 2846 1503 2896; x_wconf 90' lang='lat' dir='ltr'>sunt</span> <span class='ocrx_word' id='word_1_244' title='bbox 1559 2860 1591 2896; x_wconf 89' lang='lat' dir='ltr'>a</span> <span class='ocrx_word' id='word_1_245' title='bbox 1670 2845 1783 2897; x_wconf 91' lang='lat' dir='ltr'>Deo</span> 
     </span>
    </p>
   </div>
   <div class='ocr_carea' id='block_1_32' title="bbox 1898 448 2907 513">
    <p class='ocr_par' dir='ltr' id='par_1_32' title="bbox 1898 448 2907 513">
     <span class='ocr_line' id='line_1_32' title="bbox 1898 448 2907 513; baseline 0.003 -11"><span class='ocrx_word' id='word_1_246' title='bbox 1898 448 2112 503; x_wconf 89' lang='lat' dir='ltr'>ratione</span> <span class='ocrx_word' id='word_1_247' title='bbox 2143 451 2521 504; x_wconf 87' lang='lat' dir='ltr'>demonstrari</span> <span class='ocrx_word' id='word_1_248' title='bbox 2557 453 2733 513; x_wconf 90' lang='lat' dir='ltr'>Deum</span> <span class='ocrx_word' id='word_1_249' title='bbox 2768 468 2907 505; x_wconf 88' lang='lat' dir='ltr'>esse.</span> 
     </span>
    </p>
   </div>
   <div class='ocr_carea' id='block_1_33' title="bbox 1968 538 3587 611">
    <p class='ocr_par' dir='ltr' id='par_1_33' title="bbox 1968 538 3587 611">
     <span class='ocr_line' id='line_1_33' title="bbox 1968 538 3587 611; baseline 0.006 -20"><span class='ocrx_word' id='word_1_250' title='bbox 1968 538 2193 608; x_wconf 81' lang='lat' dir='ltr'>lbid.,§</span> <span class='ocrx_word' id='word_1_251' title='bbox 2242 542 2292 593; x_wconf 83' lang='lat'>6.</span> <span class='ocrx_word' id='word_1_252' title='bbox 2350 543 2581 595; x_wconf 83' lang='lat' dir='ltr'>Frustra</span> <span class='ocrx_word' id='word_1_253' title='bbox 2626 543 2889 611; x_wconf 74' lang='lat' dir='ltr'>propheta</span> <span class='ocrx_word' id='word_1_254' title='bbox 2928 541 3184 596; x_wconf 56' lang='lat' dir='ltr'>dia-isset:</span> <span class='ocrx_word' id='word_1_255' title='bbox 3238 544 3352 597; x_wconf 86' lang='lat' dir='ltr'>Nisi</span> <span class='ocrx_word' id='word_1_256' title='bbox 3402 544 3587 600; x_wconf 90' lang='lat' dir='ltr'>credi-</span> 
     </span>
    </p>
   </div>
   <div class='ocr_carea' id='block_1_34' title="bbox 1898 625 3584 705">
    <p class='ocr_par' dir='ltr' id='par_1_34' title="bbox 1898 625 3584 705">
     <span class='ocr_line' id='line_1_34' title="bbox 1898 625 3584 705; baseline 0.005 -26"><span class='ocrx_word' id='word_1_257' title='bbox 1898 625 2113 692; x_wconf 85' lang='lat' dir='ltr'>deritis,</span> <span class='ocrx_word' id='word_1_258' title='bbox 2142 642 2257 680; x_wconf 91' lang='lat' dir='ltr'>non</span> <span class='ocrx_word' id='word_1_259' title='bbox 2289 627 2799 698; x_wconf 76' lang='lat' dir='ltr'>intelligetis.]lam</span> <span class='ocrx_word' id='word_1_260' title='bbox 2822 634 2989 683; x_wconf 89' lang='lat' dir='ltr'>antea</span> <span class='ocrx_word' id='word_1_261' title='bbox 3009 631 3366 686; x_wconf 87' lang='lat' dir='ltr'>ostendimus</span> <span class='ocrx_word' id='word_1_262' title='bbox 3397 650 3429 687; x_wconf 90' lang='lat' dir='ltr'>a</span> <span class='ocrx_word' id='word_1_263' title='bbox 3461 650 3584 705; x_wconf 85' lang='lat' dir='ltr'>pro-</span> 
     </span>
    </p>
   </div>
   <div class='ocr_carea' id='block_1_35' title="bbox 1894 714 3189 787">
    <p class='ocr_par' dir='ltr' id='par_1_35' title="bbox 1894 714 3189 787">
     <span class='ocr_line' id='line_1_35' title="bbox 1894 714 3189 787; baseline 0.005 -21"><span class='ocrx_word' id='word_1_264' title='bbox 1894 714 2069 784; x_wconf 87' lang='lat' dir='ltr'>pheta</span> <span class='ocrx_word' id='word_1_265' title='bbox 2098 714 2205 767; x_wconf 87' lang='lat' dir='ltr'>tale</span> <span class='ocrx_word' id='word_1_266' title='bbox 2240 714 2380 767; x_wconf 89' lang='lat' dir='ltr'>nihil</span> <span class='ocrx_word' id='word_1_267' title='bbox 2414 715 2649 781; x_wconf 87' lang='lat' dir='ltr'>dictum,</span> <span class='ocrx_word' id='word_1_268' title='bbox 2684 717 2752 770; x_wconf 90' lang='lat' dir='ltr'>ad</span> <span class='ocrx_word' id='word_1_269' title='bbox 2778 717 2872 771; x_wconf 92' lang='lat' dir='ltr'>lib.</span> <span class='ocrx_word' id='word_1_270' title='bbox 2910 734 2947 781; x_wconf 81' lang='grc' dir='ltr'>ι,</span> <span class='ocrx_word' id='word_1_271' title='bbox 2981 733 3101 787; x_wconf 91' lang='lat' dir='ltr'>cap.</span> <span class='ocrx_word' id='word_1_272' title='bbox 3138 720 3189 772; x_wconf 92' lang='lat'>2.</span> 
     </span>
    </p>
   </div>
   <div class='ocr_carea' id='block_1_36' title="bbox 1966 802 3582 873">
    <p class='ocr_par' dir='ltr' id='par_1_36' title="bbox 1966 802 3582 873">
     <span class='ocr_line' id='line_1_36' title="bbox 1966 802 3582 873; baseline 0.005 -19"><span class='ocrx_word' id='word_1_273' title='bbox 1966 802 2108 855; x_wconf 89' lang='lat' dir='ltr'>Ibid.</span> <span class='ocrx_word' id='word_1_274' title='bbox 2145 804 2271 870; x_wconf 85' lang='lat' dir='ltr'>Ipse</span> <span class='ocrx_word' id='word_1_275' title='bbox 2300 818 2508 873; x_wconf 87' lang='lat' dir='ltr'>quoque</span> <span class='ocrx_word' id='word_1_276' title='bbox 2564 806 2812 857; x_wconf 82' lang='lat' dir='ltr'>Dominus</span> <span class='ocrx_word' id='word_1_277' title='bbox 2842 810 3019 858; x_wconf 82' lang='lat' dir='ltr'>noster</span> <span class='ocrx_word' id='word_1_278' title='bbox 3047 809 3096 857; x_wconf 92' lang='lat' dir='ltr'>et</span> <span class='ocrx_word' id='word_1_279' title='bbox 3125 805 3285 859; x_wconf 85' lang='lat' dir='ltr'>dictis</span> <span class='ocrx_word' id='word_1_280' title='bbox 3336 809 3386 859; x_wconf 83' lang='lat' dir='ltr'>et</span> <span class='ocrx_word' id='word_1_281' title='bbox 3413 809 3582 873; x_wconf 80' lang='lat' dir='ltr'>factis</span> 
     </span>
    </p>
   </div>
   <div class='ocr_carea' id='block_1_37' title="bbox 1894 891 3587 966">
    <p class='ocr_par' dir='ltr' id='par_1_37' title="bbox 1894 891 3587 966">
     <span class='ocr_line' id='line_1_37' title="bbox 1894 891 3587 966; baseline 0.003 -21"><span class='ocrx_word' id='word_1_282' title='bbox 1894 891 2215 945; x_wconf 86' lang='lat' dir='ltr'>credendum</span> <span class='ocrx_word' id='word_1_283' title='bbox 2243 895 2418 961; x_wconf 85' lang='lat' dir='ltr'>primo</span> <span class='ocrx_word' id='word_1_284' title='bbox 2444 894 2688 947; x_wconf 79' lang='lat' dir='ltr'>hortatus</span> <span class='ocrx_word' id='word_1_285' title='bbox 2719 897 2814 958; x_wconf 87' lang='lat' dir='ltr'>est,</span> <span class='ocrx_word' id='word_1_286' title='bbox 2834 908 2963 961; x_wconf 88' lang='lat' dir='ltr'>quos</span> <span class='ocrx_word' id='word_1_287' title='bbox 2985 893 3056 945; x_wconf 82' lang='lat' dir='ltr'>ad</span> <span class='ocrx_word' id='word_1_288' title='bbox 3077 895 3303 948; x_wconf 83' lang='lat' dir='ltr'>salutem</span> <span class='ocrx_word' id='word_1_289' title='bbox 3330 897 3587 966; x_wconf 64' lang='lat' dir='ltr'>vocavit]</span> 
     </span>
    </p>
   </div>
   <div class='ocr_carea' id='block_1_38' title="bbox 1895 979 3585 1045">
    <p class='ocr_par' dir='ltr' id='par_1_38' title="bbox 1895 979 3585 1045">
     <span class='ocr_line' id='line_1_38' title="bbox 1895 979 3585 1045; baseline 0.002 -12"><span class='ocrx_word' id='word_1_290' title='bbox 1895 980 2066 1033; x_wconf 84' lang='lat' dir='ltr'>Recte</span> <span class='ocrx_word' id='word_1_291' title='bbox 2096 979 2233 1033; x_wconf 90' lang='lat' dir='ltr'>dicit</span> <span class='ocrx_word' id='word_1_292' title='bbox 2267 982 2454 1045; x_wconf 85' lang='lat' dir='ltr'>factis,</span> <span class='ocrx_word' id='word_1_293' title='bbox 2489 996 2623 1033; x_wconf 90' lang='lat' dir='ltr'>nam</span> <span class='ocrx_word' id='word_1_294' title='bbox 2652 980 2939 1032; x_wconf 83' lang='lat' dir='ltr'>miraculis</span> <span class='ocrx_word' id='word_1_295' title='bbox 2969 981 3214 1034; x_wconf 85' lang='lat' dir='ltr'>ostendit</span> <span class='ocrx_word' id='word_1_296' title='bbox 3239 998 3295 1035; x_wconf 91' lang='lat' dir='ltr'>se</span> <span class='ocrx_word' id='word_1_297' title='bbox 3328 998 3448 1036; x_wconf 90' lang='lat' dir='ltr'>esse</span> <span class='ocrx_word' id='word_1_298' title='bbox 3476 984 3585 1037; x_wconf 87' lang='lat' dir='ltr'>tide</span> 
     </span>
    </p>
   </div>
   <div class='ocr_carea' id='block_1_39' title="bbox 1893 1067 3575 1140">
    <p class='ocr_par' dir='ltr' id='par_1_39' title="bbox 1893 1067 3575 1140">
     <span class='ocr_line' id='line_1_39' title="bbox 1893 1067 3575 1140; baseline 0.002 -18"><span class='ocrx_word' id='word_1_299' title='bbox 1893 1067 2153 1138; x_wconf 91' lang='lat' dir='ltr'>dignum,</span> <span class='ocrx_word' id='word_1_300' title='bbox 2188 1072 2493 1138; x_wconf 89' lang='lat' dir='ltr'>antequam</span> <span class='ocrx_word' id='word_1_301' title='bbox 2522 1068 2692 1121; x_wconf 82' lang='lat' dir='ltr'>tidem</span> <span class='ocrx_word' id='word_1_302' title='bbox 2741 1068 2847 1121; x_wconf 91' lang='lat' dir='ltr'>sibi</span> <span class='ocrx_word' id='word_1_303' title='bbox 2906 1068 3100 1122; x_wconf 89' lang='lat' dir='ltr'>haberi</span> <span class='ocrx_word' id='word_1_304' title='bbox 3146 1069 3411 1140; x_wconf 83' lang='lat' dir='ltr'>exigeret.</span> <span class='ocrx_word' id='word_1_305' title='bbox 3468 1072 3575 1125; x_wconf 90' lang='lat' dir='ltr'>Sed</span> 
     </span>
    </p>
   </div>
   <div class='ocr_carea' id='block_1_40' title="bbox 1893 1156 3586 1229">
    <p class='ocr_par' dir='ltr' id='par_1_40' title="bbox 1893 1156 3586 1229">
     <span class='ocr_line' id='line_1_40' title="bbox 1893 1156 3586 1229; baseline 0.004 -21"><span class='ocrx_word' id='word_1_306' title='bbox 1893 1173 2090 1211; x_wconf 86' lang='lat' dir='ltr'>verum</span> <span class='ocrx_word' id='word_1_307' title='bbox 2140 1160 2226 1210; x_wconf 89' lang='lat' dir='ltr'>est</span> <span class='ocrx_word' id='word_1_308' title='bbox 2277 1157 2595 1226; x_wconf 88' lang='lat' dir='ltr'>pleniorem</span> <span class='ocrx_word' id='word_1_309' title='bbox 2629 1156 3018 1227; x_wconf 79' lang='lat' dir='ltr'>cognitionem</span> <span class='ocrx_word' id='word_1_310' title='bbox 3073 1156 3200 1211; x_wconf 82' lang='lat' dir='ltr'>iidei</span> <span class='ocrx_word' id='word_1_311' title='bbox 3236 1173 3355 1212; x_wconf 89' lang='lat' dir='ltr'>esse</span> <span class='ocrx_word' id='word_1_312' title='bbox 3386 1175 3586 1229; x_wconf 89' lang='lat' dir='ltr'>seque-</span> 
     </span>
    </p>
   </div>
   <div class='ocr_carea' id='block_1_41' title="bbox 1894 1245 3593 1316">
    <p class='ocr_par' dir='ltr' id='par_1_41' title="bbox 1894 1245 3593 1316">
     <span class='ocr_line' id='line_1_41' title="bbox 1894 1245 3593 1316; baseline 0.002 -18"><span class='ocrx_word' id='word_1_313' title='bbox 1894 1245 2030 1312; x_wconf 87' lang='lat' dir='ltr'>lam,</span> <span class='ocrx_word' id='word_1_314' title='bbox 2066 1246 2142 1299; x_wconf 89' lang='lat' dir='ltr'>ita</span> <span class='ocrx_word' id='word_1_315' title='bbox 2172 1251 2234 1299; x_wconf 87' lang='lat' dir='ltr'>ut</span> <span class='ocrx_word' id='word_1_316' title='bbox 2283 1245 2609 1315; x_wconf 91' lang='lat' dir='ltr'>generalior</span> <span class='ocrx_word' id='word_1_317' title='bbox 2647 1245 2896 1316; x_wconf 80' lang='lat' dir='ltr'>cognitio</span> <span class='ocrx_word' id='word_1_318' title='bbox 2931 1246 3102 1299; x_wconf 82' lang='lat' dir='ltr'>tidem</span> <span class='ocrx_word' id='word_1_319' title='bbox 3134 1246 3342 1316; x_wconf 88' lang='lat' dir='ltr'>pariat,</span> <span class='ocrx_word' id='word_1_320' title='bbox 3376 1252 3427 1301; x_wconf 90' lang='lat' dir='ltr'>et</span> <span class='ocrx_word' id='word_1_321' title='bbox 3456 1248 3593 1302; x_wconf 89' lang='lat' dir='ltr'>tides</span> 
     </span>
    </p>
   </div>
   <div class='ocr_carea' id='block_1_42' title="bbox 1891 1334 2912 1404">
    <p class='ocr_par' dir='ltr' id='par_1_42' title="bbox 1891 1334 2912 1404">
     <span class='ocr_line' id='line_1_42' title="bbox 1891 1334 2912 1404; baseline -0.001 -17"><span class='ocrx_word' id='word_1_322' title='bbox 1891 1334 2009 1388; x_wconf 89' lang='lat' dir='ltr'>vice</span> <span class='ocrx_word' id='word_1_323' title='bbox 2041 1350 2201 1388; x_wconf 89' lang='lat' dir='ltr'>versa</span> <span class='ocrx_word' id='word_1_324' title='bbox 2229 1334 2637 1388; x_wconf 87' lang='lat' dir='ltr'>accuratiorem</span> <span class='ocrx_word' id='word_1_325' title='bbox 2660 1337 2912 1404; x_wconf 85' lang='lat' dir='ltr'>generet.</span> 
     </span>
    </p>
   </div>
   <div class='ocr_carea' id='block_1_43' title="bbox 1966 1422 3597 1493">
    <p class='ocr_par' dir='ltr' id='par_1_43' title="bbox 1966 1422 3597 1493">
     <span class='ocr_line' id='line_1_43' title="bbox 1966 1422 3597 1493; baseline 0.001 -16"><span class='ocrx_word' id='word_1_326' title='bbox 1966 1425 2129 1479; x_wconf 79' lang='lat' dir='ltr'>Lieao</span> <span class='ocrx_word' id='word_1_327' title='bbox 2162 1441 2241 1479; x_wconf 84' lang='lat' dir='ltr'><strong>III.</strong></span> <span class='ocrx_word' id='word_1_328' title='bbox 2299 1424 2433 1493; x_wconf 88' lang='lat' dir='ltr'>Cap.</span> <span class='ocrx_word' id='word_1_329' title='bbox 2470 1426 2521 1490; x_wconf 89' lang='lat'>3,</span> <span class='ocrx_word' id='word_1_330' title='bbox 2574 1422 2600 1493; x_wconf 63' lang='grc' dir='ltr'>ξ</span> <span class='ocrx_word' id='word_1_331' title='bbox 2640 1428 2693 1478; x_wconf 82' lang='lat'>7.</span> <span class='ocrx_word' id='word_1_332' title='bbox 2738 1425 2857 1480; x_wconf 87' lang='lat' dir='ltr'>Non</span> <span class='ocrx_word' id='word_1_333' title='bbox 2895 1423 3169 1476; x_wconf 84' lang='lat' dir='ltr'>voluntate</span> <span class='ocrx_word' id='word_1_334' title='bbox 3208 1428 3390 1477; x_wconf 88' lang='lat' dir='ltr'>autem</span> <span class='ocrx_word' id='word_1_335' title='bbox 3448 1425 3597 1478; x_wconf 83' lang='lat' dir='ltr'>volu—</span> 
     </span>
    </p>
   </div>
   <div class='ocr_carea' id='block_1_44' title="bbox 1890 1510 3597 1583">
    <p class='ocr_par' dir='ltr' id='par_1_44' title="bbox 1890 1510 3597 1583">
     <span class='ocr_line' id='line_1_44' title="bbox 1890 1510 3597 1583; baseline 0.001 -17"><span class='ocrx_word' id='word_1_336' title='bbox 1890 1527 2041 1580; x_wconf 88' lang='lat' dir='ltr'>mus;</span> <span class='ocrx_word' id='word_1_337' title='bbox 2072 1515 2194 1581; x_wconf 83' lang='lat' dir='ltr'>quis</span> <span class='ocrx_word' id='word_1_338' title='bbox 2226 1513 2308 1566; x_wconf 90' lang='lat' dir='ltr'>vel</span> <span class='ocrx_word' id='word_1_339' title='bbox 2339 1513 2544 1567; x_wconf 85' lang='lat' dir='ltr'>delirus</span> <span class='ocrx_word' id='word_1_340' title='bbox 2573 1512 2772 1565; x_wconf 87' lang='lat' dir='ltr'>audeat</span> <span class='ocrx_word' id='word_1_341' title='bbox 2798 1512 2973 1565; x_wconf 82' lang='lat' dir='ltr'>dicere</span> <span class='ocrx_word' id='word_1_342' title='bbox 2993 1510 3041 1582; x_wconf 68' lang='grc' dir='ltr'>Ρ]</span> <span class='ocrx_word' id='word_1_343' title='bbox 3095 1512 3217 1565; x_wconf 83' lang='lat' dir='ltr'>Vult</span> <span class='ocrx_word' id='word_1_344' title='bbox 3244 1512 3597 1583; x_wconf 77' lang='lat' dir='ltr'>Augustinus</span> 
     </span>
    </p>
   </div>
   <div class='ocr_carea' id='block_1_45' title="bbox 1894 1597 3597 1671">
    <p class='ocr_par' dir='ltr' id='par_1_45' title="bbox 1894 1597 3597 1671">
     <span class='ocr_line' id='line_1_45' title="bbox 1894 1597 3597 1671; baseline 0.001 -18"><span class='ocrx_word' id='word_1_345' title='bbox 1894 1601 2193 1655; x_wconf 89' lang='lat' dir='ltr'>ostendere</span> <span class='ocrx_word' id='word_1_346' title='bbox 2228 1600 2327 1671; x_wconf 91' lang='lat' dir='ltr'>qui</span> <span class='ocrx_word' id='word_1_347' title='bbox 2368 1603 2515 1655; x_wconf 89' lang='lat' dir='ltr'>Deus</span> <span class='ocrx_word' id='word_1_348' title='bbox 2547 1598 2727 1652; x_wconf 86' lang='lat' dir='ltr'>libera</span> <span class='ocrx_word' id='word_1_349' title='bbox 2765 1598 2947 1668; x_wconf 83' lang='lat' dir='ltr'>possit</span> <span class='ocrx_word' id='word_1_350' title='bbox 2981 1597 3279 1667; x_wconf 63' lang='lat' dir='ltr'>praescire;</span> <span class='ocrx_word' id='word_1_351' title='bbox 3339 1600 3435 1653; x_wconf 90' lang='lat' dir='ltr'>sed</span> <span class='ocrx_word' id='word_1_352' title='bbox 3468 1604 3597 1654; x_wconf 89' lang='lat' dir='ltr'>ante</span> 
     </span>
    </p>
   </div>
   <div class='ocr_carea' id='block_1_46' title="bbox 1895 1686 3597 1758">
    <p class='ocr_par' dir='ltr' id='par_1_46' title="bbox 1895 1686 3597 1758">
     <span class='ocr_line' id='line_1_46' title="bbox 1895 1686 3597 1758; baseline 0 -16"><span class='ocrx_word' id='word_1_353' title='bbox 1895 1689 2089 1742; x_wconf 91' lang='lat' dir='ltr'>omnia</span> <span class='ocrx_word' id='word_1_354' title='bbox 2142 1689 2486 1758; x_wconf 82' lang='lat' dir='ltr'>oportuisset.</span> <span class='ocrx_word' id='word_1_355' title='bbox 2532 1687 2771 1742; x_wconf 79' lang='lat' dir='ltr'>definire</span> <span class='ocrx_word' id='word_1_356' title='bbox 2820 1686 3138 1749; x_wconf 74' lang='lat' dir='ltr'>libertatem,</span> <span class='ocrx_word' id='word_1_357' title='bbox 3173 1702 3275 1739; x_wconf 93' lang='lat' dir='ltr'>nec</span> <span class='ocrx_word' id='word_1_358' title='bbox 3302 1703 3429 1741; x_wconf 90' lang='lat' dir='ltr'>eam</span> <span class='ocrx_word' id='word_1_359' title='bbox 3460 1704 3597 1742; x_wconf 86' lang='lat' dir='ltr'>con-</span> 
     </span>
    </p>
   </div>
   <div class='ocr_carea' id='block_1_47' title="bbox 1892 1772 3594 1846">
    <p class='ocr_par' dir='ltr' id='par_1_47' title="bbox 1892 1772 3594 1846">
     <span class='ocr_line' id='line_1_47' title="bbox 1892 1772 3594 1846; baseline 0 -16"><span class='ocrx_word' id='word_1_360' title='bbox 1892 1776 2131 1831; x_wconf 86' lang='lat' dir='ltr'>fundere</span> <span class='ocrx_word' id='word_1_361' title='bbox 2154 1792 2283 1831; x_wconf 91' lang='lat' dir='ltr'>cum</span> <span class='ocrx_word' id='word_1_362' title='bbox 2317 1778 2615 1830; x_wconf 85' lang='lat' dir='ltr'>voluntate:</span> <span class='ocrx_word' id='word_1_363' title='bbox 2667 1776 2789 1828; x_wconf 76' lang='lat' dir='ltr'>hmo</span> <span class='ocrx_word' id='word_1_364' title='bbox 2834 1772 2989 1827; x_wconf 91' lang='lat' dir='ltr'>enim</span> <span class='ocrx_word' id='word_1_365' title='bbox 3021 1790 3133 1827; x_wconf 92' lang='lat' dir='ltr'>non</span> <span class='ocrx_word' id='word_1_366' title='bbox 3185 1778 3319 1829; x_wconf 90' lang='lat' dir='ltr'>sunt</span> <span class='ocrx_word' id='word_1_367' title='bbox 3366 1790 3594 1846; x_wconf 90' lang='lat' dir='ltr'>semper</span> 
     </span>
    </p>
   </div>
   <div class='ocr_carea' id='block_1_48' title="bbox 1893 1864 2913 1936">
    <p class='ocr_par' dir='ltr' id='par_1_48' title="bbox 1893 1864 2913 1936">
     <span class='ocr_line' id='line_1_48' title="bbox 1893 1864 2913 1936; baseline -0.001 -17"><span class='ocrx_word' id='word_1_368' title='bbox 1893 1866 2217 1936; x_wconf 84' lang='lat' dir='ltr'>conjuncta,</span> <span class='ocrx_word' id='word_1_369' title='bbox 2252 1868 2317 1919; x_wconf 92' lang='lat' dir='ltr'>ut</span> <span class='ocrx_word' id='word_1_370' title='bbox 2342 1868 2535 1936; x_wconf 89' lang='lat' dir='ltr'>postea</span> <span class='ocrx_word' id='word_1_371' title='bbox 2571 1864 2913 1918; x_wconf 83' lang='lat' dir='ltr'>videbimus.</span> 
     </span>
    </p>
   </div>
   <div class='ocr_carea' id='block_1_49' title="bbox 1966 1953 3592 2022">
    <p class='ocr_par' dir='ltr' id='par_1_49' title="bbox 1966 1953 3592 2022">
     <span class='ocr_line' id='line_1_49' title="bbox 1966 1953 3592 2022; baseline 0 -14"><span class='ocrx_word' id='word_1_372' title='bbox 1966 1955 2319 2020; x_wconf 85' lang='lat' dir='ltr'>Quamobrem</span> <span class='ocrx_word' id='word_1_373' title='bbox 2346 1955 2592 2022; x_wconf 88' lang='lat' dir='ltr'>quamvis</span> <span class='ocrx_word' id='word_1_374' title='bbox 2620 1955 2871 2022; x_wconf 65' lang='lat' dir='ltr'>praesciat</span> <span class='ocrx_word' id='word_1_375' title='bbox 2894 1955 3031 2008; x_wconf 86' lang='lat' dir='ltr'>Deus</span> <span class='ocrx_word' id='word_1_376' title='bbox 3057 1956 3269 2007; x_wconf 88' lang='lat' dir='ltr'>nostras</span> <span class='ocrx_word' id='word_1_377' title='bbox 3292 1953 3592 2008; x_wconf 78' lang='lat' dir='ltr'>voluntates</span> 
     </span>
    </p>
   </div>
   <div class='ocr_carea' id='block_1_50' title="bbox 1890 2042 3596 2111">
    <p class='ocr_par' dir='ltr' id='par_1_50' title="bbox 1890 2042 3596 2111">
     <span class='ocr_line' id='line_1_50' title="bbox 1890 2042 3596 2111; baseline -0.001 -14"><span class='ocrx_word' id='word_1_378' title='bbox 1890 2045 2135 2111; x_wconf 84' lang='lat' dir='ltr'>futuras,</span> <span class='ocrx_word' id='word_1_379' title='bbox 2174 2059 2281 2097; x_wconf 89' lang='lat' dir='ltr'>non</span> <span class='ocrx_word' id='word_1_380' title='bbox 2310 2059 2375 2097; x_wconf 76' lang='lat' dir='ltr'>e1:</span> <span class='ocrx_word' id='word_1_381' title='bbox 2408 2058 2463 2096; x_wconf 90' lang='lat' dir='ltr'>eo</span> <span class='ocrx_word' id='word_1_382' title='bbox 2508 2048 2683 2095; x_wconf 87' lang='lat' dir='ltr'>tamen</span> <span class='ocrx_word' id='word_1_383' title='bbox 2731 2043 3009 2110; x_wconf 79' lang='lat' dir='ltr'>conﬁcitur</span> <span class='ocrx_word' id='word_1_384' title='bbox 3056 2047 3115 2096; x_wconf 88' lang='lat' dir='ltr'>ut</span> <span class='ocrx_word' id='word_1_385' title='bbox 3172 2057 3279 2096; x_wconf 88' lang='lat' dir='ltr'>non</span> <span class='ocrx_word' id='word_1_386' title='bbox 3316 2042 3596 2097; x_wconf 84' lang='lat' dir='ltr'>voluntate</span> 
     </span>
    </p>
   </div>
   <div class='ocr_carea' id='block_1_51' title="bbox 1891 2128 3598 2201">
    <p class='ocr_par' dir='ltr' id='par_1_51' title="bbox 1891 2128 3598 2201">
     <span class='ocr_line' id='line_1_51' title="bbox 1891 2128 3598 2201; baseline 0.001 -19"><span class='ocrx_word' id='word_1_387' title='bbox 1891 2130 2109 2199; x_wconf 87' lang='lat' dir='ltr'>aliquid</span> <span class='ocrx_word' id='word_1_388' title='bbox 2137 2130 2403 2199; x_wconf 73' lang='lat' dir='ltr'>velimus]</span> <span class='ocrx_word' id='word_1_389' title='bbox 2438 2131 2509 2183; x_wconf 85' lang='lat' dir='ltr'>At</span> <span class='ocrx_word' id='word_1_390' title='bbox 2547 2128 2947 2199; x_wconf 87' lang='lat' dir='ltr'>distinguenda</span> <span class='ocrx_word' id='word_1_391' title='bbox 2978 2134 3110 2183; x_wconf 89' lang='lat' dir='ltr'>sunt</span> <span class='ocrx_word' id='word_1_392' title='bbox 3131 2129 3242 2183; x_wconf 92' lang='lat' dir='ltr'>duo</span> <span class='ocrx_word' id='word_1_393' title='bbox 3274 2146 3486 2201; x_wconf 89' lang='lat' dir='ltr'>genera</span> <span class='ocrx_word' id='word_1_394' title='bbox 3517 2145 3598 2184; x_wconf 88' lang='lat' dir='ltr'>re-</span> 
     </span>
    </p>
   </div>
   <div class='ocr_carea' id='block_1_52' title="bbox 1892 2217 3594 2289">
    <p class='ocr_par' dir='ltr' id='par_1_52' title="bbox 1892 2217 3594 2289">
     <span class='ocr_line' id='line_1_52' title="bbox 1892 2217 3594 2289; baseline 0.001 -17"><span class='ocrx_word' id='word_1_395' title='bbox 1892 2235 2022 2272; x_wconf 88' lang='lat' dir='ltr'>rum</span> <span class='ocrx_word' id='word_1_396' title='bbox 2050 2235 2177 2289; x_wconf 64' lang='lat' dir='ltr'>quae</span> <span class='ocrx_word' id='word_1_397' title='bbox 2208 2220 2519 2273; x_wconf 82' lang='lat' dir='ltr'>voluntaria</span> <span class='ocrx_word' id='word_1_398' title='bbox 2557 2217 2667 2271; x_wconf 91' lang='lat' dir='ltr'>dici</span> <span class='ocrx_word' id='word_1_399' title='bbox 2692 2222 2952 2288; x_wconf 89' lang='lat' dir='ltr'>possunt.</span> <span class='ocrx_word' id='word_1_400' title='bbox 2981 2217 3125 2272; x_wconf 89' lang='lat' dir='ltr'>Sunt</span> <span class='ocrx_word' id='word_1_401' title='bbox 3156 2219 3311 2272; x_wconf 91' lang='lat' dir='ltr'>enim</span> <span class='ocrx_word' id='word_1_402' title='bbox 3343 2236 3469 2289; x_wconf 74' lang='lat' dir='ltr'>quae</span> <span class='ocrx_word' id='word_1_403' title='bbox 3501 2236 3594 2273; x_wconf 85' lang='lat' dir='ltr'>vo-</span> 
     </span>
    </p>
   </div>
   <div class='ocr_carea' id='block_1_53' title="bbox 1892 2306 3593 2379">
    <p class='ocr_par' dir='ltr' id='par_1_53' title="bbox 1892 2306 3593 2379">
     <span class='ocr_line' id='line_1_53' title="bbox 1892 2306 3593 2379; baseline -0.001 -17"><span class='ocrx_word' id='word_1_404' title='bbox 1892 2309 2054 2363; x_wconf 87' lang='lat' dir='ltr'>lentes</span> <span class='ocrx_word' id='word_1_405' title='bbox 2108 2308 2341 2379; x_wconf 89' lang='lat' dir='ltr'>quidem</span> <span class='ocrx_word' id='word_1_406' title='bbox 2395 2307 2659 2373; x_wconf 88' lang='lat' dir='ltr'>facimus,</span> <span class='ocrx_word' id='word_1_407' title='bbox 2708 2307 2805 2360; x_wconf 87' lang='lat' dir='ltr'>sed</span> <span class='ocrx_word' id='word_1_408' title='bbox 2862 2306 3101 2360; x_wconf 91' lang='lat' dir='ltr'>minime</span> <span class='ocrx_word' id='word_1_409' title='bbox 3149 2312 3344 2361; x_wconf 89' lang='lat' dir='ltr'>tamen</span> <span class='ocrx_word' id='word_1_410' title='bbox 3377 2308 3593 2372; x_wconf 89' lang='lat' dir='ltr'>libere;</span> 
     </span>
    </p>
   </div>
   <div class='ocr_carea' id='block_1_54' title="bbox 1891 2394 3597 2466">
    <p class='ocr_par' dir='ltr' id='par_1_54' title="bbox 1891 2394 3597 2466">
     <span class='ocr_line' id='line_1_54' title="bbox 1891 2394 3597 2466; baseline -0.001 -16"><span class='ocrx_word' id='word_1_411' title='bbox 1891 2413 2025 2451; x_wconf 90' lang='lat' dir='ltr'>nam</span> <span class='ocrx_word' id='word_1_412' title='bbox 2056 2398 2277 2451; x_wconf 83' lang='lat' dir='ltr'>libertas</span> <span class='ocrx_word' id='word_1_413' title='bbox 2309 2400 2392 2451; x_wconf 93' lang='lat' dir='ltr'>est</span> <span class='ocrx_word' id='word_1_414' title='bbox 2432 2413 2497 2451; x_wconf 91' lang='lat' dir='ltr'>ea</span> <span class='ocrx_word' id='word_1_415' title='bbox 2528 2394 2710 2451; x_wconf 87' lang='lat' dir='ltr'>animi</span> <span class='ocrx_word' id='word_1_416' title='bbox 2751 2396 2990 2449; x_wconf 85' lang='lat' dir='ltr'>facultas</span> <span class='ocrx_word' id='word_1_417' title='bbox 3024 2412 3136 2466; x_wconf 90' lang='lat' dir='ltr'>qua</span> <span class='ocrx_word' id='word_1_418' title='bbox 3166 2412 3470 2466; x_wconf 88' lang='lat' dir='ltr'>possumus</span> <span class='ocrx_word' id='word_1_419' title='bbox 3501 2396 3597 2450; x_wconf 90' lang='lat' dir='ltr'>ali-</span> 
     </span>
    </p>
   </div>
   <div class='ocr_carea' id='block_1_55' title="bbox 1892 2485 3593 2556">
    <p class='ocr_par' dir='ltr' id='par_1_55' title="bbox 1892 2485 3593 2556">
     <span class='ocr_line' id='line_1_55' title="bbox 1892 2485 3593 2556; baseline 0 -17"><span class='ocrx_word' id='word_1_420' title='bbox 1892 2486 2032 2556; x_wconf 89' lang='lat' dir='ltr'>quid</span> <span class='ocrx_word' id='word_1_421' title='bbox 2060 2486 2241 2539; x_wconf 89' lang='lat' dir='ltr'>facere</span> <span class='ocrx_word' id='word_1_422' title='bbox 2265 2490 2362 2539; x_wconf 90' lang='lat' dir='ltr'>aut</span> <span class='ocrx_word' id='word_1_423' title='bbox 2384 2501 2501 2539; x_wconf 94' lang='lat' dir='ltr'>non</span> <span class='ocrx_word' id='word_1_424' title='bbox 2530 2486 2751 2551; x_wconf 87' lang='lat' dir='ltr'>facere;</span> <span class='ocrx_word' id='word_1_425' title='bbox 2782 2489 2914 2538; x_wconf 89' lang='lat' dir='ltr'>sunt</span> <span class='ocrx_word' id='word_1_426' title='bbox 2957 2489 3147 2538; x_wconf 90' lang='lat' dir='ltr'>autem</span> <span class='ocrx_word' id='word_1_427' title='bbox 3178 2485 3440 2555; x_wconf 75' lang='lat' dir='ltr'>qumdam</span> <span class='ocrx_word' id='word_1_428' title='bbox 3467 2502 3593 2555; x_wconf 73' lang='lat' dir='ltr'>qua:</span> 
     </span>
    </p>
   </div>
   <div class='ocr_carea' id='block_1_56' title="bbox 1893 2572 3588 2643">
    <p class='ocr_par' dir='ltr' id='par_1_56' title="bbox 1893 2572 3588 2643">
     <span class='ocr_line' id='line_1_56' title="bbox 1893 2572 3588 2643; baseline 0.001 -18"><span class='ocrx_word' id='word_1_429' title='bbox 1893 2573 1972 2626; x_wconf 90' lang='lat' dir='ltr'>ita</span> <span class='ocrx_word' id='word_1_430' title='bbox 2002 2574 2282 2641; x_wconf 90' lang='lat' dir='ltr'>volumus,</span> <span class='ocrx_word' id='word_1_431' title='bbox 2323 2578 2384 2627; x_wconf 92' lang='lat' dir='ltr'>ut</span> <span class='ocrx_word' id='word_1_432' title='bbox 2417 2590 2483 2627; x_wconf 90' lang='lat' dir='ltr'>ea</span> <span class='ocrx_word' id='word_1_433' title='bbox 2541 2590 2656 2627; x_wconf 92' lang='lat' dir='ltr'>non</span> <span class='ocrx_word' id='word_1_434' title='bbox 2703 2572 2985 2643; x_wconf 88' lang='lat' dir='ltr'>possimus</span> <span class='ocrx_word' id='word_1_435' title='bbox 3035 2573 3208 2627; x_wconf 89' lang='lat' dir='ltr'>nolle.</span> <span class='ocrx_word' id='word_1_436' title='bbox 3272 2574 3334 2626; x_wconf 91' lang='lat' dir='ltr'>In</span> <span class='ocrx_word' id='word_1_437' title='bbox 3371 2573 3588 2642; x_wconf 87' lang='lat' dir='ltr'>judicio</span> 
     </span>
    </p>
   </div>
   <div class='ocr_carea' id='block_1_57' title="bbox 1892 2661 3596 2733">
    <p class='ocr_par' dir='ltr' id='par_1_57' title="bbox 1892 2661 3596 2733">
     <span class='ocr_line' id='line_1_57' title="bbox 1892 2661 3596 2733; baseline -0.001 -18"><span class='ocrx_word' id='word_1_438' title='bbox 1892 2662 2123 2715; x_wconf 84' lang='lat' dir='ltr'>ferendo</span> <span class='ocrx_word' id='word_1_439' title='bbox 2156 2663 2225 2716; x_wconf 90' lang='lat' dir='ltr'>de</span> <span class='ocrx_word' id='word_1_440' title='bbox 2257 2662 2523 2733; x_wconf 83' lang='lat' dir='ltr'>dogmate</span> <span class='ocrx_word' id='word_1_441' title='bbox 2555 2662 2848 2732; x_wconf 91' lang='lat' dir='ltr'>quopiam,</span> <span class='ocrx_word' id='word_1_442' title='bbox 2883 2661 3020 2714; x_wconf 91' lang='lat' dir='ltr'>dum</span> <span class='ocrx_word' id='word_1_443' title='bbox 3053 2661 3307 2714; x_wconf 87' lang='lat' dir='ltr'>obscuris</span> <span class='ocrx_word' id='word_1_444' title='bbox 3361 2661 3596 2714; x_wconf 87' lang='lat' dir='ltr'>rationi-</span> 
     </span>
    </p>
   </div>
   <div class='ocr_carea' id='block_1_58' title="bbox 1893 2748 3597 2821">
    <p class='ocr_par' dir='ltr' id='par_1_58' title="bbox 1893 2748 3597 2821">
     <span class='ocr_line' id='line_1_58' title="bbox 1893 2748 3597 2821; baseline -0.002 -16"><span class='ocrx_word' id='word_1_445' title='bbox 1893 2751 1997 2805; x_wconf 89' lang='lat' dir='ltr'>bus</span> <span class='ocrx_word' id='word_1_446' title='bbox 2023 2750 2240 2817; x_wconf 90' lang='lat' dir='ltr'>nititur,</span> <span class='ocrx_word' id='word_1_447' title='bbox 2265 2767 2393 2821; x_wconf 71' lang='lat' dir='ltr'>qua:</span> <span class='ocrx_word' id='word_1_448' title='bbox 2419 2767 2603 2821; x_wconf 90' lang='lat' dir='ltr'>neque</span> <span class='ocrx_word' id='word_1_449' title='bbox 2636 2750 2938 2803; x_wconf 82' lang='lat' dir='ltr'>manifesto</span> <span class='ocrx_word' id='word_1_450' title='bbox 2968 2748 3125 2801; x_wconf 70' lang='lat' dir='ltr'>falsa:</span> <span class='ocrx_word' id='word_1_451' title='bbox 3155 2748 3441 2813; x_wconf 86' lang='lat' dir='ltr'>videntur,</span> <span class='ocrx_word' id='word_1_452' title='bbox 3491 2764 3597 2802; x_wconf 91' lang='lat' dir='ltr'>nec</span> 
     </span>
    </p>
   </div>
   <div class='ocr_carea' id='block_1_59' title="bbox 1893 2837 3594 2909">
    <p class='ocr_par' dir='ltr' id='par_1_59' title="bbox 1893 2837 3594 2909">
     <span class='ocr_line' id='line_1_59' title="bbox 1893 2837 3594 2909; baseline 0 -18"><span class='ocrx_word' id='word_1_453' title='bbox 1893 2838 2193 2892; x_wconf 80' lang='lat' dir='ltr'>manifesto</span> <span class='ocrx_word' id='word_1_454' title='bbox 2223 2856 2389 2906; x_wconf 65' lang='lat' dir='ltr'>verte,</span> <span class='ocrx_word' id='word_1_455' title='bbox 2422 2855 2728 2909; x_wconf 90' lang='lat' dir='ltr'>possumus</span> <span class='ocrx_word' id='word_1_456' title='bbox 2759 2838 2811 2892; x_wconf 91' lang='lat' dir='ltr'>id</span> <span class='ocrx_word' id='word_1_457' title='bbox 2846 2839 3054 2908; x_wconf 82' lang='lat' dir='ltr'>dogma</span> <span class='ocrx_word' id='word_1_458' title='bbox 3076 2837 3308 2907; x_wconf 84' lang='lat' dir='ltr'>rejicere</span> <span class='ocrx_word' id='word_1_459' title='bbox 3338 2841 3435 2891; x_wconf 88' lang='lat' dir='ltr'>aut</span> <span class='ocrx_word' id='word_1_460' title='bbox 3483 2853 3594 2891; x_wconf 88' lang='lat' dir='ltr'>am-</span> 
     </span>
    </p>
   </div>
   <div class='ocr_carea' id='block_1_60' title="bbox 138 2924 3596 3007">
    <p class='ocr_par' dir='ltr' id='par_1_60' title="bbox 138 2924 3596 3007">
     <span class='ocr_line' id='line_1_60' title="bbox 138 2924 3596 3007; baseline 0.001 -31"><span class='ocrx_word' id='word_1_461' title='bbox 138 2925 339 2980; x_wconf 80' lang='lat' dir='ltr'>omuium</span> <span class='ocrx_word' id='word_1_462' title='bbox 367 2926 712 2981; x_wconf 89' lang='lat' dir='ltr'>animalium</span> <span class='ocrx_word' id='word_1_463' title='bbox 744 2943 1007 2998; x_wconf 90' lang='lat' dir='ltr'>corpora,</span> <span class='ocrx_word' id='word_1_464' title='bbox 1039 2934 1103 2982; x_wconf 92' lang='lat' dir='ltr'>ut</span> <span class='ocrx_word' id='word_1_465' title='bbox 1128 2946 1259 2983; x_wconf 89' lang='lat' dir='ltr'>cum</span> <span class='ocrx_word' id='word_1_466' title='bbox 1288 2930 1678 2996; x_wconf 83' lang='lat' dir='ltr'>adoleverunt,</span> <span class='ocrx_word' id='word_1_467' title='bbox 1718 2946 1783 2984; x_wconf 88' lang='lat' dir='ltr'>ea</span> <span class='ocrx_word' id='word_1_468' title='bbox 1815 2950 1853 3007; x_wconf 72' lang='grc' dir='ltr'>ο</span> <span class='ocrx_word' id='word_1_469' title='bbox 1892 2927 2083 2996; x_wconf 85' lang='lat' dir='ltr'>plecti,</span> <span class='ocrx_word' id='word_1_470' title='bbox 2116 2927 2493 2997; x_wconf 90' lang='lat' dir='ltr'>libertateque</span> <span class='ocrx_word' id='word_1_471' title='bbox 2525 2927 2666 2980; x_wconf 91' lang='lat' dir='ltr'>adeo</span> <span class='ocrx_word' id='word_1_472' title='bbox 2698 2930 2891 2979; x_wconf 89' lang='lat' dir='ltr'>nostra</span> <span class='ocrx_word' id='word_1_473' title='bbox 2921 2926 3155 2979; x_wconf 91' lang='lat' dir='ltr'>utimur.</span> <span class='ocrx_word' id='word_1_474' title='bbox 3189 2924 3297 2979; x_wconf 88' lang='lat' dir='ltr'>Sed</span> <span class='ocrx_word' id='word_1_475' title='bbox 3354 2925 3401 2978; x_wconf 94' lang='lat' dir='ltr'>si</span> <span class='ocrx_word' id='word_1_476' title='bbox 3431 2925 3596 2979; x_wconf 89' lang='lat' dir='ltr'>nobis</span> 
     </span>
    </p>
   </div>
   <div class='ocr_carea' id='block_1_61' title="bbox 136 3014 1784 3087">
    <p class='ocr_par' dir='ltr' id='par_1_61' title="bbox 136 3014 1784 3087">
     <span class='ocr_line' id='line_1_61' title="bbox 136 3014 1784 3087; baseline 0.005 -23"><span class='ocrx_word' id='word_1_477' title='bbox 136 3014 355 3083; x_wconf 88' lang='lat' dir='ltr'>cupiditas</span> <span class='ocrx_word' id='word_1_478' title='bbox 417 3016 477 3069; x_wconf 94' lang='lat' dir='ltr'>in</span> <span class='ocrx_word' id='word_1_479' title='bbox 514 3016 614 3082; x_wconf 90' lang='lat' dir='ltr'>iis,</span> <span class='ocrx_word' id='word_1_480' title='bbox 650 3016 982 3070; x_wconf 88' lang='lat' dir='ltr'>mechanico</span> <span class='ocrx_word' id='word_1_481' title='bbox 1039 3017 1282 3087; x_wconf 90' lang='lat' dir='ltr'>impetu,</span> <span class='ocrx_word' id='word_1_482' title='bbox 1337 3019 1630 3087; x_wconf 84' lang='lat' dir='ltr'>excitetur,</span> <span class='ocrx_word' id='word_1_483' title='bbox 1669 3036 1784 3073; x_wconf 89' lang='lat' dir='ltr'>nou</span> 
     </span>
    </p>
   </div>
   <div class='ocr_carea' id='block_1_62' title="bbox 136 3101 1782 3175">
    <p class='ocr_par' dir='ltr' id='par_1_62' title="bbox 136 3101 1782 3175">
     <span class='ocr_line' id='line_1_62' title="bbox 136 3101 1782 3175; baseline 0.006 -23"><span class='ocrx_word' id='word_1_484' title='bbox 136 3101 257 3155; x_wconf 87' lang='lat' dir='ltr'>aliter</span> <span class='ocrx_word' id='word_1_485' title='bbox 280 3120 337 3157; x_wconf 90' lang='lat' dir='ltr'>ac</span> <span class='ocrx_word' id='word_1_486' title='bbox 365 3104 656 3175; x_wconf 89' lang='lat' dir='ltr'>cupiditas</span> <span class='ocrx_word' id='word_1_487' title='bbox 696 3105 904 3159; x_wconf 90' lang='lat' dir='ltr'>edendi</span> <span class='ocrx_word' id='word_1_488' title='bbox 928 3110 1027 3159; x_wconf 91' lang='lat' dir='ltr'>aut</span> <span class='ocrx_word' id='word_1_489' title='bbox 1050 3105 1304 3161; x_wconf 90' lang='lat' dir='ltr'>bibendi.</span> <span class='ocrx_word' id='word_1_490' title='bbox 1361 3108 1782 3163; x_wconf 89' lang='lat' dir='ltr'>Consectarium</span> 
     </span>
    </p>
   </div>
   <div class='ocr_carea' id='block_1_63' title="bbox 136 3193 1785 3265">
    <p class='ocr_par' dir='ltr' id='par_1_63' title="bbox 136 3193 1785 3265">
     <span class='ocr_line' id='line_1_63' title="bbox 136 3193 1785 3265; baseline 0.007 -23"><span class='ocrx_word' id='word_1_491' title='bbox 136 3194 193 3241; x_wconf 77' lang='lat' dir='ltr'>est</span> <span class='ocrx_word' id='word_1_492' title='bbox 216 3197 408 3246; x_wconf 70' lang='lat' dir='ltr'>natura:</span> <span class='ocrx_word' id='word_1_493' title='bbox 437 3193 717 3264; x_wconf 87' lang='lat' dir='ltr'>corporis,</span> <span class='ocrx_word' id='word_1_494' title='bbox 753 3194 923 3265; x_wconf 89' lang='lat' dir='ltr'>quale</span> <span class='ocrx_word' id='word_1_495' title='bbox 954 3211 986 3248; x_wconf 90' lang='lat' dir='ltr'>a</span> <span class='ocrx_word' id='word_1_496' title='bbox 1021 3196 1134 3248; x_wconf 92' lang='lat' dir='ltr'>Deo</span> <span class='ocrx_word' id='word_1_497' title='bbox 1175 3199 1431 3249; x_wconf 91' lang='lat' dir='ltr'>creatum</span> <span class='ocrx_word' id='word_1_498' title='bbox 1470 3200 1573 3262; x_wconf 90' lang='lat' dir='ltr'>est,</span> <span class='ocrx_word' id='word_1_499' title='bbox 1624 3201 1685 3251; x_wconf 91' lang='lat' dir='ltr'>ut</span> <span class='ocrx_word' id='word_1_500' title='bbox 1717 3215 1785 3252; x_wconf 83' lang='lat' dir='ltr'>ex</span> 
     </span>
    </p>
   </div>
   <div class='ocr_carea' id='block_1_64' title="bbox 136 3278 1785 3369">
    <p class='ocr_par' dir='ltr' id='par_1_64' title="bbox 136 3278 1785 3369">
     <span class='ocr_line' id='line_1_64' title="bbox 136 3278 1785 3369; baseline 0.005 -38"><span class='ocrx_word' id='word_1_501' title='bbox 136 3278 271 3333; x_wconf 84' lang='lat' dir='ltr'>brutis</span> <span class='ocrx_word' id='word_1_502' title='bbox 296 3286 347 3334; x_wconf 89' lang='lat' dir='ltr'>et</span> <span class='ocrx_word' id='word_1_503' title='bbox 373 3298 437 3335; x_wconf 84' lang='lat' dir='ltr'>ex</span> <span class='ocrx_word' id='word_1_504' title='bbox 464 3282 596 3369; x_wconf 79' lang='lat' dir='ltr'>ipso</span> <span class='ocrx_word' id='word_1_505' title='bbox 626 3283 864 3337; x_wconf 77' lang='lat' dir='ltr'>consilio</span> <span class='ocrx_word' id='word_1_506' title='bbox 907 3284 1340 3354; x_wconf 88' lang='lat' dir='ltr'>propagationis</span> <span class='ocrx_word' id='word_1_507' title='bbox 1370 3300 1647 3355; x_wconf 89' lang='lat' dir='ltr'>generum</span> <span class='ocrx_word' id='word_1_508' title='bbox 1696 3286 1785 3340; x_wconf 87' lang='lat' dir='ltr'>in-</span> 
     </span>
    </p>
   </div>
   <div class='ocr_carea' id='block_1_65' title="bbox 137 3368 1783 3441">
    <p class='ocr_par' dir='ltr' id='par_1_65' title="bbox 137 3368 1783 3441">
     <span class='ocr_line' id='line_1_65' title="bbox 137 3368 1783 3441; baseline 0.007 -23"><span class='ocrx_word' id='word_1_509' title='bbox 137 3368 336 3437; x_wconf 83' lang='lat' dir='ltr'>telligere</span> <span class='ocrx_word' id='word_1_510' title='bbox 371 3376 472 3425; x_wconf 91' lang='lat' dir='ltr'>est.</span> <span class='ocrx_word' id='word_1_511' title='bbox 518 3368 717 3441; x_wconf 31' lang='lat' dir='ltr'>&#39;Igitur</span> <span class='ocrx_word' id='word_1_512' title='bbox 773 3388 902 3425; x_wconf 91' lang='lat' dir='ltr'>vere</span> <span class='ocrx_word' id='word_1_513' title='bbox 933 3372 1074 3427; x_wconf 86' lang='lat' dir='ltr'>dixit</span> <span class='ocrx_word' id='word_1_514' title='bbox 1102 3374 1342 3427; x_wconf 85' lang='lat' dir='ltr'>Evodius</span> <span class='ocrx_word' id='word_1_515' title='bbox 1372 3373 1441 3427; x_wconf 90' lang='lat' dir='ltr'>de</span> <span class='ocrx_word' id='word_1_516' title='bbox 1473 3374 1783 3429; x_wconf 89' lang='lat' dir='ltr'>adulterio:</span> 
     </span>
    </p>
   </div>
   <div class='ocr_carea' id='block_1_66' title="bbox 136 3456 1786 3530">
    <p class='ocr_par' dir='ltr' id='par_1_66' title="bbox 136 3456 1786 3530">
     <span class='ocr_line' id='line_1_66' title="bbox 136 3456 1786 3530; baseline 0.004 -20"><span class='ocrx_word' id='word_1_517' title='bbox 136 3456 219 3510; x_wconf 72' lang='lat' dir='ltr'>Non</span> <span class='ocrx_word' id='word_1_518' title='bbox 240 3475 350 3513; x_wconf 82' lang='lat' dir='ltr'>sane</span> <span class='ocrx_word' id='word_1_519' title='bbox 376 3460 494 3515; x_wconf 83' lang='lat' dir='ltr'>ideo</span> <span class='ocrx_word' id='word_1_520' title='bbox 540 3463 749 3515; x_wconf 86' lang='lat' dir='ltr'>malum</span> <span class='ocrx_word' id='word_1_521' title='bbox 784 3465 883 3528; x_wconf 90' lang='lat' dir='ltr'>est,</span> <span class='ocrx_word' id='word_1_522' title='bbox 925 3464 1059 3530; x_wconf 87' lang='lat' dir='ltr'>quia</span> <span class='ocrx_word' id='word_1_523' title='bbox 1088 3464 1305 3515; x_wconf 87' lang='lat' dir='ltr'>vetatur</span> <span class='ocrx_word' id='word_1_524' title='bbox 1358 3462 1503 3530; x_wconf 87' lang='lat' dir='ltr'>lege;</span> <span class='ocrx_word' id='word_1_525' title='bbox 1546 3463 1640 3517; x_wconf 89' lang='lat' dir='ltr'>sed</span> <span class='ocrx_word' id='word_1_526' title='bbox 1670 3464 1786 3518; x_wconf 86' lang='lat' dir='ltr'>ideo</span> 
     </span>
    </p>
   </div>
   <div class='ocr_carea' id='block_1_67' title="bbox 133 3548 1777 3620">
    <p class='ocr_par' dir='ltr' id='par_1_67' title="bbox 133 3548 1777 3620">
     <span class='ocr_line' id='line_1_67' title="bbox 133 3548 1777 3620; baseline 0.005 -24"><span class='ocrx_word' id='word_1_527' title='bbox 133 3551 295 3600; x_wconf 84' lang='lat' dir='ltr'>tetatur</span> <span class='ocrx_word' id='word_1_528' title='bbox 319 3549 439 3615; x_wconf 87' lang='lat' dir='ltr'>lege,</span> <span class='ocrx_word' id='word_1_529' title='bbox 483 3553 625 3618; x_wconf 86' lang='lat' dir='ltr'>quia</span> <span class='ocrx_word' id='word_1_530' title='bbox 654 3549 856 3603; x_wconf 87' lang='lat' dir='ltr'>malum</span> <span class='ocrx_word' id='word_1_531' title='bbox 884 3554 1001 3613; x_wconf 84' lang='lat' dir='ltr'>est;</span> <span class='ocrx_word' id='word_1_532' title='bbox 1051 3548 1150 3602; x_wconf 91' lang='lat' dir='ltr'>sed</span> <span class='ocrx_word' id='word_1_533' title='bbox 1194 3550 1552 3620; x_wconf 87' lang='lat' dir='ltr'>Augustinus</span> <span class='ocrx_word' id='word_1_534' title='bbox 1587 3551 1777 3605; x_wconf 87' lang='lat' dir='ltr'>minus</span> 
     </span>
    </p>
   </div>
   <div class='ocr_carea' id='block_1_68' title="bbox 136 3635 1787 3695">
    <p class='ocr_par' dir='ltr' id='par_1_68' title="bbox 136 3635 1787 3695">
     <span class='ocr_line' id='line_1_68' title="bbox 136 3635 1787 3695; baseline 0.006 -11"><span class='ocrx_word' id='word_1_535' title='bbox 136 3636 370 3690; x_wconf 88' lang='lat' dir='ltr'>commode</span> <span class='ocrx_word' id='word_1_536' title='bbox 412 3635 691 3691; x_wconf 85' lang='lat' dir='ltr'>indicavit</span> <span class='ocrx_word' id='word_1_537' title='bbox 718 3652 819 3690; x_wconf 92' lang='lat' dir='ltr'>cur</span> <span class='ocrx_word' id='word_1_538' title='bbox 866 3636 939 3690; x_wconf 93' lang='lat' dir='ltr'>sit</span> <span class='ocrx_word' id='word_1_539' title='bbox 971 3638 1205 3691; x_wconf 91' lang='lat' dir='ltr'>malum.</span> <span class='ocrx_word' id='word_1_540' title='bbox 1240 3638 1519 3693; x_wconf 90' lang='lat' dir='ltr'>Similiter</span> <span class='ocrx_word' id='word_1_541' title='bbox 1568 3643 1652 3694; x_wconf 90' lang='lat' dir='ltr'>est</span> <span class='ocrx_word' id='word_1_542' title='bbox 1702 3657 1787 3695; x_wconf 90' lang='lat' dir='ltr'>ra-</span> 
     </span>
    </p>
   </div>
   <div class='ocr_carea' id='block_1_69' title="bbox 136 3721 1786 3799">
    <p class='ocr_par' dir='ltr' id='par_1_69' title="bbox 136 3721 1786 3799">
     <span class='ocr_line' id='line_1_69' title="bbox 136 3721 1786 3799; baseline 0.007 -27"><span class='ocrx_word' id='word_1_543' title='bbox 136 3721 469 3780; x_wconf 88' lang='lat' dir='ltr'>tiocinandum</span> <span class='ocrx_word' id='word_1_544' title='bbox 499 3726 573 3780; x_wconf 88' lang='lat' dir='ltr'>de</span> <span class='ocrx_word' id='word_1_545' title='bbox 608 3725 954 3793; x_wconf 90' lang='lat' dir='ltr'>homicidiis,</span> <span class='ocrx_word' id='word_1_546' title='bbox 975 3730 1029 3779; x_wconf 93' lang='lat' dir='ltr'>et</span> <span class='ocrx_word' id='word_1_547' title='bbox 1057 3726 1248 3793; x_wconf 89' lang='lat' dir='ltr'>furtis,</span> <span class='ocrx_word' id='word_1_548' title='bbox 1272 3728 1340 3782; x_wconf 93' lang='lat' dir='ltr'>de</span> <span class='ocrx_word' id='word_1_549' title='bbox 1364 3728 1571 3798; x_wconf 87' lang='lat' dir='ltr'>quibus</span> <span class='ocrx_word' id='word_1_550' title='bbox 1590 3733 1786 3799; x_wconf 92' lang='lat' dir='ltr'>postea</span> 
     </span>
    </p>
   </div>
   <div class='ocr_carea' id='block_1_70' title="bbox 137 3814 1783 3887">
    <p class='ocr_par' dir='ltr' id='par_1_70' title="bbox 137 3814 1783 3887">
     <span class='ocr_line' id='line_1_70' title="bbox 137 3814 1783 3887; baseline 0.007 -26"><span class='ocrx_word' id='word_1_551' title='bbox 137 3815 299 3878; x_wconf 88' lang='lat' dir='ltr'>noster,</span> <span class='ocrx_word' id='word_1_552' title='bbox 330 3818 381 3867; x_wconf 89' lang='lat' dir='ltr'>et</span> <span class='ocrx_word' id='word_1_553' title='bbox 405 3830 535 3885; x_wconf 72' lang='lat' dir='ltr'>qua:</span> <span class='ocrx_word' id='word_1_554' title='bbox 567 3815 721 3867; x_wconf 87' lang='lat' dir='ltr'>mala</span> <span class='ocrx_word' id='word_1_555' title='bbox 763 3818 915 3877; x_wconf 86' lang='lat' dir='ltr'>sunt,</span> <span class='ocrx_word' id='word_1_556' title='bbox 944 3814 1080 3885; x_wconf 88' lang='lat' dir='ltr'>quia</span> <span class='ocrx_word' id='word_1_557' title='bbox 1131 3820 1265 3869; x_wconf 90' lang='lat' dir='ltr'>sunt</span> <span class='ocrx_word' id='word_1_558' title='bbox 1293 3832 1524 3887; x_wconf 87' lang='lat' dir='ltr'>prorsus</span> <span class='ocrx_word' id='word_1_559' title='bbox 1580 3817 1783 3872; x_wconf 89' lang='lat' dir='ltr'>huma-</span> 
     </span>
    </p>
   </div>
   <div class='ocr_carea' id='block_1_71' title="bbox 138 3902 1787 3974">
    <p class='ocr_par' dir='ltr' id='par_1_71' title="bbox 138 3902 1787 3974">
     <span class='ocr_line' id='line_1_71' title="bbox 138 3902 1787 3974; baseline 0.004 -25"><span class='ocrx_word' id='word_1_560' title='bbox 138 3913 201 3951; x_wconf 75' lang='lat' dir='ltr'>nze</span> <span class='ocrx_word' id='word_1_561' title='bbox 240 3903 470 3958; x_wconf 89' lang='lat' dir='ltr'>societati</span> <span class='ocrx_word' id='word_1_562' title='bbox 502 3903 826 3970; x_wconf 86' lang='lat' dir='ltr'>contraria;</span> <span class='ocrx_word' id='word_1_563' title='bbox 857 3919 921 3957; x_wconf 91' lang='lat' dir='ltr'>ac</span> <span class='ocrx_word' id='word_1_564' title='bbox 948 3904 1189 3973; x_wconf 92' lang='lat' dir='ltr'>proinde</span> <span class='ocrx_word' id='word_1_565' title='bbox 1219 3902 1400 3974; x_wconf 90' lang='lat' dir='ltr'>ipsius</span> <span class='ocrx_word' id='word_1_566' title='bbox 1458 3904 1558 3958; x_wconf 90' lang='lat' dir='ltr'>Dei</span> <span class='ocrx_word' id='word_1_567' title='bbox 1606 3903 1787 3959; x_wconf 90' lang='lat' dir='ltr'>consi-</span> 
     </span>
    </p>
   </div>
   <div class='ocr_carea' id='block_1_72' title="bbox 139 3984 1785 4060">
    <p class='ocr_par' dir='ltr' id='par_1_72' title="bbox 139 3984 1785 4060">
     <span class='ocr_line' id='line_1_72' title="bbox 139 3984 1785 4060; baseline 0.005 -24"><span class='ocrx_word' id='word_1_568' title='bbox 139 3984 209 4055; x_wconf 89' lang='lat' dir='ltr'>lio,</span> <span class='ocrx_word' id='word_1_569' title='bbox 233 3992 313 4060; x_wconf 85' lang='lat' dir='ltr'>qui</span> <span class='ocrx_word' id='word_1_570' title='bbox 339 3991 604 4047; x_wconf 90' lang='lat' dir='ltr'>homines</span> <span class='ocrx_word' id='word_1_571' title='bbox 638 3992 696 4046; x_wconf 91' lang='lat' dir='ltr'>in</span> <span class='ocrx_word' id='word_1_572' title='bbox 723 3991 889 4047; x_wconf 90' lang='lat' dir='ltr'>terris</span> <span class='ocrx_word' id='word_1_573' title='bbox 919 3992 1215 4047; x_wconf 85' lang='lat' dir='ltr'>collocavit</span> <span class='ocrx_word' id='word_1_574' title='bbox 1247 3996 1311 4046; x_wconf 89' lang='lat' dir='ltr'>ut</span> <span class='ocrx_word' id='word_1_575' title='bbox 1342 3992 1520 4046; x_wconf 89' lang='lat' dir='ltr'>amice</span> <span class='ocrx_word' id='word_1_576' title='bbox 1552 3992 1701 4047; x_wconf 91' lang='lat' dir='ltr'>inter</span> <span class='ocrx_word' id='word_1_577' title='bbox 1728 4008 1785 4045; x_wconf 92' lang='lat' dir='ltr'>se</span> 
     </span>
    </p>
   </div>
   <div class='ocr_carea' id='block_1_73' title="bbox 140 4080 1784 4153">
    <p class='ocr_par' dir='ltr' id='par_1_73' title="bbox 140 4080 1784 4153">
     <span class='ocr_line' id='line_1_73' title="bbox 140 4080 1784 4153; baseline 0.002 -24"><span class='ocrx_word' id='word_1_578' title='bbox 140 4084 340 4148; x_wconf 82' lang='lat' dir='ltr'>agerent,</span> <span class='ocrx_word' id='word_1_579' title='bbox 388 4098 603 4153; x_wconf 89' lang='lat' dir='ltr'>eosque</span> <span class='ocrx_word' id='word_1_580' title='bbox 635 4080 736 4152; x_wconf 90' lang='lat' dir='ltr'>qui</span> <span class='ocrx_word' id='word_1_581' title='bbox 763 4080 889 4135; x_wconf 91' lang='lat' dir='ltr'>aliis</span> <span class='ocrx_word' id='word_1_582' title='bbox 927 4084 1137 4135; x_wconf 90' lang='lat' dir='ltr'>nocent</span> <span class='ocrx_word' id='word_1_583' title='bbox 1192 4080 1410 4152; x_wconf 90' lang='lat' dir='ltr'>plectit,</span> <span class='ocrx_word' id='word_1_584' title='bbox 1442 4080 1655 4152; x_wconf 90' lang='lat' dir='ltr'>quippe</span> <span class='ocrx_word' id='word_1_585' title='bbox 1687 4080 1784 4151; x_wconf 91' lang='lat' dir='ltr'>qui</span> 
     </span>
    </p>
   </div>
   <div class='ocr_carea' id='block_1_74' title="bbox 141 4168 1203 4235">
    <p class='ocr_par' dir='ltr' id='par_1_74' title="bbox 141 4168 1203 4235">
     <span class='ocr_line' id='line_1_74' title="bbox 141 4168 1203 4235; baseline 0.009 -22"><span class='ocrx_word' id='word_1_586' title='bbox 141 4170 199 4216; x_wconf 82' lang='lat' dir='ltr'>est</span> <span class='ocrx_word' id='word_1_587' title='bbox 222 4168 323 4235; x_wconf 87' lang='lat' dir='ltr'>ejus</span> <span class='ocrx_word' id='word_1_588' title='bbox 349 4169 631 4224; x_wconf 88' lang='lat' dir='ltr'>societatis</span> <span class='ocrx_word' id='word_1_589' title='bbox 662 4173 859 4224; x_wconf 88' lang='lat' dir='ltr'>auctor</span> <span class='ocrx_word' id='word_1_590' title='bbox 886 4186 951 4223; x_wconf 89' lang='lat' dir='ltr'>ac</span> <span class='ocrx_word' id='word_1_591' title='bbox 981 4169 1203 4224; x_wconf 84' lang='lat' dir='ltr'>vindex.</span> 
     </span>
    </p>
   </div>
   <div class='ocr_carea' id='block_1_75' title="bbox 1892 3014 3591 3087">
    <p class='ocr_par' dir='ltr' id='par_1_75' title="bbox 1892 3014 3591 3087">
     <span class='ocr_line' id='line_1_75' title="bbox 1892 3014 3591 3087; baseline -0.001 -19"><span class='ocrx_word' id='word_1_592' title='bbox 1892 3020 2248 3086; x_wconf 89' lang='lat' dir='ltr'>proponatur</span> <span class='ocrx_word' id='word_1_593' title='bbox 2268 3015 2493 3070; x_wconf 86' lang='lat' dir='ltr'>axioma</span> <span class='ocrx_word' id='word_1_594' title='bbox 2514 3014 2804 3087; x_wconf 90' lang='lat' dir='ltr'>quoddam</span> <span class='ocrx_word' id='word_1_595' title='bbox 2825 3014 3314 3073; x_wconf 90' lang='lat' dir='ltr'>mathematicum,</span> <span class='ocrx_word' id='word_1_596' title='bbox 3340 3018 3439 3068; x_wconf 90' lang='lat' dir='ltr'>aut</span> <span class='ocrx_word' id='word_1_597' title='bbox 3462 3030 3591 3083; x_wconf 91' lang='lat' dir='ltr'>pro-</span> 
     </span>
    </p>
   </div>
   <div class='ocr_carea' id='block_1_76' title="bbox 1893 3103 3592 3179">
    <p class='ocr_par' dir='ltr' id='par_1_76' title="bbox 1893 3103 3592 3179">
     <span class='ocr_line' id='line_1_76' title="bbox 1893 3103 3592 3179; baseline -0.001 -22"><span class='ocrx_word' id='word_1_598' title='bbox 1893 3104 2099 3173; x_wconf 91' lang='lat' dir='ltr'>positio</span> <span class='ocrx_word' id='word_1_599' title='bbox 2159 3121 2226 3158; x_wconf 85' lang='lat' dir='ltr'>ex</span> <span class='ocrx_word' id='word_1_600' title='bbox 2258 3121 2323 3158; x_wconf 92' lang='lat' dir='ltr'>eo</span> <span class='ocrx_word' id='word_1_601' title='bbox 2353 3104 2671 3158; x_wconf 89' lang='lat' dir='ltr'>necessaria</span> <span class='ocrx_word' id='word_1_602' title='bbox 2726 3104 3132 3175; x_wconf 86' lang='lat' dir='ltr'>consequentia</span> <span class='ocrx_word' id='word_1_603' title='bbox 3178 3103 3441 3179; x_wconf 82' lang='lat' dir='ltr'>deducta,</span> <span class='ocrx_word' id='word_1_604' title='bbox 3474 3119 3592 3156; x_wconf 90' lang='lat' dir='ltr'>non</span> 
     </span>
    </p>
   </div>
   <div class='ocr_carea' id='block_1_77' title="bbox 1895 3192 3594 3264">
    <p class='ocr_par' dir='ltr' id='par_1_77' title="bbox 1895 3192 3594 3264">
     <span class='ocr_line' id='line_1_77' title="bbox 1895 3192 3594 3264; baseline -0.002 -17"><span class='ocrx_word' id='word_1_605' title='bbox 1895 3200 1980 3247; x_wconf 91' lang='lat' dir='ltr'>est</span> <span class='ocrx_word' id='word_1_606' title='bbox 2009 3193 2254 3263; x_wconf 89' lang='lat' dir='ltr'>amplius</span> <span class='ocrx_word' id='word_1_607' title='bbox 2284 3193 2345 3247; x_wconf 91' lang='lat' dir='ltr'>in</span> <span class='ocrx_word' id='word_1_608' title='bbox 2372 3198 2651 3264; x_wconf 88' lang='lat' dir='ltr'>potestate</span> <span class='ocrx_word' id='word_1_609' title='bbox 2709 3196 2900 3247; x_wconf 89' lang='lat' dir='ltr'>nostra</span> <span class='ocrx_word' id='word_1_610' title='bbox 2942 3209 3235 3246; x_wconf 88' lang='lat' dir='ltr'>assensum</span> <span class='ocrx_word' id='word_1_611' title='bbox 3280 3208 3511 3262; x_wconf 83' lang='lat' dir='ltr'>negare,</span> <span class='ocrx_word' id='word_1_612' title='bbox 3550 3192 3594 3245; x_wconf 87' lang='lat' dir='ltr'>si</span> 
     </span>
    </p>
   </div>
   <div class='ocr_carea' id='block_1_78' title="bbox 1894 3279 3596 3353">
    <p class='ocr_par' dir='ltr' id='par_1_78' title="bbox 1894 3279 3596 3353">
     <span class='ocr_line' id='line_1_78' title="bbox 1894 3279 3596 3353; baseline -0.002 -17"><span class='ocrx_word' id='word_1_613' title='bbox 1894 3283 2065 3337; x_wconf 90' lang='lat' dir='ltr'>modo</span> <span class='ocrx_word' id='word_1_614' title='bbox 2097 3283 2268 3337; x_wconf 88' lang='lat' dir='ltr'>verba</span> <span class='ocrx_word' id='word_1_615' title='bbox 2315 3284 2522 3353; x_wconf 90' lang='lat' dir='ltr'>quibus</span> <span class='ocrx_word' id='word_1_616' title='bbox 2550 3287 2825 3352; x_wconf 90' lang='lat' dir='ltr'>concepta</span> <span class='ocrx_word' id='word_1_617' title='bbox 2878 3286 3008 3335; x_wconf 90' lang='lat' dir='ltr'>sunt</span> <span class='ocrx_word' id='word_1_618' title='bbox 3038 3281 3451 3351; x_wconf 90' lang='lat' dir='ltr'>intelligamus.</span> <span class='ocrx_word' id='word_1_619' title='bbox 3497 3279 3596 3333; x_wconf 88' lang='lat' dir='ltr'>llic</span> 
     </span>
    </p>
   </div>
   <div class='ocr_carea' id='block_1_79' title="bbox 1895 3368 3598 3442">
    <p class='ocr_par' dir='ltr' id='par_1_79' title="bbox 1895 3368 3598 3442">
     <span class='ocr_line' id='line_1_79' title="bbox 1895 3368 3598 3442; baseline -0.002 -18"><span class='ocrx_word' id='word_1_620' title='bbox 1895 3372 2129 3442; x_wconf 87' lang='lat' dir='ltr'>quidem</span> <span class='ocrx_word' id='word_1_621' title='bbox 2157 3373 2385 3426; x_wconf 85' lang='lat' dir='ltr'>volentes</span> <span class='ocrx_word' id='word_1_622' title='bbox 2412 3372 2774 3436; x_wconf 89' lang='lat' dir='ltr'>assentimur,</span> <span class='ocrx_word' id='word_1_623' title='bbox 2826 3387 3012 3441; x_wconf 89' lang='lat' dir='ltr'>neque</span> <span class='ocrx_word' id='word_1_624' title='bbox 3056 3368 3210 3423; x_wconf 89' lang='lat' dir='ltr'>enim</span> <span class='ocrx_word' id='word_1_625' title='bbox 3261 3368 3424 3423; x_wconf 87' lang='lat' dir='ltr'>aliter</span> <span class='ocrx_word' id='word_1_626' title='bbox 3472 3368 3598 3422; x_wconf 77' lang='lat' dir='ltr'>fieri</span> 
     </span>
    </p>
   </div>
   <div class='ocr_carea' id='block_1_80' title="bbox 1893 3458 3598 3528">
    <p class='ocr_par' dir='ltr' id='par_1_80' title="bbox 1893 3458 3598 3528">
     <span class='ocr_line' id='line_1_80' title="bbox 1893 3458 3598 3528; baseline -0.002 -16"><span class='ocrx_word' id='word_1_627' title='bbox 1893 3458 2250 3528; x_wconf 55' lang='lat' dir='ltr'>potest;;sed</span> <span class='ocrx_word' id='word_1_628' title='bbox 2281 3474 2398 3511; x_wconf 90' lang='lat' dir='ltr'>non</span> <span class='ocrx_word' id='word_1_629' title='bbox 2428 3458 2625 3522; x_wconf 90' lang='lat' dir='ltr'>libere,</span> <span class='ocrx_word' id='word_1_630' title='bbox 2683 3474 2817 3511; x_wconf 91' lang='lat' dir='ltr'>nam</span> <span class='ocrx_word' id='word_1_631' title='bbox 2866 3473 3161 3511; x_wconf 90' lang='lat' dir='ltr'>assensum</span> <span class='ocrx_word' id='word_1_632' title='bbox 3222 3472 3432 3527; x_wconf 89' lang='lat' dir='ltr'>negare</span> <span class='ocrx_word' id='word_1_633' title='bbox 3482 3471 3598 3509; x_wconf 90' lang='lat' dir='ltr'>non</span> 
     </span>
    </p>
   </div>
   <div class='ocr_carea' id='block_1_81' title="bbox 1893 3546 3595 3618">
    <p class='ocr_par' dir='ltr' id='par_1_81' title="bbox 1893 3546 3595 3618">
     <span class='ocr_line' id='line_1_81' title="bbox 1893 3546 3595 3618; baseline -0.003 -16"><span class='ocrx_word' id='word_1_634' title='bbox 1893 3563 2218 3618; x_wconf 89' lang='lat' dir='ltr'>possumus.</span> <span class='ocrx_word' id='word_1_635' title='bbox 2254 3548 2331 3601; x_wconf 91' lang='lat' dir='ltr'>De</span> <span class='ocrx_word' id='word_1_636' title='bbox 2358 3547 2510 3601; x_wconf 89' lang='lat' dir='ltr'>hisce</span> <span class='ocrx_word' id='word_1_637' title='bbox 2550 3546 2864 3600; x_wconf 91' lang='lat' dir='ltr'>actionibus</span> <span class='ocrx_word' id='word_1_638' title='bbox 2917 3562 3033 3599; x_wconf 92' lang='lat' dir='ltr'>non</span> <span class='ocrx_word' id='word_1_639' title='bbox 3080 3546 3358 3616; x_wconf 60' lang='lat' dir='ltr'>quaeritur</span> <span class='ocrx_word' id='word_1_640' title='bbox 3386 3561 3460 3598; x_wconf 89' lang='lat' dir='ltr'>an</span> <span class='ocrx_word' id='word_1_641' title='bbox 3500 3561 3595 3597; x_wconf 89' lang='lat' dir='ltr'>eas</span> 
     </span>
    </p>
   </div>
   <div class='ocr_carea' id='block_1_82' title="bbox 1893 3633 3599 3708">
    <p class='ocr_par' dir='ltr' id='par_1_82' title="bbox 1893 3633 3599 3708">
     <span class='ocr_line' id='line_1_82' title="bbox 1893 3633 3599 3708; baseline -0.003 -18"><span class='ocrx_word' id='word_1_642' title='bbox 1893 3636 2156 3708; x_wconf 78' lang='lat' dir='ltr'>praesciat</span> <span class='ocrx_word' id='word_1_643' title='bbox 2188 3636 2354 3701; x_wconf 91' lang='lat' dir='ltr'>Deus,</span> <span class='ocrx_word' id='word_1_644' title='bbox 2405 3643 2536 3691; x_wconf 88' lang='lat' dir='ltr'>sunt</span> <span class='ocrx_word' id='word_1_645' title='bbox 2561 3634 2715 3689; x_wconf 91' lang='lat' dir='ltr'>enim</span> <span class='ocrx_word' id='word_1_646' title='bbox 2736 3635 2904 3705; x_wconf 89' lang='lat' dir='ltr'>plane</span> <span class='ocrx_word' id='word_1_647' title='bbox 2934 3633 3296 3699; x_wconf 74' lang='lat' dir='ltr'>necessarias;</span> <span class='ocrx_word' id='word_1_648' title='bbox 3339 3633 3438 3687; x_wconf 92' lang='lat' dir='ltr'>sed</span> <span class='ocrx_word' id='word_1_649' title='bbox 3495 3647 3599 3685; x_wconf 91' lang='lat' dir='ltr'>nec</span> 
     </span>
    </p>
   </div>
   <div class='ocr_carea' id='block_1_83' title="bbox 1894 3722 3590 3793">
    <p class='ocr_par' dir='ltr' id='par_1_83' title="bbox 1894 3722 3590 3793">
     <span class='ocr_line' id='line_1_83' title="bbox 1894 3722 3590 3793; baseline -0.003 -14"><span class='ocrx_word' id='word_1_650' title='bbox 1894 3730 2028 3779; x_wconf 89' lang='lat' dir='ltr'>sunt</span> <span class='ocrx_word' id='word_1_651' title='bbox 2058 3725 2173 3779; x_wconf 89' lang='lat' dir='ltr'>ulla</span> <span class='ocrx_word' id='word_1_652' title='bbox 2201 3724 2367 3778; x_wconf 89' lang='lat' dir='ltr'>laude</span> <span class='ocrx_word' id='word_1_653' title='bbox 2400 3730 2500 3778; x_wconf 92' lang='lat' dir='ltr'>aut</span> <span class='ocrx_word' id='word_1_654' title='bbox 2519 3724 2797 3793; x_wconf 88' lang='lat' dir='ltr'>vituperio</span> <span class='ocrx_word' id='word_1_655' title='bbox 2828 3722 3035 3793; x_wconf 79' lang='lat' dir='ltr'>dignae.</span> <span class='ocrx_word' id='word_1_656' title='bbox 3071 3723 3164 3776; x_wconf 83' lang='lat' dir='ltr'>Est</span> <span class='ocrx_word' id='word_1_657' title='bbox 3192 3726 3249 3776; x_wconf 92' lang='lat' dir='ltr'>et</span> <span class='ocrx_word' id='word_1_658' title='bbox 3270 3723 3450 3776; x_wconf 90' lang='lat' dir='ltr'>altera</span> <span class='ocrx_word' id='word_1_659' title='bbox 3478 3737 3590 3788; x_wconf 90' lang='lat' dir='ltr'>res,</span> 
     </span>
    </p>
   </div>
   <div class='ocr_carea' id='block_1_84' title="bbox 1892 3809 3593 3883">
    <p class='ocr_par' dir='ltr' id='par_1_84' title="bbox 1892 3809 3593 3883">
     <span class='ocr_line' id='line_1_84' title="bbox 1892 3809 3593 3883; baseline -0.002 -17"><span class='ocrx_word' id='word_1_660' title='bbox 1892 3818 2103 3883; x_wconf 65' lang='lat' dir='ltr'>praeter</span> <span class='ocrx_word' id='word_1_661' title='bbox 2122 3827 2405 3866; x_wconf 89' lang='lat' dir='ltr'>summam</span> <span class='ocrx_word' id='word_1_662' title='bbox 2427 3810 2794 3877; x_wconf 86' lang='lat' dir='ltr'>evidentiam,</span> <span class='ocrx_word' id='word_1_663' title='bbox 2810 3810 2868 3864; x_wconf 92' lang='lat' dir='ltr'>in</span> <span class='ocrx_word' id='word_1_664' title='bbox 2883 3826 3055 3881; x_wconf 85' lang='lat' dir='ltr'>quam</span> <span class='ocrx_word' id='word_1_665' title='bbox 3071 3809 3324 3863; x_wconf 90' lang='lat' dir='ltr'>volentes</span> <span class='ocrx_word' id='word_1_666' title='bbox 3337 3809 3593 3881; x_wconf 88' lang='lat' dir='ltr'>quidem,</span> 
     </span>
    </p>
   </div>
   <div class='ocr_carea' id='block_1_85' title="bbox 1894 3896 3593 3970">
    <p class='ocr_par' dir='ltr' id='par_1_85' title="bbox 1894 3896 3593 3970">
     <span class='ocr_line' id='line_1_85' title="bbox 1894 3896 3593 3970; baseline -0.002 -16"><span class='ocrx_word' id='word_1_667' title='bbox 1894 3902 1990 3955; x_wconf 89' lang='lat' dir='ltr'>sed</span> <span class='ocrx_word' id='word_1_668' title='bbox 2017 3917 2134 3954; x_wconf 93' lang='lat' dir='ltr'>non</span> <span class='ocrx_word' id='word_1_669' title='bbox 2161 3900 2336 3954; x_wconf 90' lang='lat' dir='ltr'>libere</span> <span class='ocrx_word' id='word_1_670' title='bbox 2366 3899 2624 3966; x_wconf 89' lang='lat' dir='ltr'>ferimur,</span> <span class='ocrx_word' id='word_1_671' title='bbox 2656 3915 2829 3970; x_wconf 91' lang='lat' dir='ltr'>quam</span> <span class='ocrx_word' id='word_1_672' title='bbox 2861 3897 3129 3969; x_wconf 83' lang='lat' dir='ltr'>exprimit</span> <span class='ocrx_word' id='word_1_673' title='bbox 3158 3897 3279 3967; x_wconf 88' lang='lat' dir='ltr'>ipse</span> <span class='ocrx_word' id='word_1_674' title='bbox 3324 3896 3593 3967; x_wconf 81' lang='lat' dir='ltr'>Augusti-</span> 
     </span>
    </p>
   </div>
   <div class='ocr_carea' id='block_1_86' title="bbox 1892 3987 2640 4059">
    <p class='ocr_par' dir='ltr' id='par_1_86' title="bbox 1892 3987 2640 4059">
     <span class='ocr_line' id='line_1_86' title="bbox 1892 3987 2640 4059; baseline -0.001 -15"><span class='ocrx_word' id='word_1_675' title='bbox 1892 4005 2001 4044; x_wconf 90' lang='lat' dir='ltr'>nus</span> <span class='ocrx_word' id='word_1_676' title='bbox 2030 3988 2399 4059; x_wconf 91' lang='lat' dir='ltr'>sequentibus</span> <span class='ocrx_word' id='word_1_677' title='bbox 2429 3987 2640 4043; x_wconf 86' lang='lat' dir='ltr'>verbis.</span> 
     </span>
    </p>
   </div>
   <div class='ocr_carea' id='block_1_87' title="bbox 1963 4072 3593 4144">
    <p class='ocr_par' dir='ltr' id='par_1_87' title="bbox 1963 4072 3593 4144">
     <span class='ocr_line' id='line_1_87' title="bbox 1963 4072 3593 4144; baseline -0.003 -11"><span class='ocrx_word' id='word_1_678' title='bbox 1963 4080 2103 4134; x_wconf 84' lang='lat' dir='ltr'>Nam</span> <span class='ocrx_word' id='word_1_679' title='bbox 2132 4082 2181 4131; x_wconf 87' lang='lat' dir='ltr'>et</span> <span class='ocrx_word' id='word_1_680' title='bbox 2222 4078 2285 4129; x_wconf 90' lang='lat' dir='ltr'>de</span> <span class='ocrx_word' id='word_1_681' title='bbox 2325 4076 2658 4129; x_wconf 81' lang='lat' dir='ltr'>beatitudine</span> <span class='ocrx_word' id='word_1_682' title='bbox 2694 4074 2836 4144; x_wconf 82' lang='lat' dir='ltr'>quod</span> <span class='ocrx_word' id='word_1_683' title='bbox 2888 4072 3103 4141; x_wconf 72' lang='lat' dir='ltr'>dixisti,</span> <span class='ocrx_word' id='word_1_684' title='bbox 3134 4088 3240 4127; x_wconf 88' lang='lat' dir='ltr'>non</span> <span class='ocrx_word' id='word_1_685' title='bbox 3270 4072 3365 4126; x_wconf 88' lang='lat' dir='ltr'>abs</span> <span class='ocrx_word' id='word_1_686' title='bbox 3405 4076 3453 4125; x_wconf 89' lang='lat' dir='ltr'>te</span> <span class='ocrx_word' id='word_1_687' title='bbox 3477 4074 3593 4141; x_wconf 85' lang='lat' dir='ltr'>ipso</span> 
     </span>
    </p>
   </div>
   <div class='ocr_carea' id='block_1_88' title="bbox 1894 4159 3590 4234">
    <p class='ocr_par' dir='ltr' id='par_1_88' title="bbox 1894 4159 3590 4234">
     <span class='ocr_line' id='line_1_88' title="bbox 1894 4159 3590 4234; baseline -0.005 -14"><span class='ocrx_word' id='word_1_688' title='bbox 1894 4167 2104 4220; x_wconf 86' lang='lat' dir='ltr'>beatum</span> <span class='ocrx_word' id='word_1_689' title='bbox 2126 4167 2264 4234; x_wconf 80' lang='lat' dir='ltr'>ﬁeri,</span> <span class='ocrx_word' id='word_1_690' title='bbox 2298 4166 2378 4217; x_wconf 87' lang='lat' dir='ltr'>ita</span> <span class='ocrx_word' id='word_1_691' title='bbox 2416 4164 2613 4218; x_wconf 69' lang='lat' dir='ltr'>dixisti</span> <span class='ocrx_word' id='word_1_692' title='bbox 2644 4164 2805 4233; x_wconf 87' lang='lat' dir='ltr'>quasi</span> <span class='ocrx_word' id='word_1_693' title='bbox 2856 4163 2949 4215; x_wconf 83' lang='lat' dir='ltr'>hoc</span> <span class='ocrx_word' id='word_1_694' title='bbox 2978 4175 3070 4227; x_wconf 90' lang='lat' dir='ltr'>ego</span> <span class='ocrx_word' id='word_1_695' title='bbox 3098 4161 3406 4227; x_wconf 85' lang='lat' dir='ltr'>negaverim</span> <span class='ocrx_word' id='word_1_696' title='bbox 3433 4175 3445 4224; x_wconf 90' lang='lat'>;</span> <span class='ocrx_word' id='word_1_697' title='bbox 3495 4159 3590 4213; x_wconf 88' lang='lat' dir='ltr'>sed</span> 
     </span>
    </p>
   </div>
   <div class='ocr_carea' id='block_1_89' title="bbox 190 4241 3593 4329">
    <p class='ocr_par' dir='ltr' id='par_1_89' title="bbox 190 4241 3593 4329">
     <span class='ocr_line' id='line_1_89' title="bbox 190 4241 3593 4329; baseline -0.002 -22"><span class='ocrx_word' id='word_1_698' title='bbox 190 4254 298 4324; x_wconf 84' lang='lat' dir='ltr'>Cap.</span> <span class='ocrx_word' id='word_1_699' title='bbox 357 4260 432 4324; x_wconf 83' lang='lat' dir='ltr'>l2,</span> <span class='ocrx_word' id='word_1_700' title='bbox 476 4257 505 4329; x_wconf 62' lang='grc' dir='ltr'>ξ</span> <span class='ocrx_word' id='word_1_701' title='bbox 534 4262 627 4313; x_wconf 78' lang='lat'>25.</span> <span class='ocrx_word' id='word_1_702' title='bbox 658 4260 727 4313; x_wconf 88' lang='lat' dir='ltr'>A.</span> <span class='ocrx_word' id='word_1_703' title='bbox 767 4259 954 4325; x_wconf 74' lang='lat' dir='ltr'>Quaero</span> <span class='ocrx_word' id='word_1_704' title='bbox 995 4260 1091 4313; x_wconf 91' lang='lat' dir='ltr'>abs</span> <span class='ocrx_word' id='word_1_705' title='bbox 1123 4263 1190 4325; x_wconf 90' lang='lat' dir='ltr'>te,</span> <span class='ocrx_word' id='word_1_706' title='bbox 1218 4260 1356 4313; x_wconf 87' lang='lat' dir='ltr'>sitne</span> <span class='ocrx_word' id='word_1_707' title='bbox 1388 4259 1578 4327; x_wconf 87' lang='lat' dir='ltr'>aliqua</span> <span class='ocrx_word' id='word_1_708' title='bbox 1606 4259 1664 4311; x_wconf 88' lang='lat' dir='ltr'>in</span> <span class='ocrx_word' id='word_1_709' title='bbox 1688 4273 1783 4313; x_wconf 83' lang='lat' dir='ltr'>no-</span> <span class='ocrx_word' id='word_1_710' title='bbox 1822 4241 1865 4295; x_wconf 84' lang='grc' dir='ltr'>Ῑ)</span> <span class='ocrx_word' id='word_1_711' title='bbox 1895 4255 2011 4309; x_wconf 87' lang='lat' dir='ltr'>dico</span> <span class='ocrx_word' id='word_1_712' title='bbox 2041 4270 2160 4308; x_wconf 90' lang='lat' dir='ltr'>cum</span> <span class='ocrx_word' id='word_1_713' title='bbox 2183 4255 2405 4321; x_wconf 82' lang='lat' dir='ltr'>futurus</span> <span class='ocrx_word' id='word_1_714' title='bbox 2436 4267 2488 4307; x_wconf 90' lang='lat' dir='ltr'>es</span> <span class='ocrx_word' id='word_1_715' title='bbox 2521 4252 2725 4318; x_wconf 87' lang='lat' dir='ltr'>beatus,</span> <span class='ocrx_word' id='word_1_716' title='bbox 2758 4265 2863 4303; x_wconf 86' lang='lat' dir='ltr'>non</span> <span class='ocrx_word' id='word_1_717' title='bbox 2902 4254 2948 4302; x_wconf 91' lang='lat' dir='ltr'>te</span> <span class='ocrx_word' id='word_1_718' title='bbox 2978 4250 3231 4315; x_wconf 88' lang='lat' dir='ltr'>invitum,</span> <span class='ocrx_word' id='word_1_719' title='bbox 3273 4248 3369 4302; x_wconf 84' lang='lat' dir='ltr'>sed</span> <span class='ocrx_word' id='word_1_720' title='bbox 3414 4247 3593 4301; x_wconf 85' lang='lat' dir='ltr'>volen-</span> 
     </span>
    </p>
   </div>
   <div class='ocr_carea' id='block_1_90' title="bbox 144 4339 1782 4421">
    <p class='ocr_par' dir='ltr' id='par_1_90' title="bbox 144 4339 1782 4421">
     <span class='ocr_line' id='line_1_90' title="bbox 144 4339 1782 4421; baseline 0.004 -24"><span class='ocrx_word' id='word_1_721' title='bbox 144 4339 199 4393; x_wconf 60' lang='lat' dir='ltr'>tis</span> <span class='ocrx_word' id='word_1_722' title='bbox 220 4348 479 4403; x_wconf 78' lang='lat' dir='ltr'>voluntas?</span> <span class='ocrx_word' id='word_1_723' title='bbox 529 4352 592 4404; x_wconf 91' lang='lat' dir='ltr'>E.</span> <span class='ocrx_word' id='word_1_724' title='bbox 652 4350 883 4419; x_wconf 85' lang='lat' dir='ltr'>Nescio.]</span> <span class='ocrx_word' id='word_1_725' title='bbox 948 4350 1150 4405; x_wconf 81' lang='lat' dir='ltr'>Mirum</span> <span class='ocrx_word' id='word_1_726' title='bbox 1210 4355 1294 4405; x_wconf 90' lang='lat' dir='ltr'>est</span> <span class='ocrx_word' id='word_1_727' title='bbox 1344 4351 1637 4417; x_wconf 89' lang='lat' dir='ltr'>Evodium,</span> <span class='ocrx_word' id='word_1_728' title='bbox 1684 4349 1782 4421; x_wconf 89' lang='lat' dir='ltr'>qui</span> 
     </span>
    </p>
   </div>
   <div class='ocr_carea' id='block_1_91' title="bbox 144 4432 1782 4509">
    <p class='ocr_par' dir='ltr' id='par_1_91' title="bbox 144 4432 1782 4509">
     <span class='ocr_line' id='line_1_91' title="bbox 144 4432 1782 4509; baseline 0.005 -27"><span class='ocrx_word' id='word_1_729' title='bbox 144 4432 303 4496; x_wconf 84' lang='lat' dir='ltr'>passim</span> <span class='ocrx_word' id='word_1_730' title='bbox 351 4443 433 4492; x_wconf 89' lang='lat' dir='ltr'>sat</span> <span class='ocrx_word' id='word_1_731' title='bbox 460 4446 627 4491; x_wconf 74' lang='lat' dir='ltr'>acute</span> <span class='ocrx_word' id='word_1_732' title='bbox 658 4437 1048 4504; x_wconf 88' lang='lat' dir='ltr'>ratiocinatur,</span> <span class='ocrx_word' id='word_1_733' title='bbox 1104 4443 1161 4493; x_wconf 92' lang='lat' dir='ltr'>et</span> <span class='ocrx_word' id='word_1_734' title='bbox 1211 4439 1586 4509; x_wconf 87' lang='lat' dir='ltr'>interroganti</span> <span class='ocrx_word' id='word_1_735' title='bbox 1645 4455 1782 4509; x_wconf 88' lang='lat' dir='ltr'>pru-</span> 
     </span>
    </p>
   </div>
   <div class='ocr_carea' id='block_1_92' title="bbox 146 4517 1784 4598">
    <p class='ocr_par' dir='ltr' id='par_1_92' title="bbox 146 4517 1784 4598">
     <span class='ocr_line' id='line_1_92' title="bbox 146 4517 1784 4598; baseline 0.007 -29"><span class='ocrx_word' id='word_1_736' title='bbox 146 4517 296 4575; x_wconf 81' lang='lat' dir='ltr'>denter</span> <span class='ocrx_word' id='word_1_737' title='bbox 319 4527 637 4595; x_wconf 87' lang='lat' dir='ltr'>respondet,</span> <span class='ocrx_word' id='word_1_738' title='bbox 671 4526 764 4580; x_wconf 87' lang='lat' dir='ltr'>bic</span> <span class='ocrx_word' id='word_1_739' title='bbox 791 4530 911 4580; x_wconf 84' lang='lat' dir='ltr'>tam</span> <span class='ocrx_word' id='word_1_740' title='bbox 938 4526 1231 4598; x_wconf 91' lang='lat' dir='ltr'>stupidum</span> <span class='ocrx_word' id='word_1_741' title='bbox 1265 4527 1408 4598; x_wconf 84' lang='lat' dir='ltr'>fingi</span> <span class='ocrx_word' id='word_1_742' title='bbox 1464 4531 1525 4581; x_wconf 92' lang='lat' dir='ltr'>ut</span> <span class='ocrx_word' id='word_1_743' title='bbox 1554 4527 1695 4581; x_wconf 89' lang='lat' dir='ltr'>scire</span> <span class='ocrx_word' id='word_1_744' title='bbox 1725 4543 1784 4581; x_wconf 91' lang='lat' dir='ltr'>se</span> 
     </span>
    </p>
   </div>
   <div class='ocr_carea' id='block_1_93' title="bbox 147 4614 1783 4687">
    <p class='ocr_par' dir='ltr' id='par_1_93' title="bbox 147 4614 1783 4687">
     <span class='ocr_line' id='line_1_93' title="bbox 147 4614 1783 4687; baseline 0.006 -28"><span class='ocrx_word' id='word_1_745' title='bbox 147 4616 286 4678; x_wconf 83' lang='lat' dir='ltr'>neget,</span> <span class='ocrx_word' id='word_1_746' title='bbox 314 4630 380 4667; x_wconf 87' lang='lat' dir='ltr'>an</span> <span class='ocrx_word' id='word_1_747' title='bbox 399 4615 539 4670; x_wconf 89' lang='lat' dir='ltr'>insit</span> <span class='ocrx_word' id='word_1_748' title='bbox 563 4614 896 4669; x_wconf 90' lang='lat' dir='ltr'>hominibus</span> <span class='ocrx_word' id='word_1_749' title='bbox 920 4616 1197 4670; x_wconf 89' lang='lat' dir='ltr'>voluntas.</span> <span class='ocrx_word' id='word_1_750' title='bbox 1227 4616 1332 4680; x_wconf 92' lang='lat' dir='ltr'>Qui</span> <span class='ocrx_word' id='word_1_751' title='bbox 1350 4619 1548 4687; x_wconf 90' lang='lat' dir='ltr'>postea</span> <span class='ocrx_word' id='word_1_752' title='bbox 1568 4616 1667 4669; x_wconf 92' lang='lat' dir='ltr'>lib.</span> <span class='ocrx_word' id='word_1_753' title='bbox 1702 4632 1783 4682; x_wconf 86' lang='grc' dir='ltr'>ιιι,</span> 
     </span>
    </p>
   </div>
   <div class='ocr_carea' id='block_1_94' title="bbox 150 4692 1786 4774">
    <p class='ocr_par' dir='ltr' id='par_1_94' title="bbox 150 4692 1786 4774">
     <span class='ocr_line' id='line_1_94' title="bbox 150 4692 1786 4774; baseline 0.002 -20"><span class='ocrx_word' id='word_1_754' title='bbox 150 4692 224 4760; x_wconf 65' lang='grc' dir='ltr'>ἓό,</span> <span class='ocrx_word' id='word_1_755' title='bbox 265 4700 433 4756; x_wconf 87' lang='lat' dir='ltr'>dicere</span> <span class='ocrx_word' id='word_1_756' title='bbox 487 4708 678 4774; x_wconf 90' lang='lat' dir='ltr'>potest</span> <span class='ocrx_word' id='word_1_757' title='bbox 731 4703 886 4758; x_wconf 92' lang='lat' dir='ltr'>idem</span> <span class='ocrx_word' id='word_1_758' title='bbox 918 4704 1191 4771; x_wconf 84' lang='lat' dir='ltr'>Evodius;</span> <span class='ocrx_word' id='word_1_759' title='bbox 1226 4704 1362 4773; x_wconf 88' lang='lat' dir='ltr'>quid</span> <span class='ocrx_word' id='word_1_760' title='bbox 1419 4720 1577 4759; x_wconf 87' lang='lat' dir='ltr'>suum</span> <span class='ocrx_word' id='word_1_761' title='bbox 1636 4704 1786 4758; x_wconf 88' lang='lat' dir='ltr'>dicat</span> 
     </span>
    </p>
   </div>
   <div class='ocr_carea' id='block_1_95' title="bbox 145 4793 1786 4861">
    <p class='ocr_par' dir='ltr' id='par_1_95' title="bbox 145 4793 1786 4861">
     <span class='ocr_line' id='line_1_95' title="bbox 145 4793 1786 4861; baseline 0.001 -14"><span class='ocrx_word' id='word_1_762' title='bbox 145 4796 313 4847; x_wconf 58' lang='lat' dir='ltr'>Prorsus</span> <span class='ocrx_word' id='word_1_763' title='bbox 332 4806 429 4845; x_wconf 86' lang='lat' dir='ltr'>non</span> <span class='ocrx_word' id='word_1_764' title='bbox 462 4794 724 4860; x_wconf 81' lang='lat' dir='ltr'>invenire,</span> <span class='ocrx_word' id='word_1_765' title='bbox 760 4795 811 4847; x_wconf 92' lang='lat' dir='ltr'>si</span> <span class='ocrx_word' id='word_1_766' title='bbox 838 4793 1086 4847; x_wconf 87' lang='lat' dir='ltr'>voluntas</span> <span class='ocrx_word' id='word_1_767' title='bbox 1113 4809 1224 4861; x_wconf 87' lang='lat' dir='ltr'>qua</span> <span class='ocrx_word' id='word_1_768' title='bbox 1279 4794 1397 4848; x_wconf 88' lang='lat' dir='ltr'>vult</span> <span class='ocrx_word' id='word_1_769' title='bbox 1440 4798 1490 4847; x_wconf 88' lang='lat' dir='ltr'>et</span> <span class='ocrx_word' id='word_1_770' title='bbox 1536 4809 1642 4847; x_wconf 91' lang='lat' dir='ltr'>non</span> <span class='ocrx_word' id='word_1_771' title='bbox 1671 4794 1786 4848; x_wconf 87' lang='lat' dir='ltr'>vult</span> 
     </span>
    </p>
   </div>
   <div class='ocr_carea' id='block_1_96' title="bbox 148 4880 1785 4952">
    <p class='ocr_par' dir='ltr' id='par_1_96' title="bbox 148 4880 1785 4952">
     <span class='ocr_line' id='line_1_96' title="bbox 148 4880 1785 4952; baseline 0.004 -23"><span class='ocrx_word' id='word_1_772' title='bbox 148 4884 222 4923; x_wconf 73' lang='lat' dir='ltr'>Mn</span> <span class='ocrx_word' id='word_1_773' title='bbox 244 4884 306 4930; x_wconf 79' lang='lat' dir='ltr'>est</span> <span class='ocrx_word' id='word_1_774' title='bbox 336 4882 544 4948; x_wconf 83' lang='lat' dir='ltr'>ipsius?</span> <span class='ocrx_word' id='word_1_775' title='bbox 577 4881 682 4936; x_wconf 90' lang='lat' dir='ltr'>Sed</span> <span class='ocrx_word' id='word_1_776' title='bbox 724 4881 1148 4936; x_wconf 88' lang='lat' dir='ltr'>Platonicorum</span> <span class='ocrx_word' id='word_1_777' title='bbox 1201 4880 1562 4952; x_wconf 90' lang='lat' dir='ltr'>dialogorum</span> <span class='ocrx_word' id='word_1_778' title='bbox 1589 4882 1785 4935; x_wconf 88' lang='lat' dir='ltr'>amba-</span> 
     </span>
    </p>
   </div>
   <div class='ocr_carea' id='block_1_97' title="bbox 147 4966 1785 5041">
    <p class='ocr_par' dir='ltr' id='par_1_97' title="bbox 147 4966 1785 5041">
     <span class='ocr_line' id='line_1_97' title="bbox 147 4966 1785 5041; baseline 0 -18"><span class='ocrx_word' id='word_1_779' title='bbox 147 4972 217 5023; x_wconf 68' lang='lat' dir='ltr'>ges</span> <span class='ocrx_word' id='word_1_780' title='bbox 240 4966 353 5020; x_wconf 86' lang='lat' dir='ltr'>talia</span> <span class='ocrx_word' id='word_1_781' title='bbox 374 4969 554 5023; x_wconf 87' lang='lat' dir='ltr'>multa</span> <span class='ocrx_word' id='word_1_782' title='bbox 592 4969 820 5036; x_wconf 89' lang='lat' dir='ltr'>habent,</span> <span class='ocrx_word' id='word_1_783' title='bbox 850 4986 977 5040; x_wconf 83' lang='lat' dir='ltr'>quae</span> <span class='ocrx_word' id='word_1_784' title='bbox 1017 4970 1210 5025; x_wconf 90' lang='lat' dir='ltr'>nescio</span> <span class='ocrx_word' id='word_1_785' title='bbox 1241 4970 1334 5025; x_wconf 89' lang='lat' dir='ltr'>cui</span> <span class='ocrx_word' id='word_1_786' title='bbox 1362 4970 1445 5025; x_wconf 89' lang='lat' dir='ltr'>rei</span> <span class='ocrx_word' id='word_1_787' title='bbox 1475 4975 1606 5041; x_wconf 90' lang='lat' dir='ltr'>apta</span> <span class='ocrx_word' id='word_1_788' title='bbox 1652 4970 1785 5037; x_wconf 88' lang='lat' dir='ltr'>sint,</span> 
     </span>
    </p>
   </div>
   <div class='ocr_carea' id='block_1_98' title="bbox 148 5045 1141 5113">
    <p class='ocr_par' dir='ltr' id='par_1_98' title="bbox 148 5045 1141 5113">
     <span class='ocr_line' id='line_1_98' title="bbox 148 5045 1141 5113; baseline 0.015 -15"><span class='ocrx_word' id='word_1_789' title='bbox 148 5045 227 5101; x_wconf 83' lang='lat' dir='ltr'>nisi</span> <span class='ocrx_word' id='word_1_790' title='bbox 247 5052 306 5105; x_wconf 89' lang='lat' dir='ltr'>ad</span> <span class='ocrx_word' id='word_1_791' title='bbox 332 5056 635 5111; x_wconf 88' lang='lat' dir='ltr'>creandum</span> <span class='ocrx_word' id='word_1_792' title='bbox 667 5058 863 5112; x_wconf 91' lang='lat' dir='ltr'>lectori</span> <span class='ocrx_word' id='word_1_793' title='bbox 885 5058 1141 5113; x_wconf 60' lang='lat' dir='ltr'>taedium.</span> 
     </span>
    </p>
   </div>
   <div class='ocr_carea' id='block_1_99' title="bbox 201 5136 1789 5216">
    <p class='ocr_par' dir='ltr' id='par_1_99' title="bbox 201 5136 1789 5216">
     <span class='ocr_line' id='line_1_99' title="bbox 201 5136 1789 5216; baseline 0.007 -27"><span class='ocrx_word' id='word_1_794' title='bbox 201 5136 334 5194; x_wconf 77' lang='lat' dir='ltr'>Linao</span> <span class='ocrx_word' id='word_1_795' title='bbox 394 5160 449 5200; x_wconf 91' lang='grc' dir='ltr'>ιι.</span> <span class='ocrx_word' id='word_1_796' title='bbox 505 5145 639 5215; x_wconf 88' lang='lat' dir='ltr'>Cap.</span> <span class='ocrx_word' id='word_1_797' title='bbox 696 5148 752 5215; x_wconf 91' lang='lat'>2,</span> <span class='ocrx_word' id='word_1_798' title='bbox 810 5145 837 5216; x_wconf 83' lang='lat'>§</span> <span class='ocrx_word' id='word_1_799' title='bbox 886 5151 937 5201; x_wconf 81' lang='lat'>5.</span> <span class='ocrx_word' id='word_1_800' title='bbox 996 5150 1109 5214; x_wconf 89' lang='lat' dir='ltr'>Ego</span> <span class='ocrx_word' id='word_1_801' title='bbox 1171 5146 1592 5202; x_wconf 87' lang='lat' dir='ltr'>demonstrarem</span> <span class='ocrx_word' id='word_1_802' title='bbox 1644 5145 1789 5214; x_wconf 89' lang='lat' dir='ltr'>quod</span> 
     </span>
    </p>
   </div>
   <div class='ocr_carea' id='block_1_100' title="bbox 152 5226 1787 5305">
    <p class='ocr_par' dir='ltr' id='par_1_100' title="bbox 152 5226 1787 5305">
     <span class='ocr_line' id='line_1_100' title="bbox 152 5226 1787 5305; baseline 0.005 -24"><span class='ocrx_word' id='word_1_803' title='bbox 152 5226 279 5280; x_wconf 62' lang='lat' dir='ltr'>navis</span> <span class='ocrx_word' id='word_1_804' title='bbox 301 5232 633 5301; x_wconf 83' lang='lat' dir='ltr'>facillimum,</span> <span class='ocrx_word' id='word_1_805' title='bbox 668 5240 867 5302; x_wconf 87' lang='lat' dir='ltr'>quanto</span> <span class='ocrx_word' id='word_1_806' title='bbox 898 5241 1033 5291; x_wconf 88' lang='lat' dir='ltr'>esset</span> <span class='ocrx_word' id='word_1_807' title='bbox 1069 5238 1357 5304; x_wconf 63' lang='lat' dir='ltr'>(aquius...</span> <span class='ocrx_word' id='word_1_808' title='bbox 1390 5240 1451 5290; x_wconf 90' lang='lat' dir='ltr'>ut</span> <span class='ocrx_word' id='word_1_809' title='bbox 1480 5238 1641 5290; x_wconf 88' lang='lat' dir='ltr'>etiam</span> <span class='ocrx_word' id='word_1_810' title='bbox 1670 5237 1787 5305; x_wconf 89' lang='lat' dir='ltr'>ipse</span> 
     </span>
    </p>
   </div>
   <div class='ocr_carea' id='block_1_101' title="bbox 154 5316 1790 5395">
    <p class='ocr_par' dir='ltr' id='par_1_101' title="bbox 154 5316 1790 5395">
     <span class='ocr_line' id='line_1_101' title="bbox 154 5316 1790 5395; baseline 0.004 -23"><span class='ocrx_word' id='word_1_811' title='bbox 154 5316 369 5373; x_wconf 58' lang='lat' dir='ltr'>imorum</span> <span class='ocrx_word' id='word_1_812' title='bbox 404 5326 641 5377; x_wconf 81' lang='lat' dir='ltr'>virorum</span> <span class='ocrx_word' id='word_1_813' title='bbox 673 5324 845 5393; x_wconf 82' lang='lat' dir='ltr'>libris,</span> <span class='ocrx_word' id='word_1_814' title='bbox 878 5328 975 5395; x_wconf 87' lang='lat' dir='ltr'>qui</span> <span class='ocrx_word' id='word_1_815' title='bbox 1003 5341 1058 5380; x_wconf 93' lang='lat' dir='ltr'>se</span> <span class='ocrx_word' id='word_1_816' title='bbox 1097 5342 1217 5380; x_wconf 90' lang='lat' dir='ltr'>cum</span> <span class='ocrx_word' id='word_1_817' title='bbox 1254 5326 1391 5379; x_wconf 86' lang='lat' dir='ltr'>Filio</span> <span class='ocrx_word' id='word_1_818' title='bbox 1422 5325 1528 5377; x_wconf 87' lang='lat' dir='ltr'>Dei</span> <span class='ocrx_word' id='word_1_819' title='bbox 1584 5326 1790 5379; x_wconf 71' lang='lat' dir='ltr'>vixisse</span> 
     </span>
    </p>
   </div>
   <div class='ocr_carea' id='block_1_102' title="bbox 155 5402 1786 5482">
    <p class='ocr_par' dir='ltr' id='par_1_102' title="bbox 155 5402 1786 5482">
     <span class='ocr_line' id='line_1_102' title="bbox 155 5402 1786 5482; baseline 0.009 -31"><span class='ocrx_word' id='word_1_820' title='bbox 155 5402 353 5461; x_wconf 74' lang='lat' dir='ltr'>testatum</span> <span class='ocrx_word' id='word_1_821' title='bbox 388 5411 583 5467; x_wconf 86' lang='lat' dir='ltr'>litteris</span> <span class='ocrx_word' id='word_1_822' title='bbox 628 5413 979 5481; x_wconf 80' lang='lat' dir='ltr'>reliquerunt,</span> <span class='ocrx_word' id='word_1_823' title='bbox 1029 5428 1139 5468; x_wconf 88' lang='lat' dir='ltr'>esse</span> <span class='ocrx_word' id='word_1_824' title='bbox 1168 5416 1332 5467; x_wconf 88' lang='lat' dir='ltr'>Deum</span> <span class='ocrx_word' id='word_1_825' title='bbox 1370 5410 1624 5479; x_wconf 85' lang='lat' dir='ltr'>crederet,</span> <span class='ocrx_word' id='word_1_826' title='bbox 1657 5412 1786 5482; x_wconf 82' lang='lat' dir='ltr'>etc.]</span> 
     </span>
    </p>
   </div>
   <div class='ocr_carea' id='block_1_103' title="bbox 158 5485 1788 5556">
    <p class='ocr_par' dir='ltr' id='par_1_103' title="bbox 158 5485 1788 5556">
     <span class='ocr_line' id='line_1_103' title="bbox 158 5485 1788 5556; baseline 0.011 -21"><span class='ocrx_word' id='word_1_827' title='bbox 158 5485 275 5544; x_wconf 70' lang='grc' dir='ltr'>Ριιιιε</span> <span class='ocrx_word' id='word_1_828' title='bbox 298 5500 470 5551; x_wconf 86' lang='lat' dir='ltr'>tamen</span> <span class='ocrx_word' id='word_1_829' title='bbox 497 5500 912 5556; x_wconf 88' lang='lat' dir='ltr'>ostendendum</span> <span class='ocrx_word' id='word_1_830' title='bbox 942 5506 1090 5556; x_wconf 90' lang='lat' dir='ltr'>esset</span> <span class='ocrx_word' id='word_1_831' title='bbox 1133 5500 1308 5556; x_wconf 91' lang='lat' dir='ltr'>libros</span> <span class='ocrx_word' id='word_1_832' title='bbox 1336 5499 1465 5555; x_wconf 90' lang='lat' dir='ltr'>illos</span> <span class='ocrx_word' id='word_1_833' title='bbox 1498 5515 1620 5554; x_wconf 90' lang='lat' dir='ltr'>esse</span> <span class='ocrx_word' id='word_1_834' title='bbox 1676 5499 1788 5553; x_wconf 85' lang='lat' dir='ltr'>ﬁde</span> 
     </span>
    </p>
   </div>
   <div class='ocr_carea' id='block_1_104' title="bbox 1894 4337 3591 4411">
    <p class='ocr_par' dir='ltr' id='par_1_104' title="bbox 1894 4337 3591 4411">
     <span class='ocr_line' id='line_1_104' title="bbox 1894 4337 3591 4411; baseline -0.005 -16"><span class='ocrx_word' id='word_1_835' title='bbox 1894 4347 1996 4395; x_wconf 90' lang='lat' dir='ltr'>tem</span> <span class='ocrx_word' id='word_1_836' title='bbox 2023 4342 2317 4411; x_wconf 71' lang='lat' dir='ltr'>futurum]</span> <span class='ocrx_word' id='word_1_837' title='bbox 2347 4344 2417 4395; x_wconf 87' lang='lat' dir='ltr'>At</span> <span class='ocrx_word' id='word_1_838' title='bbox 2444 4340 2535 4395; x_wconf 88' lang='lat' dir='ltr'>hic</span> <span class='ocrx_word' id='word_1_839' title='bbox 2556 4354 2787 4411; x_wconf 91' lang='lat' dir='ltr'>quoque</span> <span class='ocrx_word' id='word_1_840' title='bbox 2819 4337 2975 4392; x_wconf 93' lang='lat' dir='ltr'>nulla</span> <span class='ocrx_word' id='word_1_841' title='bbox 3001 4341 3086 4391; x_wconf 92' lang='lat' dir='ltr'>est</span> <span class='ocrx_word' id='word_1_842' title='bbox 3115 4337 3358 4398; x_wconf 84' lang='lat' dir='ltr'>libertas,</span> <span class='ocrx_word' id='word_1_843' title='bbox 3393 4350 3591 4388; x_wconf 90' lang='lat' dir='ltr'>omnes</span> 
     </span>
    </p>
   </div>
   <div class='ocr_carea' id='block_1_105' title="bbox 1893 4425 3597 4501">
    <p class='ocr_par' dir='ltr' id='par_1_105' title="bbox 1893 4425 3597 4501">
     <span class='ocr_line' id='line_1_105' title="bbox 1893 4425 3597 4501; baseline -0.005 -16"><span class='ocrx_word' id='word_1_844' title='bbox 1893 4432 2043 4486; x_wconf 89' lang='lat' dir='ltr'>enim</span> <span class='ocrx_word' id='word_1_845' title='bbox 2077 4430 2394 4487; x_wconf 89' lang='lat' dir='ltr'>necessario</span> <span class='ocrx_word' id='word_1_846' title='bbox 2421 4434 2620 4501; x_wconf 90' lang='lat' dir='ltr'>optant</span> <span class='ocrx_word' id='word_1_847' title='bbox 2659 4444 2944 4483; x_wconf 88' lang='lat' dir='ltr'>summam</span> <span class='ocrx_word' id='word_1_848' title='bbox 2973 4425 3405 4491; x_wconf 88' lang='lat' dir='ltr'>beatitudinem,</span> <span class='ocrx_word' id='word_1_849' title='bbox 3442 4440 3597 4479; x_wconf 91' lang='lat' dir='ltr'>eam-</span> 
     </span>
    </p>
   </div>
   <div class='ocr_carea' id='block_1_106' title="bbox 1894 4515 3591 4591">
    <p class='ocr_par' dir='ltr' id='par_1_106' title="bbox 1894 4515 3591 4591">
     <span class='ocr_line' id='line_1_106' title="bbox 1894 4515 3591 4591; baseline -0.004 -16"><span class='ocrx_word' id='word_1_850' title='bbox 1894 4536 2006 4591; x_wconf 88' lang='lat' dir='ltr'>que</span> <span class='ocrx_word' id='word_1_851' title='bbox 2053 4519 2342 4575; x_wconf 90' lang='lat' dir='ltr'>consecuti</span> <span class='ocrx_word' id='word_1_852' title='bbox 2398 4536 2519 4573; x_wconf 92' lang='lat' dir='ltr'>non</span> <span class='ocrx_word' id='word_1_853' title='bbox 2560 4523 2797 4590; x_wconf 90' lang='lat' dir='ltr'>possunt</span> <span class='ocrx_word' id='word_1_854' title='bbox 2850 4516 2910 4571; x_wconf 92' lang='lat' dir='ltr'>in</span> <span class='ocrx_word' id='word_1_855' title='bbox 2948 4532 3013 4571; x_wconf 91' lang='lat' dir='ltr'>ea</span> <span class='ocrx_word' id='word_1_856' title='bbox 3051 4531 3167 4569; x_wconf 89' lang='lat' dir='ltr'>non</span> <span class='ocrx_word' id='word_1_857' title='bbox 3213 4515 3591 4585; x_wconf 87' lang='lat' dir='ltr'>acquiescere.</span> 
     </span>
    </p>
   </div>
   <div class='ocr_carea' id='block_1_107' title="bbox 1896 4604 3593 4680">
    <p class='ocr_par' dir='ltr' id='par_1_107' title="bbox 1896 4604 3593 4680">
     <span class='ocr_line' id='line_1_107' title="bbox 1896 4604 3593 4680; baseline -0.005 -16"><span class='ocrx_word' id='word_1_858' title='bbox 1896 4611 2143 4680; x_wconf 88' lang='lat' dir='ltr'>Ideoque</span> <span class='ocrx_word' id='word_1_859' title='bbox 2170 4610 2273 4663; x_wconf 90' lang='lat' dir='ltr'>hoc</span> <span class='ocrx_word' id='word_1_860' title='bbox 2296 4608 2706 4677; x_wconf 48' lang='lat' dir='ltr'>exemplum’ad</span> <span class='ocrx_word' id='word_1_861' title='bbox 2736 4622 2858 4661; x_wconf 90' lang='lat' dir='ltr'>rem</span> <span class='ocrx_word' id='word_1_862' title='bbox 2888 4606 3029 4659; x_wconf 90' lang='lat' dir='ltr'>nihil</span> <span class='ocrx_word' id='word_1_863' title='bbox 3063 4604 3212 4668; x_wconf 87' lang='lat' dir='ltr'>facit,</span> <span class='ocrx_word' id='word_1_864' title='bbox 3248 4620 3377 4657; x_wconf 89' lang='lat' dir='ltr'>cum</span> <span class='ocrx_word' id='word_1_865' title='bbox 3409 4619 3593 4656; x_wconf 91' lang='lat' dir='ltr'>sermo</span> 
     </span>
    </p>
   </div>
   <div class='ocr_carea' id='block_1_108' title="bbox 1895 4691 3595 4765">
    <p class='ocr_par' dir='ltr' id='par_1_108' title="bbox 1895 4691 3595 4765">
     <span class='ocr_line' id='line_1_108' title="bbox 1895 4691 3595 4765; baseline -0.007 -11"><span class='ocrx_word' id='word_1_866' title='bbox 1895 4700 1986 4755; x_wconf 88' lang='lat' dir='ltr'>hic</span> <span class='ocrx_word' id='word_1_867' title='bbox 2014 4698 2087 4751; x_wconf 91' lang='lat' dir='ltr'>sit</span> <span class='ocrx_word' id='word_1_868' title='bbox 2116 4698 2186 4751; x_wconf 90' lang='lat' dir='ltr'>de</span> <span class='ocrx_word' id='word_1_869' title='bbox 2218 4696 2587 4763; x_wconf 86' lang='lat' dir='ltr'>volitionibus,</span> <span class='ocrx_word' id='word_1_870' title='bbox 2630 4700 2694 4749; x_wconf 91' lang='lat' dir='ltr'>ut</span> <span class='ocrx_word' id='word_1_871' title='bbox 2738 4696 3050 4765; x_wconf 89' lang='lat' dir='ltr'>loquuntur</span> <span class='ocrx_word' id='word_1_872' title='bbox 3106 4691 3445 4758; x_wconf 88' lang='lat' dir='ltr'>scholastici,</span> <span class='ocrx_word' id='word_1_873' title='bbox 3479 4706 3595 4743; x_wconf 91' lang='lat' dir='ltr'>non</span> 
     </span>
    </p>
   </div>
   <div class='ocr_carea' id='block_1_109' title="bbox 1894 4782 3596 4854">
    <p class='ocr_par' dir='ltr' id='par_1_109' title="bbox 1894 4782 3596 4854">
     <span class='ocr_line' id='line_1_109' title="bbox 1894 4782 3596 4854; baseline -0.006 -13"><span class='ocrx_word' id='word_1_874' title='bbox 1894 4784 2249 4853; x_wconf 89' lang='lat' dir='ltr'>necessariis,</span> <span class='ocrx_word' id='word_1_875' title='bbox 2283 4784 2381 4839; x_wconf 91' lang='lat' dir='ltr'>sed</span> <span class='ocrx_word' id='word_1_876' title='bbox 2409 4799 2642 4854; x_wconf 89' lang='lat' dir='ltr'>prorsus</span> <span class='ocrx_word' id='word_1_877' title='bbox 2670 4782 2886 4849; x_wconf 87' lang='lat' dir='ltr'>liberis,</span> <span class='ocrx_word' id='word_1_878' title='bbox 2920 4785 2984 4835; x_wconf 89' lang='lat' dir='ltr'>ut</span> <span class='ocrx_word' id='word_1_879' title='bbox 3033 4784 3164 4835; x_wconf 89' lang='lat' dir='ltr'>sunt</span> <span class='ocrx_word' id='word_1_880' title='bbox 3193 4796 3273 4834; x_wconf 74' lang='lat' dir='ltr'>em</span> <span class='ocrx_word' id='word_1_881' title='bbox 3302 4794 3430 4849; x_wconf 74' lang='lat' dir='ltr'>qua:</span> <span class='ocrx_word' id='word_1_882' title='bbox 3473 4793 3596 4831; x_wconf 88' lang='lat' dir='ltr'>ver-</span> 
     </span>
    </p>
   </div>
   <div class='ocr_carea' id='block_1_110' title="bbox 1896 4866 3592 4943">
    <p class='ocr_par' dir='ltr' id='par_1_110' title="bbox 1896 4866 3592 4943">
     <span class='ocr_line' id='line_1_110' title="bbox 1896 4866 3592 4943; baseline -0.004 -14"><span class='ocrx_word' id='word_1_883' title='bbox 1896 4879 2093 4930; x_wconf 91' lang='lat' dir='ltr'>santur</span> <span class='ocrx_word' id='word_1_884' title='bbox 2112 4873 2257 4928; x_wconf 87' lang='lat' dir='ltr'>circa</span> <span class='ocrx_word' id='word_1_885' title='bbox 2290 4874 2439 4928; x_wconf 88' lang='lat' dir='ltr'>bona</span> <span class='ocrx_word' id='word_1_886' title='bbox 2468 4871 2801 4943; x_wconf 85' lang='lat' dir='ltr'>singularia,</span> <span class='ocrx_word' id='word_1_887' title='bbox 2828 4885 3187 4940; x_wconf 75' lang='lat' dir='ltr'>quaecunque</span> <span class='ocrx_word' id='word_1_888' title='bbox 3210 4867 3439 4921; x_wconf 90' lang='lat' dir='ltr'>tandem</span> <span class='ocrx_word' id='word_1_889' title='bbox 3462 4866 3592 4923; x_wconf 88' lang='lat' dir='ltr'>sint.</span> 
     </span>
    </p>
   </div>
   <div class='ocr_carea' id='block_1_111' title="bbox 1968 4954 3596 5030">
    <p class='ocr_par' dir='ltr' id='par_1_111' title="bbox 1968 4954 3596 5030">
     <span class='ocr_line' id='line_1_111' title="bbox 1968 4954 3596 5030; baseline -0.005 -13"><span class='ocrx_word' id='word_1_890' title='bbox 1968 4965 2108 5017; x_wconf 85' lang='lat' dir='ltr'>Cum</span> <span class='ocrx_word' id='word_1_891' title='bbox 2139 4964 2310 5029; x_wconf 83' lang='lat' dir='ltr'>igitur</span> <span class='ocrx_word' id='word_1_892' title='bbox 2330 4962 2591 5030; x_wconf 67' lang='lat' dir='ltr'>praescius</span> <span class='ocrx_word' id='word_1_893' title='bbox 2624 4963 2761 5014; x_wconf 89' lang='lat' dir='ltr'>Deus</span> <span class='ocrx_word' id='word_1_894' title='bbox 2790 4960 2861 5013; x_wconf 89' lang='lat' dir='ltr'>sit</span> <span class='ocrx_word' id='word_1_895' title='bbox 2884 4959 3087 5025; x_wconf 57' lang='lat' dir='ltr'>futura</span> <span class='ocrx_word' id='word_1_896' title='bbox 3114 4954 3470 5011; x_wconf 84' lang='lat' dir='ltr'>beatitudinis</span> <span class='ocrx_word' id='word_1_897' title='bbox 3494 4958 3596 5009; x_wconf 78' lang='lat' dir='ltr'>tua:</span> 
     </span>
    </p>
   </div>
   <div class='ocr_carea' id='block_1_112' title="bbox 1895 5042 3599 5119">
    <p class='ocr_par' dir='ltr' id='par_1_112' title="bbox 1895 5042 3599 5119">
     <span class='ocr_line' id='line_1_112' title="bbox 1895 5042 3599 5119; baseline -0.007 -13"><span class='ocrx_word' id='word_1_898' title='bbox 1895 5067 1988 5106; x_wconf 84' lang='lat' dir='ltr'>nec</span> <span class='ocrx_word' id='word_1_899' title='bbox 2033 5053 2193 5105; x_wconf 84' lang='lat' dir='ltr'>aliter</span> <span class='ocrx_word' id='word_1_900' title='bbox 2230 5050 2449 5119; x_wconf 89' lang='lat' dir='ltr'>aliquid</span> <span class='ocrx_word' id='word_1_901' title='bbox 2496 5051 2618 5119; x_wconf 79' lang='lat' dir='ltr'>ﬁeri</span> <span class='ocrx_word' id='word_1_902' title='bbox 2642 5050 2815 5118; x_wconf 83' lang='lat' dir='ltr'>possit</span> <span class='ocrx_word' id='word_1_903' title='bbox 2847 5062 3015 5116; x_wconf 90' lang='lat' dir='ltr'>quam</span> <span class='ocrx_word' id='word_1_904' title='bbox 3040 5045 3337 5114; x_wconf 70' lang='lat' dir='ltr'>praesciuit,</span> <span class='ocrx_word' id='word_1_905' title='bbox 3389 5042 3599 5110; x_wconf 84' lang='lat' dir='ltr'>alioqui</span> 
     </span>
    </p>
   </div>
   <div class='ocr_carea' id='block_1_113' title="bbox 1895 5133 3599 5210">
    <p class='ocr_par' dir='ltr' id='par_1_113' title="bbox 1895 5133 3599 5210">
     <span class='ocr_line' id='line_1_113' title="bbox 1895 5133 3599 5210; baseline -0.008 -14"><span class='ocrx_word' id='word_1_906' title='bbox 1895 5143 2049 5197; x_wconf 82' lang='lat' dir='ltr'>nulla</span> <span class='ocrx_word' id='word_1_907' title='bbox 2075 5142 2417 5210; x_wconf 67' lang='lat' dir='ltr'>praescientia</span> <span class='ocrx_word' id='word_1_908' title='bbox 2447 5144 2556 5205; x_wconf 86' lang='lat' dir='ltr'>est;</span> <span class='ocrx_word' id='word_1_909' title='bbox 2590 5154 2697 5192; x_wconf 87' lang='lat' dir='ltr'>non</span> <span class='ocrx_word' id='word_1_910' title='bbox 2746 5142 2923 5192; x_wconf 90' lang='lat' dir='ltr'>tamen</span> <span class='ocrx_word' id='word_1_911' title='bbox 2948 5151 3014 5189; x_wconf 79' lang='lat' dir='ltr'>ea:</span> <span class='ocrx_word' id='word_1_912' title='bbox 3057 5148 3112 5186; x_wconf 90' lang='lat' dir='ltr'>eo</span> <span class='ocrx_word' id='word_1_913' title='bbox 3139 5133 3379 5197; x_wconf 89' lang='lat' dir='ltr'>cogimur</span> <span class='ocrx_word' id='word_1_914' title='bbox 3402 5133 3599 5185; x_wconf 85' lang='lat' dir='ltr'>sentire</span> 
     </span>
    </p>
   </div>
   <div class='ocr_carea' id='block_1_114' title="bbox 1899 5221 3590 5301">
    <p class='ocr_par' dir='ltr' id='par_1_114' title="bbox 1899 5221 3590 5301">
     <span class='ocr_line' id='line_1_114' title="bbox 1899 5221 3590 5301; baseline -0.008 -15"><span class='ocrx_word' id='word_1_915' title='bbox 1899 5231 2043 5301; x_wconf 87' lang='lat' dir='ltr'>quod</span> <span class='ocrx_word' id='word_1_916' title='bbox 2073 5230 2525 5285; x_wconf 87' lang='lat' dir='ltr'>absurdissimum</span> <span class='ocrx_word' id='word_1_917' title='bbox 2566 5233 2642 5282; x_wconf 89' lang='lat' dir='ltr'>est</span> <span class='ocrx_word' id='word_1_918' title='bbox 2671 5231 2720 5281; x_wconf 87' lang='lat' dir='ltr'>et</span> <span class='ocrx_word' id='word_1_919' title='bbox 2751 5227 2906 5293; x_wconf 86' lang='lat' dir='ltr'>longe</span> <span class='ocrx_word' id='word_1_920' title='bbox 2961 5240 2995 5277; x_wconf 89' lang='lat' dir='ltr'>a</span> <span class='ocrx_word' id='word_1_921' title='bbox 3039 5223 3265 5277; x_wconf 84' lang='lat' dir='ltr'>veritate</span> <span class='ocrx_word' id='word_1_922' title='bbox 3308 5221 3590 5287; x_wconf 84' lang='lat' dir='ltr'>seclusum,</span> 
     </span>
    </p>
   </div>
   <div class='ocr_carea' id='block_1_115' title="bbox 1898 5309 3597 5384">
    <p class='ocr_par' dir='ltr' id='par_1_115' title="bbox 1898 5309 3597 5384">
     <span class='ocr_line' id='line_1_115' title="bbox 1898 5309 3597 5384; baseline -0.008 -9"><span class='ocrx_word' id='word_1_923' title='bbox 1898 5336 2005 5375; x_wconf 87' lang='lat' dir='ltr'>non</span> <span class='ocrx_word' id='word_1_924' title='bbox 2036 5324 2083 5373; x_wconf 91' lang='lat' dir='ltr'>te</span> <span class='ocrx_word' id='word_1_925' title='bbox 2106 5321 2308 5374; x_wconf 82' lang='lat' dir='ltr'>volente</span> <span class='ocrx_word' id='word_1_926' title='bbox 2334 5320 2546 5373; x_wconf 89' lang='lat' dir='ltr'>beatum</span> <span class='ocrx_word' id='word_1_927' title='bbox 2565 5313 2861 5384; x_wconf 56' lang='lat' dir='ltr'>futurum.)</span> <span class='ocrx_word' id='word_1_928' title='bbox 2902 5314 3028 5366; x_wconf 67' lang='lat' dir='ltr'>Haec</span> <span class='ocrx_word' id='word_1_929' title='bbox 3057 5328 3089 5364; x_wconf 92' lang='lat' dir='ltr'>a</span> <span class='ocrx_word' id='word_1_930' title='bbox 3118 5309 3412 5381; x_wconf 89' lang='lat' dir='ltr'>proposita</span> <span class='ocrx_word' id='word_1_931' title='bbox 3441 5325 3597 5380; x_wconf 80' lang='lat' dir='ltr'>quae-</span> 
     </span>
    </p>
   </div>
   <div class='ocr_carea' id='block_1_116' title="bbox 1901 5397 3599 5475">
    <p class='ocr_par' dir='ltr' id='par_1_116' title="bbox 1901 5397 3599 5475">
     <span class='ocr_line' id='line_1_116' title="bbox 1901 5397 3599 5475; baseline -0.008 -12"><span class='ocrx_word' id='word_1_932' title='bbox 1901 5409 2083 5463; x_wconf 89' lang='lat' dir='ltr'>stione</span> <span class='ocrx_word' id='word_1_933' title='bbox 2117 5410 2254 5462; x_wconf 91' lang='lat' dir='ltr'>sunt</span> <span class='ocrx_word' id='word_1_934' title='bbox 2303 5406 2519 5473; x_wconf 84' lang='lat' dir='ltr'>aliena;</span> <span class='ocrx_word' id='word_1_935' title='bbox 2576 5402 2852 5475; x_wconf 64' lang='lat' dir='ltr'>quaeritur</span> <span class='ocrx_word' id='word_1_936' title='bbox 2898 5400 3053 5455; x_wconf 92' lang='lat' dir='ltr'>enim</span> <span class='ocrx_word' id='word_1_937' title='bbox 3111 5397 3402 5470; x_wconf 91' lang='lat' dir='ltr'>quomodo</span> <span class='ocrx_word' id='word_1_938' title='bbox 3451 5398 3599 5451; x_wconf 90' lang='lat' dir='ltr'>Deus</span> 
     </span>
    </p>
   </div>
   <div class='ocr_carea' id='block_1_117' title="bbox 1900 5486 3597 5569">
    <p class='ocr_par' dir='ltr' id='par_1_117' title="bbox 1900 5486 3597 5569">
     <span class='ocr_line' id='line_1_117' title="bbox 1900 5486 3597 5569; baseline -0.009 -17"><span class='ocrx_word' id='word_1_939' title='bbox 1900 5496 2158 5569; x_wconf 77' lang='lat' dir='ltr'>prmsciat</span> <span class='ocrx_word' id='word_1_940' title='bbox 2187 5513 2259 5550; x_wconf 91' lang='lat' dir='ltr'>an</span> <span class='ocrx_word' id='word_1_941' title='bbox 2292 5494 2559 5561; x_wconf 74' lang='lat' dir='ltr'>Evodius,</span> <span class='ocrx_word' id='word_1_942' title='bbox 2592 5492 2746 5546; x_wconf 80' lang='lat' dir='ltr'>verbi</span> <span class='ocrx_word' id='word_1_943' title='bbox 2773 5490 2976 5560; x_wconf 84' lang='lat' dir='ltr'>gratia,</span> <span class='ocrx_word' id='word_1_944' title='bbox 3012 5505 3308 5544; x_wconf 86' lang='lat' dir='ltr'>assensum</span> <span class='ocrx_word' id='word_1_945' title='bbox 3351 5486 3424 5539; x_wconf 88' lang='lat' dir='ltr'>sit</span> <span class='ocrx_word' id='word_1_946' title='bbox 3452 5501 3597 5555; x_wconf 68' lang='lat' dir='ltr'>pras-</span> 
     </span>
    </p>
   </div>
  </div>
