3926 6192
346 314 439 365 ρδι
1361 302 1912 358 SUPPLEMENTUM
1951 301 2040 357 AD
2079 301 2308 357 oram
2347 302 2403 358 s.
2444 302 2833 360 AUGUSTINI.
3587 299 3603 310 '
3711 319 3796 373 232

344 433 570 489 biturus
606 429 932 501 Evangelia,
961 428 1008 483 si
1035 425 1277 482 Evodius
1304 440 1436 480 eum
1475 440 1770 480 assensum
1830 440 2040 496 negare
2071 423 2110 478 A
2153 423 2265 479 dici
2311 425 2416 480 hac
2438 425 2504 481 de
2529 442 2589 480 re
2615 427 2857 495 soleant,
2887 426 2984 482 sed
3026 427 3285 497 profecto
3311 433 3515 502 regulae
3564 437 3796 510 Augusu.

347 522 558 596 possit;
585 537 704 576 non
733 536 868 575 vero
907 533 1036 589 quae
1076 515 1146 570 sit
1182 515 1374 570 futura
1423 515 1683 569 voluntas
1721 513 1863 585 ejus,
1908 527 2038 568 cum

342 613 671 670 beatitatem
701 611 1100 679 consequetur.

419 705 571 760 Sicut
599 705 778 754 autem
805 699 1133 752 voluntatem
1161 693 1536 758 beatitudinis,
1569 709 1686 748 cum
1715 708 1824 748 esse
1871 707 2039 762 caepe-

347 793 427 845 ris
449 791 652 853 beatus,
670 803 775 840 non
797 785 898 839 tibi
917 785 1101 850 aufert
1121 784 1467 851 praescientia
1487 782 1601 847 Dei,
1633 795 1752 849 quae
1781 780 2040 849 hodieque

344 880 410 934 de
449 885 543 935 tua
587 879 783 942 futura
813 871 1146 927 beatitudine
1174 875 1324 925 certa
1361 874 1466 925 est:
1499 872 1574 924 sic
1603 871 1766 923 etiam
1789 870 2038 922 voluntas

341 967 647 1038 culpabilis,
681 966 730 1019 si
759 979 866 1032 qua
895 965 956 1016 in
985 966 1034 1016 te
1058 963 1253 1028 futura
1281 963 1377 1024 est,
1409 974 1515 1013 non
1537 963 1821 1028 propterea
1847 959 2037 1012 volun-

343 1061 427 1112 tas
455 1071 561 1110 non
580 1056 704 1118 erit,
737 1053 992 1122 quoniam
1014 1053 1150 1104 Deus
1177 1064 1293 1102 eam
1309 1050 1558 1114 futuram
1588 1061 1697 1101 esse
1713 1043 2034 1118 praesciuit]

347 1146 492 1200 Deus
522 1141 787 1215 praevidit
847 1139 1120 1195 Evodium
1171 1137 1458 1192 volentem
1510 1136 1629 1191 fore
1676 1136 1927 1201 beatum,
1990 1136 2038 1189 si

341 1232 672 1289 beatitatem
694 1230 1158 1299 consequeretur,
1183 1225 1316 1296 quia
1343 1225 1464 1279 haec
1489 1224 1746 1278 voluntas
1766 1227 1850 1277 est
1868 1222 2037 1292 plane

343 1321 685 1384 necessaria,
739 1319 998 1388 adeoque
1050 1331 1152 1370 nec
1205 1313 1507 1380 laudanda,
1540 1316 1670 1381 [nec
1716 1311 2032 1383 culpabilis.

343 1413 554 1465 Verum
577 1409 684 1464 hoc
715 1424 830 1462 non
859 1405 1156 1477 quaeritur,
1188 1403 1286 1457 sed
1319 1401 1611 1472 quomodo
1641 1400 1818 1455 libere
1857 1401 2036 1454 Evan-

345 1499 497 1572 gelio
527 1497 832 1553 crediderit
851 1499 907 1550 et
935 1493 1234 1572 adbzeserit
1266 1491 1528 1556 Evodius,
1556 1489 1636 1544 ita
1673 1493 1740 1543 ut
1779 1489 1832 1544 ei
1864 1489 2036 1544 ﬁdem

344 1571 664 1655 detrahere,
699 1589 750 1640 et
782 1584 850 1639 ab
881 1600 946 1638 eo
969 1571 1208 1638 deﬁcere
1252 1579 1528 1652 potuerit;
1563 1582 1619 1633 et
1671 1583 1862 1632 tamen
1915 1578 2038 1631 haec

346 1678 494 1732 Deus
539 1674 803 1748 praescire
835 1677 988 1728 certo
1032 1671 1300 1742 potuerit.
1357 1671 1462 1724 Fac
1509 1671 1706 1722 contra
1758 1665 2030 1720 Evodium

341 1763 644 1834 Evangelio
673 1778 788 1817 non
818 1760 1123 1816 credidisse
1166 1763 1260 1814 aut
1299 1756 1570 1812 nuntium
1607 1754 1914 1822 remisisse,
1946 1754 2034 1809 id-

340 1868 451 1923 que
483 1852 678 1919 libere,
712 1851 819 1904 boc
840 1853 945 1916 est,
969 1848 1048 1902 ita
1076 1852 1140 1902 ut
1161 1845 1511 1901 contrarium
1546 1844 1730 1898 facere
1749 1843 2035 1914 potuerit;

341 1941 538 1995 volens
569 1939 741 1995 etiam
773 1937 988 2006 fecerit,
1019 1937 1074 1992 id
1098 1935 1250 2008 quod
1270 1935 1421 1990 fecit.
1451 1933 1738 1998 Quaeritur
1768 1932 1870 2004 qui
1890 1934 2039 1987 Deus

344 2034 613 2084 eventum
651 2027 960 2099 prmvidere
992 2024 1239 2096 potuerit
1265 2023 1365 2094 qui
1395 2039 1497 2076 sua
1526 2026 1732 2076 natura
1756 2020 1816 2075 in
1865 2021 2038 2075 alter-

342 2121 529 2173 utram
560 2121 784 2189 partem
821 2113 1232 2170 determinatus
1262 2127 1378 2166 non
1433 2111 1625 2165 fuerit.
1666 2111 1808 2164 Rem
1854 2109 2038 2181 ipsam

341 2211 582 2260 tractare
606 2221 722 2260 non
751 2202 1072 2275 aggrediar,
1114 2216 1242 2272 quae
1273 2215 1408 2254 sane
1435 2198 1774 2254 difﬁcillima
1791 2199 1909 2268 εδει,
1941 2198 2039 2252 sed

341 2295 528 2352 dicam
569 2293 953 2365 Augustinum
981 2307 1096 2346 non
1122 2289 1476 2344 crediturum
1522 2288 1696 2342 fuisse
1739 2304 1866 2343 eam
1919 2291 2040 2342 tam

341 2385 452 2439 levi
512 2383 746 2438 brachio
801 2399 860 2436 se
914 2379 1055 2454 solvi
1101 2394 1289 2450 posse,
1365 2377 1412 2431 si
1468 2393 1592 2431 rem
1647 2377 2034 2432 intellexisset.

345 2473 506 2527 Nunc
535 2476 727 2526 autem
753 2468 1001 2524 vidimus
1027 2483 1151 2522 eam
1175 2482 1416 2520 acumen
1444 2465 1566 2535 ejus
1597 2465 1764 2536 plane
1784 2465 2036 2536 lfugisse,

344 2560 456 2614 nisi
508 2559 790 2614 rhetorica
842 2553 1293 2611 dissimulatione
1338 2553 1432 2608 hic
1489 2569 1623 2606 usus
1663 2552 1862 2620 fuerit;
1925 2569 2040 2624 qua

343 2650 490 2705 forte
521 2649 692 2703 etiam
717 2647 928 2701 factum
958 2647 1042 2699 est
1063 2648 1127 2698 ut
1156 2643 1338 2696 multa
1363 2642 1550 2696 aliena
1578 2641 1652 2695 ab
1681 2641 1750 2694 iis
1799 2642 1868 2696 de
1918 2641 2040 2712 qui-

341 2739 450 2794 bus
477 2754 645 2809 agere
679 2734 1090 2808 aggressuszest
1135 2731 1393 2800 misceat,
1433 2747 1506 2786 ne
1537 2729 1707 2785 nimis
1730 2729 1928 2802 jejune
1959 2731 2040 2785 eis

339 2829 408 2884 de
433 2827 606 2882 rebus
629 2841 795 2896 agere
819 2823 1097 2878 videatur.

411 2918 546 2988 Cap.
584 2917 667 2979 l0,
697 2913 724 2985 ἕ
755 2917 844 2970 29.
875 2914 1015 2968 Nam
1043 2916 1092 2966 et
1119 2909 1260 2965 illud
1309 2923 1606 2978 appensum
1659 2913 1737 2964 est
1762 2910 2039 2978 zquitatis

2147 512 2353 579 nianse,
2386 530 2560 586 quam
2598 514 2704 570 hoc
2732 515 2793 570 in
2825 531 2996 587 opere
3025 516 3094 570 de
3127 515 3326 571 Libero
3369 520 3598 577 Arbitrio
3639 529 3795 596 ponit,

2148 601 2494 658 immutabili
2530 604 2742 675 quippe
2782 603 3000 676 justitia
3034 604 3203 672 nixae,
3239 605 3493 664 tenebras
3545 611 3799 672 effundere

2147 705 2260 744 non
2288 696 2546 765 possunt.

2218 779 2353 850 Cap,
2389 782 2472 847 l9,
2507 781 2534 848 §
2569 783 2656 836 53.
2687 781 2843 837 Nulli
2887 783 3029 836 enim
3067 781 3272 836 homini
3308 783 3535 840 oblatum
3575 793 3646 843 est
3686 793 3800 846 scire

2145 868 2353 920 utiliter
2404 869 2576 936 quaeri
2617 868 2761 936 quod
2783 869 3054 923 inutiliter
3102 871 3428 942 ignoratur.]
3468 875 3610 929 Hanc
3635 877 3799 947 plero-

2147 971 2386 1026 rumque
2471 956 2732 1010 codicum
2806 955 3108 1011 lectionem
3163 973 3286 1013 esse
3338 963 3606 1017 testantur
3650 965 3801 1020 Bene-

2147 1043 2368 1098 dictini.
2429 1045 2540 1099 Sed
2589 1044 2828 1099 omnino
2883 1045 3194 1116 legendum
3249 1050 3336 1101 est
3409 1049 3656 1118 ablatum,
3706 1069 3802 1108 non

2145 1132 2402 1187 oblatum.
2437 1135 2563 1190 Haec
2593 1135 2750 1188 enim
2805 1137 2892 1188 est
2936 1133 3242 1204 Augustini
3297 1139 3587 1206 sententia,
3617 1141 3805 1197 nemini

2147 1235 2266 1274 esse
2295 1221 2440 1275 hanc
2488 1221 2736 1277 ablatam
2793 1221 3203 1291 cognitionem,
3263 1237 3330 1276 ea
3377 1223 3586 1278 utiliter
3629 1228 3801 1298 quaeri,

2146 1325 2392 1380 quorum
2436 1326 2551 1364 non
2590 1314 2810 1364 constat
2857 1309 3241 1381 ignorantiam
3299 1327 3419 1366 esse
3450 1313 3655 1369 utilem.
3682 1315 3802 1371 Sane

2145 1396 2225 1452 ita
2249 1397 2372 1452 haec
2416 1415 2520 1452 vox
2551 1398 2762 1468 legitur
2786 1399 2845 1452 in
2878 1399 3124 1453 editione
3157 1399 3480 1468 Basileensi,
3512 1405 3564 1456 et
3591 1402 3717 1458 forte
3740 1409 3806 1476 ty-

2146 1486 2494 1558 pographico
2524 1489 2734 1543 mendo
2765 1487 2983 1542 laborat
3008 1487 3100 1542 hic
3127 1488 3482 1544 Parisiensis.
3513 1490 3684 1562 Vide§
3731 1497 3801 1548 57.

2217 1575 2353 1646 Cap.
2376 1579 2466 1642 20,
2499 1574 2526 1646 ἓ
2557 1581 2646 1632 55.
2680 1579 2746 1632 Ut
2763 1578 3007 1632 meliores
3047 1579 3292 1646 gigneret
3321 1595 3482 1649 quam
3513 1582 3622 1650 ipse
3674 1588 3802 1650 esset,

2144 1679 2252 1718 non
2280 1669 2396 1719 erat
2425 1668 2475 1718 et
2519 1663 2832 1738 agilitatis]
2888 1666 2999 1720 Nec
3029 1665 3296 1737 iniquum
3347 1667 3453 1721 hoc
3497 1673 3628 1736 erat,
3669 1668 3710 1721 si
3741 1669 3806 1722 ita

2150 1754 2266 1808 Deo
2291 1752 2476 1808 visum
2505 1753 2721 1820 fuisset;
2765 1769 2868 1808 nec
2898 1754 3072 1809 etiam
3127 1771 3383 1826 aequum,
3433 1754 3511 1809 ita
3552 1761 3614 1810 ut
3666 1758 3806 1823 Deus,

2147 1840 2256 1896 nisi
2283 1841 2659 1914 contingeret,
2694 1841 3011 1914 iniquitajis
3065 1843 3390 1899 insimulari
3442 1849 3644 1915 posset.
3683 1846 3807 1900 Ordo

2147 1930 2424 1986 duntaxat
2454 1947 2487 1984 a
2513 1933 2628 1986 Deo
2681 1930 2739 1985 iu
2772 1932 3032 1987 omnium
3065 1932 3402 1989 animalium
3433 1933 3807 2005 propagatione

2148 2017 2441 2074 institutus
2473 2035 2584 2074 non
2617 2019 2947 2091 patiebatur
2990 2021 3313 2077 liberorum
3358 2039 3560 2094 corpus
3588 2022 3809 2077 melioris

2106 2155 2112 2161 .
2147 2124 2269 2164 esse
2298 2109 2635 2164 conditionis
2665 2126 2837 2181 quam
2869 2111 3304 2182 progcnitorum
3336 2127 3586 2184 corpora.
3629 2111 3724 2166 Sed
3751 2127 3808 2165 an

2148 2213 2380 2269 aequum
2409 2202 2530 2252 erat
2548 2197 2784 2268 animos
2810 2203 3167 2271 posterorum
3195 2201 3404 2255 Adami
3452 2217 3634 2273 pasnas
3679 2201 3808 2254 lucre

2145 2286 2362 2358 peccati
2393 2287 2462 2342 ab
2491 2287 2630 2358 ipsis
2659 2305 2777 2343 non
2816 2288 3068 2356 admissi,
3101 2295 3158 2345 et
3187 2291 3345 2361 quod
3375 2307 3446 2346 ne
3476 2289 3811 2346 committere-

2146 2379 2240 2430 tur
2269 2377 2430 2430 nulla
2458 2377 2680 2431 ratione
2700 2377 2980 2449 impedire
3000 2380 3352 2449 potuerunt?

2218 2464 2250 2536 §
2281 2467 2366 2520 56.
2391 2465 2453 2521 Si
2479 2481 2590 2520 una
2620 2469 2808 2520 anima
2844 2469 2998 2534 facta
3027 2471 3126 2534 est,
3157 2483 3225 2522 ea:
3263 2483 3370 2538 quo
3399 2468 3628 2524 omnium
3655 2466 3808 2522 homi-

2146 2569 2276 2606 num
2313 2555 2506 2607 anima:
2554 2553 2849 2608 trahuntur
2887 2558 3243 2622 nascentium,
3297 2559 3422 2624 quis
3448 2559 3618 2625 potest
3663 2555 3811 2610 dicere

2146 2656 2252 2695 non
2290 2656 2344 2696 se
2388 2657 2654 2710 peccasse,
2710 2658 2829 2697 cum
2878 2645 3091 2714 primus
3138 2645 3230 2698 ille
3253 2641 3555 2714 pcccavitﬂ
3591 2643 3689 2698 Sed
3730 2643 3810 2714 qui

2147 2728 2400 2783 animam
2429 2745 2492 2784 ex
2545 2730 2778 2785 traduce
2808 2747 2929 2785 esse
2959 2732 3285 2801 voluerunt,
3324 2748 3445 2787 non
3495 2747 3668 2804 usque
3695 2730 3812 2785 adeo

2149 2818 2486 2886 delirarunt,
2517 2818 2853 2890 utputarint
2873 2819 3198 2874 universam
3229 2821 3494 2875 omnium
3525 2819 3811 2874 animarum

2146 2908 2377 2974 molem,
2414 2912 2470 2962 ut
2499 2907 2578 2962 ita
2606 2909 2830 2979 loquar,
2861 2908 2920 2962 in
2966 2909 3184 2964 Adamo
3231 2909 3430 2978 fuisse,
3483 2925 3608 2980 qua:
3648 2911 3814 2979 postea

339 3007 607 3072 examine,
637 3009 698 3058 ut
715 3017 808 3055 nec
828 3002 1002 3069 ipsius
1033 2998 1239 3052 diaboli
1264 2998 1522 3066 potestati
1550 3000 1839 3064 negaretur
1867 2997 2039 3063 homo,
2081 2999 2119 3055 C
2149 2995 2535 3066 particulatim
2583 2995 2866 3067 discerpta
2941 2996 3003 3051 in
3053 3002 3314 3068 posteros
3377 2997 3686 3064 dividatur;
3734 2995 3813 3050 sed

340 3107 496 3162 quem
524 3091 632 3146 sibi
660 3089 798 3143 male
817 3086 1092 3141 suadendo
1122 3083 1442 3152 subjecerat.
1469 3084 1723 3151 Iniquum
1749 3085 1903 3138 enim
1924 3090 2042 3139 erat

338 3186 399 3235 ut
419 3183 470 3235 ei
497 3194 654 3249 quem
683 3179 912 3245 carperat
938 3189 1044 3228 non
1083 3168 1494 3242 dominaretur.]
1543 3170 1601 3225 Si
1653 3170 1781 3240 quis
1826 3171 2041 3226 diceret

339 3283 574 3339 aequum
592 3280 712 3319 esse
730 3267 794 3317 ut
818 3261 1130 3316 monarcha
1155 3257 1403 3330 patiatur
1425 3273 1522 3311 eos
1549 3257 2039 3326 perduellionibus

336 3358 546 3413 servire
577 3371 722 3427 quos
752 3353 916 3407 malis
937 3350 1153 3405 artibus
1183 3349 1304 3420 ejus
1336 3347 1580 3417 imperio
1605 3347 2034 3415 subtraxerunt,

335 3446 589 3518 profecto
612 3459 727 3497 non
747 3439 930 3511 magis
968 3439 1211 3493 ferretur
1253 3453 1427 3507 quam
1453 3435 1500 3489 si
1526 3435 1656 3507 quis
1685 3435 1899 3491 diceret
1925 3436 2038 3490 ini-

337 3551 520 3608 quum
549 3549 670 3587 esse
718 3535 782 3585 ut
810 3531 903 3585 fur
940 3529 1011 3583 iis
1066 3526 1346 3598 spolietur
1389 3541 1516 3596 quae
1570 3525 1718 3579 furte
1763 3524 2041 3597 surripuit

330 3623 504 3696 justis
533 3619 800 3677 dominis.
825 3618 962 3684 Quis
987 3617 1163 3688 igitur
1188 3615 1440 3686 patiatur
1457 3613 1568 3668 dici
1593 3613 1861 3684 iniquum
1889 3613 2040 3668 futu-

333 3728 466 3767 rum
490 3711 662 3765 fuisse
683 3709 731 3762 si
763 3708 1015 3774 Creator,
1041 3705 1141 3776 qui
1161 3705 1333 3774 longe
1364 3701 1582 3773 optimo
1607 3702 1738 3773 jure
1767 3703 2039 3757 creaturis

337 3799 451 3855 suis
480 3799 743 3869 imperat,
779 3795 1025 3866 eriperet
1048 3790 1452 3857 cacodinmoni,
1487 3795 1763 3845 creaturae
1815 3790 2035 3859 rebelli,

335 3904 478 3960 quos
503 3889 687 3942 malus
719 3885 815 3938 ille
845 3883 1076 3954 spiritus
1103 3881 1304 3936 fraude
1335 3897 1368 3934 a
1404 3880 1520 3933 Deo
1577 3879 1878 3933 alieniores
1906 3879 2037 3934 red-

334 3977 517 4032 didit?
544 3975 628 4031 Ad
657 3989 749 4028 me
776 3973 1011 4044 quidem
1049 3969 1205 4042 quod
1233 3967 1456 4036 attinet,
1508 3967 1720 4023 diaboli
1759 3971 2032 4039 patronos

338 4065 678 4122 Manichaaos
729 4067 786 4118 et
823 4077 1021 4116 omnes
1074 4058 1216 4114 alios
1274 4056 1484 4112 similia
1539 4057 1866 4120 delirantes,
1922 4073 2039 4112 non

333 4170 580 4226 possem,
602 4151 716 4207 nisi
743 4149 1162 4206 infelicissimos
1194 4147 1465 4210 rhetores,
1500 4148 1564 4200 ut
1593 4144 1928 4200 mollissime
1948 4147 2037 4200 lo-

335 4259 499 4316 quur,
525 4241 754 4296 habere.

405 4333 540 4402 Cap.
581 4333 664 4397 t7,
700 4329 728 4397 §
775 4329 860 4382 50.
894 4327 1230 4394 Quacunque
1256 4326 1366 4378 ista
1420 4337 1585 4377 causa
1625 4327 1703 4377 est
1735 4324 2032 4379 voluntatis

337 4419 591 4490 (scilicet,
624 4415 839 4485 malm),
871 4417 922 4470 si
953 4417 1003 4468 ei
1028 4429 1136 4468 non
1165 4417 1338 4482 potest
1365 4415 1570 4476 resisti,
1608 4414 1724 4466 sine
1748 4418 1967 4480 peccato
1990 4415 2041 4468 ei

337 4507 579 4571 ceditur;
625 4507 676 4560 si
705 4509 883 4557 autem
911 4506 1104 4570 potest,
1144 4517 1250 4555 non
1279 4502 1330 4554 ei
1360 4499 1604 4568 cedatur,
1629 4503 1680 4552 et
1709 4515 1816 4553 non
1842 4515 2042 4569 pecca-

338 4594 530 4665 bitur.]
562 4594 704 4648 Cum
733 4591 998 4661 Pelagius
1027 4590 1136 4644 hoc
1164 4589 1285 4644 loco
1312 4591 1571 4642 uteretur
1608 4590 1805 4642 contra
1842 4589 2036 4659 Augu-

337 4683 578 4750 stinum,
608 4686 673 4736 ut
708 4679 1033 4736 ostenderet
1083 4694 1201 4732 non
1261 4693 1424 4749 posse
1483 4676 1745 4731 damnari
1796 4692 1892 4730 eos
1939 4676 2039 4747 qui

333 4775 633 4845 nequeunt
657 4770 919 4824 resistere
962 4767 1171 4823 native
1201 4765 1574 4838 corruptioni,
1618 4765 1878 4837 reposuit
1919 4768 2036 4820 Au-

333 4861 759 4934 gustinusIcap.
805 4862 893 4926 67,
927 4857 997 4913 de
1047 4858 1167 4912 Nat.
1213 4861 1269 4912 et
1311 4856 1521 4922 Gratia,
1553 4859 1617 4910 ut
1669 4854 2036 4910 observarunt

337 4948 711 5013 Benedictini,
749 4963 916 5019 posse
946 4945 998 5001 ei
1027 4961 1213 5002 causae
1260 4944 1444 5000 resisti
1495 4946 1796 5014 opitulante
1833 4959 1890 4998 eo
1941 4945 2038 5014 qui

332 5054 438 5093 non
461 5041 636 5108 potest
667 5037 812 5104 falli.
847 5037 918 5090 At
956 5035 1004 5088 si
1029 5034 1128 5106 qui
1157 5049 1275 5088 non
1305 5035 1492 5105 potest
1528 5031 1647 5086 falli
1675 5047 1795 5086 non
1843 5031 2035 5103 epitu-

334 5126 505 5194 letur,
551 5124 662 5179 nisi
687 5121 1008 5195 perpaucis,
1042 5125 1214 5191 atque
1261 5120 1382 5190 ejus
1419 5119 1694 5174 auxilium
1749 5119 1822 5173 sit
1866 5119 2035 5189 plane

332 5212 716 5268 necessarium
741 5213 810 5266 ad
835 5208 1240 5277 resistendum,
1283 5207 1769 5279 quemadmodum
1797 5207 2037 5279 putabat

333 5300 714 5371 Augustinus;
769 5298 1028 5371 sequitur
1069 5313 1103 5352 a
1130 5295 1351 5351 caeteris
1377 5295 1668 5366 g'peccandi
1704 5311 1888 5350 caussa
1915 5311 2035 5350 non

333 5405 502 5464 posse
545 5388 751 5455 resisti,
776 5404 840 5442 ac
867 5387 1109 5458 proinde
1140 5385 1262 5440 sine
1317 5387 1546 5456 peccato
1601 5383 1654 5438 ei
1698 5382 1843 5438 cedi.
1891 5384 2034 5438 Nam

334 5477 598 5552 quisquis
627 5475 686 5531 id
714 5491 831 5530 non
864 5475 997 5531 facit
1021 5475 1174 5548 quod
1195 5473 1381 5530 facere
1412 5489 1528 5528 non
1556 5475 1762 5543 potest,
1795 5486 2032 5542 peccare

334 5565 687 5639 dicinequit,
722 5567 820 5620 aut
849 5568 999 5618 certe
1029 5580 1223 5636 poenas
1253 5563 1440 5619 nullas
1493 5561 1682 5618 debet.
1743 5561 1867 5616 Scio
1906 5577 2035 5633 quae

2150 3085 2306 3139 nasci
2356 3089 2420 3140 ut
2464 3101 2687 3156 corpus,
2742 3101 2850 3140 nec
2905 3085 3147 3141 existere
3202 3091 3517 3159 antequam
3565 3090 3812 3140 nascatur.

2096 3180 2104 3189 '
2149 3173 2472 3245 Sequential
2492 3174 2665 3228 verba
2716 3174 3117 3230 obscurissima
3167 3180 3322 3243 sunt,
3357 3193 3463 3231 nec
3491 3193 3525 3231 a
3576 3175 3817 3246 scriptore

2148 3261 2274 3332 ipso
2302 3261 2592 3315 intellecta
2621 3277 2652 3315 a
2687 3276 2778 3315 me
2829 3261 3078 3333 impetro
3107 3267 3174 3318 ut
3201 3264 3456 3319 credam.
3488 3263 3663 3328 Quare
3721 3275 3819 3316 non

2149 3348 2418 3404 laborabo
2449 3347 2508 3402 in
2535 3347 2604 3401 iis
2635 3347 3006 3418 explicandis.

2221 3438 2356 3508 Cap.
2388 3439 2476 3504 22,
2511 3435 2538 3507 §
2569 3440 2656 3493 63.
2689 3440 2931 3506 Peccata,
2961 3443 3022 3492 ut
3033 3439 3156 3508 jam
3185 3439 3285 3493 diu
3306 3439 3674 3503 disseruimus,
3701 3450 3818 3489 non-

2145 3528 2258 3581 nisi
2315 3528 2557 3597 propriw
2605 3527 2876 3581 voluntati
2922 3543 3108 3581 earum
3139 3527 3466 3596 (nimirum,
3507 3522 3820 3590 animarum)

2147 3613 2435 3667 tribuenda
2457 3617 2602 3680 sunt,
2631 3629 2725 3668 nec
2754 3614 2869 3668 ulla
2896 3615 3119 3669 ulterior
3145 3621 3494 3684 peccatorum
3513 3630 3668 3671 causa
3693 3625 3818 3681 qua-

2145 3703 2360 3773 renda.]
2393 3703 2542 3768 Quin
2577 3703 2698 3758 haec
2744 3704 3060 3759 rectissima
3106 3705 3218 3760 sint
3276 3722 3388 3777 ego
3442 3705 3671 3777 quidem
3723 3715 3822 3756 non

2147 3790 2362 3858 dubito,
2396 3792 2492 3846 sed
2523 3793 2810 3864 quomodo
2843 3793 3202 3848 consentiant
3229 3810 3365 3849 cum
3395 3795 3466 3848 iis
3497 3809 3621 3865 qua:
3643 3791 3820 3862 {postea

2145 3881 2496 3951 Augustinus
2521 3880 2714 3936 docuit
2774 3882 2843 3937 de
2873 3883 3056 3953 poenis
3079 3899 3220 3954 quas
3260 3883 3482 3954 posteri
3513 3879 3722 3948 Adami,
3770 3879 3824 3930 ιιῐ

2145 3969 2402 4040 putabat.
2435 3971 2605 4026 luunt
2651 3971 2721 4025 ob
2777 3975 3074 4043 peccatum
3123 3971 3194 4026 ab
3242 3972 3468 4026 Adamo
3523 3968 3820 4030 admissum,

2145 4073 2263 4112 non
2289 4059 2569 4130 intelligo.
2603 4059 2788 4124 Quare
2838 4059 3020 4115 miror
3047 4059 3171 4115 haec
3200 4060 3272 4115 ab
3305 4077 3375 4116 eo
3408 4062 3700 4116 retractata
3728 4069 3822 4109 non

2143 4146 2339 4214 fuisse,
2367 4148 2476 4202 nisi
2531 4149 2770 4203 fortasse
2820 4148 3181 4204 dissimulare
3235 4149 3532 4217 maluerit,
3576 4163 3645 4202 ne
3687 4144 3822 4200 Pela-

2147 4235 2331 4306 gianis
2362 4235 2794 4307 gratiﬁcaretur,
2839 4236 2888 4290 si
2937 4235 3121 4291 fassus
3176 4242 3325 4292 esset
3378 4254 3438 4292 se
3488 4237 3549 4291 in
3600 4235 3824 4304 ipsorum

2146 4324 2430 4378 sententia
2459 4324 2654 4393 fuisse,
2689 4327 2999 4395 antequam
3029 4340 3126 4379 eos
3158 4329 3552 4397 oppugnaret.
3591 4323 3722 4378 Nam
3741 4335 3824 4388 ap-

2149 4416 2312 4481 paret
2338 4427 2404 4465 ex
2432 4411 2763 4466 recensione
2793 4411 2965 4483 hujus
2993 4412 3147 4480 libri,
3197 4413 3261 4467 in
3313 4408 3822 4470 Retractationibus,

2147 4499 2533 4570 Augustinum
2577 4500 2822 4555 voluisse
2873 4501 3053 4556 videri
3110 4501 3451 4574 Pelagianos
3497 4508 3826 4573 oppugnasse

2147 4591 2456 4660 antequam
2487 4588 2669 4644 exorti
2700 4592 2914 4657 essent;
2947 4589 3160 4645 nedum
3195 4594 3260 4646 ut
3285 4607 3344 4645 se
3376 4590 3450 4645 iis
3478 4588 3675 4646 favisse
3697 4585 3826 4654 inge-

2144 4692 2260 4731 nue
2284 4678 2668 4748 profiteretur.

2218 4762 2246 4834 ς
2273 4766 2361 4818 64.
2401 4765 2727 4833 Ignorantia
2773 4781 2898 4820 vero
2935 4769 2987 4821 et
3015 4765 3324 4837 difﬁcultas
3375 4769 3429 4822 si
3454 4763 3718 4821 naturalis
3743 4761 3823 4824 est,

2144 4851 2274 4908 inde
2301 4854 2504 4921 incipit
2533 4855 2721 4908 anima
2745 4857 3023 4924 proﬁcere,
3076 4859 3128 4909 et
3181 4855 3256 4909 ad
3287 4856 3642 4924 cognitionem
3681 4854 3728 4904 et
3761 4861 3828 4902 ra-

2147 4941 2348 5008 quiem,
2389 4939 2553 4994 donec
2606 4943 2666 4994 in
2694 4955 2758 4995 ea
2781 4943 3103 5010 perﬁciatur
3128 4944 3248 4997 vita
3295 4942 3477 5008 beata,
3527 4935 3826 5011 promoveri:

2145 5025 2286 5097 etc.]
2316 5028 2449 5082 Haec
2469 5043 2699 5099 quoque
2721 5027 3071 5084 dissentiunt
3091 5029 3164 5084 ab
3184 5028 3254 5083 iis
3273 5045 3406 5101 qua:
3437 5032 3636 5101 postea
3653 5026 3829 5081 contra

2146 5115 2484 5187 Pelagianos
2532 5116 2710 5185 dixit;
2781 5132 2918 5171 nam
2981 5117 3108 5172 illas
3181 5117 3388 5173 habuit
3438 5132 3634 5188 paenas
3676 5107 3828 5184 primi

2143 5204 2389 5276 peccati;
2425 5205 2642 5277 absque
2689 5221 2802 5278 quo
2851 5205 3070 5274 fuisset,
3103 5205 3271 5262 aliter
3313 5207 3492 5278 plane
3539 5204 3720 5260 essent
3744 5199 3828 5253 ho-

2144 5293 2328 5349 mines
2356 5293 2495 5348 nati.

2218 5385 2351 5454 Cap.
2384 5385 2474 5450 23,
2500 5381 2528 5453 §
2575 5385 2662 5437 66.
2691 5384 2809 5439 Non
2832 5383 2976 5438 enim
3019 5383 3364 5438 metuendum
3394 5385 3475 5436 est
3502 5395 3568 5435 ne
3598 5379 3709 5432 vita
3735 5384 3830 5428 esse

2139 5474 2381 5542 potuerit
2401 5472 2582 5527 media
2611 5471 2867 5540 quaedam
2887 5473 3030 5527 inter
3063 5477 3204 5528 recte
3225 5475 3437 5540 factum
3466 5475 3630 5538 atque
3651 5476 3831 5536 pecca—

2146 5564 2258 5617 tum
2283 5564 2334 5616 et
2356 5561 2620 5618 sententia
2637 5560 2849 5632 judicis
2874 5561 3056 5618 media
3075 5576 3185 5617 esse
3211 5573 3316 5617 non
3339 5561 3516 5628 possit
3533 5558 3672 5612 inter
3696 5563 3828 5622 prae-
