3922 6188
151 310 233 362 233
903 303 1266 363 VARIORUM
1306 303 1903 362 EXERCITATIONES
1942 304 2013 359 IN
2051 304 2112 358 S.
2162 303 2523 360 AUGUSTINI
2568 304 2822 361 OPERA.

3513 311 3617 365 234

152 436 280 489 mium
305 435 462 502 atque
480 430 860 501 supplicium]
884 431 1033 498 Hinc,
1064 447 1193 502 qua:
1222 431 1291 485 de
1324 430 1634 485 infantium
1673 447 1806 486 con-
1843 432 1889 486 A
1918 428 2209 497 nedictini,
2244 445 2312 483 ex
2342 430 2676 484 auctoritate
2694 429 2950 484 codicum
2971 445 3144 485 manu
3176 431 3613 503 descriptorum,

151 520 326 576 ditione
370 518 570 586 habet,
629 522 695 572 ut
732 522 788 572 et
815 518 1135 589 sequentia,
1162 526 1544 573 consentanea
1574 516 1811 571 minime

148 614 254 665 sunt
277 609 341 664 iis
368 626 499 681 qua:
531 609 604 664 de
634 609 817 680 pmnis
845 609 1058 680 peccati
1102 610 1342 681 originis
1372 615 1568 682 postea
1597 608 1807 664 docuit.

145 699 384 753 Volumen
415 698 711 753 decimum
739 698 919 753 ferme
947 703 1153 768 totum,
1215 705 1270 754 et
1328 699 1645 771 praesertim
1680 698 1812 753 libri

141 792 307 843 contra
333 786 629 842 lulianum
660 785 947 840 contraria
973 786 1168 840 omnia
1209 787 1417 842 docent
1495 788 1691 858 Itaque
1720 801 1810 839 re-

137 876 405 933 tractanda
435 876 561 930 haec
591 875 854 930 fuissent.
880 875 985 930 Sed
1004 874 1130 929 vide
1144 874 1293 929 dicta
1322 875 1393 930 ad
1424 891 1584 930 num.
1618 878 1705 930 63.

195 966 318 1035 Cap.
350 967 446 1031 24,
472 962 500 1033 §
528 967 619 1018 7t.
656 965 724 1018 Ut
761 978 884 1030 ergo
912 963 1102 1028 infans
1156 978 1249 1017 nec
1303 964 1521 1029 stultus,
1578 979 1673 1018 nec
1717 979 1812 1019 sa-

128 1056 264 1123 piens
291 1052 405 1105 dici
426 1055 625 1121 potest,
653 1052 901 1119 quamvis
914 1051 1037 1120 jam
1058 1052 1211 1104 homo
1225 1053 1333 1118 sit;
1362 1067 1428 1104 eae
1459 1066 1562 1120 quo
1584 1056 1814 1121 apparet

129 1147 367 1195 naturam
398 1141 633 1193 hominis
661 1141 897 1208 recipere
925 1138 1141 1207 aliquid
1168 1138 1423 1204 medium,
1461 1139 1605 1208 quod
1645 1156 1815 1209 neque

128 1230 428 1292 stultitiam,
460 1242 631 1296 neque
654 1228 979 1296 sapientiam
1015 1231 1155 1281 recte
1181 1230 1483 1281 vocaveris:
1526 1230 1608 1282 ita
1627 1232 1809 1290 etiam,

121 1320 165 1370 si
180 1319 474 1385 quisquam
497 1318 598 1370 tali
616 1314 896 1384 affectione
921 1319 1196 1371 animatus
1216 1321 1370 1383 esset,
1386 1317 1599 1385 qualem
1618 1318 1815 1371 habent

121 1406 197 1459 illi
224 1407 322 1474 qui
346 1420 453 1473 per
500 1404 884 1472 negligentiam
937 1407 1211 1475 sapientia
1249 1409 1452 1471 carent,
1502 1420 1651 1459 nemo
1696 1420 1815 1458 eum

114 1494 331 1547 stultum
357 1496 500 1547 recte
529 1492 746 1559 diceret,
779 1508 936 1562 quem
957 1508 1062 1547 non
1085 1494 1240 1560 vitio,
1281 1493 1376 1547 sed
1406 1498 1607 1547 natura
1655 1494 1815 1546 talem

116 1581 359 1651 videret.)
391 1581 486 1635 Sic
514 1581 782 1635 describit
810 1581 1097 1636 Adamum
1140 1581 1392 1652 primum
1451 1587 1705 1636 creatum
1750 1585 1817 1635 ut

117 1684 293 1740 neque
329 1667 584 1737 sapiens,
618 1684 805 1738 neque
837 1670 1046 1723 stultus
1077 1669 1190 1723 dici
1222 1675 1432 1741 posset,
1468 1669 1565 1724 sed
1597 1670 1815 1740 sapien-

114 1758 199 1811 tie
228 1772 406 1827 capax
432 1772 447 1822 ;
477 1772 545 1810 ex
577 1772 690 1826 qua
724 1756 1105 1828 descriptione
1134 1757 1295 1811 facile
1321 1763 1517 1828 postea
1569 1758 1816 1813 ostendit

116 1845 207 1917 qui
225 1845 407 1899 homo
439 1844 693 1914 potuerit
712 1842 847 1910 labi,
876 1844 1014 1899 dum
1044 1860 1109 1899 ex
1140 1843 1329 1899 media
1356 1844 1455 1898 illa
1489 1844 1817 1898 conditione

114 1933 181 1988 ad
208 1933 515 1988 stultitiam
542 1932 782 1988 transiit.
814 1936 886 1987 At
931 1942 1168 2004 propter
1217 1933 1326 1987 hoc
1381 1933 1609 2001 dogma,
1664 1933 1818 2003 quod

115 2028 421 2077 retractare
455 2021 641 2076 noluit
670 2020 1045 2091 Augustinus,
1077 2026 1133 2076 et
1149 2022 1311 2092 cujus
1331 2037 1500 2076 causa
1519 2038 1817 2092 nunquam

116 2118 194 2167 est
222 2112 556 2180 damnatus,
587 2110 749 2164 miris
777 2110 1045 2164 conviciis
1071 2110 1346 2182 exagitati
1389 2116 1523 2165 sunt
1554 2113 1759 2166 saeculo
1786 2127 1819 2166 a

116 2200 339 2257 Christo
369 2205 509 2254 nato
538 2216 651 2255 xvu
699 2199 1047 2255 recentiores
1100 2199 1363 2254 nonnulli
1399 2198 1674 2269 theologi.
1730 2196 1820 2253 Sic

115 2306 263 2361 saepe
326 2289 839 2344 animadvertimus
893 2304 997 2360 per
1049 2288 1198 2343 latus
1238 2287 1642 2354 recentiorum,
1675 2301 1819 2358 quos

114 2378 378 2444 oderant,
414 2376 751 2448 gravissime
796 2377 1151 2431 vulneratam
1182 2391 1304 2431 esse
1334 2374 1817 2430 existimationem

113 2474 371 2522 veterum
398 2467 471 2521 ab
503 2466 835 2521 hominibus
867 2463 1183 2536 imperitis;
1219 2462 1320 2534 qui
1354 2478 1451 2516 eos
1472 2478 1529 2516 se
1568 2462 1818 2517 revereri

115 2556 564 2627 proﬁtebantur,
598 2570 846 2627 quorum
873 2555 1082 2626 scripta
1110 2570 1226 2609 non
1255 2554 1531 2625 legerant,
1557 2556 1654 2607 aut
1674 2551 1815 2607 osci-

111 2651 300 2701 tenter
341 2648 730 2700 versaverant.

643 2730 1303 2787 ANIMADVERSIONES

650 2835 706 2873 IN
740 2834 925 2873 LIBROS
960 2834 1029 2872 DE
1073 2834 1282 2873 GENESI.

178 2908 351 2964 Libro
382 2925 422 2969 ι,
457 2922 581 2978 cap.
640 2910 697 2974 2,
740 2905 767 2976 ξ
818 2909 869 2962 3.
926 2906 1043 2961 His
1089 2906 1469 2976 respondemus
1525 2908 1706 2959 Deum
1754 2905 1814 2958 in

1920 521 2258 588 expungunt
2281 533 2475 572 vocem
2504 523 2717 573 natura
2746 518 2970 573 uncinis
3004 516 3266 575 cinctam.
3305 521 3501 592 Neque
3529 520 3619 575 vi-

1921 606 2086 660 detur
2112 607 2227 659 ulla
2260 606 2369 659 alia
2398 606 2466 660 de
2496 622 2663 661 causa
2698 607 2908 672 addita,
2960 607 3073 662 nisi
3128 609 3263 679 quia
3310 609 3617 679 theologia:

1920 698 2366 747 consentaneum
2397 710 2513 748 non
2533 694 2833 749 videbatur
2862 694 2970 749 dici
3023 696 3270 750 Verbum
3306 696 3621 766 suscepisse

1919 798 2226 855 personam
2256 783 2606 837 humanam:
2639 799 2789 850 cum,
2822 800 2888 837 ex
2915 799 3073 838 more
3095 788 3346 855 recepto,
3399 785 3622 839 dicatur

1920 872 2174 927 humana
2194 874 2400 924 natura
2432 888 2464 924 a
2496 872 2687 925 divina
2717 872 2775 925 in
2801 872 3080 927 unitatem
3116 889 3376 943 persona:
3407 890 3623 928 assum-

1920 966 2037 1031 pta.
2072 961 2281 1013 Verum
2301 959 2392 1013 hic
2418 960 2788 1030 Augustinus,
2825 976 2943 1014 non
2972 961 3255 1015 sensuillo
3277 962 3618 1032 theologico,

1920 1050 2019 1103 sed
2048 1050 2270 1118 vulgari
2301 1049 2562 1119 etllatino
2586 1066 2724 1104 usus
2746 1053 2831 1104 est
2859 1066 2995 1103 voce
3047 1066 3316 1120 persona;
3379 1068 3492 1122 quo
3546 1053 3623 1106 εἰ·-

1921 1137 2175 1207 gnificat,
2212 1154 2330 1191 non
2360 1145 2703 1208 ὑφιστάμενον,
2736 1143 2800 1191 ut
2849 1138 3103 1209 theologi
3149 1140 3325 1194 Graeci
3364 1140 3623 1211 loquun-

1920 1231 2033 1293 tur,
2062 1226 2159 1280 sed
2190 1231 2403 1279 certam
2440 1226 2747 1296 quamdam
2780 1225 3165 1281 conditionem
3222 1244 3394 1296 quam
3449 1228 3623 1283 actio-

1920 1313 2091 1367 nibus
2143 1313 2491 1384 eflingimus.
2550 1315 2795 1368 Perinde
2848 1330 2985 1385 ergo
3038 1319 3123 1368 est
3172 1330 3236 1368 ac
3293 1315 3339 1368 si
3366 1316 3619 1384 dixisset,

1923 1403 2191 1469 Verbum,
2257 1408 2391 1458 ante
2445 1403 2902 1457 incarnationem
2956 1404 3260 1457 sublimem
3314 1419 3621 1474 personam

1926 1493 2023 1546 Dei
2044 1492 2320 1563 gessisse;
2354 1493 2473 1559 sed,
2507 1500 2798 1563 assumpta
2827 1493 3315 1555 humananatura,
3340 1491 3625 1547 inferioris

1923 1597 2181 1652 personae
2237 1586 2427 1651 partes
2466 1580 2821 1636 sustinuisse.
2870 1582 3047 1635 Nemo
3098 1582 3277 1635 nescit
3317 1582 3491 1651 vulgo
3546 1580 3627 1634 ita

1925 1669 2142 1723 locutos
2174 1670 2415 1723 Latinos.
2448 1670 2801 1739 Augustinus
2829 1670 2951 1740 ipse
2983 1670 3147 1740 epist.
3188 1672 3307 1735 140,
3337 1669 3364 1739 §
3419 1673 3501 1735 18,
3555 1670 3625 1723 de

1929 1758 2153 1813 Christo
2205 1758 2283 1812 ita
2348 1758 2642 1828 loquitur:
2687 1761 2806 1812 Hac
2844 1775 2911 1812 ea:
2958 1760 3189 1827 persona
3243 1759 3335 1814 sui
3386 1758 3626 1827 corporis

1930 1848 2176 1904 Christus
2206 1847 2342 1900 dicit
2374 1847 2519 1916 quod
2548 1851 2625 1901 est
2644 1846 2903 1901 Ecclesia.
2938 1850 3058 1901 Hac
3107 1862 3175 1900 ea:
3212 1861 3447 1916 persona
3494 1847 3628 1901 dicit

1926 1936 2266 2004 inﬁrmitatis
2305 1936 2485 1989 carnis
2509 1937 2734 2003 peccati,
2768 1950 2931 2002 quam
2955 1937 3368 2003 transﬁguravit
3392 1938 3449 1988 in
3486 1951 3624 2002 eam,

1928 2040 2092 2093 quam
2120 2025 2350 2093 sumpsit
2371 2038 2438 2077 ea:
2472 2025 2717 2090 Virgine,
2749 2022 3377 2091 similitudinemcarnis
3394 2026 3623 2093 peccati.

1929 2113 2066 2167 Haec
2095 2126 2322 2181 sponsus
2379 2127 2446 2165 ea:
2470 2127 2705 2181 persona
2730 2126 2940 2180 sponsa
2969 2112 3229 2180 loquitur,
3264 2114 3398 2181 quia
3452 2115 3629 2167 univit

1926 2216 2043 2256 eam
2059 2201 2166 2256 sibi
2194 2201 2427 2270 quodam
2455 2201 2635 2256 modo.
2675 2200 2854 2271 Igitur
2906 2201 2966 2254 in
3005 2200 3160 2254 hisce
3194 2201 3378 2255 verbis
3426 2206 3628 2271 Augu-

1927 2291 2062 2345 stini
2092 2291 2291 2346 eadem
2324 2296 2409 2345 est
2438 2290 2724 2345 sententia
2770 2306 2899 2361 quae
2953 2290 3102 2345 inest
3159 2289 3345 2345 verbis
3382 2289 3627 2360 apostoli

1928 2378 2139 2449 Philip.
2166 2396 2223 2443 ιι,
2246 2383 2299 2445 6,
2329 2382 2384 2444 7,
2408 2381 2468 2433 =8.

1998 2469 2138 2539 Cap.
2177 2471 2266 2535 29,
2305 2466 2333 2538 ἓ
2363 2469 2452 2523 43.
2487 2468 2584 2522 Illi
2603 2468 2793 2523 dicunt
2844 2473 3057 2523 natura:
3098 2468 3205 2523 Dei
3238 2483 3423 2522 nocere
3450 2468 3629 2522 aliena

1922 2562 2181 2628 peccata;
2209 2572 2305 2611 nos
2354 2573 2633 2624 negamus,
2666 2558 2761 2612 sed
2788 2558 3019 2613 dicimus
3046 2558 3187 2612 nulli
3209 2562 3420 2612 natura
3448 2572 3632 2612 nocere

1920 2651 2164 2717 peccata,
2190 2648 2303 2700 nisi
2344 2646 2488 2715 sua]
2552 2647 2620 2700 Ut
2670 2646 2776 2699 hoc
2802 2646 3157 2715 intelligatur
3184 2646 3424 2716 legenda
3448 2661 3630 2716 expo-

1928 2734 2059 2788 sitio
2091 2733 2365 2788 doctrinae
2397 2733 2863 2801 Manichaeorum,
2902 2752 3029 2806 quae
3072 2736 3315 2789 habetur
3362 2734 3423 2788 in
3479 2734 3626 2788 libro

1925 2823 1993 2878 de
2018 2822 2357 2888 Hmresibus,
2383 2821 2484 2875 ubi
2514 2822 2583 2876 de
2613 2822 2833 2892 origine
2864 2822 3000 2876 mali
3049 2827 3104 2876 et
3135 2821 3356 2877 duabus
3414 2822 3630 2876 anima-

1923 2909 2048 2964 bus.
2084 2909 2229 2963 Sane
2260 2908 2423 2962 abusi
2456 2913 2643 2961 essent
2671 2908 2778 2961 hoc
2818 2910 2941 2962 loco
2974 2908 3288 2979 Pelagiani,
3321 2908 3368 2961 si
3398 2924 3531 2963 eum
3557 2910 3629 2964 ad

114 2997 400 3068 principio
428 2996 629 3050 fecisse
660 2996 864 3050 coelum
894 3000 952 3050 et
1000 3000 1236 3061 terram,
1296 3010 1401 3049 non
1438 2997 1497 3049 in
1543 2995 1816 3063 principio
1845 3011 1885 3067 α
1924 2997 2268 3051 sententiam
2299 3012 2460 3050 suam
2492 2996 2814 3063 traxissent,
2849 2998 2947 3052 sed
2978 3014 3093 3052 non
3124 2998 3325 3052 eadem
3357 3002 3441 3052 est
3482 2998 3629 3052 ratio

112 3087 369 3154 temporis
413 3085 511 3139 sed
567 3086 627 3138 in
701 3085 990 3157 Christo...
1061 3085 1330 3138 Dominus
1425 3085 1567 3138 enim
1641 3086 1820 3137 noster

109 3176 382 3238 Christus.
447 3189 573 3227 cum
611 3188 731 3227 eum
761 3172 952 3227 Judaei
1004 3176 1429 3240 interrogassent
1484 3174 1609 3241 quis
1660 3176 1815 3242 esset,

110 3261 435 3332 respondit:
478 3258 851 3331 Principium,
898 3258 999 3330 qui
1053 3262 1109 3313 et
1154 3259 1361 3329 loquor
1402 3259 1607 3329 vobis]
1642 3262 1819 3315 Locus

108 3358 189 3407 est
216 3352 392 3406 Joan.
436 3366 554 3416 vm,
604 3352 697 3404 25.
755 3347 865 3401 Sed
916 3348 1127 3402 erravit
1154 3347 1504 3419 Augustinus
1550 3348 1820 3418 deceptus

108 3440 379 3496 versione
414 3439 613 3494 Latina
639 3456 654 3506 ;
686 3436 733 3491 si
764 3436 918 3491 enim
936 3438 1129 3492 Graeca
1145 3442 1279 3491 tunc
1308 3437 1555 3507 legisset,
1589 3437 1821 3491 vidisset

106 3529 410 3583 Christum
442 3526 633 3581 dicere
659 3525 975 3580 accusativo
1007 3542 1141 3580 casu
1164 3540 1256 3583 ττιν
1293 3523 1474 3589 ἀρχὴν,
1521 3541 1583 3579 ac
1616 3526 1820 3596 proin-

106 3618 174 3672 de
213 3634 342 3672 non
372 3631 547 3687 posse
583 3614 693 3669 hoc
732 3614 931 3669 haberi
984 3630 1086 3685 pro
1143 3614 1351 3669 Christi
1378 3614 1630 3669 nomine.
1662 3614 1821 3668 Hanc

104 3713 309 3761 tamen
344 3722 511 3760 suam
546 3703 1081 3774 interpretationem
1112 3702 1261 3756 tueri
1288 3707 1529 3757 conatur
1557 3707 1718 3757 tract.
1754 3705 1820 3757 38

106 3794 165 3849 in
188 3795 506 3858 Joannem.
528 3794 673 3848 forte
700 3808 772 3846 ne
802 3793 949 3846 male
979 3808 1011 3844 a
1041 3807 1099 3845 se
1131 3790 1483 3845 intellectum
1525 3791 1676 3845 hunc
1730 3792 1821 3845 lo-

104 3900 239 3937 cum
290 3882 627 3954 ignorantia
680 3882 889 3936 Graecae
919 3881 1133 3951 lingua:
1179 3879 1443 3951 liqueret.
1478 3879 1615 3934 Vide
1659 3880 1819 3935 Joan.

110 3972 512 4026 Maldonatum
553 3970 627 4024 ad
654 3970 809 4024 hunc
839 3971 1046 4024 locum.

182 4060 325 4131 Cap.
368 4057 512 4129 tO,§
550 4062 633 4113 t6.
669 4059 758 4114 Sic
807 4058 1053 4128 deinceps
1099 4059 1300 4126 reliqui
1344 4058 1460 4113 dies
1500 4061 1821 4127 computan-

120 4154 204 4201 tur
267 4165 307 4202 a
376 4163 536 4203 mane
592 4162 762 4216 usque
778 4149 835 4200 in
863 4146 1063 4216 mane]
1098 4147 1350 4207 Fallitur,
1384 4162 1517 4200 nam
1539 4146 1821 4209 νυχθήμερα

117 4251 277 4292 more
316 4234 616 4301 Hebraico,
673 4238 996 4288 constanter
1044 4238 1453 4303 computantur
1503 4250 1536 4286 a
1591 4249 1823 4303 vespera

1926 3086 2185 3157 locorum
2216 3086 2317 3140 lib.
2349 3102 2409 3139 ιιι
2435 3086 2504 3140 de
2538 3085 2738 3140 Libero
2768 3086 3039 3153 Arbitrio,
3091 3103 3236 3159 quos
3292 3091 3486 3141 tamen
3536 3086 3631 3141 in-

1928 3158 2109 3231 dictos
2128 3174 2497 3246 praetermisit
2514 3175 2886 3246 Augustinus,
2925 3174 3061 3229 dum
3094 3158 3237 3229 alios
3297 3173 3399 3246 qui
3445 3175 3630 3229 multo

1928 3266 2120 3319 minus
2146 3265 2404 3336 torqueri
2436 3269 2701 3334 poterant
2731 3264 2991 3335 explicat.
3036 3264 3158 3328 Qua
3204 3264 3266 3318 in
3316 3280 3379 3318 re
3435 3281 3509 3319 an
3541 3280 3631 3318 ars

1928 3354 2119 3424 aliqua
2147 3353 2337 3421 fuerit,
2362 3353 2623 3423 judicent
2649 3353 2766 3407 alii.
2803 3354 3119 3408 Candorem
3157 3353 3390 3424 quidem
3417 3357 3474 3408 et
3503 3369 3629 3408 mo-

1929 3441 2168 3497 destiam
2200 3458 2320 3514 pra:
2351 3458 2409 3495 se
2430 3442 2621 3496 ferunt
2648 3441 3114 3509 retractationes;
3160 3442 3257 3495 sed
3300 3442 3513 3497 debent
3540 3442 3630 3496 in-

1928 3547 2112 3603 genue
2142 3531 2285 3596 ﬁeri,
2348 3530 2666 3585 retractatis
2713 3546 3093 3601 quascumque
3124 3530 3264 3585 falsa
3320 3534 3622 3601 putantur,

1930 3635 2046 3672 non
2075 3617 2269 3688 paucis
2300 3618 2648 3689 quibusdam
2675 3618 2869 3688 exigui
2897 3616 3196 3684 momenti,
3239 3617 3450 3672 relictis
3496 3633 3631 3688 gra-

1926 3707 2203 3775 vioribus,
2238 3722 2311 3761 ne
2341 3707 2487 3760 forte
2509 3706 2819 3760 adversarii
2846 3704 3115 3775 objicient
3149 3722 3207 3758 se
3249 3705 3460 3760 similia
3498 3722 3633 3760 sen—

1928 3795 2056 3850 tire.
2091 3795 2199 3851 Sed
2228 3794 2534 3866 Augustini
2565 3795 2827 3849 animum
2857 3799 3094 3848 noverat
3125 3795 3289 3849 Deus.

2287 3884 2635 3939 DESIDERII
2674 3883 2925 3938 ERASMI
2957 3883 3276 3938 CENSURA

1930 3990 1987 4029 IN
2076 3990 2270 4028 LIBROS
2364 3990 2433 4027 DE
2519 3987 2751 4026 MOBIBUS
2840 3987 3097 4024 ECCLESIE
3198 3985 3498 4024 CATHOLIC/E
3571 3985 3634 4022 ET

2568 4075 2988 4114 MANICHEORUM.

2004 4152 2125 4204 Duo
2154 4150 2424 4220 opuscula
2453 4163 2581 4219 quae
2615 4152 2953 4217 sequuntur,
3000 4146 3166 4200 alteri
3224 4147 3349 4200 loco
3407 4147 3634 4200 fuerant

1932 4239 2233 4307 destinata,
2290 4237 2451 4307 prius
2488 4244 2786 4306 πολεμικῶν,
2855 4234 3139 4306 posterius
3189 4241 3490 4290 διδακτιχῶν.
3531 4236 3633 4290 Ve-

119 4326 182 4378 ad
210 4339 546 4396 νεερθτεω,
576 4323 658 4377 ita
688 4326 750 4377 υἲ
781 4337 1007 4392 semper
1042 4321 1195 4376 diem
1234 4321 1517 4392 praecedat
1566 4338 1818 4392 vespera,
1864 4298 1907 4353 Β
1934 4344 2061 4381 rum
2094 4327 2367 4398 quoniam
2396 4327 2575 4380 altero
2622 4324 2964 4380 fortissimus
3006 4323 3115 4378 tiro
3165 4324 3447 4378 velitanus
3470 4329 3554 4378 est
3575 4325 3633 4377 in

120 4412 226 4467 Res
261 4430 426 4468 nunc
446 4412 718 4467 omnibus
746 4416 882 4465 nota
915 4417 1017 4473 est,
1052 4411 1149 4465 sed
1182 4426 1248 4465 eo
1279 4415 1537 4481 tempore
1568 4415 1828 4465 accurata

119 4500 550 4573 Scripturarum
573 4500 970 4569 interpretatio
992 4500 1169 4554 ferme
1188 4499 1384 4572 ignota
1403 4504 1545 4566 erat,
1570 4504 1631 4553 ut
1648 4500 1829 4570 liquet

119 4592 199 4645 vel
231 4607 311 4646 ex
370 4590 616 4645 lectione
664 4589 875 4643 horum
930 4588 1230 4657 librorum,
1290 4604 1535 4661 quorum
1572 4604 1827 4651 παρερμη-

120 4679 246 4733 πίας
279 4685 485 4734 notare
518 4694 638 4732 non
671 4677 1094 4749 aggrediemur.

182 4771 335 4841 Cap.
370 4773 459 4829 t5.
495 4767 523 4839 §
553 4768 644 4822 24.
708 4768 861 4821 Mons
907 4767 999 4821 ille
1039 4765 1377 4821 Macedoniae
1424 4767 1521 4834 qui
1571 4766 1829 4835 Olympus

100 4867 369 4923 vocatur,
395 4862 563 4914 tantae
579 4856 892 4911 altitudinis
921 4870 1032 4909 esse
1060 4855 1285 4922 dicitur,
1309 4860 1370 4909 ut
1416 4856 1473 4908 in
1502 4855 1618 4923 ejus
1669 4870 1828 4909 cacu-

105 4952 264 5004 mine
290 4964 393 5004 nec
421 4950 615 5002 ventus
637 4946 925 5010 sentiatur,
956 4959 1049 4997 nec
1076 4943 1242 4997 nubes
1288 4958 1342 4997 se
1387 4944 1662 5011 colligant,
1696 4942 1827 5011 etc.)

99 5039 275 5094 [ulti
334 5038 445 5092 hoc
475 5034 849 5104 scripserunt,
909 5032 1007 5086 sed
1055 5031 1307 5086 fabulam
1347 5046 1466 5085 esse
1518 5032 1637 5102 jam
1662 5047 1831 5086 nemo

104 5127 386 5183 dubitat:
422 5130 488 5179 ut
519 5139 627 5178 nec
656 5121 964 5193 quisquam
995 5120 1165 5175 etiam
1196 5119 1446 5192 physica:
1478 5121 1649 5191 paulo
1672 5119 1832 5191 peri-

115 5216 217 5272 tior
250 5229 516 5287 vapores
542 5227 676 5267 cum
712 5226 840 5265 aere
871 5209 1187 5265 confundit.
1230 5210 1429 5280 Itaque
1489 5209 1627 5265 talia
1680 5224 1832 5280 pra:-

116 5304 527 5360 termittimus.

168 5394 369 5450 Libro
398 5407 464 5456 ιι,
494 5405 618 5461 cap.
648 5390 739 5455 24,
773 5386 802 5458 ς
850 5390 938 5443 37.
971 5385 1123 5453 Quod
1175 5388 1354 5457 ipsum
1387 5400 1496 5440 non
1532 5388 1833 5440 commuta-

115 5481 324 5540 tionem
352 5486 571 5538 natura
600 5480 699 5535 Dei
722 5475 1023 5548 signiﬁcat,
1045 5475 1139 5531 sed
1173 5475 1556 5543 susceptionem
1577 5472 1831 5545 (naturae)

110 5573 406 5632 interioris
423 5584 691 5642 personae,
750 5566 810 5623 id
833 5570 912 5623 est
944 5562 1235 5634 humanae]
1251 5564 1421 5620 Recte
1442 5561 1711 5619 monachi
1732 5563 1831 5618 Be.

450 5676 730 5747 Ρλτιιοι..
778 5672 1026 5745 XLVII.

1937 4416 2251 4481 haereticos,
2292 4415 2470 4469 altero
2510 4415 2806 4469 mirandus
2856 4414 3052 4467 doctor
3100 4414 3326 4467 futurus
3378 4413 3637 4477 praelusit

1936 4505 1999 4559 in
2024 4503 2431 4575 expositionem
2458 4504 2827 4574 mysticarum
2856 4501 3299 4572 Scripturarum,
3331 4518 3456 4573 quae
3473 4503 3637 4573 juxta

1935 4593 2121 4648 varios
2153 4609 2350 4647 sensus
2378 4596 2715 4659 tractantur,
2750 4591 2936 4644 visum
2968 4596 3052 4645 est
3080 4591 3214 4645 huic
3260 4596 3418 4646 torno
3475 4594 3637 4645 clau-

1936 4681 2121 4735 sulam
2176 4680 2405 4734 addere.
2467 4680 2591 4732 Mox
2645 4683 2709 4731 ut
2756 4694 2969 4731 nomen
3011 4678 3248 4732 dederat
3303 4677 3638 4748 imperatori

1938 4769 2184 4837 Christo,
2208 4784 2321 4838 quo
2364 4765 2853 4821 commilitonibus
2885 4765 3002 4819 suis
3051 4766 3429 4820 certissimam
3462 4766 3635 4819 fidem

1936 4857 2147 4913 faceret
2176 4871 2233 4909 se
2261 4855 2412 4909 bona
2456 4854 2567 4908 fide
2627 4871 2657 4907 a
2712 4852 3033 4907 Manichaais
3088 4853 3479 4924 transfugisse,
3533 4853 3638 4907 sub

1938 4960 2185 5017 quorum
2214 4943 2395 5014 signis
2426 4958 2628 4997 novem
2659 4940 2826 4995 annis
2855 4940 3222 5008 militaverat,
3280 4940 3473 5011 prodit
3502 4940 3637 4994 illo-

1937 5048 2066 5086 rum
2092 5029 2378 5101 mysteria.
2410 5029 2587 5099 quue
2634 5027 2769 5082 facit
2813 5026 3140 5081 admirabili
3189 5025 3469 5080 sermonis
3525 5027 3640 5082 ele-

1940 5119 2153 5192 gantia,
2186 5135 2300 5189 qua
2330 5116 2551 5171 utinam
2583 5116 2667 5170 illi
2699 5115 2950 5170 licuisset
2979 5115 3039 5169 in
3079 5115 3296 5169 ueteris
3344 5114 3429 5168 uti
3472 5116 3637 5171 lucu-

1938 5207 2313 5264 brationibus.
2348 5207 2464 5259 Hoc
2489 5221 2624 5259 sane
2655 5220 2829 5275 opere
2854 5203 3178 5268 declaravit,
3214 5202 3261 5256 si
3284 5202 3422 5274 quid
3454 5205 3641 5259 offen-

1943 5298 2026 5354 dit
2068 5296 2318 5357 eruditos
2370 5295 2429 5349 in
2473 5294 2654 5365 ipsius
2700 5292 2969 5359 dictione,
3027 5307 3145 5346 non
3175 5292 3349 5347 fuisse
3400 5292 3641 5349 inscitia:

1942 5386 2041 5440 sed
2075 5383 2345 5451 caritatis,
2400 5399 2515 5454 qua
2573 5382 2783 5453 stylum
2837 5380 3065 5437 demisit
3115 5382 3188 5437 ad
3236 5381 3642 5454 imperitorum

1941 5472 2406 5545 intelligentiam.
2442 5470 2918 5541 Quandoquidem
2939 5474 2996 5523 et
3023 5474 3269 5526 textores
3298 5476 3353 5526 et
3381 5472 3644 5528 textrices

1946 5561 2005 5617 id
2032 5560 2310 5633 temporis
2338 5559 2737 5631 intelligebant
2765 5557 3025 5614 Latinam
3072 5558 3391 5615 orationem
3425 5556 3647 5631 simpli-

3294 5670 3337 5730 8
