3922 6188
281 290 384 344 235

1284 283 1843 340 SUPPLEMENTUM
1885 284 1975 338 AD
2014 281 2244 352 OPEBA
2283 283 2338 337 S.
2380 281 2774 338 AUGUSTINI.

3681 281 3784 332 236

282 410 441 466 cibus
463 409 652 466 verbis
686 425 750 464 ac
771 407 1037 463 sensibus
1082 409 1423 473 contextam,
1487 407 1672 479 qualis
1719 412 1804 462 est
1859 406 1976 462 divi
2002 411 2049 474 Α
2155 406 2324 474 Ibid.,
2369 409 2396 474 §
2444 409 2532 462 29.
2594 406 2754 462 Bibat
2811 408 2991 458 autem
3040 405 3292 472 mulsum,
3351 419 3622 459 carznum
3658 419 3792 474 pas-

284 500 564 571 Gregorii,
585 515 701 554 non
743 495 1088 552 intellecturi
1143 495 1456 551 dictionem
1506 497 1723 551 Hilarii.
1781 498 1977 568 Itaque

285 605 398 661 quo
436 589 604 644 latius
626 591 848 660 pateret
874 584 1134 640 lectionis
1158 584 1393 653 utilitas,
1440 585 1510 640 ad
1541 585 1694 655 vulgi
1747 589 1978 655 captum

282 679 526 734 mutavit
557 679 766 748 stylum
821 675 881 729 in
931 690 1104 746 opere
1134 674 1470 746 posteriore,
1504 674 1658 746 quod
1717 674 1872 728 idem
1917 674 1979 727 in

282 768 572 840 plerisque
601 765 715 819 suis
744 763 1009 835 operibus
1039 763 1238 828 fecisse
1263 764 1506 818 videtur.
1538 763 1790 818 Tandem
1819 779 1976 829 usus,

287 856 456 921 utﬁt,
500 855 561 908 in
589 858 856 908 naturam
885 851 1046 906 abiit.
1082 853 1167 906 Ita
1203 851 1454 922 denique
1507 850 1722 905 factum
1771 854 1877 916 est,
1915 853 1980 904 ut

283 945 452 1000 hodie
481 959 585 998 nec
614 959 647 997 a
678 941 929 997 tenuiter
958 940 1224 996 litteratis
1246 939 1382 994 satis
1433 939 1810 1010 intelligatur,
1863 942 1919 993 et
1946 955 1979 993 a

281 1031 640 1103 politioribus
669 1047 784 1085 non
804 1030 926 1085 sine
955 1029 1127 1084 taedio
1159 1029 1405 1099 legatur,
1439 1027 1552 1082 nisi
1577 1027 1759 1099 pietas
1784 1027 1974 1082 exclu-

283 1119 381 1175 dat
403 1118 712 1176 fastidium.

803 1208 898 1262 AN
907 1204 1376 1262 IMADVERSION
1387 1205 1461 1260 ES

861 1312 917 1349 IN
949 1311 1155 1348 EOSDEH
1184 1310 1388 1348 LIBROS.

358 1389 526 1442 Lmao
559 1403 596 1440 1.
642 1385 775 1454 Cap.
819 1387 923 1451 2,§
981 1387 1038 1438 3.
1093 1386 1316 1440 Naturae
1362 1381 1582 1450 quidem
1632 1381 1764 1436 ordo
1809 1384 1893 1436 ita
1923 1397 1978 1436 se

281 1475 459 1542 habet,
490 1479 551 1528 ut
580 1489 699 1528 cum
726 1473 942 1541 aliquid
961 1472 1241 1538 discimus,
1289 1475 1554 1526 rationem
1578 1470 1852 1540 praecedat
1881 1487 1980 1525 au-

281 1563 548 1632 ctoritas]
605 1563 838 1631 Nempe,
871 1561 918 1614 si
943 1559 1110 1630 pueri
1141 1560 1477 1631 magistrum
1505 1559 1761 1614 discendi
1811 1575 1980 1614 causa

281 1653 524 1708 adimus.
560 1651 622 1706 Ei
651 1651 806 1705 enim
831 1649 1108 1720 tantisper
1137 1650 1367 1704 credere
1419 1665 1522 1703 nos
1576 1665 1681 1718 par
1727 1652 1830 1714 est,
1863 1649 1971 1703 do-

277 1756 383 1796 nec
406 1756 513 1811 per
540 1755 642 1793 nos
673 1739 783 1810 ipsi
825 1754 918 1792 res
975 1737 1294 1807 expendere
1334 1736 1633 1808 possimus.
1675 1738 1881 1790 Verum
1911 1737 1972 1790 in

279 1827 680 1883 controversiis
751 1826 853 1880 tali
920 1825 1180 1880 instituto
1211 1825 1366 1880 locus
1419 1825 1610 1880 nullus
1659 1831 1764 1893 est,
1843 1842 1975 1881 cum

275 1922 481 1973 neutra
503 1915 973 1971 contendentium
997 1931 1130 1986 pars
1151 1915 1390 1969 alteram
1437 1930 1542 1985 pro
1574 1914 1845 1986 magistro
1875 1915 1976 1970 ha-

275 2007 423 2062 beat.
483 2008 681 2077 Itaque
745 2004 958 2059 mirum
1010 2008 1096 2059 est
1149 2003 1356 2059 addere
1398 2003 1820 2074 Augustinum:
1871 2004 1977 2059 Sed

277 2097 539 2164 quoniam
561 2109 682 2148 cum
701 2095 771 2148 iis
797 2093 950 2147 nobis
964 2107 1046 2146 res
1059 2097 1138 2146 est
1180 2093 1277 2161 qui
1287 2093 1468 2146 omnia
1515 2096 1702 2146 contra
1734 2091 1977 2147 ordinem

276 2188 327 2238 et
354 2186 592 2238 sentiunt
616 2187 667 2236 et
697 2183 1012 2251 loquuntur,
1043 2182 1288 2250 nihilque
1312 2180 1467 2235 aliud
1501 2183 1738 2235 maxime
1766 2181 1973 2245 dicunt,

274 2274 387 2326 nisi
414 2274 679 2326 rationem
696 2273 851 2340 prius
881 2285 990 2325 esse
1009 2269 1362 2336 reddendam,
1392 2285 1590 2324 morem
1615 2271 1727 2325 illis
1755 2285 1938 2337 geram
1952 2290 1973 2337 ,-

277 2360 423 2430 quod
442 2362 621 2426 fateor
658 2361 719 2414 in
749 2359 1083 2428 disputando
1106 2360 1362 2414 vitiosum
1386 2373 1496 2414 esse
1524 2360 1838 2428 suscipiam.
1873 2362 1972 2414 At-

276 2447 378 2518 qui
403 2448 717 2502 absurdum
741 2451 798 2502 et
825 2446 1092 2518 iniquum
1117 2450 1240 2502 erat
1284 2447 1450 2502 aliter
1489 2464 1548 2503 se
1577 2463 1812 2519 gerere:
1846 2447 1976 2519 quis

276 2534 432 2589 enim
462 2535 714 2606 patiatur
734 2552 803 2590 ex
831 2535 1392 2591 auctoritate'contra
1448 2552 1506 2590 se
1535 2535 1834 2607 disputari,
1867 2551 1972 2589 cu-

271 2623 368 2694 jus
384 2624 608 2692 pondus
630 2624 868 2678 minime
889 2624 1182 2695 agnoscit?
1203 2624 1340 2679 Vide
1359 2629 1558 2680 notata
1575 2624 1634 2680 in
1650 2642 1775 2696 cap.
1791 2629 1822 2679 7
1841 2624 1974 2680 libri

275 2713 346 2768 de
377 2714 708 2778 Quantitate
728 2712 958 2768 animae.

345 2802 478 2874 Cap.
538 2805 592 2871 5,
653 2800 681 2873 ἓ
736 2808 792 2858 '7.
846 2805 946 2858 Est
982 2818 1076 2871 ego
1119 2817 1386 2858 summum
1447 2805 1688 2873 corporis
1754 2802 1969 2873 bonum,

270 2905 377 2946 non
420 2891 670 2960 voluptas
715 2891 850 2961 ejus,
882 2907 990 2946 non
1020 2907 1332 2958 moomnu,
1363 2907 1470 2946 non
1496 2895 1640 2946 vires
1662 2889 1795 2963 etc.]
1829 2893 1971 2946 Cum

2085 495 2261 565 sum.]
2292 497 2440 550 Inter
2472 511 2742 550 cardinum
2780 497 2836 547 et
2882 507 3109 562 passum
3159 497 3242 546 est
3296 492 3790 563 interponendum

2087 600 2348 653 comma;
2385 600 2517 638 nam
2549 599 2842 638 caroenum
2889 586 2945 635 et
2988 597 3224 651 passum
3273 598 3390 636 non
3421 587 3554 636 sunt
3611 582 3788 636 idem.

2086 673 2438 744 Augustinus
2500 673 2668 740 infra,
2718 674 2745 740 §
2797 673 2887 737 47,
2936 686 3041 724 nos
3086 671 3249 724 docet
3305 687 3596 726 caroenum
3653 672 3792 725 nihil

2088 761 2244 815 aliud
2269 778 2433 830 quam
2457 765 2644 817 vinum
2675 765 2880 816 coctum
2925 773 3060 814 esse.
3121 759 3405 814 Palladius
3455 760 3513 814 in
3546 759 3788 826 octobri,

2087 848 2175 903 tit.
2211 853 2297 918 18,
2328 850 2576 905 ostendit
2605 850 2899 904 defrutum
2927 851 2983 900 et
3009 863 3301 903 caraenum
3333 865 3398 903 ex
3423 853 3612 902 musto
3640 849 3787 914 fieri,

2087 942 2209 992 tum
2241 939 2546 993 discrimen
2585 939 2884 1008 utriusque
2914 936 2993 990 sic
3022 937 3286 1007 exponit:
3321 940 3606 1005 Defrutum
3634 955 3671 992 a
3697 938 3789 992 de-

2085 1028 2341 1094 fervendo
2383 1028 2608 1096 dictum,
2667 1028 2762 1082 ubi
2805 1025 2878 1079 ad
2906 1027 3316 1094 spissitudinem
3339 1028 3560 1094 fortiter
3587 1026 3790 1096 despu-

2085 1119 2334 1184 maverit,
2395 1117 2639 1185 effectum
2681 1121 2778 1171 est.
2837 1115 3139 1181 Caranum,
3181 1131 3320 1183 cum,
3355 1117 3516 1170 tertia
3543 1114 3788 1186 perdita,

2087 1203 2208 1258 duae
2276 1216 2463 1273 partes
2540 1206 2914 1260 remanserint.
2967 1202 3204 1266 Κάροινον
3275 1208 3467 1259 autem
3543 1204 3786 1270 dictum,

2087 1291 2243 1362 quod
2269 1292 2325 1338 τὸ
2353 1292 2480 1356 κάρα
2504 1293 2776 1360 offendat,
2812 1301 2878 1350 ut
2919 1295 3148 1351 cariotaa
3196 1293 3424 1364 palma,
3480 1309 3549 1346 ex
3576 1292 3790 1364 quibus

2086 1378 2286 1433 vinum
2311 1379 2484 1434 ﬁebat
2523 1381 2678 1448 quod
2728 1383 3037 1447 καρηϐαρίαν
3070 1381 3320 1451 creabat,
3349 1386 3414 1436 ut
3445 1381 3610 1437 docet
3668 1383 3791 1438 Pli-

2086 1467 2217 1522 nius
2244 1469 2341 1523 lib.
2374 1485 2495 1539 xm,
2524 1486 2647 1541 cap.
2679 1472 2732 1525 4.
2766 1474 2994 1528 Passum
3029 1487 3163 1527 vero
3193 1476 3316 1525 erat
3345 1470 3564 1538 vinum,
3625 1473 3782 1544 quod

2087 1573 2156 1611 ex
2183 1557 2363 1627 passis
2387 1558 2511 1612 uvis
2531 1559 2765 1631 ﬂuebat,
2800 1563 2869 1617 de
2896 1578 3012 1633 quo
3051 1561 3205 1616 idem
3249 1560 3536 1615 Palladius
3571 1561 3657 1616 tit.
3693 1577 3789 1616 se-

2087 1651 2319 1716 quente.

2158 1737 2291 1805 Cap.
2325 1737 2463 1803 l5,§
2497 1739 2582 1792 39.
2627 1740 2745 1793 Cur
2795 1742 2854 1794 in
2903 1741 3048 1795 viola
3103 1737 3341 1794 eumdem
3400 1739 3625 1793 colorem
3659 1756 3786 1793 am-

2084 1823 2408 1893 plectimini,
2439 1840 2594 1892 quem
2632 1828 2690 1880 in
2715 1829 3037 1895 choleribus,
3096 1831 3154 1881 in
3207 1827 3388 1881 morbo
3418 1828 3782 1895 ictericorum,

2083 1914 2142 1966 in
2192 1914 2425 1978 infantis
2477 1913 2707 1982 denique
2757 1919 2881 1985 ﬁmo
2937 1915 3351 1986 aspernamini]
3397 1916 3497 1969 Vix
3546 1920 3692 1986 puto
3721 1917 3784 1970 in

2083 2000 2269 2056 Africa
2320 2003 2550 2057 choleres
2607 2004 2785 2058 dictos
2853 2005 3030 2060 fuisse
3096 2006 3400 2073 cholericos,
3466 2005 3784 2075 malimque

2081 2089 2197 2160 legi
2226 2090 2520 2159 cholericis,
2567 2107 2601 2145 a
2646 2093 2890 2160 cholera,
2929 2110 3044 2165 quo
3094 2094 3293 2148 morbo
3342 2094 3486 2160 bilis,
3518 2109 3617 2148 seu
3649 2093 3785 2158 χολὴ

2081 2193 2251 2248 supra
2280 2181 2540 2250 infraque
2567 2184 2823 2252 erumpit,
2879 2187 2944 2238 ut
2973 2183 3136 2238 docet
3179 2183 3358 2240 Celsus
3389 2183 3459 2237 de
3504 2183 3785 2238 Medicina

2081 2267 2180 2322 lib.
2213 2285 2285 2336 1v,
2314 2284 2438 2339 cap.
2480 2272 2536 2324 2.

2150 2357 2288 2427 Cap.
2345 2361 2426 2422 19,
2487 2359 2515 2425 §
2549 2361 2636 2414 69.
2688 2362 2766 2415 Eo
2797 2364 3031 2430 tempore
3052 2375 3156 2431 quo
3187 2362 3569 2415 conventicula
3597 2376 3785 2417 eorum

2081 2445 2194 2512 lege
2217 2447 2692 2518 prohibebantur.]
2726 2449 2962 2504 Videtur
2980 2449 3261 2520 respicere
3302 2449 3373 2503 ad
3401 2465 3622 2503 annum
3657 2452 3782 2513 372,

2081 2549 2194 2605 quo
2227 2551 2258 2588 a
2298 2535 2689 2590 Valentiniano
2720 2542 2776 2592 et
2805 2539 3038 2592 Valente
3077 2539 3360 2592 sancitum
3408 2543 3490 2592 est
3540 2544 3606 2593 ut
3663 2539 3786 2593 ubi-

2080 2637 2310 2692 cumque
2340 2626 2758 2680 Manichaeorum
2789 2632 3095 2696 conventus,
3135 2629 3217 2681 vel
3262 2627 3423 2682 turba
3465 2628 3788 2697 hujusmodi

2078 2714 2408 2779 reperiretur
2431 2712 2738 2768 doctoribus
2767 2716 2931 2780 gravi
2954 2717 3194 2769 censione
3237 2717 3536 2781 mulctatis,
3586 2716 3784 2770 domus

2077 2804 2128 2852 et
2158 2800 2470 2854 habitacula
2497 2803 2556 2854 in
2596 2803 2790 2869 quibus
2816 2805 3056 2871 profana
3084 2801 3424 2858 institutione
3477 2803 3780 2871 doceretur,

2075 2889 2194 2956 ﬁsci
2220 2889 2427 2943 viribus
2445 2889 2819 2945 indubitanter
2847 2894 3252 2946 asciscerentur.
3307 2892 3488 2946 Verba
3537 2899 3678 2948 sunt
3707 2894 3782 2946 le-

267 2995 378 3033 vox
406 2979 682 3034 indoloria
704 2979 905 3033 Latina
943 2995 1057 3033 non
1084 2979 1178 3047 sit,
1207 2979 1583 3050 legamusque
1607 2979 1667 3033 in
1693 2979 1818 3032 aliis
1851 2980 1968 3034 edi-
2007 2994 2046 3050 ρ
2076 2975 2163 3047 gis
2195 2979 2246 3043 3,
2281 2977 2368 3032 tit.
2400 2981 2452 3044 5,
2485 2977 2586 3032 lib.
2612 2995 2725 3044 xvx,
2761 2979 2990 3035 codicis.

267 3066 522 3121 tionibus
541 3066 862 3133 indolentia,
887 3067 1160 3121 mendum
1181 3067 1289 3120 hoc
1313 3067 1422 3120 erit
1449 3067 1960 3138 typographicum;

265 3170 456 3224 neque
482 3155 636 3209 enim
683 3155 784 3207 ulli
829 3154 1048 3208 codices
1077 3159 1353 3209 notantur
1375 3155 1453 3208 ita
1478 3156 1710 3222 habere,
1751 3172 1876 3225 nec,
1915 3155 1964 3209 si

265 3243 565 3313 haberent,
596 3247 784 3297 essent
830 3242 942 3296 ﬁde
981 3243 1157 3313 digni,
1206 3244 1414 3298 Notum
1472 3248 1558 3298 est
1610 3244 1964 3300 indolentiam

267 3346 461 3386 vocem
491 3347 612 3386 esse
645 3331 1095 3386 Ciceronianam.

339 3421 474 3491 Cap.
506 3423 594 3487 3t,
623 3418 650 3490 ἓ
681 3423 768 3476 67.
801 3419 932 3486 Quis
965 3436 1070 3474 non
1114 3421 1237 3476 illos
1293 3422 1522 3475 miretur
1579 3425 1630 3476 et
1679 3421 1961 3491 praedicet,

266 3511 383 3580 qui,
415 3511 728 3578 contemptis
759 3514 922 3579 atque
959 3509 1185 3564 desertis
1215 3511 1407 3565 mundi
1457 3511 1620 3578 hujus
1677 3513 1962 3579 illecebris,

264 3600 325 3652 in
349 3613 674 3652 communem
700 3600 873 3652 vitam
914 3600 1382 3668 castissimamque
1435 3602 1748 3667 congregati
1803 3603 1965 3656 simul

263 3690 475 3741 aetatem
501 3691 673 3755 agunt
700 3686 727 3742 ?
756 3685 886 3756 etc.]
946 3685 1185 3758 Egregie
1245 3687 1510 3741 describit
1555 3705 1745 3743 mores
1777 3705 1966 3743 coeno-

261 3774 532 3841 bitarnm,
585 3775 685 3830 sed
745 3775 945 3846 quales
1003 3774 1333 3829 debuissent
1403 3791 1546 3842 esse,
1600 3792 1718 3830 non
1767 3777 1965 3846 quales

265 3867 445 3917 erant.
482 3864 558 3916 De
590 3861 970 3916 seditionibus
996 3877 1218 3930 eorum,
1271 3861 1445 3917 nimis
1473 3863 1656 3919 multa
1693 3865 1966 3934 leguntur

262 3951 326 4007 in
356 3952 731 4008 Ecclesiarum
785 3951 1163 4007 Orientalium
1215 3951 1475 4020 historia,
1508 3969 1683 4024 quam
1743 3958 1806 4008 ut
1831 3953 1966 4008 huic

259 4040 642 4113 panegyrista;
673 4040 998 4095 credamus.
1057 4041 1283 4096 Interea
1334 4042 1553 4112 Optima
1601 4047 1724 4097 erat
1765 4058 1965 4096 eorum

260 4129 633 4197 consuetudo,
663 4144 839 4200 quam
869 4128 1022 4182 hisce
1051 4129 1238 4182 verbis
1287 4129 1558 4184 describit
1583 4146 1595 4184 :
1654 4131 1964 4201 Operantur

258 4219 509 4273 manibus
541 4203 838 4286 ea'quibus
895 4223 945 4272 et
997 4233 1190 4286 corpus
1246 4221 1401 4287 pasci
1445 4221 1637 4287 possit,
1678 4224 1728 4273 et
1782 4236 1817 4273 a
1852 4223 1955 4274 Deo

2592 3068 3252 3123 ANIMADVEBSIONES

2496 3171 2553 3210 IN
2580 3171 2777 3210 LIBRUM
2810 3173 2876 3210 DE
2904 3173 3044 3212 VERA
3072 3174 3382 3212 RELIGIONE.

2143 3240 2276 3312 Cap.
2308 3243 2358 3301 2.
2394 3243 2422 3308 §
2452 3246 2503 3297 3.
2547 3245 2704 3309 Quod
2751 3249 2934 3300 utrum
2982 3249 3169 3300 timore
3211 3248 3520 3301 severitatis
3557 3262 3634 3300 an
3665 3250 3775 3303 ali-

2073 3347 2182 3400 qua
2236 3335 2536 3399 cognitione
2595 3340 2890 3404 temporum
2933 3339 3180 3404 fecerint,
3235 3337 3489 3406 judicare
3535 3353 3647 3392 non
3702 3345 3784 3394 est

2071 3418 2292 3491 meum]
2327 3422 2468 3476 Cum
2498 3438 2704 3478 novem
2729 3441 2862 3481 mss.
2891 3425 3056 3480 codd.
3092 3424 3354 3480 omittant
3389 3442 3589 3480 vocem
3637 3443 3785 3482 seve-

2071 3511 2277 3577 ritatis,
2312 3510 2508 3566 abesse
2537 3513 2607 3567 ab
2637 3513 2745 3567 hoc
2774 3515 2896 3568 loco
2943 3530 3070 3568 eam
3114 3520 3380 3585 oportere
3436 3517 3696 3585 putarim
3727 3523 3786 3572 et

2071 3596 2152 3651 sic
2179 3598 2524 3668 legendum:
2557 3603 2746 3656 timore
2775 3608 3089 3672 temporum,
3124 3620 3196 3657 an
3239 3605 3431 3674 aliqua
3474 3609 3786 3673 cognitione

2071 3689 2320 3741 veritatis
2347 3690 2597 3754 fecerint.
2627 3690 2772 3744 Satis
2804 3691 3104 3761 perspicua
3135 3696 3218 3746 est
3244 3693 3548 3756 sententia,
3591 3698 3654 3748 et
3709 3696 3784 3750 ad

2074 3777 2315 3829 timorem
2334 3776 2567 3846 quidem
2597 3783 2896 3848 temporum
2945 3780 3102 3850 quod
3143 3780 3365 3848 attinet,
3421 3782 3780 3838 locutionem

2072 3863 2220 3918 hanc
2259 3879 2421 3918 suam
2461 3881 2582 3921 esse
2639 3868 2803 3923 docet
2853 3868 2974 3938 ipse
3003 3869 3409 3941 Augustinus§
3466 3875 3522 3939 5,
3577 3872 3682 3926 ubi
3710 3873 3784 3928 de

2075 3953 2342 4007 Platone:
2384 3955 2558 4024 Usque
2603 3955 2734 4010 adeo
2785 3972 3100 4027 perversam
3131 3963 3429 4029 temporum
3474 3962 3674 4017 horum
3706 3966 3779 4018 ti-

2074 4044 2211 4096 muit
2248 4044 2574 4111 opinionem.

2146 4130 2279 4201 Cap.
2312 4132 2366 4196 4,
2395 4134 2423 4199 §
2451 4136 2507 4186 7.
2539 4134 2602 4188 Si
2657 4134 2793 4188 hanc
2841 4137 3016 4190 vitam
3061 4137 3148 4190 illi
3185 4137 3296 4190 viri
3315 4199 3317 4201 ι
3340 4138 3619 4193 nobiseum
3648 4156 3782 4195 rur—

2074 4234 2166 4274 sus
2189 4235 2346 4288 agere
2369 4223 2693 4290 potuissent,
2733 4223 2978 4278 viderent
3037 4227 3279 4293 profecto
3333 4226 3488 4295 cujus
3547 4225 3786 4284 auctori-

256 4322 403 4362 mens
423 4279 685 4376 impediri
707 4321 814 4360 non
849 4309 1054 4374 possit.
1090 4279 1157 4360 In
1210 4279 1417 4376 quibus
1446 4279 1954 4377 -forte'legendum
1990 4279 2036 4335 D
2068 4311 2179 4362 tate
2205 4279 2428 4375 facilius
2443 4279 2807 4365 consuleretur
2829 4279 3152 4382 hominibus,
3197 4279 3265 4369 et
3293 4279 3493 4384 paucis

258 4400 308 4450 et
341 4395 494 4458 adeo,
526 4410 664 4447 nam
701 4395 795 4448 vix
823 4397 963 4463 puto
1009 4393 1122 4448 dici
1179 4394 1445 4463 impediri
1499 4401 1723 4450 mentem
1769 4413 1803 4451 a
1830 4401 1954 4466 Deo,

256 4499 362 4554 pro
390 4499 456 4536 eo
477 4482 632 4553 quod
663 4485 766 4544 est,
799 4481 1065 4552 impediri
1095 4497 1168 4536 ne
1221 4483 1336 4536 Deo
1368 4483 1678 4550 adhereat,
1733 4488 1956 4542 avocari

258 4589 292 4626 a
312 4573 456 4626 Deo.
489 4572 620 4624 Haec
639 4572 710 4624 ab
740 4569 1036 4625 hodiernis
1064 4570 1360 4638 mendicis,
1426 4577 1491 4626 ut
1540 4577 1816 4629 vocantur
1859 4576 1956 4630 ho-

257 4659 415 4714 noris
443 4674 628 4726 causa,
661 4659 844 4729 probe
874 4664 1063 4714 essent
1091 4659 1456 4730 pensitanda.

326 4749 495 4803 Lmao
522 4763 583 4802 ιι.
617 4748 751 4818 Cap.
790 4751 880 4833 13,
909 4746 938 4818 §
963 4750 1072 4836 ‘28.
1133 4751 1364 4804 Possunt
1420 4753 1472 4804 et
1511 4752 1762 4806 catholici
1789 4754 1955 4809 Chri-

253 4840 426 4895 stiani
453 4842 690 4893 vestram
711 4853 745 4891 a
769 4840 895 4892 vino
922 4843 972 4892 et
1001 4839 1254 4894 carnibus
1285 4839 1673 4896 abstinentiam
1690 4842 1954 4911 jumentis

252 4932 303 4982 et
325 4927 514 4982 multis
559 4926 901 4997 passeribus,
944 4932 1213 4998 postremo
1259 4931 1424 4984 etiam
1456 4931 1752 4985 innumeris
1789 4947 1953 4998 gene-

250 5017 404 5072 ribus
426 5019 688 5072 vermium
720 5017 1078 5087 comparare.]
1135 5017 1353 5072 Suntne
1400 5033 1538 5089 ergo
1595 5019 1774 5090 aliqui
1826 5037 1953 5091 pas-

251 5119 403 5159 seres
433 5104 533 5176 qui
571 5103 874 5159 comedant
926 5121 1125 5158 carnes
1177 5109 1236 5158 et
1261 5104 1463 5160 bibant
1492 5106 1689 5160 vinum
1709 5108 1738 5160 εἰ
1774 5108 1946 5163 Nulli.

252 5193 432 5262 Igitur
459 5208 564 5262 pro
594 5199 644 5248 et
662 5194 847 5248 multis
877 5193 1002 5264 lege
1034 5194 1195 5246 mulis
1226 5198 1293 5247 et.
1322 5194 1568 5265 Respicit
1595 5196 1950 5266 Augustinus

250 5280 321 5334 ad
370 5279 428 5334 id
457 5280 610 5349 quod
642 5281 1170 5335 sanctimonialibus
1223 5281 1566 5351 objiciebant
1621 5281 1947 5340 Manicheei:

248 5371 411 5425 etiam
464 5370 614 5423 mula
624 5372 778 5438 virgo
791 5375 888 5438 est,
905 5370 973 5425 de
989 5385 1103 5441 quo
1125 5370 1297 5440 paulo
1310 5375 1494 5426 antea.
1523 5373 1663 5426 Cum
1675 5371 1948 5442 scriptum

246 5457 449 5513 fuisset
473 5459 658 5513 multis
687 5475 792 5529 pro
819 5460 1000 5525 mulis,
1031 5463 1229 5531 postea
1261 5459 1586 5530 conjunctio
1623 5461 1749 5514 loco
1790 5466 1949 5516 mota

247 5548 351 5600 est.
385 5543 600 5600 Vellem
631 5543 937 5616 diligenter
960 5546 1054 5601 hic
1081 5546 1366 5618 inspectos
1394 5546 1568 5604 fuisse
1609 5549 1773 5606 codd.
1807 5565 1942 5608 mss.

2064 4397 2240 4452 verbis
2265 4403 2428 4468 atque
2467 4404 2749 4456 sententiis
2777 4403 3080 4458 Christiani
3104 4406 3325 4471 ﬁerent:
3361 4406 3505 4458 sicut
3528 4407 3784 4476 plerique

2061 4489 2416 4542 recentiorum
2446 4493 2753 4544 nostrorum
2802 4496 3099 4560 temporum
3165 4493 3436 4547 Platonici
3469 4495 3777 4568 fecerunt]

2063 4577 2134 4630 At
2160 4579 2420 4646 tempore
2444 4577 2657 4632 Juliani
2689 4579 2831 4649 imp.
2865 4580 3145 4634 Platonici
3192 4581 3352 4636 fuere
3400 4581 3780 4640 infensissimi

2063 4662 2393 4718 Christianis
2421 4675 2478 4719 et
2507 4667 3067 4736 superstitiosissimi.
3097 4670 3258 4723 Tales
3286 4669 3459 4724 etiam
3513 4673 3775 4745 magistri

2062 4753 2265 4819 Procli,
2289 4758 2345 4807 et
2371 4756 2604 4808 Proclus
2633 4755 2774 4826 ipse,
2831 4757 2932 4827 qui
2987 4761 3156 4812 natus
3209 4763 3294 4813 est
3347 4761 3609 4830 Byzantii
3669 4762 3770 4817 sub

2059 4840 2234 4895 ﬁnem
2265 4842 2392 4896 vitae
2423 4845 2748 4913 Augustini.
2781 4845 2916 4900 Vide
2939 4847 3356 4918 Prolegomena
3404 4849 3516 4903 viri
3561 4851 3774 4906 doctis-

2059 4929 2365 4986 similoan.
2409 4933 2625 4987 Alberti
2673 4934 2912 4988 Fabricii
2973 4936 3033 4989 in
3091 4937 3216 5007 ejus
3258 4937 3442 4992 Vitam
3490 4955 3526 4992 a
3561 4941 3774 4995 Marino

2061 5019 2436 5090 Neapolitano
2468 5022 2869 5092 conscriptam.
2906 5024 3088 5078 Nimis
3117 5026 3264 5080 bene
3311 5027 3597 5082 sentiebat
3653 5033 3774 5083 Au-

2058 5108 2322 5178 gustinus
2367 5109 2435 5163 de
2487 5111 2814 5179 Platonicis,
2876 5113 3329 5186 religionemque
3387 5116 3775 5173 Christianam

2055 5197 2391 5266 propiorem
2418 5215 2616 5254 eorum
2645 5200 3009 5272 dogmatibus
3055 5204 3278 5274 putavit
3331 5220 3506 5275 quam
3553 5211 3641 5261 est
3684 5223 3776 5262 re-

2059 5301 2214 5341 vera.

2126 5377 2261 5447 Cap.
2295 5379 2378 5446 14,
2421 5378 2448 5449 §
2493 5381 2583 5433 27.
2634 5382 2808 5450 Usque
2870 5380 3002 5435 adeo
3053 5386 3337 5451 peccatum
3388 5383 3770 5441 voluntarium

2053 5469 2134 5520 est
2160 5467 2383 5534 malum,
2417 5471 2477 5522 ut
2502 5468 2650 5522 nullo
2678 5469 2831 5524 modo
2869 5472 2943 5524 sit
2969 5475 3272 5540 peccatum,
3317 5474 3368 5526 si
3404 5487 3514 5527 non
3563 5477 3638 5529 sit
3670 5489 3769 5529 vo-

2053 5553 2389 5624 luntarium;
2415 5561 2466 5612 et
2496 5557 2592 5614 hoc
2612 5559 2831 5627 quidem
2862 5560 2946 5614 ita
2976 5563 3329 5630 manifestum
3354 5567 3453 5628 est,
3509 5569 3573 5619 ut
3613 5565 3767 5620 nulla
