3922 6188
97 324 171 377 237
822 314 1184 372 VARIORUM
1224 316 1823 373 EXERCITATIONES
1860 317 1930 373 IN
1970 319 2023 371 S.
2066 318 2431 383 AUGUSTINI
2475 320 2725 375 OPERA.

3423 329 3527 384 238

100 445 184 497 hinc
214 440 465 495 doctorum
500 439 779 508 paucitas,
819 440 973 493 nulla
1015 439 1352 495 indocth
1395 440 1557 495 turba
1598 440 1720 495 dis-
1759 442 1803 496 A
1831 456 1948 495 non
1995 440 2066 495 sit
2122 458 2442 498 commune.
2502 446 2573 499 At
2620 462 2791 517 quam
2839 448 3023 502 multa
3049 452 3210 504 erant
3259 453 3523 522 praescri-

102 532 266 588 seutiat.
299 525 319 599 ]
354 528 579 597 Nempe,
611 526 658 580 si
707 528 1074 582 voluntarium
1105 528 1326 583 dicatur
1364 530 1606 598 liberum,
1640 530 1721 584 ita

103 634 144 683 ut
177 624 328 698 possit
382 622 598 677 admitti
653 627 951 694 peccatum
1005 629 1101 679 aut
1131 642 1267 693 non,
1300 631 1357 681 et
1386 626 1619 698 quidem
1652 628 1719 682 ab

99 721 185 788 ipso
222 716 483 786 peccante.
536 713 620 767 Ita
671 713 994 767 sentiebant
1041 730 1239 769 omnes
1278 717 1548 769 mortales
1587 722 1717 770 ante

97 801 439 861 controversias
497 802 869 872 Pelagianas;
904 818 1007 856 nec
1051 803 1218 857 aliter
1266 803 1535 858 sensisset
1596 804 1717 875 ipse

96 892 403 964 Augustinus,
454 890 500 943 si
542 895 673 961 post
710 895 953 944 mortem
982 892 1105 963 ejus
1133 896 1281 947 natas
1314 892 1547 947 demum
1576 893 1715 948 fuis-

92 987 197 1037 sent.
226 982 401 1051 Itaque
432 978 552 1032 haec
588 978 795 1033 frustra
815 996 944 1033 cum
990 980 1275 1035 sententia
1317 998 1490 1052 quam
1521 985 1717 1052 postea

89 1070 326 1139 amplexus
351 1071 432 1121 est
482 1066 542 1121 in
582 1067 949 1122 concordiam
1000 1068 1267 1139 redigere
1324 1073 1563 1123 conatur
1606 1069 1713 1122 Re-

86 1162 205 1213 tract.
237 1156 323 1211 lib.
362 1171 402 1222 Ι,
436 1171 561 1225 cap.
601 1159 682 1220 l3,
718 1154 745 1225 §
779 1159 829 1220 5,
882 1157 1044 1227 quasi
1096 1158 1465 1211 voluntarium
1495 1156 1717 1211 dicatur

84 1251 255 1300 tantum
306 1243 453 1315 quod
509 1243 719 1297 insidet
782 1245 1084 1312 voluntati,
1153 1246 1412 1317 quamvis
1468 1244 1713 1300 liberum

80 1352 166 1391 non
190 1334 266 1390 sit.

129 1424 235 1493 Cap.
260 1425 337 1489 55,
373 1419 399 1491 §
430 1422 480 1475 3.
520 1423 855 1476 Honoremus
885 1436 970 1476 eos
1000 1424 1248 1490 caritate,
1280 1437 1387 1476 non
1414 1425 1711 1490 servitute;

80 1528 144 1566 nec
168 1514 231 1565 eis
275 1511 464 1579 templa
514 1512 911 1579 constituimus,
962 1512 1090 1564 nolu
1110 1516 1169 1565 nt
1198 1513 1338 1565 enim
1360 1526 1414 1565 se
1443 1513 1519 1566 sic
1549 1512 1711 1566 hono-

76 1604 161 1654 rari
177 1618 205 1653 a
228 1600 386 1666 nobis,
417 1603 521 1653 etc.
560 1597 579 1671 ]
616 1601 741 1653 Haec
774 1601 1101 1671 expendaut
1130 1602 1228 1673 qui
1258 1603 1454 1657 volunt
1481 1603 1713 1672 angelos

77 1691 192 1744 cultu
225 1686 451 1755 δουλείας,
480 1689 590 1742 hoc
618 1693 701 1743 est
720 1692 998 1744 servitutis
1026 1690 1153 1757 coli,
1179 1690 1519 1762 videantque
1565 1708 1706 1760 quo-

76 1780 201 1833 modo
226 1795 276 1832 se
302 1777 508 1832 sentire
542 1782 599 1831 et
632 1777 790 1849 loqui
819 1795 949 1833 cum
971 1779 1286 1850 Augustino
1334 1780 1520 1834 dicere
1570 1796 1708 1851 pos-

77 1868 174 1921 sint.
200 1869 441 1921 Attamen
468 1866 595 1938 jam
629 1867 749 1936 ejus
776 1883 894 1920 aevo
926 1868 1192 1938 quaedam
1223 1873 1511 1939 cmperaut
1540 1870 1709 1939 vulgo

75 1954 164 2009 ﬁeri
190 1972 319 2027 quae,
343 1971 675 2026 quanquam
700 1972 730 2009 a
750 1955 1221 2027 prudentioribus
1244 1957 1533 2026 damnata,
1565 1974 1709 2028 pau-

76 2044 194 2098 latim
219 2044 532 2099 intromissa
555 2047 706 2099 sunt.
738 2044 827 2098 Sic
854 2044 1000 2098 libro
1033 2045 1141 2099 Ide
1174 2044 1423 2099 Moribus
1450 2043 1709 2099 Ecclesiae

74 2134 325 2201 catholicae,
354 2131 381 2203 ἕ
407 2137 460 2188 7.
494 2135 657 2201 Novi,
687 2132 897 2205 inquit,
932 2134 1130 2189 multos
1168 2149 1278 2189 esse
1322 2135 1707 2204 sepulcrorum,

72 2229 107 2275 et
127 2226 426 2292 picturarum
464 2224 803 2290 adoratores,
855 2241 999 2296 quos
1054 2225 1311 2280 Ecclesia:
1358 2226 1648 2280 catholicae
1678 2242 1711 2279 a

74 2311 332 2366 Manichaeis
375 2311 553 2382 objici
587 2329 702 2367 non
741 2314 881 2376 vult,
934 2317 990 2369 et
1031 2313 1129 2385 qui
1166 2314 1397 2368 tandem
1427 2314 1709 2369 maximus

75 2415 290 2456 numerus
319 2401 445 2457 facti
475 2406 636 2457 sunt.

353 2528 505 2582 DESI
519 2527 710 2582 DERII
750 2527 1005 2583 ERASMI
1044 2528 1362 2583 CENSURA

417 2659 470 2696 IN
518 2638 794 2697 uac’uuu
834 2659 944 2697 um
986 2658 1313 2699 AUGUSTINI.

121 2758 219 2811 Haec
260 2758 452 2829 regula
497 2762 559 2812 et
604 2758 901 2812 sententiis
949 2764 1007 2813 et
1054 2758 1317 2813 dictionis
1374 2758 1559 2830 ﬁgura
1609 2775 1706 2813 re-

74 2845 147 2898 fert
168 2848 557 2917 Augustinum,
587 2846 727 2918 quin
759 2852 816 2901 et
844 2848 940 2918 pia
995 2848 1282 2902 civillitate
1320 2848 1703 2903 humanitate-

83 2951 151 3003 que
181 2937 391 3007 praefert
428 2941 729 2991 auctorem
756 2954 961 2991 suum:
1029 2953 1357 3008 quanquam
1407 2938 1703 3007 probabile

1826 528 2018 584 benda
2058 531 2127 585 de
2174 532 2653 603 presbyterorum,
2710 536 3237 606 hypodiacouorum
3285 557 3349 595 ac
3397 542 3523 596 dia-

1829 635 2103 673 canorum
2159 620 2379 687 officiis,
2440 621 2486 675 si
2529 623 2641 676 illis
2710 625 2969 695 regulam
3042 628 3525 697 praescribendam

1824 707 2177 778 judicasset?
2216 710 2280 761 Et
2325 712 2517 763 tamen
2572 711 2694 765 haec
2746 714 2942 782 regula
2973 714 3411 773 fundamentum
3443 724 3527 774 est

1827 798 2143 852 multorum
2188 797 2479 865 ordinum,
2530 816 2701 870 quam
2750 800 2977 855 feminis
3006 804 3271 859 traditam
3302 807 3523 862 utinam

1826 886 1972 939 bene
2010 891 2302 941 servarent
2350 888 2479 941 viri.
2530 889 2777 942 Habetur
2818 894 3008 945 autem
3038 892 3097 945 in
3124 894 3366 964 epistola
3402 900 3518 951 H9.

1826 976 2089 1047 ineptum
2145 981 2229 1031 est
2275 982 2467 1031 autem
2503 977 2570 1031 de
2606 978 2776 1047 hujus
2804 978 2910 1032 viri
2946 980 3114 1035 titulo
3145 984 3518 1040 contendere:

1826 1065 2010 1136 magis
2069 1066 2137 1118 ad
2183 1081 2304 1119 rem
2355 1065 2606 1136 pertinet
2646 1066 2873 1135 pietatis
2921 1072 2976 1122 et
3005 1070 3339 1125 eruditionis
3368 1072 3520 1126 illius

1826 1153 2187 1207 aemulatione
2240 1155 2563 1220 decernere,
2628 1158 2693 1208 ut
2738 1154 2779 1207 ii
2835 1156 3050 1226 optimo
3084 1158 3211 1228 jure
3260 1159 3522 1217 dicantur

1822 1242 2270 1312 Augustinenses
2306 1242 2407 1313 qui
2446 1242 2683 1296 virtutes
2729 1245 3037 1314 Augustini
3085 1248 3339 1316 proxime
3371 1251 3517 1306 refe-

1822 1334 1976 1384 runt.
2026 1330 2169 1384 Illud
2224 1334 2444 1389 constat
2498 1332 2816 1385 orationem
2863 1349 2994 1403 qua:
3049 1337 3268 1390 cucullae
3315 1342 3371 1391 et
3410 1339 3520 1394 bal-

1824 1418 1933 1471 thei
1972 1417 2253 1485 meminit,
2305 1419 2409 1473 sub
2455 1420 2739 1473 Ambrosii
2782 1421 3014 1476 nomine
3047 1424 3345 1477 confictam
3377 1442 3515 1481 esse.

1821 1505 1932 1559 Nec
1981 1506 2101 1575 ipse
2151 1507 2500 1577 Augustinus
2543 1524 2787 1578 usquam
2836 1526 2893 1563 se
2948 1512 3297 1565 monachum
3336 1519 3519 1583 vocat,

1820 1609 1924 1647 nec
1971 1610 2104 1647 suos
2153 1594 2384 1647 clericos
2428 1611 2495 1648 eo
2556 1596 2789 1649 nomine
2857 1598 3138 1667 designat,
3190 1616 3521 1671 quanquam

1822 1682 2090 1753 exiguum
2138 1683 2196 1736 in
2251 1684 2591 1754 cognomine
2634 1690 2991 1739 momentum
3019 1691 3117 1741 est.
3153 1689 3281 1757 Ipse
3311 1690 3523 1744 fatetur

1820 1788 1878 1825 se
1927 1772 2225 1842 reliquisse
2276 1772 2490 1837 omnia,
2536 1777 2591 1825 et
2642 1774 2842 1827 eodem
2895 1775 3105 1828 multos
3143 1792 3517 1846 provocasse;

1819 1865 1942 1915 tum
1986 1861 2048 1915 in
2082 1861 2338 1915 oratione
2388 1862 2634 1932 quadam
2677 1864 2827 1933 apud
2876 1865 3182 1934 populum,
3238 1870 3412 1936 negat
3459 1882 3518 1918 se

1819 1966 2057 2004 usurum
2096 1951 2237 2020 pileo
2286 1950 2469 2017 rubro,
2508 1951 2661 2021 quod
2699 1954 2971 2022 pyri-hum
2999 1953 3222 2021 dicitur,
3254 1969 3359 2008 nos
3388 1970 3516 2007 cor-
3572 1936 3591 1950 ’

1818 2044 1984 2110 rupte
2043 2039 2301 2105 byrrhum
2357 2055 2642 2094 vocamus.
2706 2043 2860 2097 Decet
2907 2040 3135 2112 (inquit)
3185 2042 3515 2112 episcopum,

1817 2132 1876 2181 at
1906 2144 2013 2182 non
2057 2130 2199 2182 decet
2249 2130 2655 2195 Augustinum:
2689 2128 2788 2182 ubi
2818 2129 3001 2199 magis
3026 2129 3331 2185 dicendum
3371 2135 3513 2197 erat,

1818 2233 1933 2271 non
1960 2217 2120 2271 decet
2160 2218 2523 2271 monachum.
2573 2218 2633 2271 lu
2672 2217 2832 2271 libris
2865 2218 2932 2272 de
2960 2219 3207 2274 Moribus
3234 2220 3515 2286 Ecclesiae,

1816 2311 2027 2378 praeter
2064 2307 2435 2361 auachoretas
2486 2311 2542 2361 et
2571 2307 2901 2374 coenobitas,
2951 2308 3123 2363 tradit
3177 2326 3357 2379 genus
3402 2314 3515 2364 ter-

1818 2396 1984 2463 tium,
2015 2412 2213 2450 eorum
2268 2396 2367 2467 qui
2417 2397 2690 2467 quoniam
2722 2396 2783 2449 in
2813 2412 3071 2451 eremum
3107 2398 3371 2453 secedere
3396 2414 3517 2453 non

1817 2490 1939 2539 erat
1987 2485 2375 2551 commodum,
2435 2485 2523 2538 vel
2566 2485 2639 2538 ob
2694 2486 3097 2555 parentes,vel
3149 2486 3221 2540 ob
3284 2486 3511 2550 liberos,

1816 2578 1914 2627 aut
1961 2574 2100 2627 alias
2149 2590 2370 2644 causas,
2398 2577 2593 2627 tamen
2625 2589 2741 2627 non
2785 2574 3035 2644 quietius
3062 2574 3335 2643 viverent,
3365 2592 3521 2630 com-

1815 2661 2008 2733 plures
2057 2662 2115 2715 in
2157 2661 2364 2716 iisdem
2420 2662 2640 2716 aedibus
2692 2663 3217 2730 commorabantur,
3254 2664 3414 2718 nullo
3444 2664 3529 2719 im'

1814 2750 1999 2819 pario,
2051 2749 2151 2803 sed
2206 2750 2387 2803 libera
2443 2750 2676 2805 caritate
2734 2750 2930 2805 omnia
2998 2753 3356 2807 moderante.
3416 2753 3521 2806 Eos

1824 2842 2134 2892 conventus
2189 2839 2491 2893 diversoria
2524 2842 2703 2905 vocat,
2749 2855 2876 2909 quas
2906 2840 3101 2893 Romae
3132 2841 3417 2910 permulta
3444 2841 3521 2894 vi-

1816 2926 1997 2981 derat.
2029 2927 2143 2980 Hoc
2195 2928 2525 2996 exemplum
2577 2927 2803 2981 videtur
2831 2926 3087 2981 imitatus
3118 2928 3176 2981 in
3207 2928 3417 2998 Africa,
3441 2928 3521 2983 sic

78 3027 131 3075 est
152 3041 254 3079 eam
282 3042 391 3080 non
422 3026 672 3091 clericis,
706 3025 804 3080 sed
835 3024 1062 3079 feminis
1100 3041 1220 3080 esse
1251 3025 1541 3096 scriptam,
1580 3043 1706 3098 qua:
1738 3024 1775 3079 C
1817 3019 1881 3069 ut
1924 3031 2029 3069 nec
2071 3016 2226 3069 0111111
2276 3015 2558 3069 notabiles
2609 3020 2813 3081 essent,
2865 3016 3355 3086 quemadmodum
3393 3033 3518 3072 m0-

73 3111 111 3165 in
132 3130 275 3169 unum
329 3116 586 3169 collectae
630 3115 733 3169 sub
759 3114 1148 3169 moderatione
1171 3114 1383 3168 sororis
1403 3116 1710 3185 Augustini

75 3200 301 3258 vivebant.
374 3206 517 3259 Eam
582 3202 951 3274 prmpositam
1032 3206 1210 3270 vocat,
1279 3204 1376 3258 sed
1447 3204 1707 3277 omnium

72 3304 239 3345 summa
262 3296 512 3363 potestas
559 3297 682 3346 erat
720 3307 893 3362 penes
946 3291 1362 3362 presbyterum.
1411 3294 1708 3348 Nonnullis

70 3386 213 3435 autem
254 3380 576 3437 immutatis
613 3380 1120 3434 accommodarunt
1163 3397 1291 3436 eam
1346 3381 1501 3450 viris,
1558 3384 1711 3437 velut

65 3465 134 3520 ubi
157 3470 213 3523 de
240 3470 517 3525 modestia
548 3470 733 3523 cultus
762 3469 1026 3539 praecipit
1054 3469 1317 3523 feminis:
1348 3472 1466 3526 Non
1509 3473 1582 3525 sit
1605 3488 1707 3525 no—

64 3557 201 3612 tabilis
220 3560 424 3615 habitus
452 3564 654 3625 vester,
687 3574 780 3612 nec
800 3560 1061 3627 affectetis
1090 3559 1326 3614 vestibus
1376 3562 1709 3629 placere,sed

63 3646 287 3715 moribus;
330 3665 395 3702 ne
449 3651 570 3703 sint
611 3648 759 3702 vobis
798 3652 910 3702 tam
959 3650 1139 3702 tenuia
1167 3650 1407 3717 capitum
1433 3652 1704 3717 tegmina;

1819 3104 2009 3172 nachi,
2044 3108 2100 3158 et
2129 3105 2329 3159 liceret
2354 3104 2423 3158 ab
2464 3121 2529 3158 eo
2569 3104 2833 3158 convictu
2878 3104 3188 3168 discedere,
3222 3106 3266 3159 si
3299 3106 3390 3161 cui
3420 3123 3519 3178 pa-

1818 3208 1947 3246 rum
2006 3197 2154 3247 esset
2217 3192 2582 3248 commodus:
2639 3193 2771 3247 licet
2819 3193 3105 3248 Possidius
3160 3196 3410 3265 appellet
3453 3211 3519 3250 ea

1818 3282 2177 3337 Monasteria.

2343 3406 3001 3464 ANIMADVERSIONES

2343 3538 2396 3575 IN
2450 3538 2670 3577 ΕΑΜΒΕΜ
2709 3538 2962 3577 REGULAH
2976 3564 2991 3579 .

1888 3635 1996 3707 §2.
2041 3636 2189 3702 Quid
2235 3636 2456 3705 prodest
2508 3637 2817 3707 dispergere
2869 3638 3051 3692 dando
3089 3640 3426 3709 pauperibus
3470 3646 3519 3695 et

61 3739 103 3785 ut
124 3739 286 3791 retiola
313 3738 500 3791 subter
554 3741 877 3807 appareant.
933 3736 1021 3791 Sic
1053 3737 1207 3791 enim
1236 3738 1482 3792 arbitror
1506 3739 1706 3810 legcu—
1810 3746 2113 3801 pauperem
2142 3733 2281 3800 ﬁeri.
2312 3746 2429 3784 cum
2488 3733 2674 3784 anima
2722 3734 2923 3786 misera
2961 3733 3243 3801 superbior
3279 3732 3522 3803 efﬁcitur

63 3821 195 3877 dum:
243 3825 477 3896 Capillos
534 3842 597 3879 ea:
625 3826 778 3879 nulla
827 3830 989 3895 parte
1014 3826 1187 3881 nudos
1219 3827 1481 3893 habeatis,
1509 3843 1600 3880 nec
1618 3831 1706 3895 fo-

58 3904 116 3955 ris
153 3906 225 3959 vel
262 3910 489 3975 spargat
542 3906 889 3973 negligentia,
943 3906 1027 3959 vel
1073 3910 1352 3974 componat
1389 3906 1704 3960 industria:

58 3993 181 4058 quod
205 3994 328 4048 viris
358 3994 787 4049 accommodari
822 4010 939 4047 non
985 3997 1211 4064 poterat
1264 3994 1604 4051 omiserunt.
1643 3997 1709 4049 Et

55 4078 97 4132 in
121 4083 388 4151 proximo:
423 4086 492 4139 In
544 4083 789 4137 omnibus
841 4084 1074 4137 motibus
1115 4084 1255 4138 nihil
1300 4086 1398 4152 ﬁat
1435 4084 1580 4152 quod
1620 4100 1709 4139 cu-

52 4168 267 4238 jusquam
294 4174 495 4227 illiciat
526 4172 840 4238 libidinem;
890 4170 967 4225 sic
998 4176 1286 4227 mutatum
1312 4177 1416 4239 est,
1445 4174 1589 4242 quod
1616 4189 1707 4229 cu-

45 4256 261 4328 jusquam
289 4263 534 4331 offendat
561 4266 852 4331 aspectum.
888 4261 1103 4315 Rursus
1151 4262 1301 4332 quod
1349 4262 1611 4333 praecipit
1637 4261 1706 4315 de

54 4359 149 4399 non
175 4350 506 4420 aspiciendis
560 4349 826 4417 feminis;
875 4350 1012 4404 item
1058 4350 1128 4405 de
1172 4350 1297 4417 hoc,
1346 4354 1412 4405 ut
1456 4350 1576 4405 bini
1612 4356 1705 4405 aut

52 4434 167 4487 terni
205 4438 533 4506 procedant,
586 4438 655 4492 de
708 4437 964 4492 lavandis
1005 4437 1254 4509 propriis
1311 4438 1585 4505 vestibus,
1632 4440 1700 4493 de

52 4526 297 4590 operando
351 4528 411 4581 in
472 4542 799 4594 commune,
861 4526 1085 4597 aliaque
1161 4527 1448 4598 permulta
1502 4544 1707 4597 parum

55 4620 337 4682 congruunt
381 4615 441 4670 in
490 4615 728 4670 clericos
776 4615 898 4686 ejus
943 4615 1238 4685 temporis,
1296 4632 1541 4685 quorum
1584 4621 1707 4671 tum

53 4706 147 4753 erat
184 4704 354 4774 major
393 4710 453 4760 et
497 4704 733 4759 libertas
782 4708 839 4758 et
880 4703 1148 4775 dignitas.
1183 4706 1246 4759 In
1274 4706 1424 4759 calce
1454 4706 1708 4761 alludens

55 4788 107 4841 ad
150 4789 329 4847 forma
375 4794 655 4859 studium,
710 4794 1009 4863 speculum
1052 4798 1107 4848 et
1145 4793 1350 4848 odores
1395 4795 1601 4866 quibus
1626 4796 1707 4851 fe-

56 4876 275 4936 mineum
335 4899 521 4955 genus
568 4881 933 4953 peculiariter
974 4882 1302 4948 delectatur,
1361 4900 1489 4955 quae
1535 4884 1706 4941 dicit:

54 4964 195 5022 Donet
220 4973 474 5026 Dominus
504 4977 564 5027 ut
610 4971 900 5027 observetis
948 4971 1056 5026 haec
1097 4974 1279 5027 omnia
1305 4977 1566 5041 tanquam
1595 4978 1708 5045 Spi-

54 5057 200 5113 n'talis
244 5061 675 5129 pulchritudinis
726 5063 1033 5128 amatrices,
1057 5066 1108 5116 et
1138 5062 1269 5117 bono
1298 5063 1505 5119 Christi
1527 5065 1708 5133 odore,

54 5140 99 5195 de
132 5146 256 5201 bona
300 5152 697 5205 conversatione
737 5152 785 5217 f1
799 5156 1073 5220 agrantes,
1124 5155 1173 5205 et
1202 5166 1293 5206 vos
1322 5157 1501 5208 autem
1530 5156 1587 5207 in
1617 5156 1711 5209 hoc

54 5228 194 5288 libello
243 5241 512 5306 tanquam
557 5241 616 5293 in
662 5241 874 5309 speculo
922 5240 1153 5308 possitis
1230 5241 1512 5308 inspicere,
1581 5245 1708 5305 etc.,

59 5333 149 5375 non
192 5327 432 5395 perinde
480 5328 759 5398 quadraut
805 5328 866 5382 iu
895 5328 1066 5383 viros.
1110 5327 1255 5383 Sunt
1285 5328 1391 5382 alia
1423 5329 1708 5398 quaedam,

55 5418 215 5465 Verum
268 5414 391 5469 haec
435 5417 681 5488 exempli
725 5432 893 5472 causa
934 5416 1299 5487 proposuisse
1344 5416 1572 5471 sufﬁcit.
1605 5418 1711 5471 Po-

54 5497 228 5554 stremo
264 5507 329 5557 ut
372 5503 521 5559 nihil
572 5506 644 5560 sit
687 5506 843 5578 quod
890 5522 1005 5560 non
1042 5505 1222 5578 possit
1250 5505 1320 5559 ad
1351 5505 1585 5559 clericos
1613 5505 1712 5559 de-

54 5584 290 5661 aneri,
333 5598 492 5649 certe
531 5594 675 5652 nihil
722 5598 806 5651 est
853 5594 947 5652 hic
983 5594 1139 5668 quod
1184 5593 1298 5651 illis
1327 5610 1457 5651 cum
1485 5593 1712 5651 feminis

1816 3821 2043 3875 divitias
2072 3820 2448 3874 contemnendo
2477 3836 2639 3887 quam
2668 3824 2852 3887 fuerat
2878 3822 3206 3890 possidendo
3226 3822 3253 3876 ?
3283 3820 3304 3893 ]
3330 3822 3517 3877 Nolim

1817 3909 2053 3981 quidem
2096 3909 2368 3963 damnare
2416 3925 2510 3962 eos
2566 3907 2686 3978 qui,
2747 3925 2878 3963 cum
2911 3910 3160 3963 sentiant
3181 3927 3239 3963 se
3270 3911 3518 3980 impares

1818 4014 1941 4052 esse
1971 3997 2242 4068 periculis
2291 4013 2419 4067 quae
2442 3997 2499 4050 in
2529 3996 2644 4050 vita
2670 3997 2965 4050 communi
2994 3997 3160 4051 bonis
3190 3998 3515 4065 imminent,

1816 4086 2186 4141 solitudinem
2250 4088 2306 4138 et
2352 4100 2635 4138 secessum
2693 4084 3178 4137 monasteriorum
3227 4089 3512 4153 quaerunt.

1816 4179 1887 4231 At
1938 4175 2154 4229 debent
2203 4178 2333 4227 ante
2391 4174 2583 4227 omnia
2618 4172 2721 4225 sibi
2749 4188 2946 4226 cavere
2975 4188 3090 4226 non
3126 4173 3295 4226 modo
3322 4190 3353 4227 a
3376 4189 3520 4227 cras-

1819 4264 2062 4318 sioribus
2092 4261 2243 4315 vitiis
2273 4262 2476 4328 carnis,
2531 4261 2737 4331 quibus
2769 4276 2969 4314 omnes
2998 4261 3384 4327 offenduntur,
3419 4262 3515 4316 sed

1820 4357 1876 4407 et
1905 4353 1975 4407 ab
2022 4350 2445 4417 occultioribus,
2490 4349 2681 4421 qualia
2712 4354 2847 4403 sunt
2876 4349 3163 4421 superbia,
3196 4350 3519 4419 imperandi

1817 4440 2119 4511 cupiditas,
2152 4444 2367 4494 temere
2398 4440 2465 4493 de
2498 4438 2829 4492 hominibus
2862 4439 3144 4508 rebusque
3183 4438 3395 4507 ignotis
3422 4439 3521 4509 ju—

1818 4529 2051 4585 dicaudi
2083 4545 2259 4600 prava
2307 4527 2676 4589 consuetudo,
2723 4526 3066 4597 tyranuisiu
3125 4526 3293 4580 rebus
3343 4528 3519 4581 eccle-

1817 4618 2078 4681 siasticis,
2125 4617 2355 4671 factiosa
2401 4616 2641 4681 indoles,
2670 4615 2923 4686 pigritia,
2954 4614 3267 4681 iracundia,
3318 4615 3521 4669 simul-

1817 4712 1962 4763 tates
1998 4705 2407 4776 implacabiles,
2459 4709 2517 4758 et
2564 4703 2673 4757 alia
2724 4704 2780 4757 id
2831 4720 3045 4774 genus;
3081 4703 3296 4774 qumin
3335 4720 3519 4759 seces-

1818 4796 1974 4851 sibus
2022 4793 2505 4849 monasteriorum
2570 4808 2687 4846 non
2735 4792 2900 4846 aliter
2950 4797 3195 4862 regnant
3239 4809 3412 4864 quam
3456 4794 3519 4847 in

1824 4882 2309 4956 frequentissimis
2342 4880 2585 4936 aliorum
2611 4880 2915 4935 hominum
2937 4881 3311 4935 conventibus
3345 4899 3406 4935 ac
3437 4899 3524 4936 so-

1819 4974 2134 5029 cietatibus.
2161 4971 2346 5036 Quare
2400 4970 2506 5024 viri
2537 4970 2849 5040 prudentes
2870 4975 2925 5025 et
2953 4971 3082 5025 vitae
3113 4972 3381 5025 humanm
3411 4988 3518 5042 pe-

1819 5062 2062 5127 ritiores,
2112 5064 2177 5114 ut
2217 5059 2405 5114 Desid.
2456 5060 2721 5113 Erasmus
2764 5064 2821 5114 et
2870 5059 2989 5125 alii,
3038 5075 3189 5130 saepe
3218 5059 3287 5113 de
3313 5074 3518 5113 mona—

1819 5149 1957 5204 stico
2000 5148 2130 5203 vita;
2178 5147 2441 5202 instituto
2468 5148 2639 5202 locuti
2669 5152 2823 5213 sunt,
2856 5147 3020 5219 quasi
3049 5148 3117 5201 de
3145 5147 3276 5201 vitm
3307 5163 3516 5219 genere

1820 5254 1936 5293 non
1969 5237 2163 5291 minus
2192 5237 2362 5291 saluti
2389 5237 2708 5307 periculoso
2739 5253 2910 5307 quam
2943 5238 3026 5289 est
3058 5235 3300 5305 quodvis
3338 5234 3515 5290 aliud.

1820 5329 2043 5383 Interea
2072 5327 2119 5381 si
2149 5328 2296 5382 hanc
2325 5326 2803 5398 Augustiuiauam
2835 5324 3093 5395 regulam
3127 5324 3516 5389 observarent,

1817 5418 1939 5473 sine
1972 5417 2145 5472 dubio
2168 5422 2287 5471 tam
2326 5416 2659 5488 frequentes
2692 5416 2759 5470 de
2800 5414 2870 5468 iis
2898 5429 3015 5468 non
3044 5418 3235 5470 essent
3263 5412 3514 5486 querelas

1820 5523 1994 5579 quam
2024 5507 2209 5562 adhuc
2238 5506 2487 5563 fuerunt.
