3926 6192
365 270 474 325 239

1381 269 1941 329 SUPPLEMENTUM
1981 273 2072 328 AD
2108 273 2342 330 OPEBA
2370 275 2424 330 S.
2469 275 2859 335 AUGUSTINI.
3721 296 3807 350 240

2218 400 3803 427 __..__..__________.__.....____________

1535 509 1634 577 IN
1721 511 2074 584 TOMUM
2150 510 2734 582 SECUNDUM.

1976 661 2290 674 ———

483 755 892 813 DESIDEBIUS
930 753 1248 812 ERASMUS
1284 755 1401 810 PIO
1433 756 1744 813 LECTORI.
1797 757 1854 814 S.
1896 760 1960 815 D.

446 935 521 989 Ex
567 934 718 988 calce
765 931 999 987 secundi
1048 929 1182 986 libri
1237 931 1749 999 Retractationum,
1810 933 1950 995 item
2010 950 2076 990 ex

375 1021 616 1094 epistola
647 1037 775 1094 quae
801 1020 1034 1093 praeﬁxa
1063 1023 1150 1074 est
1169 1020 1441 1090 Catalogo
1468 1020 1761 1075 hareseon
1786 1021 1858 1076 ad
1889 1022 2076 1086 Quod-

371 1110 690 1176 vultdeum,
742 1109 878 1165 satis
909 1107 1146 1181 quidem
1176 1108 1547 1179 perspicuum
1578 1114 1682 1176 est,
1704 1109 1761 1164 id
1795 1111 2075 1182 temporis

373 1215 479 1254 nec
508 1198 802 1270 epistolas,
834 1214 940 1254 nec
985 1198 1297 1269 populares
1328 1196 1614 1252 orationes
1641 1198 1712 1252 ab
1749 1200 2073 1270 Augustino

372 1288 548 1344 fuisse
579 1288 861 1360 digestas:
892 1303 999 1342 nec
1027 1291 1158 1357 post
1187 1286 1245 1341 id
1274 1286 1345 1341 ab
1376 1303 1444 1341 eo
1473 1291 1757 1357 curatum,
1797 1289 1884 1342 vel
1931 1289 2074 1345 illud

373 1379 586 1449 arguit,
619 1378 777 1449 quod
809 1377 870 1431 in
898 1377 1008 1432 hoc
1037 1375 1348 1442 volumine,
1379 1392 1567 1447 neque
1598 1381 1944 1447 temporum,
1971 1395 2073 1433 ne-

374 1482 486 1537 que
514 1480 916 1537 personarum,
951 1480 1138 1535 neque
1167 1463 1538 1518 materiarum
1565 1464 1682 1518 ulla
1700 1464 1925 1520 videtur
1969 1467 2072 1520 ha-

370 1553 494 1610 bita
541 1554 706 1608 ratio.
764 1553 985 1608 Certius
1037 1555 1227 1607 autem
1276 1551 1336 1607 id
1380 1553 1590 1623 arguit,
1623 1553 1778 1624 quod
1805 1555 2072 1625 quadam

372 1643 630 1699 admista
658 1643 906 1710 fuerant,
939 1658 1069 1714 qua
1089 1641 1278 1712 primo
1307 1641 1502 1696 statim
1533 1645 1705 1712 gustu
1748 1641 2071 1712 deprehen-

372 1732 655 1788 debantur
682 1732 990 1803 Augustini
1027 1747 1147 1786 non
1190 1747 1332 1798 esse,
1383 1747 1545 1802 quas,
1585 1731 1777 1786 addita
1808 1747 2068 1799 censura,

367 1821 728 1877 notavimus:
768 1821 1061 1876 nonnullae
1092 1819 1426 1892 simpliciter
1454 1819 1734 1888 conﬁcta,
1783 1821 1939 1892 quod
1968 1836 2070 1891 ge-

374 1926 482 1966 nus
508 1914 642 1965 sunt
670 1910 784 1966 illa
816 1909 1095 1965 Bonifacii
1122 1909 1194 1964 ad
1222 1909 1630 1980 Augustinum,
1661 1909 1968 1980 Augustini
1997 1910 2069 1965 ad

371 1999 746 2054 Bonifacium.
795 1999 1022 2054 Nullam
1067 2003 1262 2053 tamen
1317 1997 1552 2052 omnino
1593 1998 1717 2052 loco
1758 1998 2065 2066 movimus,

366 2093 582 2159 prater
618 2103 795 2142 unam
841 2092 896 2142 et
937 2087 1309 2141 vehementer
1342 2086 1645 2157 prolixam,
1678 2091 1736 2140 et
1763 2086 2069 2158 insigniter

367 2176 722 2231 illitteratam
755 2192 768 2230 :
801 2192 874 2230 ne
903 2175 960 2230 id
992 2175 1229 2247 quidem
1258 2174 1482 2240 facturi,
1515 2175 1625 2229 nisi
1654 2175 1856 2230 eadem
1889 2176 1950 2230 in
1979 2181 2066 2231 to-

366 2263 478 2319 mis
505 2265 832 2319 haberetur.
865 2264 1044 2318 Tanta
1071 2263 1238 2318 nobis
1267 2263 1453 2318 cautia
1481 2263 1610 2331 fuit,
1637 2280 1711 2318 ne
1749 2265 1879 2336 quis
1930 2266 2066 2336 quid

367 2352 437 2407 de
475 2356 668 2407 nostra
698 2351 865 2424 queri
892 2351 1076 2423 possit
1102 2351 1405 2406 industria.
1464 2352 1552 2406 Ad
1599 2352 1724 2407 haec
1760 2352 2064 2424 inspersa-

367 2445 502 2496 sunt
531 2441 850 2508 nonnulla,
881 2457 1024 2512 quas
1053 2439 1405 2512 Augustinus
1436 2440 1556 2512 ipse
1581 2440 1643 2495 in
1691 2441 2063 2497 Retractatio-

364 2529 536 2585 nibus
564 2530 740 2585 libros
760 2529 1028 2600 appellat.
1058 2527 1702 2600 Quanquaminterdum
1723 2529 2064 2585 subdifﬁcile

366 2623 451 2674 est
479 2619 784 2691 epistolam
814 2635 846 2672 a
875 2618 1019 2672 libro
1050 2617 1423 2689 distinguere.
1467 2619 1824 2689 Augustinus
1853 2619 2065 2674 alicubi

366 2708 447 2762 sic
474 2708 748 2780 loquitur,
785 2707 950 2778 quasi
979 2707 1225 2762 brevitas
1253 2711 1353 2762 aut
1379 2707 1676 2778 prolixitas
1704 2707 1916 2762 tribuat
1943 2709 2064 2764 adi-

361 2800 552 2852 matve
581 2813 796 2851 nomen
818 2797 1078 2867 epistola
1114 2794 1304 2850 verius
1354 2811 1529 2867 quam
1577 2795 1856 2850 orationis
1885 2812 2066 2866 genus

362 2889 463 2940 aut
492 2885 817 2957 argumenti
842 2884 986 2939 ratio
1016 2900 1030 2938 :
1065 2882 1386 2955 prasertim
1416 2900 1546 2938 cum
1578 2884 1688 2939 hoc
1736 2886 2063 2956 exemplum

363 2976 434 3031 ab
484 2974 756 3046 apostolis
805 2973 1048 3040 venerit,
1104 2980 1169 3028 ut
1209 2978 1571 3043 argumenta,
1603 2974 1865 3044 quamvis
1890 2973 2058 3040 seria,

363 3063 861 3119 committerentur
917 3061 1199 3132 Epistolis.
1253 3061 1310 3116 Si
1346 3061 1581 3132 quidem
1602 3061 1851 3132 exceptis
1882 3063 2061 3116 Evan-

363 3150 548 3224 geliis,
604 3167 718 3222 quo
774 3150 1010 3204 nomine
1066 3148 1503 3219 complectimur
1557 3155 1614 3203 et
1668 3151 2060 3220 apostolorum

363 3244 546 3311 gesta,
579 3242 789 3310 prater
819 3237 1099 3308 Epistolas
1125 3236 1271 3290 nihil
1300 3237 1508 3307 scripto
1535 3237 1932 3307 prodiderunt,
1961 3239 2060 3293 sed

2109 762 2152 816 A
2182 757 2403 813 mederi
2451 757 2684 812 studens
2712 758 3002 824 omnibus,
3061 759 3299 830 perdere
3327 759 3638 819 neminem?
3666 765 3820 830 Quam

2185 847 2392 902 misere
2443 847 2651 915 uritur,
2702 847 2774 902 ad
2825 847 3062 919 quodvis
3113 853 3373 902 exortum
3421 847 3822 909 oﬂ‘endiculum?

2184 936 2384 990 Videas
2433 951 2564 990 vere
2611 936 2885 1006 gallinam
2929 936 3313 1007 evangelicam
3343 937 3628 992 sollicitam
3664 946 3714 994 et
3740 960 3819 997 an-

2183 1025 2360 1093 xiam,
2413 1029 2479 1079 ut
2519 1025 2624 1078 sub
2666 1025 2784 1078 alas
2813 1024 3045 1095 colligat
3072 1024 3370 1095 foveatque
3400 1026 3582 1095 pullos
3609 1043 3747 1084 suos.
3779 1032 3828 1086 ln

2142 1179 2144 1181 ν
2183 1113 2472 1167 nonnullis
2521 1113 2777 1184 epistolis
2805 1129 3111 1184 agnoscere
3143 1112 3334 1167 licebit
3389 1118 3443 1167 et
3481 1114 3614 1168 illud
3640 1116 3827 1174 forense

2181 1201 2408 1257 dicendi
2436 1217 2637 1272 genus,
2665 1202 2818 1272 quod
2871 1202 3048 1257 Craci
3077 1209 3319 1257 δικανικὸν
3348 1204 3662 1272 appellant:
3705 1222 3832 1276 pra-

2181 1289 2347 1359 cipne
2373 1306 2504 1344 cum
2529 1290 2650 1361 agit
2676 1290 2942 1344 adversus
2974 1291 3173 1345 Donati
3200 1290 3512 1346 factionem
3545 1309 3557 1346 :
3582 1308 3675 1347 nec
3701 1295 3832 1350 deest

2182 1383 2654 1449 argumentorum
2698 1379 3020 1446 subtilitati,
3075 1395 3204 1450 qua
3249 1379 3336 1433 illi
3390 1381 3683 1450 peculiaris
3749 1390 3834 1451 est,

2179 1465 2408 1522 δείνωσις.
2437 1469 2646 1523 Verum
2671 1467 2787 1522 sive
2818 1467 3001 1538 docet,
3040 1468 3157 1522 sive
3189 1468 3448 1538 corripit,
3481 1468 3593 1523 sive
3653 1477 3836 1542 pugnat

2181 1573 2311 1612 cum
2333 1557 2642 1627 deploratis
2667 1557 2944 1623 hostibus,
2980 1573 3260 1629 nusquam
3293 1561 3491 1612 tamen
3520 1574 3637 1613 non
3662 1560 3840 1614 sentias

2181 1645 2518 1701 Christiana
2552 1645 2800 1700 caritatis
2828 1646 3078 1701 nativam
3137 1647 3504 1700 dulcedinem
3532 1663 3547 1701 :
3587 1652 3646 1702 ut
3675 1648 3739 1716 (si
3771 1654 3841 1702 ta-

2179 1749 2313 1787 men
2345 1733 2610 1803 congruit
2647 1733 2770 1787 hac
2807 1733 3052 1805 collatio)
3093 1733 3237 1787 mihi
3280 1733 3542 1788 videatur
3566 1734 3841 1806 quemdam

2180 1837 2211 1875 e
2243 1823 2522 1877 comoedia
2564 1822 2778 1876 referre
2824 1821 3132 1889 Mitionem,
3179 1821 3283 1892 qui
3323 1827 3453 1876 tum
3502 1823 3668 1876 etiam
3717 1823 3842 1876 mitis

2179 1914 2278 1972 est,
2302 1927 2434 1966 cum
2488 1911 2756 1982 objurgat
2795 1910 3057 1966 maxime.
3091 1912 3156 1965 In
3183 1911 3296 1966 hoc
3325 1927 3445 1965 uno
3477 1912 3631 1965 velut
3654 1911 3710 1965 in
3734 1926 3844 1981 spe-

2177 2000 2306 2053 culo
2350 1999 2727 2069 contemplari
2769 1998 2900 2054 licet
2949 1998 3306 2070 episc0pum,
3365 2000 3596 2069 qualem
3631 1998 3850 2070 depinxit

2177 2089 2386 2143 Paulus
2413 2130 2429 2151 ,
2489 2096 2822 2155 ἀνεπίλτ,πτον
2846 2133 2859 2155 ,
2930 2096 3196 2160 νηφάλιον,
3281 2096 3514 2160 σώφρονα
3545 2134 3558 2156 ,
3637 2096 3812 2159 κόσμιον
3837 2132 3848 2155 ,

2174 2184 2439 2250 φιλόξενον,
2466 2184 2755 2245 διδακτικὸν,
2784 2188 2854 2248 μὴ
2898 2186 3147 2248 πάροινον,
3198 2187 3270 2246 μὴ
3303 2184 3564 2246 πλήκτην,
3614 2188 3681 2247 μὴ
3711 2184 3852 2248 αἱχρο-

2173 2273 2352 2336 κερδῆ,
2399 2272 2513 2321 ἀλλ’
2559 2273 2783 2334 ἐπιεικῆ,
2833 2274 3059 2338 ἄμαχον,
3117 2272 3492 2337 ἀφιλᾶργυρον,
3547 2271 3616 2334 μή
3662 2271 3849 2329 αὐθάδη,

2174 2363 2244 2423 μὴ
2291 2360 2503 2424 ὀργίλον,
2555 2361 2845 2426 φιλάγαθον,
2901 2361 3142 2426 ἐγκρατῆ,
3193 2360 3359 2420 ὅσιον,
3413 2361 3638 2422 δίκαιον,
3684 2359 3856 2424 ἀντεχό-

3281 2096 3514 2160 σώφρονα
3545 2134 3558 2156 ,

2173 2463 2320 2510 μενον
2365 2451 2451 2497 τοῦ
2498 2452 2623 2496 κατὰ
2670 2452 2762 2509 τὴν
2811 2449 3016 2514 διδαχὴν
3063 2452 3233 2498 πιστοῦ
3288 2449 3482 2513 λόγου,
3555 2451 3751 2499 δυνατόν
3792 2451 3860 2495 καὶ

2170 2538 2473 2602 παρακαλεῖν
2523 2538 2572 2586 ἐν
2605 2541 2669 2598 τῆ
2702 2538 2987 2602 διδασκαλίᾳ
3022 2541 3086 2599 τῆ
3125 2538 3439 2603 ὑγιαινούσῃ,
3484 2543 3571 2588 καὶ
3616 2542 3723 2594 τοὺς
3753 2539 3860 2586 ἀντι-

2168 2623 2400 2686 λέγοντας
2470 2624 2690 2690 ἐλέγχειν
2755 2628 2878 2688 μετὰ
2940 2628 3099 2686 πάσης
3183 2642 3493 2690 πρᾳοτητος·
3590 2621 3676 2675 Ad
3775 2620 3860 2673 hoc

2171 2707 2469 2775 speculum
2499 2706 2546 2759 si
2571 2722 2692 2760 sese
2721 2707 3182 2778 contemplemur
3212 2708 3506 2780 episcopi,
3536 2713 3596 2764 et
3625 2708 3725 2780 qui
3745 2724 3860 2780 pra-

2171 2794 2397 2865 cipuam
2431 2795 2832 2866 episcoporum
2863 2795 3216 2850 functionem
3267 2803 3570 2868 occupant
3613 2798 3859 2865 theologi,

2167 2880 2425 2950 pudebit,
2451 2881 2675 2951 opinor,
2709 2883 2989 2952 quosdam
3020 2883 3109 2936 sui
3149 2884 3458 2954 supercilii
3503 2900 3637 2939 cum
3669 2884 3867 2939 inscitia

2168 2969 2493 3040 conjuncti:
2545 2970 2783 3041 pudebit
2825 2969 3058 3024 savitia
3105 2986 3236 3024 cum
3307 2971 3572 3044 impuris
3640 2974 3870 3027 moribus

2169 3058 2468 3128 copulata.
2499 3060 2575 3113 Ex
2595 3059 2724 3114 aliis
2748 3059 3053 3130 Augustini
3087 3058 3273 3114 Libris
3295 3061 3644 3132 perspicere
3676 3061 3868 3127 licebit,

2171 3146 2355 3216 qualis
2378 3145 2551 3200 fuerit
2580 3147 2764 3201 adhuc
2794 3147 2981 3201 infans
3011 3145 3071 3200 in
3120 3147 3398 3204 Christo:
3433 3167 3506 3204 ex
3539 3150 3689 3216 aliis,
3713 3149 3876 3220 qualis

2167 3233 2340 3288 fuerit
2388 3235 2635 3306 juvenis,
2695 3235 2882 3306 qualis
2924 3251 3133 3290 senex:
3185 3251 3253 3290 ex
3292 3238 3415 3292 hoc
3447 3255 3572 3292 uno
3604 3237 3874 3292 volumine

363 3345 458 3384 eas
511 3328 580 3382 de
621 3327 794 3382 rebus
847 3327 1298 3397 haudquaquam
1335 3325 1729 3393 familiaribus,
1763 3331 1889 3380 tum
1919 3343 2060 3398 quas
2089 3337 2130 3394 α
2169 3323 2346 3376 semel
2395 3329 2579 3378 totum
2619 3324 3005 3394 Augustinum
3042 3340 3386 3396 cognosces.
3427 3328 3742 3384 Uberiores
3769 3327 3879 3381 fru-

361 3417 574 3473 vellent
600 3417 672 3471 ab
700 3415 968 3470 omnibus
996 3415 1129 3485 legi.
1162 3413 1385 3468 Alicubi
1409 3419 1576 3486 putat
1606 3415 1906 3485 epistolam
1944 3433 2058 3471 non

359 3506 562 3573 videri,
615 3521 745 3577 qua
799 3521 917 3558 non
955 3504 1224 3575 praeferat
1267 3519 1482 3558 nomen
1529 3507 1585 3558 et
1627 3504 1947 3572 scribentis,
2003 3511 2058 3561 et

361 3596 485 3666 ejus
510 3595 578 3650 ad
627 3609 800 3665 quem
847 3593 1132 3647 scribitur.
1189 3593 1253 3646 Et
1281 3608 1416 3647 sane
1469 3595 1602 3646 sunt
1631 3592 1866 3664 aliquot,
1914 3610 2056 3664 quas

357 3699 491 3738 vere
539 3681 725 3754 possis
781 3681 1052 3751 epistolas
1109 3680 1319 3750 dicere,
1393 3679 1704 3734 referentes
1774 3680 2054 3734 familiare

358 3771 654 3842 quiddam,
686 3775 740 3824 et
768 3770 948 3824 instar
973 3769 1213 3824 humani
1242 3769 1530 3840 colloquii,
1563 3769 1696 3823 licet
1729 3784 2051 3840 perpauca.

355 3861 566 3916 Verum
595 3861 702 3914 hac
728 3859 796 3914 de
830 3875 890 3912 re
907 3858 1152 3912 liberum
1175 3862 1293 3912 esto
1323 3873 1488 3912 suum
1515 3857 1720 3928 cuique
1746 3857 2048 3928 judicium.

355 3950 506 4007 Illud
536 3949 720 4003 ausim
773 3946 1085 4014 affirmare,
1131 3963 1245 4000 non
1277 3946 1390 4000 alio
1416 3946 1475 4000 in
1508 3962 1680 4017 opere
1719 3947 1902 4018 magis
1929 3947 2052 4002 elu-

353 4054 574 4095 cescere
621 4035 962 4092 sanctissimi
1009 4035 1119 4090 viri
1164 4036 1456 4106 pietatem,
1513 4035 1832 4104 caritatem,
1884 4051 2052 4090 man-

353 4126 738 4193 suetudinem,
768 4123 1212 4191 humanitatem,
1244 4123 1598 4192 civilitatem,
1629 4124 1882 4179 studium
1926 4140 2051 4178 cre-

351 4217 458 4272 diti
486 4215 695 4287 gregis,
727 4230 984 4268 amorem
1015 4213 1354 4282 concordia,
1387 4217 1443 4267 et
1471 4213 1658 4267 zelum
1692 4213 1896 4267 domus
1926 4212 2047 4268 Dei.

351 4305 422 4359 Ut
450 4303 675 4373 satagit,
710 4306 776 4356 ut
796 4301 1049 4367 molitur,
1081 4306 1147 4354 ut
1173 4316 1232 4354 se
1260 4299 1430 4354 vertit
1453 4300 1514 4354 in
1555 4300 1772 4370 omnia,
1825 4300 2050 4371 quoties

348 4389 565 4444 affulsit
591 4389 784 4460 aliqua
813 4404 941 4458 spes
967 4387 1336 4459 pertrahendi
1365 4388 1454 4442 vel
1479 4403 1768 4458 paganum
1791 4389 1863 4443 ad
1883 4389 2043 4444 Chri-

348 4482 524 4546 stum,
572 4478 661 4532 vel
714 4476 1048 4531 hareticum
1106 4476 1177 4530 ad
1234 4475 1495 4530 Ecclesia
1521 4477 2036 4532 communionem?

348 4568 419 4622 Ut
475 4582 533 4621 se
589 4564 894 4633 submittit,
955 4570 1022 4620 ut
1079 4565 1271 4636 (juxta
1323 4564 1588 4633 Paulum)
1626 4569 1809 4619 mutat
1837 4581 2032 4620 vocem

2169 3415 2292 3464 ctus
2319 3410 2486 3466 nobis
2515 3410 2765 3466 dedisset
2788 3411 2928 3467 illud
2969 3411 3299 3484 ingenium,
3361 3415 3415 3470 si
3437 3415 3503 3470 in
3545 3417 3731 3482 Italia,
3762 3415 3878 3470 Gal-

2163 3497 2331 3563 liave,
2387 3500 2473 3552 vel
2518 3499 2696 3567 nasci,
2745 3500 2834 3554 vel
2890 3500 3078 3555 vivere
3116 3503 3500 3574 contigisset.
3557 3505 3740 3561 Rudis
3776 3507 3884 3558 erat

2163 3584 2370 3652 Africa,
2419 3587 2778 3657 voluptatum
2819 3587 2998 3658 avida,
3031 3589 3374 3646 studiorum
3410 3593 3683 3656 inimica,
3713 3591 3883 3646 curio-

2163 3691 2357 3729 sarum
2409 3691 2604 3730 rerum
2650 3681 2949 3747 appetens.
3005 3677 3164 3732 Unde
3211 3679 3586 3752 frequenter
3637 3685 3889 3737 exercent

2161 3763 2326 3817 illum
2357 3764 2771 3833 quastionibus
2797 3765 3145 3834 subfrivolis,
3176 3783 3290 3821 nec
3325 3773 3603 3826 multum
3646 3770 3888 3826 facienti-

2159 3849 2267 3904 bus
2307 3853 2375 3906 ad
2420 3852 2694 3923 pietatem
2719 3869 2732 3908 :
2776 3859 2833 3907 et
2861 3853 2934 3908 ad
2964 3871 3082 3909 sua
3110 3856 3306 3926 gentis
3341 3860 3604 3916 affectus
3627 3876 3781 3932 saepe
3808 3873 3890 3913 co-

2159 3939 2318 4010 gitur
2363 3947 2744 4012 attemperare
2783 3945 3088 3998 calamum.
3144 3946 3378 4003 Verum
3423 3951 3537 4004 tali
3598 3949 3890 4006 excolendo

2158 4028 2432 4084 senticeto
2467 4031 2568 4085 tali
2595 4048 2737 4103 opus
2765 4037 2889 4087 erat
2914 4033 3183 4103 agricola.
3219 4036 3608 4111 Quanquam
3641 4038 3890 4111 digniora

2157 4117 2303 4171 lectu
2329 4118 2646 4190 scripturus
2675 4125 2816 4188 erat,
2851 4120 2897 4174 si
2925 4124 3010 4175 vel
3041 4122 3112 4176 ad
3145 4123 3590 4183 Romanorum
3624 4135 3727 4182 aut
3757 4130 3892 4182 Gra-

2156 4221 2356 4260 corum
2379 4207 2596 4277 judicia
2624 4224 2682 4262 se
2713 4211 3146 4281 composuisset,
3176 4213 3270 4266 vel
3308 4215 3530 4271 minus
3571 4216 3890 4272 indulsisset

2156 4294 2505 4366 simplicium
2552 4298 2878 4368 imperitia.
2925 4298 3031 4354 Sed
3088 4300 3444 4359 Christiana
3478 4306 3705 4360 caritas
3754 4303 3894 4375 prius

2151 4382 2325 4438 habet
2344 4386 2611 4455 prodesse
2641 4402 2814 4457 quam
2843 4387 3127 4457 plurimis,
3158 4406 3352 4459 quam
3401 4395 3668 4464 probari
3707 4391 3890 4465 praci-

2152 4472 2304 4542 puis,
2346 4474 2612 4529 fraterna
2652 4476 2850 4529 salutis
2898 4493 3073 4547 quam
3117 4494 3236 4533 sua
3298 4484 3536 4551 gloria
3587 4483 3894 4539 sitientior.

2153 4561 2439 4626 Quosdam
2469 4569 2684 4631 autem,
2707 4565 2997 4636 pracipue
3031 4565 3454 4637 mulierculas,
3492 4573 3600 4644 pia
3641 4571 3892 4644 quadam

346 4670 531 4721 suam,
562 4653 933 4725 undiquaque
957 4669 1169 4708 venans
1189 4652 1542 4707 occasionem
1565 4654 1876 4709 excitanda
1907 4671 2041 4726 pro-
2080 4627 2124 4683 θ
2155 4650 2399 4706 habebat
2429 4652 2685 4720 ambitio,
2713 4653 3022 4723 pulchrum
3048 4671 3172 4709 esse
3202 4627 3551 4724 ducentes,
3589 4627 3892 4734 qlialecun-

340 4743 736 4815 pagandaque
765 4741 1018 4814 pietatis,
1051 4742 1377 4812 ubicunque
1407 4742 1601 4806 sentit,
1652 4742 1904 4815 aliquam
1935 4744 2038 4799 bo-

340 4849 433 4889 na
462 4832 672 4888 mentis
702 4830 1011 4886 scintillam
1061 4830 1352 4886 residere?
1395 4830 1501 4887 Cui
1536 4831 1910 4900 muliercula,
1947 4832 2040 4887 cui

340 4920 592 4993 plebeio,
647 4918 741 4974 cui
794 4918 999 4985 aulico,
1045 4918 1139 4972 cui
1182 4933 1430 4990 pagano,
1482 4917 1573 4972 cui
1602 4918 1889 4986 haretico,
1921 4935 2042 4975 non

338 5013 628 5081 prompte,
687 5012 1006 5076 mansuete,
1065 5007 1388 5078 blandeque
1442 5007 1792 5078 respondet?
1857 5008 2038 5073 Quam

341 5097 508 5152 anxia
535 5095 920 5152 sollicitudine
945 5111 1048 5166 pro
1079 5095 1549 5161 sceleratissimis,
1587 5112 1691 5150 nec
1717 5113 1832 5150 una
1854 5102 2038 5152 morte

339 5184 550 5254 dignis,
609 5183 1162 5240 circumcellionibus
1203 5183 1550 5238 intercedit?
1620 5183 1758 5249 Quis
1832 5186 2038 5256 majori

338 5271 528 5326 studio
569 5288 672 5342 pro
724 5273 841 5327 suis
885 5272 1082 5326 amicis
1134 5272 1535 5344 interpellavit,
1586 5288 1760 5343 quam
1788 5273 1883 5326 ille
1929 5291 2034 5344 pro

338 5359 455 5414 suis
502 5360 808 5416 hostibus?
852 5361 1075 5426 Quanto
1119 5361 1259 5415 nixu
1287 5360 1535 5431 parturit
1561 5377 1762 5415 omnes
1789 5361 2030 5431 Christo,

337 5463 514 5520 quam
539 5450 862 5520 gratulatur
889 5449 1370 5520 resipiscentibus,
1407 5465 1582 5521 quam
1611 5449 1848 5504 sollicite
1895 5468 2034 5523 pro-

337 5537 504 5609 spicit
550 5537 1024 5608 periclitantibus,
1075 5554 1250 5608 quam
1296 5538 1496 5594 sedulo
1543 5538 1707 5595 docet
1754 5544 2030 5608 errantes,

2152 4755 2263 4809 que
2285 4739 2561 4811 scriptum
2589 4741 2922 4812 impetrasse
2953 4744 3024 4798 ab
3053 4744 3362 4817 episcopo.
3406 4751 3504 4805 Ita
3537 4752 3768 4806 factum
3812 4753 3889 4802 est

2151 4832 2215 4882 ut
2239 4829 2377 4883 dum
2404 4829 2490 4883 vir
2520 4829 2649 4900 pius
2669 4832 2929 4887 omnium
2951 4833 3094 4887 votis
3121 4834 3532 4909 obsequitur,
3566 4842 3777 4898 minus
3817 4837 3890 4895 ali

2150 4917 2280 4972 cubi
2335 4917 2644 4974 satisfaciat
2697 4920 2896 4976 lectori
2945 4921 3272 4978 fastidiosa.
3360 4929 3486 4984 Vix
3551 4945 3892 5002 quemquam

2148 5005 2498 5060 crediturum
2552 5007 2780 5077 opinor,
2833 5016 3114 5081 quantum
3163 5009 3325 5067 mihi
3383 5019 3652 5075 sudoris
3705 5021 3894 5076 exhau

2148 5099 2301 5150 stum
2332 5094 2404 5149 sit
2431 5096 2490 5148 in
2521 5097 2788 5152 tollendis
2816 5098 3058 5164 mendis,
3093 5116 3158 5154 ac
3187 5107 3584 5171 reponenda
3625 5108 3891 5164 sermoni

2147 5183 2543 5240 confusissima
2567 5185 2951 5241 distinctione.
2983 5187 3089 5243 Sed
3162 5205 3231 5242 ea
3309 5191 3599 5253 demum
3663 5198 3893 5271 perfect

2149 5278 2234 5329 est
2263 5275 2647 5344 eleemosyna,
2679 5290 2807 5344 qua
2833 5275 3126 5330 confertur
3159 5280 3484 5338 nescienti
3515 5303 3532 5355 ;
3571 5289 3894 5360 generoSio

2145 5362 2341 5431 etiam,
2374 5379 2503 5435 qua
2536 5363 2830 5418 confertur
2875 5366 3172 5421 aversanti.
3209 5366 3369 5424 Haec
3405 5373 3670 5432 Christo
3703 5377 3894 5433 fenera

2144 5467 2294 5519 mus,
2339 5469 2457 5508 non
2501 5451 2868 5509 hominibus:
2921 5471 3168 5526 quorum
3219 5456 3336 5512 vix
3403 5466 3792 5523 credibilem
3848 5468 3894 5522 ir

2143 5541 2573 5612 gratitudinem,
2625 5541 2688 5599 in
2727 5542 2976 5600 nimium
3012 5544 3232 5610 multis,
3273 5554 3700 5627 experimur,
3733 5557 3894 5623 Quam
