3922 6188
91 299 160 352 241

88 435 209 494 quam
231 417 413 473 horum
438 411 653 468 malitia
693 427 1060 485 nequaquam
1102 431 1206 469 nos
1234 432 1267 469 a
1302 415 1697 473 benefaciendi
1728 420 1773 475 A

91 509 218 566 studio
234 503 514 561 deterrebit
533 518 818 573 unquam:
852 519 983 557 cum
1014 505 1244 574 Optimae
1269 505 1405 559 ﬁdei
1436 507 1695 561 debitore

90 600 200 656 nobis
221 612 298 650 res
324 598 421 648 est.
466 593 545 645 Ne
569 592 709 663 quid
739 591 1023 659 omittam,
1056 594 1125 647 ab
1184 595 1357 664 hujus
1386 596 1694 650 voluminis

90 689 187 742 calce
209 681 521 738 resecuimus
554 681 1011 752 loquacissimam
1041 684 1371 737 coronidem
1421 684 1524 737 sub
1554 685 1693 739 titu-

85 778 127 831 lis
164 771 344 844 Cyrilli,
412 770 598 824 subito
675 770 870 825 Latine
922 770 1230 841 loquentis,
1294 777 1349 826 et
1390 773 1695 843 Augustini

82 866 217 919 Greco
266 860 399 914 male
431 858 621 913 Latine
663 860 979 925 scribentis,
1011 860 1504 930 impudentissime
1550 877 1695 915 con-

76 947 419 1018 ﬁctamzcujus
455 951 651 1001 tamen
704 948 964 1018 legenda
1019 948 1067 1002 si
1122 965 1295 1019 quem
1345 949 1488 1003 forte
1539 952 1696 1003 tenet

74 1039 217 1105 libido,
246 1035 479 1106 reperiat
504 1036 654 1089 inter
691 1051 758 1090 ea
808 1052 939 1107 quae
992 1036 1107 1091 divi
1139 1038 1468 1107 Hieronymi
1522 1038 1695 1092 tomis

71 1128 274 1197 adjuncta
318 1130 462 1178 sunt.
504 1125 627 1179 Illic
657 1126 882 1195 expleat
925 1142 1045 1181 sese
1084 1126 1323 1194 affatim,
1357 1127 1456 1197 qui
1487 1126 1695 1181 talibus

68 1216 234 1287 capitur
271 1213 496 1268 deliciis.
560 1216 705 1280 Haec,
778 1215 1010 1269 cordate
1066 1216 1268 1279 lector,
1328 1215 1415 1269 fac
1473 1216 1694 1270 evolvas

69 1308 258 1358 attente:
308 1318 419 1356 non
485 1302 788 1372 paenitebit
847 1303 1125 1375 insumpti
1199 1304 1491 1374 temporis.
1546 1306 1694 1360 Bene

68 1394 166 1447 vale.
194 1393 299 1446 Dat.
332 1391 580 1456 Basileaa,
613 1408 763 1446 anno
790 1394 945 1446 l527.

262 1482 306 1535 J.
354 1482 751 1536 PHEHEPONI
786 1482 1449 1537 ANIMADVERSIONES

643 1586 697 1624 ιΝ
737 1587 1038 1625 EPISTOLAS.

108 1658 296 1728 Epistl
340 1657 366 1729 §
421 1662 476 1713 l.
531 1658 883 1715 Academicos
948 1675 1063 1728 ego,
1091 1675 1157 1714 ne
1205 1661 1346 1715 inter
1397 1660 1696 1730 jocandum

61 1747 241 1817 quidem,
265 1762 503 1816 unquam
551 1748 806 1802 lacessere
844 1748 1133 1814 auderem;
1185 1749 1403 1818 quando
1433 1751 1574 1803 enim
1614 1765 1697 1803 me

60 1842 269 1889 tantorum
291 1839 535 1890 virorum
561 1853 667 1891 non
710 1841 941 1891 moveret
971 1839 1301 1902 auctoritas;
1337 1840 1449 1892 nisi
1476 1852 1559 1892 eos
1586 1854 1698 1907 pu-

59 1930 181 1979 tarem
214 1925 352 1993 longe
397 1927 465 1979 in
514 1928 646 1994 alia,
687 1942 851 1994 quam
893 1928 1054 1994 vulgo
1099 1927 1362 1980 creditum
1398 1930 1494 1994 est,
1524 1929 1697 1993 fuisse

58 2014 315 2085 sententiaij
369 2015 603 2081 Quando
631 2014 724 2069 hic
759 2019 862 2080 est,
921 2018 1020 2068 aut
1074 2031 1180 2085 pro
1237 2016 1525 2083 quomodo;
1585 2016 1695 2083 vel,

57 2106 222 2155 mutata
246 2101 698 2173 interrogatione
726 2106 976 2173 negante
1009 2100 1068 2155 in
1098 2101 1416 2172 simplicem
1448 2103 1697 2157 afﬁrma-

56 2188 237 2255 tionem,
286 2190 527 2261 perinde
559 2193 644 2243 est
698 2205 761 2243 ac
791 2188 837 2242 si
894 2189 1155 2244 dixisset:
1206 2205 1414 2259 semper
1464 2207 1547 2245 me
1590 2205 1693 2245 mo.

55 2282 170 2343 reret,
197 2282 289 2333 etc.
320 2278 541 2333 Sensus
562 2281 675 2332 est:
708 2282 897 2331 motus
927 2278 1165 2332 fuissem
1197 2279 1535 2333 auctoritate
1564 2284 1695 2333 tan-

55 2370 191 2419 torum
224 2366 499 2431 virorum,
560 2381 663 2421 nec
718 2382 918 2421 eorum
976 2366 1316 2421 sententiam
1365 2384 1698 2439 oppugnare

65 2469 179 2507 ausus
201 2470 385 2522 essem,
426 2453 548 2508 nisi
579 2454 725 2508 mibi
764 2458 1051 2508 constaret
1076 2453 1247 2508 aliam
1296 2454 1491 2518 fuisse,
1524 2455 1695 2509 adeo-

1734 1703 1776 1759 Β

64 2559 133 2612 que
155 2559 247 2608 me,
279 2544 410 2598 dum
441 2542 758 2614 aggredior
793 2543 854 2597 id
901 2542 1056 2613 quod
1112 2543 1355 2597 sensisse
1405 2543 1693 2605 dicuntur,

60 2634 362 2698 eorumlvera
420 2618 702 2703 dogmata
757 2646 1124 2701 nequaquam
1173 2630 1471 2702 attingere.
1533 2633 1696 2687 Certe

57 2719 335 2789 Augustinus
391 2721 496 2775 lib.
556 2738 638 2785 ιιι,
686 2723 770 2786 17,
817 2719 1007 2790 operis
1062 2723 1258 2774 contra
1306 2719 1695 2788 Academicos,

62 2808 241 2861 ostendit
284 2808 677 2863 dissimulasse
734 2824 829 2861 eos
866 2822 1029 2861 suam
1062 2808 1424 2871 sententiam,
1456 2824 1561 2862 nec
1590 2807 1697 2861 mi-

66 2909 131 2947 nus
160 2897 489 2967 dogmaticos
542 2897 735 2963 fuisse,
792 2913 968 2968 quam
1015 2901 1252 2951 caeteros
1301 2897 1695 2968 philosophos.

68 2982 196 3039 Sedet
218 2987 316 3041 hoc
344 2987 415 3042 ad
448 2988 609 3042 hunc
628 2987 817 3041 locum
846 2987 1283 3051 observandum,
1316 2986 1697 3054 Augustinum
1735 2993 1774 3049 C

58 3077 199 3141 postea
220 3075 575 3145 paenituisse,
632 3075 787 3147 quod
834 3072 1194 3145 usque’adeo
1224 3074 1519 3129 extulisset
1564 3091 1696 3129 aca-

56 3160 256 3217 demicos.
286 3165 420 3219 Vide
444 3166 695 3219 Retract.
733 3164 831 3217 lib.
857 3180 897 3231 1,
929 3179 1087 3217 num.
1119 3164 1173 3218 4.

103 3250 213 3306 Ibid.
238 3255 349 3309 Erit
368 3256 512 3309 mihi
532 3257 669 3308 satis
692 3254 1001 3319 congruisse
1029 3252 1375 3322 temporibus,
1407 3255 1468 3306 ut
1494 3253 1546 3306 si
1564 3251 1701 3323 quid

52 3342 255 3396 sincerum
282 3344 345 3398 de
373 3346 533 3410 fonte
582 3342 858 3397 Platonico
915 3344 1119 3409 ﬂueret,
1182 3343 1324 3394 inter
1373 3342 1625 3395 umbrosa
1650 3346 1700 3395 et

53 3430 216 3494 spinosa
248 3433 482 3499 dumeta,
509 3434 697 3501 potius
728 3433 787 3484 in
808 3433 1111 3500 pastionem
1134 3432 1587 3499 paucissimorum
1599 3431 1700 3484 ho-

52 3520 205 3572 minum
222 3521 526 3591 duceretur,
557 3536 723 3591 quam
746 3535 847 3589 per
875 3524 1064 3589 aperta
1086 3535 1336 3585 manans,
1368 3520 1700 3574 irruentibus

46 3610 201 3671 passim
223 3611 525 3679 pecoribus,
556 3611 704 3664 nullo
735 3610 890 3664 modo
932 3613 1113 3678 posset
1167 3609 1439 3678 liquidum
1464 3624 1701 3678 purum-

46 3709 119 3761 que
173 3700 404 3770 servari.]
468 3701 620 3770 Lege
680 3700 954 3768 potionem
1004 3700 1104 3751 aut
1150 3696 1506 3766 potationem,
1565 3712 1700 3751 nam

47 3779 219 3851 liquore
242 3792 519 3856 potamur,
555 3803 671 3841 non
699 3789 997 3856 pascimur.

95 3871 205 3928 Ibid.
225 3876 415 3932 Contra
463 3876 738 3945 ejusmodi
766 3876 1002 3930 homines
1032 3874 1222 3943 opinor
1272 3888 1364 3941 ego
1393 3873 1545 3929 illam
1584 3875 1701 3927 uti-

44 3960 135 4013 liter
154 3968 501 4032 eacogitatam
541 3966 649 4019 Dei
666 3966 781 4019 veri
810 3969 983 4019 artem
1016 3978 1078 4018 ac
1135 3959 1450 4033 rationem]
1503 3961 1702 4015 Credi-

44 4047 181 4106 derim
209 4055 477 4127 scriptum
502 4056 574 4110 ab
611 4055 929 4125 Augustino
959 4052 1131 4107 fuisse
1172 4052 1535 4107 abscondendi
1564 4053 1701 4119 veri,

42 4142 173 4207 atque
197 4143 401 4198 extritis
433 4143 621 4198 tribus
647 4141 941 4213 prioribus
970 4139 1220 4211 syllabis,
1270 4156 1399 4193 cum
1444 4155 1702 4210 superes-

43 4230 146 4281 set.
185 4272 196 4283 .
237 4273 248 4284 .
291 4274 300 4285 .
336 4233 396 4286 di
424 4235 564 4297 veri,
615 4231 989 4300 exscriptores
1016 4229 1323 4283 monachos
1369 4228 1566 4283 fecisse
1598 4230 1706 4282 Dei

42 4316 141 4367 reri.
185 4318 406 4390 Alioqui
464 4320 514 4374 si
550 4335 684 4373 vera
735 4319 855 4373 haec
885 4318 959 4371 sit
987 4316 1174 4381 lectio,
1218 4317 1524 4371 dicendum
1571 4316 1701 4386 erit,

44 4399 123 4454 hoc
142 4403 195 4458 in
220 4406 338 4461 loco
369 4406 659 4480 respicere
697 4406 1085 4478 Augustinum
1114 4405 1185 4459 ad
1213 4407 1535 4476 parabolas,
1575 4405 1700 4477 qui-

44 4486 123 4543 bus
147 4495 397 4551 utebatur
428 4496 709 4564 Christus,
742 4512 812 4550 ne
838 4496 1076 4550 arduam
1104 4494 1403 4549 veritatem
1433 4494 1704 4549 deriden-

45 4576 146 4634 dam
172 4582 435 4654 objiceret
467 4583 824 4639 multitudini
870 4599 989 4638 non
1036 4582 1172 4637 satis
1219 4582 1523 4653 religiosae.
1582 4583 1704 4647 Qua

42 4666 94 4721 de
117 4686 166 4724 re
194 4674 312 4729 vide
334 4675 536 4729 Matth.
564 4690 679 4742 xui,
714 4677 769 4729 11
807 4678 865 4728 et
893 4688 1077 4744 seqq,
1134 4676 1305 4744 atque
1336 4672 1409 4727 ad
1438 4687 1571 4727 eum
1618 4673 1701 4725 lo-

42 4771 143 4811 cum
168 4760 523 4834 interpretes.

98 4847 214 4905 lbid.
246 4853 501 4909 Amicuto
530 4853 815 4923 corporis]
843 4853 960 4907 Hoc
987 4855 1092 4917 est,
1123 4850 1298 4922 pallio
1350 4853 1515 4904 tenus
1572 4849 1701 4921 phi-

44 4932 285 5008 losopaos,
334 4943 437 5014 qui
468 4942 613 4997 nihil
666 4941 954 4997 habebant
1009 4939 1468 5012 philosophicum
1498 4944 1705 5009 praeter

43 5024 305 5084 amiculum
318 5071 334 5086 .

100 5113 251 5182 Epist.
283 5121 334 5183 3,
364 5117 393 5189 §
430 5122 479 5173 1.
524 5120 690 5184 Quem
720 5120 875 5174 Plato
911 5117 1182 5188 noverat.]
1217 5115 1489 5187 intelligit
1516 5116 1705 5171 ideam

47 5195 257 5259 hominis
309 5206 713 5278 intelligibilis,
766 5223 938 5278 quam
992 5208 1151 5261 Plato
1208 5205 1315 5259 sibi
1370 5205 1564 5259 animo
1619 5205 1703 5259 ef-

47 5286 263 5349 ﬂuxerat.
296 5297 439 5351 Vide
472 5303 667 5352 contra
690 5297 1059 5352 Academicos
1088 5297 1189 5350 lib.
1224 5313 1301 5363 ιιι,
1335 5311 1458 5366 cap.
1494 5299 1576 5350 l7.

98 5380 249 5452 Epist.
280 5389 335 5445 7,
367 5383 396 5456 §
430 5388 485 5440 3.
516 5389 742 5453 Anima,
780 5390 1109 5457 priusquam
1147 5400 1365 5455 corpore
1393 5389 1581 5439 utatur
1634 5383 1707 5439 ad

45 5480 231 5536 ’ῖθτροτα
273 5474 580 5539 sentiendo,
634 5476 818 5531 eadem
877 5491 1103 5546 corpora
1168 5474 1467 5541 imaginari
1512 5476 1703 5542 potest.

48 5558 126 5605 'Ilt'.
182 5561 270 5612 llic
298 5562 557 5632 loquitur
585 5564 933 5633 Augustinus
988 5580 1055 5617 ex
1109 5563 1373 5633 dogmate
1432 5561 1707 5627 Platonis,

806 287 1167 345 VABIORUM
1208 288 1810 350 EXERCITATIONES
1847 295 1915 349 IN
1955 297 2011 351 S.
2050 296 2424 353 AUGUSTINI
2461 296 2715 355 OPERA.

1743 4281 1783 4335 D

3413 306 3520 361 242

1811 418 1912 490 qui
1941 418 2303 475 existimabat
2330 423 2549 475 mentes
2599 421 2883 477 humanas
2925 420 3088 492 prius
3133 420 3306 479 fuisse
3343 440 3518 495 quam

1811 508 2296 578 conjungerentur
2324 525 2453 563 cum
2477 511 2841 580 corporibus.
2872 511 3010 565 Vide
3038 511 3281 566 Retract.
3333 513 3437 568 lib.
3477 531 3517 580 1,

1803 610 1906 665 cap
1942 599 1991 657 1,
2023 611 2183 648 num.
2214 599 2274 663 3;
2336 601 2391 649 et
2421 597 2518 650 lib.
2575 613 2653 651 x11
2683 598 2751 651 de
2786 597 2899 653 Civ.
2930 599 3049 665 Dei,
3083 616 3207 670 cap.
3240 603 3327 655 26.
3388 601 3520 657 Ori-

1804 698 1976 753 genes
2007 687 2063 737 et
2081 683 2345 736 nonnulli
2376 684 2473 736 alii
2502 686 2699 738 Patres
2746 686 2894 751 eam!
2918 688 3259 741 sententiam
3294 704 3362 743 ex
3392 690 3516 743 Pla-

1803 774 1940 824 tone
1991 770 2321 825 hauserant.
2382 772 2551 825 Adito
2594 777 2652 826 et
2695 773 2977 828 illustriss.
3018 776 3079 829 P.
3137 778 3280 833 Dan.
3328 777 3519 833 Huetii

1806 858 2290 928 Origenianorum
2317 858 2413 913 lib.
2445 876 2506 928 ιι,
2545 860 2753 924 Quaest.
2783 863 2835 915 6.

1876 946 2049 1015 Epist.
2078 949 2131 1010 8,
2166 946 2193 1016 ἓ
2229 950 2276 1000 1.
2306 948 2429 1012 Qua
2458 952 2596 1012 arte,
2648 949 2845 1016 quibus
2888 953 3205 1021 manganis,
3254 953 3516 1022 quibusve

1804 1034 2199 1101 instrumentis,
2264 1040 2360 1089 aut
2419 1035 2880 1108 medicamentisﬂ
2963 1040 3079 1093 Hoc
3148 1044 3228 1094 est
3293 1042 3514 1096 artibus

1805 1122 1986 1191 miris,
2028 1124 2226 1193 quales
2264 1127 2398 1177 sunt
2436 1124 2947 1194 praestigiatorum.
2978 1129 3285 1199 Hesychius
3319 1146 3332 1185 :
3386 1140 3516 1203 Μάγ-

1804 1235 1946 1281 γανα,
1999 1220 2250 1283 φάρμακα,
2310 1220 2498 1280 δίκτυα,
2546 1221 2878 1283 γοητεύματα.
2944 1216 3355 1287 Interpretatur
3434 1225 3515 1275 tao

1805 1315 1939 1354 men
1996 1304 2052 1354 et
2098 1309 2477 1373 μηχανεύματα,
2535 1303 2979 1358 machinationes.
3047 1305 3184 1359 Inde
3250 1316 3516 1377 μαγγανεία

1805 1391 2090 1462 significat
2144 1400 2391 1461 γοητείαν,
2462 1396 2527 1446 ut
2602 1392 2765 1447 docet
2818 1392 3021 1448 Suidas
3085 1411 3154 1450 ex
3222 1399 3512 1470 Procopio.

1806 1481 1937 1535 Haec
1972 1481 2169 1535 omnia
2197 1482 2327 1535 ﬁcta
2355 1481 2622 1536 videntur
2650 1499 2682 1536 a
2731 1498 2866 1537 voce
2897 1492 3065 1554 μάγος.
3099 1485 3309 1541 Glossse
3363 1492 3515 1544 vete-

1805 1587 1896 1624 res
1966 1570 2183 1625 habent
2238 1570 2409 1625 etiam
2476 1570 2626 1625 hanc
2678 1586 2879 1627 vocem
2955 1572 3188 1627 Latine:
3236 1582 3515 1645 Μάγγανον,

1806 1674 2154 1727 manganum.

1878 1748 2051 1818 Epist.
2080 1751 2166 1817 10,
2197 1747 2225 1818 §
2253 1752 2306 1803 2.
2352 1749 2610 1817 Deiﬁcari
2658 1751 2800 1803 enim
2845 1750 3093 1819 utrisque
3126 1752 3185 1804 in
3230 1753 3340 1806 otio
3392 1752 3516 1807 lice-

1809 1837 1919 1891 bat.
1981 1838 2098 1891 Hoc
2144 1841 2243 1903 est,
2304 1839 2421 1892 Deo
2464 1837 2681 1893 similes
2733 1838 2881 1906 ﬁeri,
2933 1839 3086 1910 quod
3143 1848 3362 1897 Θεοῠσθαι
3407 1841 3515 1895 fre-

1808 1930 2051 1998 quenter
2102 1926 2279 1981 Graeci
2334 1928 2527 1980 Patres
2588 1931 2804 1982 vocant.
2852 1927 3064 1982 Eodem
3117 1944 3287 1983 sensu
3329 1946 3391 1984 ac
3422 1930 3514 1985 hic

1805 2014 2176 2086 Augustinus,
2211 2000 2517 2086 Gregorius
2546 2016 2937 2072 Nazianzenus
2960 2021 3121 2072 vocat
3146 2018 3515 2073 solitudinem

1808 2112 2045 2174 θεοποιὸν,
2096 2105 2362 2174 deiﬁcum,
2434 2104 2600 2159 initio
2670 2111 2814 2160 orat.
2874 2109 2929 2161 2.
2993 2106 3143 2163 Alibi
3211 2123 3327 2162 non
3390 2123 3519 2162 raro

1805 2192 2088 2247 similibus
2141 2193 2527 2250 locutionibus
2581 2193 2793 2262 utitur;
2826 2197 3000 2265 ut_et
3044 2194 3366 2266 Dionysius,
3416 2193 3519 2265 qui

1808 2281 2018 2337 dicitur
2045 2283 2411 2354 Areopagita.

1875 2370 2049 2441 Epist.
2087 2373 2171 2437 14,
2219 2371 2247 2442 §
2294 2374 2347 2427 2.
2380 2374 2604 2428 Remove
2642 2387 2740 2428 nos
2781 2377 2832 2428 et
2860 2388 3001 2443 pone
3050 2372 3339 2429 Glauciam
3378 2387 3519 2443 pro-

1804 2460 1925 2525 lem,
1954 2460 2096 2513 nihil
2118 2462 2310 2528 egeris.
2341 2461 2548 2531 Quippe
2583 2462 2669 2516 his
2715 2463 2883 2516 etiam
2926 2464 3222 2517 simillimis
3259 2466 3414 2516 tanta
3441 2465 3521 2516 est

1803 2549 2113 2613 necessitas,
2165 2552 2227 2602 ut
2259 2551 2483 2617 proprie
2513 2554 2849 2617 moveantur,
2882 2555 3090 2620 qnanta
3119 2552 3232 2617 fuit
3282 2554 3343 2604 ut
3398 2551 3516 2604 sin-

1804 2637 1923 2705 guli
1948 2634 2335 2707 nascerentur.]
2384 2637 2608 2692 Glaucia
2641 2638 2820 2706 proles
2870 2637 3235 2708 proverbium
3276 2640 3379 2703 est,
3411 2636 3516 2691 du-

1805 2728 1956 2778 ctum
1982 2741 2015 2778 a
2047 2724 2237 2778 Glauci
2267 2724 2456 2778 nescio
2486 2724 2647 2795 cujus
2677 2725 2938 2795 gemellis
2971 2725 3126 2791 filiis,
3155 2730 3211 2779 et
3240 2724 3517 2779 omissum

1809 2811 2342 2883 parmmiographis.

1874 2900 2107 2971 Ibid.,§
2167 2904 2218 2956 3.
2268 2902 2571 2956 Proceritas
2623 2903 2801 2957 Naevii
2864 2901 3003 2970 pede
3044 2903 3301 2970 longioris
3352 2917 3516 2971 quam

1805 2993 2002 3059 quiest
2022 3004 2115 3044 seu
2145 2987 2532 3062 longissimus]
2572 2989 2748 3044 Locus
2796 2993 3121 3061 corruptus.
3186 2990 3517 3061 Legendum

1806 3094 1969 3148 quam
1997 3080 2094 3147 qui
2121 3083 2199 3133 est
2224 3094 2292 3132 ea:
2321 3079 2672 3147 longissimis.
2702 3078 3019 3133 Columella
3071 3078 3141 3133 de
3190 3080 3257 3133 B.
3301 3080 3374 3133 Β.
3413 3078 3512 3133 lib.

1804 3184 1885 3235 ιιι,
1914 3183 2036 3237 cap.
2074 3169 2134 3221 8:
2184 3168 2327 3223 Nam
2378 3168 2519 3222 etM
2571 3167 2781 3221 Tullius
2841 3167 3040 3233 Cicero,
3100 3166 3307 3237 inquit,
3364 3168 3516 3221 testis

1804 3260 1882 3309 est
1917 3257 2219 3311 Romanum
2254 3256 2429 3321 fuisse
2475 3256 2640 3309 civem
2693 3254 2951 3324 [Naevium
3005 3254 3325 3318 Pollionem,
3383 3252 3517 3322 pede

1807 3344 2099 3410 longiorem
2155 3358 2320 3411 quam
2351 3358 2672 3413 quemquam
2723 3342 3114 3409 longissimum.
3168 3341 3346 3411 Hujus
3393 3355 3514 3393 me-

1807 3431 1978 3486 minit
2005 3431 2178 3497 etiam
2211 3431 2430 3485 Plinius
2462 3431 2603 3486 Hist.
2636 3439 2756 3487 nat.
2789 3431 2886 3485 lib.
2920 3446 3017 3495 vn,
3050 3445 3175 3499 cap.
3212 3433 3298 3483 16.

1877 3520 2041 3589 Ibid.,
2076 3519 2103 3591 ἓ
2135 3523 2188 3575 4.
2220 3522 2502 3576 Rationem
2531 3519 2857 3589 contineat.]
2918 3520 3032 3573 Hoc
3062 3522 3165 3581 est,
3216 3522 3283 3571 ut
3312 3518 3510 3588 loque-

1807 3608 2017 3663 bantur
2070 3608 2262 3676 Stoici,
2296 3618 2625 3682 σπερματικὸν
2649 3616 2814 3679 λόγον,
2859 3610 3124 3663 rationem
3182 3607 3510 3661 seminalem.

1810 3698 1948 3752 Vide
1994 3697 2318 3769 [Diogenem
2376 3698 2684 3766 Laertium,
2735 3698 2836 3754 lib.
2902 3714 2997 3764 vn,
3049 3694 3077 3766 §
3141 3697 3237 3750 135
3281 3698 3337 3748 et
3394 3696 3512 3749 l36.

1809 3788 1970 3843 Idem
2014 3787 2293 3845 Platonici
2324 3788 2603 3843 vocabant
2629 3788 2827 3855 ideam,
2863 3802 2962 3840 seu
2994 3784 3285 3855 exemplar
3307 3782 3518 3838 intelli-

1810 3875 1986 3947 gibile
2019 3876 2087 3930 ad
2115 3876 2269 3947 quod
2298 3875 2541 3946 singulae
2588 3875 2804 3947 species
2856 3877 2991 3929 sunt
3021 3872 3205 3928 factas.
3241 3872 3375 3926 Vide
3406 3872 3515 3927 Re-

1810 3968 1967 4019 tract.
1991 3965 2092 4019 lib.
2124 3982 2163 4028 1,
2197 3980 2319 4035 cap.
2358 3967 2409 4030 3,
2450 3980 2609 4019 num.
2642 3969 2697 4019 2.

1882 4052 2024 4107 Ibid.
2078 4054 2215 4107 Jam
2266 4055 2583 4108 excesserim
2634 4051 2921 4121 Naevium]
2978 4051 3094 4106 Hoc
3148 4053 3251 4115 est,
3296 4051 3515 4103 tantam

1813 4140 2111 4213 epistolam
2139 4141 2484 4212 scripserim,
2509 4146 2573 4195 ut
2591 4144 2750 4194 tanto
2776 4143 3009 4194 caeteras
3026 4141 3276 4209 superet,
3301 4140 3515 4207 quanto

1811 4230 2041 4287 Naevius
2070 4230 2212 4285 alios
2238 4228 2518 4284 homines.
2549 4229 2685 4284 Vide
2713 4228 2786 4283 ad
2816 4226 3131 4299 superiora.

1886 4318 2061 4389 Epist.
2101 4321 2185 4384 16,
2220 4320 2324 4386 §2.
2359 4319 2565 4372 Horum
2593 4316 2772 4385 busta,
2839 4318 2888 4371 si
2936 4318 3232 4370 memoratu
3289 4313 3517 4381 dignum

1810 4411 1907 4476 est,
1953 4407 2207 4474 neglectis
2264 4406 2527 4475 majorem
2575 4420 2795 4460 suorum
2853 4404 3126 4474 manibus,
3184 4404 3342 4458 stulti
3392 4405 3517 4469 fre-

1812 4498 2100 4566 quentant:
2131 4497 2213 4549 ita
2236 4498 2297 4548 ut
2319 4496 2656 4564 praesagium
2683 4497 2827 4548 vatis
2858 4495 3008 4547 illius
3038 4493 3260 4562 indigne
3288 4493 3517 4559 ferentis

1812 4586 2068 4639 emineat:
2102 4585 2284 4654 Inque
2316 4584 2494 4638 Deum
2523 4582 2752 4653 templis
2777 4582 2993 4653 juravit
3021 4584 3205 4637 Roma
3252 4597 3356 4652 per
3395 4596 3521 4635 um-

1812 4672 1988 4745 bras]
2027 4672 2355 4742 Legendum
2395 4671 2637 4741 jurabit,
2664 4675 2728 4725 ut
2758 4672 2909 4742 apud
2942 4672 3255 4732 Lucanum,
3314 4669 3433 4725 Lib.
3461 4685 3516 4735 v,

1811 4763 1936 4827 454,
1969 4776 2104 4815 nam
2130 4760 2285 4814 hunc
2307 4773 2533 4813 versum
2564 4759 2783 4830 profert
2811 4759 3196 4813 Madaurensis
3236 4760 3520 4813 Gramma-

1815 4849 1985 4916 ticus,
2018 4864 2138 4902 non
2187 4846 2351 4918 quasi
2390 4847 2806 4902 describentem
2836 4862 2961 4902 rem
2991 4847 3365 4919 praeteritam,
3418 4846 3519 4899 sed

1814 4936 1980 5008 quasi
2009 4936 2095 4991 rei
2140 4936 2348 4991 futuras
2403 4935 2774 5007 praesagium.
2814 4937 2887 4991 At
2916 4950 3091 5007 prava
3127 4932 3517 5005 pronuntiatio

1813 5041 2034 5094 eorum,
2069 5025 2167 5097 qui
2199 5026 2229 5078 b
2251 5029 2307 5079 et
2342 5041 2374 5079 v
2405 5024 2851 5092 confundebant,
2876 5025 3064 5080 locum
3095 5021 3369 5092 corrupit.

1886 5114 2055 5183 Ibid.,
2089 5117 2197 5183 ξι.
2225 5116 2328 5169 Per
2382 5112 2562 5186 quos.]
2618 5116 2732 5168 Hoc
2778 5120 2877 5178 est,
2934 5127 3066 5183 quos
3124 5112 3348 5167 colentes
3388 5111 3516 5166 coli-

1814 5218 1932 5259 mus
1956 5208 2203 5257 eteorum
2228 5207 2463 5273 patrem,
2492 5203 2655 5274 quasi
2683 5203 2868 5257 cultus
2894 5202 3184 5256 minorum
3210 5199 3517 5255 numinum

1815 5292 1877 5346 in
1927 5291 2099 5346 unius
2140 5292 2352 5345 summi
2400 5292 2643 5362 gloriam
2692 5292 3081 5346 redundasset.
3136 5290 3257 5354 Qua
3295 5290 3516 5344 ratione

1817 5381 2251 5436 multitudinem
2309 5381 2549 5436 deorum
2620 5397 2855 5435 suorum
2908 5378 3245 5452 variumque
3300 5380 3515 5434 cultum

1818 5474 1952 5525 tunc
1982 5469 2256 5543 temporis
2288 5471 2632 5526 excusabant
2654 5468 2884 5524 ethnici.

1893 5562 2062 5630 Epist.
2135 5565 2215 5625 IT,
2278 5560 2304 5627 §
2391 5564 2444 5613 2.
2514 5558 2887 5629 Euccadiresj
2954 5559 3103 5613 Sam.
3187 5557 3513 5621 Bochartus,

2394 5598 2444 5613 η.
