3922 6188
291 296 396 350 243

1305 292 1856 349 SUPPLEMENTUM
1895 293 1985 347 AD
2022 292 2254 348 OPERA
2292 293 2347 346 S.
2389 287 2772 347 AUGUSTINI.

3702 282 3806 336 244

295 418 614 474 Chanaanis
666 418 753 473 sui
801 418 901 474 lib.
949 435 1008 485 ιι,
1056 432 1179 488 cap.
1239 421 1291 484 6,
1343 415 1661 488 suspicatur
1687 416 1998 488 legendum
2035 419 2077 474 A
2107 421 2355 478 libasset.
2393 419 2535 473 Nam
2587 416 2658 472 de
2698 410 2989 469 laboribus
3041 407 3500 480 Hieronymianis
3542 405 3808 479 judicare

295 508 572 576 encaddir,
606 509 712 562 hoc
741 513 843 574 est,
884 518 1021 567 una
1060 515 1197 593 tun
1250 506 1739 572 hhanouch-addir,
1795 509 1993 561 initia-
2099 514 2262 578 velle,
2308 509 2431 564 sine
2479 506 2776 575 utriusque
2810 502 2966 556 illius
3008 499 3243 570 Lingua
3287 497 3564 593 diligenti
3589 495 3804 593 studio,

297 601 381 652 tus
410 600 706 666 magniﬁci,
742 595 1015 650 nimirum
1037 598 1151 650 Dei.

2100 600 2336 674 perinde
2357 602 2439 652 est
2469 613 2534 652 ac
2563 595 2612 649 si
2641 609 2822 648 cacus
2878 596 3048 646 natus
3097 588 3168 642 de
3225 586 3511 641 coloribus
3543 585 3810 657 judicare

367 685 506 740 Ibid.
575 683 932 756 Abaddires]
999 695 1136 745 arm
1214 698 1288 745 ΞΝ
1360 685 1644 752 ab-addir,
1699 687 1782 738 est
1832 686 1997 754 pater
2102 671 2487 762 aggrediatur.
2519 684 2628 739 Sed
2655 683 2800 737 bene
2830 683 2917 734 est
2960 677 3112 749 quod
3158 674 3461 731 consilium
3523 671 3811 744 spreverit

297 773 655 844 magniﬁcus.
693 773 796 826 Vix
826 771 1165 826 crediderim
1210 771 1417 842 respici
1442 771 1510 826 ad
1555 771 1807 842 lapidem
1834 787 1866 824 a
1896 770 1996 824 Sa-

297 866 467 916 turno
497 859 862 930 deglutitum,
911 875 1041 914 cum
1071 858 1143 912 sit
1181 874 1369 913 sermo
1398 874 1518 912 non
1559 857 1628 911 de
1651 856 1875 924 Gracis,
1898 854 1997 909 sed

300 950 369 1004 de
398 948 624 1004 Punicis
655 947 1003 1002 nominibus.

368 1037 512 1092 Ibid.
543 1038 887 1106 Namphanio
926 1035 1063 1104 quid
1114 1034 1269 1090 aliud
1318 1037 1610 1103 signiﬁcat,
1662 1049 1824 1103 quam
1877 1033 2002 1086 boni

293 1128 450 1197 pedis
473 1128 737 1180 hominem
754 1125 804 1196 ?]
834 1114 1125 1179 Phoenicia.
1162 1134 1320 1186 πῖνε
1353 1136 1480 1188 DY:
1507 1123 1716 1178 naham
1743 1123 1997 1191 pahamo,

300 1215 585 1286 signiﬁcat
612 1217 836 1285 pulcher
873 1219 951 1268 est
974 1230 1070 1283 pes
1106 1214 1242 1282 ejus,
1271 1213 1682 1283 interpretibus
1730 1211 1915 1266 Petito
1946 1214 2003 1265 et
2053 1239 2062 1250 -

303 1305 600 1360 Bocharto.
638 1304 768 1357 Vide
794 1302 1188 1374 posteriorem,
1223 1302 1344 1356 loco
1373 1302 1623 1356 laudato.

375 1394 547 1463 Epist.
581 1395 670 1459 23,
721 1391 747 1462 ἓ
797 1396 847 1447 3.
892 1393 970 1445 De
1015 1391 1476 1446 circumcisione:
1531 1392 1640 1445 Hoc
1688 1390 2003 1446 Sacramen-

2107 761 2506 848 Hieronymus,
2549 773 2711 844 cujus
2756 767 3039 842 judicium
3092 769 3288 837 postea
3310 768 3504 819 secuta
3535 767 3624 818 est
3682 761 3810 817 uni-

2106 883 2268 922 versa
2298 863 2540 920 Ecclesia
2571 860 2787 916 Latina.

2178 956 2318 1010 Ibid.
2339 955 2486 1011 Satis
2525 956 2704 1006 autem
2749 948 2946 1004 mirari
2987 959 3208 1015 nequeo,
3235 945 3286 1000 si
3303 941 3520 1011 aliquid
3541 940 3728 996 adhuc
3757 942 3815 994 in

2108 1045 2382 1101 Hebraicis
2412 1039 2810 1111 exemplaribus
2829 1037 3133 1108 finuenitur,
3177 1032 3321 1102 quod
3370 1036 3446 1087 tot
3485 1033 3814 1100 interpretes

2107 1137 2256 1190 illius
2315 1133 2513 1200 lingua
2581 1129 2941 1200 peritissimos
3007 1123 3259 1193 fugerit]
3326 1123 3400 1176 At
3457 1119 3601 1175 falso
3659 1117 3815 1189 peri-

2108 1222 2355 1278 tissimos
2385 1217 2670 1274 Hebraica
2690 1217 2903 1286 lingua
2933 1214 3200 1284 putabat;
3233 1226 3366 1264 nam
3396 1225 3527 1263 cum
3553 1208 3658 1262 illa
3705 1206 3816 1261 lin-

2109 1328 2224 1383 gua
2243 1309 2461 1365 dudum
2488 1304 2873 1371 obsolevisset,
2897 1317 3028 1356 cum
3060 1301 3232 1354 Vetus
3277 1298 3710 1352 Testamentum
3755 1293 3816 1383 in

2110 1381 2360 1456 Cracam
2387 1395 2722 1451 translatum
2754 1395 2860 1456 est,
2893 1405 3001 1444 nec
3027 1385 3300 1441 methodo
3328 1385 3506 1438 ferme
3553 1383 3674 1436 ulla
3716 1381 3816 1435 ad-

305 1484 418 1536 tum
444 1480 744 1535 Jordanem
773 1481 996 1548 ﬂuvium
1028 1479 1375 1550 refrenavit.|
1430 1479 1604 1551 Atqui
1635 1478 1854 1532 manife:

2273 1488 2514 1542 fuissent
2559 1485 2643 1539 illi
2687 1483 3048 1552 interpretes,
3088 1475 3470 1548 posteriorum
3498 1470 3816 1543 diligentia

305 1572 391 1622 est
417 1568 682 1621 Hebraeos
711 1567 1029 1622 etiamnum
1068 1566 1493 1620 incircumcisos
1536 1567 1825 1637 trajecisse
1878 1567 2002 1619 Jor-

2111 1561 2293 1635 multa
2330 1573 2687 1632 emendanda
2725 1569 3146 1642 relinquebant.
3186 1565 3308 1630 Qua
3338 1563 3558 1617 ratione
3595 1561 3813 1614 factum

306 1657 532 1723 danem,
563 1672 628 1710 ex
657 1657 843 1710 Josuae
865 1673 988 1727 cap.
1019 1673 1072 1719 v,
1103 1658 1135 1708 2
1157 1661 1213 1709 et
1259 1671 1454 1726 seqq.;
1488 1655 1586 1709 sed
1616 1654 1855 1725 Augusti

2268 1671 2312 1720 1t
2335 1663 2592 1720 ducentis
2625 1660 2830 1716 abhinc
2873 1657 3058 1724 annis,
3089 1654 3188 1709 alii
3217 1667 3388 1724 super
3446 1650 3571 1704 aliis
3603 1648 3817 1704 Biblio-

304 1745 502 1800 fefellit
531 1745 829 1815 memoria,
875 1754 1062 1798 ratum
1113 1744 1396 1799 Israelitas
1443 1743 1875 1798 circumcisione
1903 1743 2000 1798 de-

305 1851 466 1890 mum
497 1839 755 1904 suscepta
782 1833 1072 1906 trajecisse
1098 1833 1427 1904 Iordanem,
1459 1849 1573 1905 qua
1605 1835 1674 1888 de
1701 1849 1868 1887 causa
1897 1849 2004 1904 pu-

307 1923 445 1978 tavit
471 1939 648 1994 aquas
669 1923 933 1977 Jordanis
958 1922 1196 1977 stetisse.

379 2013 545 2080 Ibid.,
579 2012 606 2082 §
638 2016 690 2066 6.
729 2014 997 2066 Tollamus
1051 2030 1086 2066 a
1115 2012 1288 2068 medio
1314 2014 1508 2067 inania
1536 2013 1762 2082 objecta,
1811 2026 1930 2081 qua
1971 2027 2006 2065 a

301 2101 558 2172 partibus
585 2104 854 2169 imperitis
897 2103 1106 2170 jactari
1133 2106 1321 2156 contra
1348 2104 1574 2156 invicem
1603 2103 1790 2166 solent,
1822 2115 1916 2155 nec
1948 2105 2008 2155 tu

309 2190 534 2260 objicias
565 2195 805 2259 tempora
833 2191 1206 2260 Macarianaj
1237 2189 1326 2245 Sic
1354 2190 1504 2244 dicta
1529 2207 1560 2243 a
1590 2189 1828 2244 Macario
1860 2190 2006 2244 Con-

310 2278 510 2333 stantis
537 2279 677 2350 imp.
702 2280 890 2350 Iegato
921 2279 1019 2350 qui
1040 2279 1357 2334 Donatistas
1373 2295 1488 2333 non
1503 2295 1742 2350 parvum
1764 2277 2004 2346 vexavit,

311 2383 463 2421 anno
495 2367 701 2423 Christi
728 2370 861 2436 348;
891 2368 964 2422 ad
993 2383 1166 2439 quem
1194 2367 1319 2424 vide
1343 2367 1674 2434 Baronium,
1707 2371 1807 2422 aut
1835 2367 2009 2438 Spon-

312 2458 548 2512 danum.

380 2547 526 2602 Ibid.
560 2544 1108 2619 Circumcellionum.]
1135 2545 1564 2601 Donatistarum
1587 2543 2007 2610 seditiosorum,

310 2635 410 2707 qui
435 2638 636 2691 circum
659 2636 819 2691 cellas
848 2636 1219 2706 vagabantur,
1253 2639 1309 2688 et
1337 2635 1559 2705 plebem
1590 2634 1657 2688 ad
1712 2649 1872 2688 arma
1900 2633 2014 2702 {ca-

311 2723 523 2794 pienda
563 2725 944 2780 hortabantur
970 2729 1168 2779 contra
1197 2723 1496 2794 prafectos
1549 2722 1730 2794 impp.
1778 2720 1912 2776 Vide
1943 2720 2013 2775 de

307 2811 378 2867 iis
409 2813 639 2868 eosdem
666 2814 735 2868 ad
763 2829 980 2868 annum
1019 2812 1228 2868 Christi
1251 2816 1373 2867 32L

379 2904 520 2960 Ibid.
539 2905 764 2959 Dictata
782 2905 1050 2958 divinitus
1071 2904 1235 2958 verba
1245 2901 1572 2973 credamus]
1599 2903 1664 2956 Ut
1683 2901 2016 2972 eloquentia

2112 1772 2240 1812 rum
2271 1755 2609 1824 interpretes
2644 1749 3021 1814 exstiterunt;
3053 1744 3155 1818 qui
3193 1759 3253 1797 se
3284 1739 3600 1796 accuratius
3641 1753 3820 1808 quam

2113 1843 2435 1916 superiores
2457 1857 2523 1895 ea
2559 1843 2775 1893 vertere
2817 1851 3003 1909 posse,
3054 1833 3176 1887 sine
3203 1830 3321 1886 ulla
3378 1826 3665 1898 superbia
3719 1828 3820 1878 aut

2113 1931 2455 1988 temeritatis
2486 1932 2640 1995 nota,
2691 1925 3110 1981 existimarunt.
3143 1920 3233 1975 Sic
3263 1917 3665 1983 fundamento,
3701 1929 3817 1986 quo

2114 2027 2234 2077 tota
2253 2017 2613 2075 ratiocinatio
2641 2012 2947 2085 Augustini
2975 2010 3199 2076 nititur,
3243 2007 3502 2070 subruto,
3535 2001 3821 2075 quidquid

2115 2106 2593 2182 superadiﬁcavit
2629 2106 2857 2160 corruat
2884 2113 3112 2156 necesse
3137 2100 3246 2153 est.
3282 2093 3594 2151 Audiamus
3623 2095 3824 2146 tamen

2115 2215 2243 2271 qua
2274 2198 2445 2254 habet
2471 2197 2532 2251 in
2563 2192 2948 2266 sequentibus.

2187 2290 2385 2345 Omitto
2408 2289 2550 2341 enim
2576 2285 2956 2354 Septuaginta,
2991 2279 3056 2334 de
3076 2289 3306 2349 quorum
3334 2273 3418 2328 vel
3442 2271 3682 2339 consilii,
3735 2269 3820 2323 vel

2116 2380 2344 2449 spiritus
2371 2376 2578 2445 majore
2597 2371 2899 2436 concordia,
2926 2383 3090 2438 quam
3115 2368 3166 2421 si
3187 2379 3325 2420 unus
3346 2364 3497 2418 homo
3525 2365 3681 2426 esset,
3714 2372 3825 2412 non

2118 2448 2287 2522 audeo
2314 2469 2372 2519 in
2395 2465 2641 2534 aliquam
2669 2465 2879 2530 partem
2912 2462 3111 2513 certam
3134 2457 3279 2522 ferre
3323 2452 3668 2515 sententiam,
3713 2448 3826 2500 nisi

2119 2555 2264 2626 quod
2311 2555 2385 2608 eis
2435 2552 2862 2622 praeminentem
2907 2546 3281 2602 auctoritatem
3344 2543 3404 2595 in
3456 2540 3551 2593 hoc
3579 2551 3822 2600 munere,

2118 2624 2233 2700 sine
2264 2643 2644 2706 controversia,
2698 2637 3041 2694 tribuendam
3069 2648 3179 2689 esse
3206 2627 3502 2702 existima]
3563 2624 3823 2697 Respicit

2121 2733 2194 2788 ad
2224 2730 2483 2803 putidam
2511 2729 2776 2784 fabellam
2808 2725 2878 2781 de
2911 2739 3193 2780 consensu
3244 2721 3370 2776 LXX
3412 2719 3814 2788 interpretum,

2123 2835 2297 2893 quam
2326 2818 2533 2873 merito
2569 2815 2747 2871 irrisit
2794 2813 3192 2884 Hieronymus,
3238 2813 3407 2879 atque
3454 2805 3825 2876 exploserunt

2117 2910 2239 2982 jam
2267 2924 2466 2964 omnes
2495 2905 2724 2961 eruditi.
2759 2905 2895 2959 Eam
2935 2903 3080 2973 lege,
3133 2900 3181 2953 si
3210 2901 3387 2966 vacat,
3421 2894 3576 2966 apud
3631 2894 3825 2982 ipsum

310 2994 483 3065 hujus
513 2994 692 3048 atatis
720 2993 998 3048 tumidior
1017 2999 1154 3046 erat.
1191 2991 1272 3045 ita
1300 2995 1358 3045 et
1386 2990 1637 3045 ofﬁciosa
1665 2989 1764 3044 illa
1810 2991 2014 3044 huma-
2056 3011 2095 3068 ρ
2124 2981 2530 3070 Augustinum,
2561 2995 2629 3049 de
2660 2993 2896 3048 Civitate
2928 2990 3030 3045 Dei
3061 2988 3158 3042 lib.
3197 3003 3350 3055 xvm,
3388 3000 3512 3054 cap.
3545 2983 3616 3037 42
3649 2985 3707 3034 et
3731 2981 3822 3070 Β.

310 3082 505 3136 uitatis
535 3083 724 3149 verba,
777 3081 988 3153 quibus
1032 3081 1205 3150 vulgo
1249 3080 1535 3146 utebatur,
1589 3083 1753 3134 erant
1805 3083 2013 3151 prater

309 3171 549 3226 modum
579 3169 967 3242 hyperbolice,
998 3174 1064 3223 ut
1117 3169 1331 3240 passim
1369 3168 1562 3223 videre
1605 3171 1690 3222 est
1717 3168 1777 3222 in
1805 3168 2013 3222 horum

309 3263 635 3330 temporum
667 3258 1057 3328 scriptoribus.
1092 3258 1206 3312 Hoc
1237 3257 1439 3311 eodem
1474 3273 1594 3311 avo
1642 3258 1873 3312 cmlestia
1904 3257 2012 3311 im-

310 3351 641 3416 peratorum
677 3345 970 3417 _rescripta
998 3345 1346 3400 dicebantur.
1381 3346 1603 3400 ccclesiis
1642 3346 1793 3415 aula,
1845 3350 1903 3400 et
1931 3345 2014 3399 di-

310 3438 514 3491 vinitas
543 3451 608 3490 ac
634 3437 908 3491 aeternitas
947 3434 1026 3488 eis
1057 3433 1492 3500 tribuebantur;
1543 3434 1698 3506 quod
1728 3433 2015 3490 docebunt

313 3523 577 3596 Epistola
606 3523 935 3595 Symmachi
964 3539 1061 3577 eos
1091 3523 1190 3595 qui
1225 3539 1347 3578 rem
1377 3523 1736 3578 notissimam
1774 3522 2013 3578 eruditis

312 3613 599 3684 ignorant.
643 3611 862 3668 Similia
891 3611 1062 3667 etiam
1092 3611 1304 3683 passim
1335 3616 1634 3667 occurrent
1669 3612 1731 3666 in
1755 3612 2013 3668 Theodo-

312 3701 470 3756 siano
518 3701 729 3756 codice.
788 3701 921 3772 Ejus
961 3717 1219 3772 operosa
1276 3705 1332 3756 et
1377 3701 1572 3756 nimiae
1639 3700 2013 3755 humanitatis

311 3790 598 3862 specimen
628 3790 722 3845 hic
765 3790 1044 3845 habemus
1071 3789 1316 3860 insigne,
1348 3789 1408 3843 in
1436 3789 1618 3860 {laude
1647 3788 2014 3860 hyperbolice.

311 3882 633 3952 primorum
661 3879 968 3952 Augustini
1006 3879 1378 3950 scriptorum;
1402 3895 1531 3950 qua
1561 3878 1822 3950 quamvis
1851 3893 2010 3948 sper-

312 3971 502 4025 nenda
547 3969 785 4024 minime
841 3969 975 4035 sint,
1034 3971 1284 4022 attamen
1337 3968 1694 4038 neOphytum
1743 3967 2008 4037 sapiunt,

310 4060 465 4131 quod
521 4075 638 4113 non
671 4061 842 4130 negat
871 4057 992 4130 ipse
1017 4056 1370 4129 Augustinus
1425 4057 1590 4112 initio
1643 4057 2012 4112 Retractatio-

307 4165 470 4204 num.
501 4148 671 4205 Moris
701 4149 937 4219 hujusce
985 4146 1348 4218 hyperbolice
1397 4145 1669 4200 laudandi
1699 4149 1756 4200 et
1790 4145 2011 4216 vitupe-

2123 3069 2235 3142 Ubi
2248 3086 2421 3140 etiam
2462 3085 2734 3154 rejectam
2764 3081 2926 3136 docet
2960 3078 3138 3150 ipsius
3179 3091 3299 3130 avo
3329 3073 3658 3129 versionem
3690 3069 3825 3124 Hie-

2120 3173 2364 3244 ronymi,
2394 3173 2640 3242 quamvis
2668 3169 2844 3225 Judzi
2899 3170 3204 3236 faterentur
3256 3179 3366 3220 esse
3405 3178 3672 3228 ueracem,
3721 3161 3827 3216 Se-

2116 3265 2411 3334 ptuaginta
2439 3276 2561 3316 vero
2582 3262 2905 3329 interpretes
2930 3260 2989 3312 in
3007 3258 3189 3312 multis
3202 3269 3410 3311 errasse
3422 3251 3822 3308 contenderent.

2123 3351 2336 3407 Dixerit
2363 3351 2508 3406 forte
2559 3349 2844 3421 quispiam
2887 3347 3189 3410 Aristeam,
3222 3344 3526 3400 Philonem
3576 3345 3638 3396 et
3678 3342 3829 3397 lose.

2118 3442 2300 3512 phum
2331 3440 2554 3495 Judaos
2582 3455 2775 3494 veram
2817 3436 3118 3492 historiam
3151 3451 3272 3490 esse
3301 3431 3638 3498 credidisse,
3694 3446 3827 3503 qua

2120 3532 2189 3587 de
2216 3545 2497 3586 consensu
2551 3529 2676 3584 LXX
2731 3527 3114 3598 interpretum
3168 3522 3543 3588 narrabatur;
3592 3519 3827 3574 univer-

2120 3635 2355 3691 samque
2386 3618 2688 3674 Ecclesiam
2722 3616 3102 3672 Christianam
3133 3613 3478 3684 Hieronymo
3538 3610 3829 3683 antiquio-

2118 3725 2243 3764 rem
2293 3709 2392 3762 illa
2427 3724 2548 3762 esse
2590 3723 2770 3761 usam.
2814 3705 2923 3762 Sed
2971 3709 3035 3760 ut
3061 3712 3264 3776 ὓστερον
3287 3710 3524 3775 πρότερον
3580 3714 3828 3771 respon-

2119 3797 2308 3864 deam,
2347 3796 2534 3852 dicam
2581 3795 2892 3867 apostolos,
2949 3793 3047 3866 qui
3078 3793 3229 3864 apud
3278 3793 3468 3849 Grace
3519 3791 3829 3862 loquentes

2120 3885 2486 3957 Evangelium
2528 3883 2885 3947 nuntiabant,
2917 3883 3016 3938 illa
3045 3898 3166 3939 esse
3197 3897 3329 3936 usos
3358 3879 3493 3953 quia
3521 3879 3689 3935 nulla
3715 3878 3828 3934 alia

2119 3977 2261 4038 erat,
2293 3977 2350 4027 et
2379 3973 2447 4027 ad
2493 3987 2778 4028 summam
2832 3970 3087 4026 historia
3143 3975 3200 4025 et
3246 3967 3540 4039 religionis
3571 3965 3828 4020 Iudaica

2119 4061 2272 4133 quod
2301 4060 2521 4128 attinet,
2571 4065 2628 4116 et
2655 4065 2938 4133 quatenus
2965 4059 3121 4114 utilis
3151 4062 3276 4113 erat
3292 4055 3706 4129 propagationi
3735 4071 3827 4109 re-

2119 4150 2351 4222 ligionis
2409 4149 2760 4218 Christiana,
2820 4148 2954 4203 satis
3006 4151 3130 4203 erat
3178 4147 3325 4213 ﬁda;
3382 4161 3502 4200 non
3530 4144 3671 4216 quia
3697 4157 3824 4198 eam

309 4239 480 4294 randi
507 4238 615 4292 nisi
667 4253 878 4310 gnarus
921 4236 995 4290 sit
1024 4237 1222 4302 lector,
1273 4251 1423 4307 sape
1449 4235 1511 4289 in
1539 4235 1608 4289 iis
1639 4233 2009 4306 scriptoribus
2048 4300 2083 4310 _
2116 4237 2268 4292 vitiis
2296 4238 2565 4293 omnibus
2595 4255 2786 4294 carere
2814 4239 3115 4310 putabant,
3141 4238 3424 4307 Certeinec
3452 4251 3521 4290 ex
3552 4249 3664 4288 usu
3685 4249 3824 4304 apo-

309 4327 543 4381 fallatur
581 4341 809 4381 necesse
838 4328 941 4380 est.
981 4325 1141 4388 Quod
1170 4324 1345 4378 semel
1372 4323 1658 4378 monuisse
1689 4322 1824 4377 satis
1877 4323 2002 4378 erit.
2048 4300 2090 4356 D
2119 4328 2416 4394 stolorum,
2475 4343 2580 4382 nec
2631 4344 2697 4382 ex
2729 4300 2861 4383 ullis
2902 4343 3100 4382 eorum
3156 4300 3362 4391 verbis,
3395 4323 3668 4394 colligere
3696 4300 3826 4378 licet

382 4415 552 4486 Epist.
587 4418 676 4483 26,
711 4414 739 4485 §
769 4417 820 4468 3.
855 4417 985 4484 Quis
1005 4428 1286 4467 numerum
1315 4413 1466 4467 dedit
1492 4414 1582 4467 ille
1610 4418 1757 4468 tonos
1771 4412 1824 4485 ἳ]
1865 4414 2012 4483 Lege

309 4485 471 4571 tonis,
495 4503 601 4558 hoc
629 4506 734 4570 est,
764 4501 973 4574 quibus
1009 4501 1210 4556 tribuit
1232 4517 1537 4555 numerum
1587 4501 1910 4570 tonitribus,
1951 4485 2029 4556 ut.

310 4608 507 4647 versus
551 4607 796 4663 sequens
845 4590 1114 4645 ostendit.
1156 4591 1390 4645 Videtur
1417 4590 1696 4663 respicere
1742 4592 1812 4647 ad
1838 4591 2013 4646 libros

313 4680 582 4736 Varronis
605 4681 674 4736 de
704 4680 930 4747 Musica,
963 4680 1036 4735 ad
1065 4696 1208 4751 quos
1244 4680 1647 4748 intelligendos
1674 4680 2013 4752 indiguisset

313 4768 600 4824 Licentius
619 4769 936 4839 Augustino
957 4766 1294 4838 interprete.

381 4858 554 4930 Epist.
587 4859 676 4920 28,
710 4857 738 4928 ἕ
767 4859 820 4912 2.
849 4858 934 4912 De
970 4857 1242 4912 vertendis
1275 4860 1452 4912 autem
1480 4859 1539 4911 in
1599 4857 1851 4913 Latinam
1905 4858 2012 4913 lin-

305 4963 472 5017 guam
527 4949 732 5004 sanctis
785 4945 1013 5002 Litteris
1056 4947 1348 5014 canonicis,
1399 4946 1647 5002 laborare
1690 4950 1740 5001 te
1786 4947 2008 5015 nollem,

305 5040 419 5094 nisi
437 5053 495 5094 eo
537 5037 712 5102 modo,
748 5051 850 5105 quo
890 5035 987 5090 Job
1017 5037 1401 5105 interpretatus
1426 5051 1499 5099 es,
1549 5039 1611 5090 ut
1637 5037 1808 5104 signis
1845 5036 2012 5090 adhi-

308 5127 458 5192 bitis,
491 5127 628 5196 quid
655 5129 799 5182 inter
826 5127 964 5181 hanc
994 5129 1163 5192 tuam,
1199 5130 1248 5180 et
1277 5127 1656 5194 Septuaginta,
1687 5141 1912 5194 quorum
1935 5130 2014 5181 est

307 5217 637 5282 gravissima
657 5218 973 5282 auctoritas,
1000 5216 1494 5284 interpretationem
1518 5215 1680 5268 distet
1700 5215 2010 5286 appareat]

306 5302 513 5358 Mirum
551 5307 654 5368 est,
696 5303 991 5358 hominem
1034 5303 1370 5369 modestum,
1403 5302 1596 5356 statim
1625 5319 1689 5356 ac
1717 5303 2014 5374 presbyter

307 5390 490 5447 factus
519 5395 655 5455 erat,
690 5407 1029 5464 aggressum
1054 5407 1176 5446 esse
1208 5387 1514 5445 consilium
1546 5391 1680 5445 dare
1711 5391 1833 5444 viro
1859 5391 2012 5446 mul-

305 5483 362 5535 to
397 5479 664 5550 doctiori,
704 5481 772 5536 de
826 5498 888 5536 re
919 5483 1081 5552 cujus
1118 5481 1288 5552 plane
1335 5479 1636 5551 imperitus
1691 5484 1831 5550 erat,
1880 5496 2010 5536 cum

304 5570 580 5628 Hebraice
610 5570 781 5642 plane
811 5572 1073 5640 nesciret,
1101 5575 1157 5626 et
1186 5572 1436 5627 Graecam
1480 5569 1738 5641 linguam
1788 5570 1881 5625 vix
1910 5572 2008 5628 de-

2121 4431 2248 4470 eam
2274 4417 2703 4472 translationem
2739 4417 2808 4472 ab
2840 4416 2908 4471 iis
2936 4415 3102 4488 quasi
3131 4415 3399 4470 omnibus
3429 4411 3694 4467 numeris
3721 4411 3824 4464 ab—

2121 4503 2363 4559 solutam
2393 4504 2666 4560 habitam.
2690 4505 2748 4561 Si
2784 4505 2949 4560 aliter
2973 4508 3274 4577 sequentes
3299 4505 3492 4557 atates
3517 4500 3823 4562 senserint,

2120 4607 2238 4646 non
2285 4593 2547 4664 sequitur
2591 4593 2670 4647 ita
2717 4592 2960 4648 sensisse
3018 4592 3326 4663 apostolos.
3385 4589 3472 4644 Ad
3519 4588 3823 4644 historiam

2118 4697 2253 4736 vero
2283 4683 2577 4738 Judaicam
2605 4683 2758 4754 quod
2791 4685 3008 4754 spectat
3036 4681 3104 4736 de
3143 4695 3425 4736 consensu
3464 4679 3593 4734 LXX
3640 4678 3819 4732 inter-

2118 4775 2369 4843 pretum,
2396 4772 2475 4826 ita
2504 4775 2590 4826 est
2615 4772 2906 4827 confutata
2935 4788 2969 4826 a
2990 4770 3126 4826 viris
3163 4769 3362 4837 doctis,
3391 4772 3458 4823 ut
3492 4783 3671 4822 nemo
3699 4781 3817 4820 eam

2120 4860 2421 4915 defendere
2476 4875 2607 4914 cum
2653 4859 2847 4932 aliqua
2901 4858 3019 4913 veri
3067 4857 3252 4929 specie
3304 4856 3505 4928 possit.
3565 4855 3820 4926 Denique

2119 4948 2379 5021 quisquis
2408 4950 2657 5005 conferet
2687 4949 3026 5005 Hebraicum
3060 4953 3320 5003 nostrum
3351 4945 3651 5018 exemplar
3695 4959 3822 4999 cum

2121 5055 2188 5094 ea
2216 5039 2607 5106 translatione,
2629 5038 2943 5110 comperiet
2967 5053 3094 5093 eam
3125 5041 3336 5092 scatere
3365 5033 3521 5089 vitiis
3579 5033 3821 5088 manife-

2119 5128 2237 5196 stis,
2271 5132 2336 5183 ut
2379 5127 2583 5198 optimi
2620 5128 2835 5200 quique
2878 5129 3218 5198 interpretes
3267 5123 3667 5180 ostenderunt.
3701 5121 3826 5178 Scio

2119 5233 2235 5272 non
2265 5215 2509 5271 defuisse
2553 5216 2700 5271 viros
2755 5216 3163 5271 humaniorum
3207 5214 3529 5270 litterarum
3583 5211 3825 5284 peritos,

2121 5306 2219 5378 qui
2243 5305 2408 5360 aliter
2438 5309 2763 5374 censerent;
2797 5305 2898 5361 sed
2919 5309 3016 5360 aut
3052 5320 3350 5376 nunquam
3379 5302 3538 5357 illam
3569 5301 3828 5356 collatio-

2117 5409 2254 5449 nem
2302 5393 2607 5465 diligenter
2661 5393 3043 5461 instituerant,
3083 5397 3182 5449 aut
3245 5409 3358 5448 non
3413 5391 3829 5446 intellexerunt

2119 5487 2424 5555 utramque
2453 5482 2732 5554 linguam,
2781 5485 2881 5538 aut
2907 5481 3220 5554 pertinacia
3244 5478 3709 5537 imbecillitateve
3727 5476 3825 5546 ju-

2117 5572 2249 5628 dicii
2280 5571 2626 5627 laborarunt.
2670 5570 2850 5643 Igitur
2876 5585 2992 5626 non
3040 5571 3226 5643 major
3255 5572 3445 5642 potest
3467 5582 3592 5622 esse
3619 5572 3822 5621 aucto-
