  <div class='ocr_page' id='page_1' title='image "/cluster/home/n/w/nwhite01/storage/ocr_20150623/47/hvd.32044096580683/128.png"; bbox 0 0 3922 6188; ppageno 0'>
   <div class='ocr_carea' id='block_1_1' title="bbox 122 283 2755 347">
    <p class='ocr_par' dir='ltr' id='par_1_1' title="bbox 122 283 2755 347">
     <span class='ocr_line' id='line_1_1' title="bbox 122 283 2755 347; baseline -0.003 0"><span class='ocrx_word' id='word_1_1' title='bbox 122 296 195 347; x_wconf 67' lang='grc'><strong>245</strong></span> <span class='ocrx_word' id='word_1_2' title='bbox 839 283 1200 341; x_wconf 83' lang='lat' dir='ltr'><strong>VARIORUM</strong></span> <span class='ocrx_word' id='word_1_3' title='bbox 1244 284 1840 343; x_wconf 78' lang='lat' dir='ltr'><strong>EXERCITATIONES</strong></span> <span class='ocrx_word' id='word_1_4' title='bbox 1876 286 1947 343; x_wconf 88' lang='lat' dir='ltr'><strong>IN</strong></span> <span class='ocrx_word' id='word_1_5' title='bbox 1988 289 2039 343; x_wconf 89' lang='lat' dir='ltr'><strong>S.</strong></span> <span class='ocrx_word' id='word_1_6' title='bbox 2084 286 2459 343; x_wconf 83' lang='lat' dir='ltr'><strong>AUGUSTINI</strong></span> <span class='ocrx_word' id='word_1_7' title='bbox 2500 286 2755 343; x_wconf 80' lang='lat' dir='ltr'><strong>OPERA.</strong></span> 
     </span>
    </p>
   </div>
   <div class='ocr_carea' id='block_1_2' title="bbox 3452 292 3556 347">
    <p class='ocr_par' dir='ltr' id='par_1_2' title="bbox 3452 292 3556 347">
     <span class='ocr_line' id='line_1_2' title="bbox 3452 292 3556 347; baseline 0.019 -2"><span class='ocrx_word' id='word_1_8' title='bbox 3452 292 3556 347; x_wconf 80' lang='grc'><strong>246</strong></span> 
     </span>
    </p>
   </div>
   <div class='ocr_carea' id='block_1_3' title="bbox 126 409 3556 484">
    <p class='ocr_par' dir='ltr' id='par_1_3' title="bbox 126 409 3556 484">
     <span class='ocr_line' id='line_1_3' title="bbox 126 409 3556 484; baseline 0.001 -17"><span class='ocrx_word' id='word_1_9' title='bbox 126 418 225 471; x_wconf 76' lang='lat' dir='ltr'><strong>ritas</strong></span> <span class='ocrx_word' id='word_1_10' title='bbox 250 412 357 468; x_wconf 77' lang='lat' dir='ltr'><strong>LXX</strong></span> <span class='ocrx_word' id='word_1_11' title='bbox 387 409 751 479; x_wconf 80' lang='lat' dir='ltr'><strong>interpretum</strong></span> <span class='ocrx_word' id='word_1_12' title='bbox 800 423 971 479; x_wconf 88' lang='lat' dir='ltr'><strong>quam</strong></span> <span class='ocrx_word' id='word_1_13' title='bbox 1002 425 1091 463; x_wconf 90' lang='lat' dir='ltr'><strong>res</strong></span> <span class='ocrx_word' id='word_1_14' title='bbox 1130 410 1255 480; x_wconf 90' lang='lat' dir='ltr'><strong>ipsa</strong></span> <span class='ocrx_word' id='word_1_15' title='bbox 1297 409 1532 479; x_wconf 89' lang='lat' dir='ltr'><strong>patitur,</strong></span> <span class='ocrx_word' id='word_1_16' title='bbox 1574 411 1743 482; x_wconf 89' lang='lat' dir='ltr'><strong>quid-</strong></span> <span class='ocrx_word' id='word_1_17' title='bbox 1779 412 1823 466; x_wconf 84' lang='lat' dir='ltr'><strong>A</strong></span> <span class='ocrx_word' id='word_1_18' title='bbox 1860 411 2238 483; x_wconf 80' lang='lat' dir='ltr'><strong>Hieronymus</strong></span> <span class='ocrx_word' id='word_1_19' title='bbox 2266 413 2481 484; x_wconf 87' lang='lat' dir='ltr'><strong>;quod,</strong></span> <span class='ocrx_word' id='word_1_20' title='bbox 2515 411 2668 467; x_wconf 86' lang='lat' dir='ltr'><strong>edita</strong></span> <span class='ocrx_word' id='word_1_21' title='bbox 2695 409 2952 465; x_wconf 83' lang='lat' dir='ltr'><strong>versione</strong></span> <span class='ocrx_word' id='word_1_22' title='bbox 2976 425 3099 478; x_wconf 88' lang='lat' dir='ltr'><strong>sua,</strong></span> <span class='ocrx_word' id='word_1_23' title='bbox 3129 413 3363 482; x_wconf 81' lang='lat' dir='ltr'><strong>possent</strong></span> <span class='ocrx_word' id='word_1_24' title='bbox 3391 412 3556 469; x_wconf 90' lang='lat' dir='ltr'><strong>intel-</strong></span> 
     </span>
    </p>
   </div>
   <div class='ocr_carea' id='block_1_4' title="bbox 129 495 1745 574">
    <p class='ocr_par' dir='ltr' id='par_1_4' title="bbox 129 495 1745 574">
     <span class='ocr_line' id='line_1_4' title="bbox 129 495 1745 574; baseline -0.003 -18"><span class='ocrx_word' id='word_1_25' title='bbox 129 501 223 574; x_wconf 85' lang='lat' dir='ltr'><strong>quid</strong></span> <span class='ocrx_word' id='word_1_26' title='bbox 240 503 412 553; x_wconf 88' lang='lat' dir='ltr'><strong>contra</strong></span> <span class='ocrx_word' id='word_1_27' title='bbox 437 495 801 550; x_wconf 87' lang='lat' dir='ltr'><strong>ratiocinetur</strong></span> <span class='ocrx_word' id='word_1_28' title='bbox 827 496 1199 566; x_wconf 82' lang='lat' dir='ltr'><strong>Augustinus.</strong></span> <span class='ocrx_word' id='word_1_29' title='bbox 1229 497 1437 550; x_wconf 91' lang='lat' dir='ltr'><strong>Verum</strong></span> <span class='ocrx_word' id='word_1_30' title='bbox 1464 497 1745 551; x_wconf 89' lang='lat' dir='ltr'><strong>rationem</strong></span> 
     </span>
    </p>
   </div>
   <div class='ocr_carea' id='block_1_5' title="bbox 127 584 1747 655">
    <p class='ocr_par' dir='ltr' id='par_1_5' title="bbox 127 584 1747 655">
     <span class='ocr_line' id='line_1_5' title="bbox 127 584 1747 655; baseline -0.004 -9"><span class='ocrx_word' id='word_1_31' title='bbox 127 608 195 647; x_wconf 78' lang='lat' dir='ltr'><strong>cur</strong></span> <span class='ocrx_word' id='word_1_32' title='bbox 222 588 412 643; x_wconf 84' lang='lat' dir='ltr'><strong>vitiosis</strong></span> <span class='ocrx_word' id='word_1_33' title='bbox 457 585 919 640; x_wconf 79' lang='lat' dir='ltr'><strong>translationibus</strong></span> <span class='ocrx_word' id='word_1_34' title='bbox 959 589 1015 638; x_wconf 91' lang='lat' dir='ltr'><strong>et</strong></span> <span class='ocrx_word' id='word_1_35' title='bbox 1057 584 1345 639; x_wconf 88' lang='lat' dir='ltr'><strong>codicibus</strong></span> <span class='ocrx_word' id='word_1_36' title='bbox 1382 585 1747 655; x_wconf 81' lang='lat' dir='ltr'><strong>pertinaciter</strong></span> 
     </span>
    </p>
   </div>
   <div class='ocr_carea' id='block_1_6' title="bbox 127 674 1738 744">
    <p class='ocr_par' dir='ltr' id='par_1_6' title="bbox 127 674 1738 744">
     <span class='ocr_line' id='line_1_6' title="bbox 127 674 1738 744; baseline -0.002 -10"><span class='ocrx_word' id='word_1_37' title='bbox 127 697 194 735; x_wconf 80' lang='lat' dir='ltr'><strong>usa</strong></span> <span class='ocrx_word' id='word_1_38' title='bbox 216 679 311 732; x_wconf 87' lang='lat' dir='ltr'><strong>sint</strong></span> <span class='ocrx_word' id='word_1_39' title='bbox 334 675 551 730; x_wconf 87' lang='lat' dir='ltr'><strong>indocta</strong></span> <span class='ocrx_word' id='word_1_40' title='bbox 601 675 698 728; x_wconf 90' lang='lat' dir='ltr'><strong>illa</strong></span> <span class='ocrx_word' id='word_1_41' title='bbox 731 674 957 741; x_wconf 65' lang='lat' dir='ltr'><strong>smeula,</strong></span> <span class='ocrx_word' id='word_1_42' title='bbox 1012 674 1261 744; x_wconf 84' lang='lat' dir='ltr'><strong>ingenue</strong></span> <span class='ocrx_word' id='word_1_43' title='bbox 1301 675 1525 744; x_wconf 86' lang='lat' dir='ltr'><strong>aperuit</strong></span> <span class='ocrx_word' id='word_1_44' title='bbox 1576 676 1738 730; x_wconf 83' lang='lat' dir='ltr'><strong>Joan.</strong></span> 
     </span>
    </p>
   </div>
   <div class='ocr_carea' id='block_1_7' title="bbox 124 761 1742 834">
    <p class='ocr_par' dir='ltr' id='par_1_7' title="bbox 124 761 1742 834">
     <span class='ocr_line' id='line_1_7' title="bbox 124 761 1742 834; baseline -0.001 -15"><span class='ocrx_word' id='word_1_45' title='bbox 124 766 311 821; x_wconf 82' lang='lat' dir='ltr'><strong>Clericus</strong></span> <span class='ocrx_word' id='word_1_46' title='bbox 336 763 653 828; x_wconf 64' lang='lat' dir='ltr'><strong>Questione</strong></span> <span class='ocrx_word' id='word_1_47' title='bbox 694 761 1137 834; x_wconf 88' lang='lat' dir='ltr'><strong>Hieronymiana</strong></span> <span class='ocrx_word' id='word_1_48' title='bbox 1165 766 1220 829; x_wconf 86' lang='lat'><strong>9,</strong></span> <span class='ocrx_word' id='word_1_49' title='bbox 1252 765 1279 830; x_wconf 85' lang='lat'>§</span> <span class='ocrx_word' id='word_1_50' title='bbox 1323 767 1402 818; x_wconf 85' lang='grc'><strong>18.</strong></span> <span class='ocrx_word' id='word_1_51' title='bbox 1434 764 1627 834; x_wconf 79' lang='lat' dir='ltr'><strong>Pergit</strong></span> <span class='ocrx_word' id='word_1_52' title='bbox 1658 770 1742 819; x_wconf 88' lang='lat' dir='ltr'><strong>ta-</strong></span> 
     </span>
    </p>
   </div>
   <div class='ocr_carea' id='block_1_8' title="bbox 118 850 1738 922">
    <p class='ocr_par' dir='ltr' id='par_1_8' title="bbox 118 850 1738 922">
     <span class='ocr_line' id='line_1_8' title="bbox 118 850 1738 922; baseline -0.001 -13"><span class='ocrx_word' id='word_1_53' title='bbox 118 871 211 909; x_wconf 86' lang='lat' dir='ltr'><strong>men</strong></span> <span class='ocrx_word' id='word_1_54' title='bbox 228 851 553 922; x_wconf 81' lang='lat' dir='ltr'><strong>Augustinus</strong></span> <span class='ocrx_word' id='word_1_55' title='bbox 568 850 637 905; x_wconf 89' lang='lat' dir='ltr'><strong>de</strong></span> <span class='ocrx_word' id='word_1_56' title='bbox 653 867 735 917; x_wconf 88' lang='lat' dir='ltr'><strong>re,</strong></span> <span class='ocrx_word' id='word_1_57' title='bbox 755 866 924 922; x_wconf 90' lang='lat' dir='ltr'><strong>quam</strong></span> <span class='ocrx_word' id='word_1_58' title='bbox 943 868 1055 905; x_wconf 93' lang='lat' dir='ltr'><strong>non</strong></span> <span class='ocrx_word' id='word_1_59' title='bbox 1072 851 1441 922; x_wconf 90' lang='lat' dir='ltr'><strong>intelligebat,</strong></span> <span class='ocrx_word' id='word_1_60' title='bbox 1465 853 1738 922; x_wconf 84' lang='lat' dir='ltr'><strong>argutari,</strong></span> 
     </span>
    </p>
   </div>
   <div class='ocr_carea' id='block_1_9' title="bbox 162 938 1741 1011">
    <p class='ocr_par' dir='ltr' id='par_1_9' title="bbox 162 938 1741 1011">
     <span class='ocr_line' id='line_1_9' title="bbox 162 938 1741 1011; baseline -0.001 -15"><span class='ocrx_word' id='word_1_61' title='bbox 162 942 250 1007; x_wconf 86' lang='lat' dir='ltr'><strong>Illi,</strong></span> <span class='ocrx_word' id='word_1_62' title='bbox 279 938 473 1009; x_wconf 84' lang='lat' dir='ltr'><strong>inquit,</strong></span> <span class='ocrx_word' id='word_1_63' title='bbox 514 954 595 992; x_wconf 91' lang='lat' dir='ltr'><strong>me</strong></span> <span class='ocrx_word' id='word_1_64' title='bbox 622 940 747 1008; x_wconf 83' lang='lat' dir='ltr'><strong>plus</strong></span> <span class='ocrx_word' id='word_1_65' title='bbox 776 943 1004 1005; x_wconf 81' lang='lat' dir='ltr'><strong>movent,</strong></span> <span class='ocrx_word' id='word_1_66' title='bbox 1036 942 1133 1009; x_wconf 92' lang='lat' dir='ltr'><strong>qui</strong></span> <span class='ocrx_word' id='word_1_67' title='bbox 1156 956 1275 995; x_wconf 91' lang='lat' dir='ltr'><strong>cum</strong></span> <span class='ocrx_word' id='word_1_68' title='bbox 1300 944 1621 1011; x_wconf 81' lang='lat' dir='ltr'><strong>posteriores</strong></span> <span class='ocrx_word' id='word_1_69' title='bbox 1650 945 1741 996; x_wconf 87' lang='lat' dir='ltr'><strong>in-</strong></span> 
     </span>
    </p>
   </div>
   <div class='ocr_carea' id='block_1_10' title="bbox 112 1028 1741 1100">
    <p class='ocr_par' dir='ltr' id='par_1_10' title="bbox 112 1028 1741 1100">
     <span class='ocr_line' id='line_1_10' title="bbox 112 1028 1741 1100; baseline 0 -15"><span class='ocrx_word' id='word_1_70' title='bbox 112 1033 491 1100; x_wconf 76' lang='lat' dir='ltr'><strong>terpretarentur,</strong></span> <span class='ocrx_word' id='word_1_71' title='bbox 522 1032 571 1081; x_wconf 88' lang='lat' dir='ltr'><strong>et</strong></span> <span class='ocrx_word' id='word_1_72' title='bbox 611 1028 894 1082; x_wconf 77' lang='lat' dir='ltr'><strong>verborum</strong></span> <span class='ocrx_word' id='word_1_73' title='bbox 922 1030 1350 1099; x_wconf 80' lang='lat' dir='ltr'><strong>locutionumque</strong></span> <span class='ocrx_word' id='word_1_74' title='bbox 1397 1031 1741 1085; x_wconf 69' lang='lat' dir='ltr'><strong>Hebrzarum</strong></span> 
     </span>
    </p>
   </div>
   <div class='ocr_carea' id='block_1_11' title="bbox 112 1116 1741 1186">
    <p class='ocr_par' dir='ltr' id='par_1_11' title="bbox 112 1116 1741 1186">
     <span class='ocr_line' id='line_1_11' title="bbox 112 1116 1741 1186; baseline 0.001 -13"><span class='ocrx_word' id='word_1_75' title='bbox 112 1124 217 1173; x_wconf 78' lang='lat' dir='ltr'><strong>ciam</strong></span> <span class='ocrx_word' id='word_1_76' title='bbox 240 1122 383 1186; x_wconf 87' lang='lat' dir='ltr'><strong>atque</strong></span> <span class='ocrx_word' id='word_1_77' title='bbox 428 1116 644 1183; x_wconf 89' lang='lat' dir='ltr'><strong>regulas</strong></span> <span class='ocrx_word' id='word_1_78' title='bbox 691 1116 978 1184; x_wconf 79' lang='lat' dir='ltr'><strong>mordicus,</strong></span> <span class='ocrx_word' id='word_1_79' title='bbox 1034 1122 1093 1171; x_wconf 88' lang='lat' dir='ltr'><strong>ut</strong></span> <span class='ocrx_word' id='word_1_80' title='bbox 1122 1119 1319 1182; x_wconf 80' lang='lat' dir='ltr'><strong>fertur,</strong></span> <span class='ocrx_word' id='word_1_81' title='bbox 1355 1124 1606 1185; x_wconf 83' lang='lat' dir='ltr'><strong>tenerent,</strong></span> <span class='ocrx_word' id='word_1_82' title='bbox 1635 1136 1741 1174; x_wconf 89' lang='lat' dir='ltr'><strong>non</strong></span> 
     </span>
    </p>
   </div>
   <div class='ocr_carea' id='block_1_12' title="bbox 107 1206 1738 1275">
    <p class='ocr_par' dir='ltr' id='par_1_12' title="bbox 107 1206 1738 1275">
     <span class='ocr_line' id='line_1_12' title="bbox 107 1206 1738 1275; baseline 0.001 -14"><span class='ocrx_word' id='word_1_83' title='bbox 107 1210 240 1262; x_wconf 83' lang='lat' dir='ltr'><strong>solum</strong></span> <span class='ocrx_word' id='word_1_84' title='bbox 263 1210 393 1260; x_wconf 82' lang='lat' dir='ltr'><strong>inter</strong></span> <span class='ocrx_word' id='word_1_85' title='bbox 416 1218 471 1257; x_wconf 88' lang='lat' dir='ltr'><strong>se</strong></span> <span class='ocrx_word' id='word_1_86' title='bbox 497 1209 891 1272; x_wconf 69' lang='lat' dir='ltr'><strong>consenserunt,</strong></span> <span class='ocrx_word' id='word_1_87' title='bbox 920 1206 1015 1260; x_wconf 91' lang='lat' dir='ltr'><strong>sed</strong></span> <span class='ocrx_word' id='word_1_88' title='bbox 1045 1208 1205 1259; x_wconf 85' lang='lat' dir='ltr'><strong>etiam</strong></span> <span class='ocrx_word' id='word_1_89' title='bbox 1232 1208 1567 1275; x_wconf 80' lang='lat' dir='ltr'><strong>reliquerunt</strong></span> <span class='ocrx_word' id='word_1_90' title='bbox 1594 1209 1738 1262; x_wconf 89' lang='lat' dir='ltr'><strong>mul-</strong></span> 
     </span>
    </p>
   </div>
   <div class='ocr_carea' id='block_1_13' title="bbox 108 1293 1735 1368">
    <p class='ocr_par' dir='ltr' id='par_1_13' title="bbox 108 1293 1735 1368">
     <span class='ocr_line' id='line_1_13' title="bbox 108 1293 1735 1368; baseline 0.001 -20"><span class='ocrx_word' id='word_1_91' title='bbox 108 1301 161 1361; x_wconf 83' lang='lat' dir='ltr'><strong>ta,</strong></span> <span class='ocrx_word' id='word_1_92' title='bbox 190 1307 290 1363; x_wconf 61' lang='lat' dir='ltr'><strong>qua</strong></span> <span class='ocrx_word' id='word_1_93' title='bbox 333 1296 473 1345; x_wconf 85' lang='lat' dir='ltr'><strong>tanto</strong></span> <span class='ocrx_word' id='word_1_94' title='bbox 498 1295 626 1360; x_wconf 86' lang='lat' dir='ltr'><strong>post</strong></span> <span class='ocrx_word' id='word_1_95' title='bbox 653 1293 888 1346; x_wconf 75' lang='lat' dir='ltr'><strong>eruenda</strong></span> <span class='ocrx_word' id='word_1_96' title='bbox 934 1298 984 1347; x_wconf 90' lang='lat' dir='ltr'><strong>et</strong></span> <span class='ocrx_word' id='word_1_97' title='bbox 1025 1294 1306 1363; x_wconf 84' lang='lat' dir='ltr'><strong>prodenda</strong></span> <span class='ocrx_word' id='word_1_98' title='bbox 1354 1296 1735 1368; x_wconf 61' lang='lat' dir='ltr'><strong>remanerent]</strong></span> 
     </span>
    </p>
   </div>
   <div class='ocr_carea' id='block_1_14' title="bbox 107 1380 1739 1455">
    <p class='ocr_par' dir='ltr' id='par_1_14' title="bbox 107 1380 1739 1455">
     <span class='ocr_line' id='line_1_14' title="bbox 107 1380 1739 1455; baseline 0.002 -19"><span class='ocrx_word' id='word_1_99' title='bbox 107 1382 285 1453; x_wconf 81' lang='lat' dir='ltr'><strong>Aquila,</strong></span> <span class='ocrx_word' id='word_1_100' title='bbox 326 1380 714 1449; x_wconf 77' lang='lat' dir='ltr'><strong>Symmachus,</strong></span> <span class='ocrx_word' id='word_1_101' title='bbox 766 1380 1126 1435; x_wconf 90' lang='lat' dir='ltr'><strong>Theodotion</strong></span> <span class='ocrx_word' id='word_1_102' title='bbox 1157 1386 1213 1437; x_wconf 93' lang='lat' dir='ltr'><strong>et</strong></span> <span class='ocrx_word' id='word_1_103' title='bbox 1257 1382 1356 1437; x_wconf 88' lang='lat' dir='ltr'><strong>alii</strong></span> <span class='ocrx_word' id='word_1_104' title='bbox 1395 1383 1739 1455; x_wconf 86' lang='lat' dir='ltr'><strong>interpretes</strong></span> 
     </span>
    </p>
   </div>
   <div class='ocr_carea' id='block_1_15' title="bbox 104 1468 1737 1543">
    <p class='ocr_par' dir='ltr' id='par_1_15' title="bbox 104 1468 1737 1543">
     <span class='ocr_line' id='line_1_15' title="bbox 104 1468 1737 1543; baseline 0.001 -17"><span class='ocrx_word' id='word_1_105' title='bbox 104 1470 253 1537; x_wconf 69' lang='lat' dir='ltr'><strong>Graeci,</strong></span> <span class='ocrx_word' id='word_1_106' title='bbox 284 1468 533 1540; x_wconf 82' lang='lat' dir='ltr'><strong>quamvis</strong></span> <span class='ocrx_word' id='word_1_107' title='bbox 564 1468 794 1534; x_wconf 89' lang='lat' dir='ltr'><strong>eruditi,</strong></span> <span class='ocrx_word' id='word_1_108' title='bbox 826 1471 983 1524; x_wconf 94' lang='lat' dir='ltr'><strong>omni</strong></span> <span class='ocrx_word' id='word_1_109' title='bbox 1018 1472 1227 1525; x_wconf 90' lang='lat' dir='ltr'><strong>erroris</strong></span> <span class='ocrx_word' id='word_1_110' title='bbox 1259 1472 1510 1543; x_wconf 89' lang='lat' dir='ltr'><strong>periculo</strong></span> <span class='ocrx_word' id='word_1_111' title='bbox 1542 1489 1737 1527; x_wconf 84' lang='lat' dir='ltr'><strong>exem-</strong></span> 
     </span>
    </p>
   </div>
   <div class='ocr_carea' id='block_1_16' title="bbox 102 1557 1737 1632">
    <p class='ocr_par' dir='ltr' id='par_1_16' title="bbox 102 1557 1737 1632">
     <span class='ocr_line' id='line_1_16' title="bbox 102 1557 1737 1632; baseline 0.002 -20"><span class='ocrx_word' id='word_1_112' title='bbox 102 1560 163 1630; x_wconf 88' lang='lat' dir='ltr'><strong>pti</strong></span> <span class='ocrx_word' id='word_1_113' title='bbox 199 1573 298 1612; x_wconf 91' lang='lat' dir='ltr'><strong>non</strong></span> <span class='ocrx_word' id='word_1_114' title='bbox 325 1561 517 1623; x_wconf 87' lang='lat' dir='ltr'><strong>erant;</strong></span> <span class='ocrx_word' id='word_1_115' title='bbox 548 1573 654 1612; x_wconf 90' lang='lat' dir='ltr'><strong>nec</strong></span> <span class='ocrx_word' id='word_1_116' title='bbox 693 1557 905 1628; x_wconf 64' lang='lat' dir='ltr'><strong>lingua;</strong></span> <span class='ocrx_word' id='word_1_117' title='bbox 936 1559 1223 1614; x_wconf 82' lang='lat' dir='ltr'><strong>Hebraicae</strong></span> <span class='ocrx_word' id='word_1_118' title='bbox 1252 1576 1434 1631; x_wconf 90' lang='lat' dir='ltr'><strong>usque</strong></span> <span class='ocrx_word' id='word_1_119' title='bbox 1467 1561 1607 1614; x_wconf 91' lang='lat' dir='ltr'><strong>adeo</strong></span> <span class='ocrx_word' id='word_1_120' title='bbox 1638 1577 1737 1632; x_wconf 91' lang='lat' dir='ltr'><strong>pe-</strong></span> 
     </span>
    </p>
   </div>
   <div class='ocr_carea' id='block_1_17' title="bbox 100 1644 1737 1725">
    <p class='ocr_par' dir='ltr' id='par_1_17' title="bbox 100 1644 1737 1725">
     <span class='ocr_line' id='line_1_17' title="bbox 100 1644 1737 1725; baseline 0.002 -26"><span class='ocrx_word' id='word_1_121' title='bbox 100 1648 183 1713; x_wconf 87' lang='lat' dir='ltr'><strong>riti,</strong></span> <span class='ocrx_word' id='word_1_122' title='bbox 214 1660 336 1725; x_wconf 72' lang='lat' dir='ltr'><strong>cum</strong></span> <span class='ocrx_word' id='word_1_123' title='bbox 378 1644 595 1699; x_wconf 90' lang='lat' dir='ltr'><strong>dudum</strong></span> <span class='ocrx_word' id='word_1_124' title='bbox 643 1646 1022 1701; x_wconf 86' lang='lat' dir='ltr'><strong>intermortua</strong></span> <span class='ocrx_word' id='word_1_125' title='bbox 1060 1653 1224 1715; x_wconf 89' lang='lat' dir='ltr'><strong>esset,</strong></span> <span class='ocrx_word' id='word_1_126' title='bbox 1276 1653 1342 1702; x_wconf 92' lang='lat' dir='ltr'><strong>ut</strong></span> <span class='ocrx_word' id='word_1_127' title='bbox 1389 1650 1579 1702; x_wconf 90' lang='lat' dir='ltr'><strong>nullus</strong></span> <span class='ocrx_word' id='word_1_128' title='bbox 1605 1654 1737 1720; x_wconf 91' lang='lat' dir='ltr'><strong>post</strong></span> 
     </span>
    </p>
   </div>
   <div class='ocr_carea' id='block_1_18' title="bbox 100 1734 1734 1807">
    <p class='ocr_par' dir='ltr' id='par_1_18' title="bbox 100 1734 1734 1807">
     <span class='ocr_line' id='line_1_18' title="bbox 100 1734 1734 1807; baseline 0.003 -19"><span class='ocrx_word' id='word_1_129' title='bbox 100 1749 250 1788; x_wconf 86' lang='lat' dir='ltr'><strong>eorum</strong></span> <span class='ocrx_word' id='word_1_130' title='bbox 275 1747 511 1786; x_wconf 83' lang='lat' dir='ltr'><strong>messem</strong></span> <span class='ocrx_word' id='word_1_131' title='bbox 558 1734 851 1807; x_wconf 87' lang='lat' dir='ltr'><strong>spicilegio</strong></span> <span class='ocrx_word' id='word_1_132' title='bbox 878 1736 1034 1789; x_wconf 92' lang='lat' dir='ltr'><strong>locus</strong></span> <span class='ocrx_word' id='word_1_133' title='bbox 1071 1737 1237 1791; x_wconf 86' lang='lat' dir='ltr'><strong>foret.</strong></span> <span class='ocrx_word' id='word_1_134' title='bbox 1273 1738 1556 1792; x_wconf 64' lang='lat' dir='ltr'><strong>Praeterea</strong></span> <span class='ocrx_word' id='word_1_135' title='bbox 1602 1743 1734 1794; x_wconf 90' lang='lat' dir='ltr'><strong>sunt</strong></span> 
     </span>
    </p>
   </div>
   <div class='ocr_carea' id='block_1_19' title="bbox 98 1822 1733 1898">
    <p class='ocr_par' dir='ltr' id='par_1_19' title="bbox 98 1822 1733 1898">
     <span class='ocr_line' id='line_1_19' title="bbox 98 1822 1733 1898; baseline 0.002 -21"><span class='ocrx_word' id='word_1_136' title='bbox 98 1824 235 1877; x_wconf 83' lang='lat' dir='ltr'><strong>multa</strong></span> <span class='ocrx_word' id='word_1_137' title='bbox 258 1822 369 1875; x_wconf 88' lang='lat' dir='ltr'><strong>loca</strong></span> <span class='ocrx_word' id='word_1_138' title='bbox 427 1822 649 1876; x_wconf 85' lang='lat' dir='ltr'><strong>Veteris</strong></span> <span class='ocrx_word' id='word_1_139' title='bbox 678 1824 1025 1879; x_wconf 88' lang='lat' dir='ltr'><strong>Testamenti</strong></span> <span class='ocrx_word' id='word_1_140' title='bbox 1052 1829 1152 1879; x_wconf 91' lang='lat' dir='ltr'><strong>aut</strong></span> <span class='ocrx_word' id='word_1_141' title='bbox 1197 1830 1434 1897; x_wconf 85' lang='lat' dir='ltr'><strong>propter</strong></span> <span class='ocrx_word' id='word_1_142' title='bbox 1465 1843 1556 1881; x_wconf 84' lang='lat' dir='ltr'><strong>res</strong></span> <span class='ocrx_word' id='word_1_143' title='bbox 1582 1826 1733 1898; x_wconf 88' lang='lat' dir='ltr'><strong>ipsas</strong></span> 
     </span>
    </p>
   </div>
   <div class='ocr_carea' id='block_1_20' title="bbox 99 1908 1763 1986">
    <p class='ocr_par' dir='ltr' id='par_1_20' title="bbox 99 1908 1763 1986">
     <span class='ocr_line' id='line_1_20' title="bbox 99 1908 1763 1986; baseline 0.004 -23"><span class='ocrx_word' id='word_1_144' title='bbox 99 1909 221 1963; x_wconf 84' lang='lat' dir='ltr'><strong>nobis</strong></span> <span class='ocrx_word' id='word_1_145' title='bbox 236 1908 462 1978; x_wconf 83' lang='lat' dir='ltr'><strong>ignotas,</strong></span> <span class='ocrx_word' id='word_1_146' title='bbox 491 1914 592 1963; x_wconf 86' lang='lat' dir='ltr'><strong>aut</strong></span> <span class='ocrx_word' id='word_1_147' title='bbox 621 1916 860 1982; x_wconf 86' lang='lat' dir='ltr'><strong>propter</strong></span> <span class='ocrx_word' id='word_1_148' title='bbox 886 1912 1108 1967; x_wconf 88' lang='lat' dir='ltr'><strong>codices</strong></span> <span class='ocrx_word' id='word_1_149' title='bbox 1159 1913 1501 1984; x_wconf 86' lang='lat' dir='ltr'><strong>antiquitate</strong></span> <span class='ocrx_word' id='word_1_150' title='bbox 1530 1914 1731 1986; x_wconf 86' lang='lat' dir='ltr'><strong>depra-</strong></span> <span class='ocrx_word' id='word_1_151' title='bbox 1760 1928 1763 1931; x_wconf 71' lang='lat'><strong><em>‘</em></strong></span> 
     </span>
    </p>
   </div>
   <div class='ocr_carea' id='block_1_21' title="bbox 96 1995 1733 2073">
    <p class='ocr_par' dir='ltr' id='par_1_21' title="bbox 96 1995 1733 2073">
     <span class='ocr_line' id='line_1_21' title="bbox 96 1995 1733 2073; baseline 0.004 -22"><span class='ocrx_word' id='word_1_152' title='bbox 96 2002 228 2063; x_wconf 78' lang='lat' dir='ltr'><strong>ratos,</strong></span> <span class='ocrx_word' id='word_1_153' title='bbox 258 1995 520 2062; x_wconf 88' lang='lat' dir='ltr'><strong>obscura;</strong></span> <span class='ocrx_word' id='word_1_154' title='bbox 558 2012 686 2068; x_wconf 75' lang='lat' dir='ltr'><strong>quae</strong></span> <span class='ocrx_word' id='word_1_155' title='bbox 714 1998 811 2052; x_wconf 91' lang='lat' dir='ltr'><strong>alii</strong></span> <span class='ocrx_word' id='word_1_156' title='bbox 840 1998 966 2053; x_wconf 90' lang='lat' dir='ltr'><strong>aliis</strong></span> <span class='ocrx_word' id='word_1_157' title='bbox 996 1999 1204 2053; x_wconf 90' lang='lat' dir='ltr'><strong>melius</strong></span> <span class='ocrx_word' id='word_1_158' title='bbox 1234 2000 1599 2073; x_wconf 88' lang='lat' dir='ltr'><strong>interpretari</strong></span> <span class='ocrx_word' id='word_1_159' title='bbox 1628 2020 1733 2059; x_wconf 92' lang='lat' dir='ltr'><strong>nos</strong></span> 
     </span>
    </p>
   </div>
   <div class='ocr_carea' id='block_1_22' title="bbox 96 2084 1735 2163">
    <p class='ocr_par' dir='ltr' id='par_1_22' title="bbox 96 2084 1735 2163">
     <span class='ocr_line' id='line_1_22' title="bbox 96 2084 1735 2163; baseline 0.003 -22"><span class='ocrx_word' id='word_1_160' title='bbox 96 2101 218 2158; x_wconf 83' lang='lat' dir='ltr'><strong>posse</strong></span> <span class='ocrx_word' id='word_1_161' title='bbox 277 2084 612 2153; x_wconf 86' lang='lat' dir='ltr'><strong>conjecturis</strong></span> <span class='ocrx_word' id='word_1_162' title='bbox 670 2090 758 2141; x_wconf 81' lang='lat' dir='ltr'><strong>et‘</strong></span> <span class='ocrx_word' id='word_1_163' title='bbox 786 2087 1333 2157; x_wconf 87' lang='lat' dir='ltr'><strong>ratiocinationibus,</strong></span> <span class='ocrx_word' id='word_1_164' title='bbox 1381 2107 1511 2163; x_wconf 66' lang='lat' dir='ltr'><strong>quae</strong></span> <span class='ocrx_word' id='word_1_165' title='bbox 1563 2092 1735 2147; x_wconf 70' lang='lat' dir='ltr'><strong>varia:</strong></span> 
     </span>
    </p>
   </div>
   <div class='ocr_carea' id='block_1_23' title="bbox 96 2170 1733 2252">
    <p class='ocr_par' dir='ltr' id='par_1_23' title="bbox 96 2170 1733 2252">
     <span class='ocr_line' id='line_1_23' title="bbox 96 2170 1733 2252; baseline 0.002 -22"><span class='ocrx_word' id='word_1_166' title='bbox 96 2180 208 2242; x_wconf 85' lang='lat' dir='ltr'><strong>sunt,</strong></span> <span class='ocrx_word' id='word_1_167' title='bbox 252 2170 659 2231; x_wconf 76' lang='lat' dir='ltr'><strong>existimamus.</strong></span> <span class='ocrx_word' id='word_1_168' title='bbox 714 2177 888 2231; x_wconf 79' lang='lat' dir='ltr'><strong>Multa</strong></span> <span class='ocrx_word' id='word_1_169' title='bbox 916 2182 1050 2232; x_wconf 88' lang='lat' dir='ltr'><strong>sunt</strong></span> <span class='ocrx_word' id='word_1_170' title='bbox 1079 2178 1276 2242; x_wconf 89' lang='lat' dir='ltr'><strong>etiam,</strong></span> <span class='ocrx_word' id='word_1_171' title='bbox 1325 2180 1388 2234; x_wconf 92' lang='lat' dir='ltr'><strong>in</strong></span> <span class='ocrx_word' id='word_1_172' title='bbox 1440 2181 1583 2251; x_wconf 88' lang='lat' dir='ltr'><strong>stylo</strong></span> <span class='ocrx_word' id='word_1_173' title='bbox 1610 2180 1733 2252; x_wconf 91' lang='lat' dir='ltr'><strong>ipso</strong></span> 
     </span>
    </p>
   </div>
   <div class='ocr_carea' id='block_1_24' title="bbox 97 2262 1734 2341">
    <p class='ocr_par' dir='ltr' id='par_1_24' title="bbox 97 2262 1734 2341">
     <span class='ocr_line' id='line_1_24' title="bbox 97 2262 1734 2341; baseline 0.003 -23"><span class='ocrx_word' id='word_1_174' title='bbox 97 2267 299 2334; x_wconf 87' lang='lat' dir='ltr'><strong>priomm</strong></span> <span class='ocrx_word' id='word_1_175' title='bbox 338 2262 744 2337; x_wconf 83' lang='lat' dir='ltr'><strong>interpretum,</strong></span> <span class='ocrx_word' id='word_1_176' title='bbox 795 2282 923 2336; x_wconf 69' lang='lat' dir='ltr'><strong>quae</strong></span> <span class='ocrx_word' id='word_1_177' title='bbox 970 2267 1341 2338; x_wconf 88' lang='lat' dir='ltr'><strong>sequentibus</strong></span> <span class='ocrx_word' id='word_1_178' title='bbox 1385 2268 1576 2323; x_wconf 91' lang='lat' dir='ltr'><strong>minus</strong></span> <span class='ocrx_word' id='word_1_179' title='bbox 1616 2270 1734 2341; x_wconf 82' lang='lat' dir='ltr'><strong>ple-</strong></span> 
     </span>
    </p>
   </div>
   <div class='ocr_carea' id='block_1_25' title="bbox 96 2354 1734 2428">
    <p class='ocr_par' dir='ltr' id='par_1_25' title="bbox 96 2354 1734 2428">
     <span class='ocr_line' id='line_1_25' title="bbox 96 2354 1734 2428; baseline 0.002 -19"><span class='ocrx_word' id='word_1_180' title='bbox 96 2362 186 2409; x_wconf 84' lang='lat' dir='ltr'><strong>cent</strong></span> <span class='ocrx_word' id='word_1_181' title='bbox 210 2362 259 2411; x_wconf 90' lang='lat' dir='ltr'><strong>et</strong></span> <span class='ocrx_word' id='word_1_182' title='bbox 309 2355 665 2411; x_wconf 88' lang='lat' dir='ltr'><strong>emendanda</strong></span> <span class='ocrx_word' id='word_1_183' title='bbox 715 2354 1001 2409; x_wconf 88' lang='lat' dir='ltr'><strong>videntur.</strong></span> <span class='ocrx_word' id='word_1_184' title='bbox 1044 2355 1287 2427; x_wconf 60' lang='lat' dir='ltr'><strong>Aquilae,</strong></span> <span class='ocrx_word' id='word_1_185' title='bbox 1329 2357 1487 2411; x_wconf 80' lang='lat' dir='ltr'><strong>verbi</strong></span> <span class='ocrx_word' id='word_1_186' title='bbox 1533 2358 1734 2428; x_wconf 88' lang='lat' dir='ltr'><strong>gratia,</strong></span> 
     </span>
    </p>
   </div>
   <div class='ocr_carea' id='block_1_26' title="bbox 100 2443 1739 2515">
    <p class='ocr_par' dir='ltr' id='par_1_26' title="bbox 100 2443 1739 2515">
     <span class='ocr_line' id='line_1_26' title="bbox 100 2443 1739 2515; baseline 0.002 -18"><span class='ocrx_word' id='word_1_187' title='bbox 100 2446 431 2501; x_wconf 75' lang='lat' dir='ltr'><strong>translationes</strong></span> <span class='ocrx_word' id='word_1_188' title='bbox 486 2443 848 2499; x_wconf 88' lang='lat' dir='ltr'><strong>obscuriores</strong></span> <span class='ocrx_word' id='word_1_189' title='bbox 896 2448 1077 2509; x_wconf 88' lang='lat' dir='ltr'><strong>erant,</strong></span> <span class='ocrx_word' id='word_1_190' title='bbox 1138 2445 1288 2515; x_wconf 90' lang='lat' dir='ltr'><strong>quod</strong></span> <span class='ocrx_word' id='word_1_191' title='bbox 1336 2446 1508 2500; x_wconf 86' lang='lat' dir='ltr'><strong>verbo</strong></span> <span class='ocrx_word' id='word_1_192' title='bbox 1577 2451 1739 2501; x_wconf 91' lang='lat' dir='ltr'><strong>tenus</strong></span> 
     </span>
    </p>
   </div>
   <div class='ocr_carea' id='block_1_27' title="bbox 97 2534 1737 2604">
    <p class='ocr_par' dir='ltr' id='par_1_27' title="bbox 97 2534 1737 2604">
     <span class='ocr_line' id='line_1_27' title="bbox 97 2534 1737 2604; baseline 0.002 -19"><span class='ocrx_word' id='word_1_193' title='bbox 97 2534 235 2587; x_wconf 87' lang='lat' dir='ltr'><strong>omnia</strong></span> <span class='ocrx_word' id='word_1_194' title='bbox 259 2540 466 2589; x_wconf 81' lang='lat' dir='ltr'><strong>vertere</strong></span> <span class='ocrx_word' id='word_1_195' title='bbox 502 2537 743 2588; x_wconf 89' lang='lat' dir='ltr'><strong>conatus</strong></span> <span class='ocrx_word' id='word_1_196' title='bbox 773 2537 939 2601; x_wconf 86' lang='lat' dir='ltr'><strong>esset,</strong></span> <span class='ocrx_word' id='word_1_197' title='bbox 973 2549 1145 2604; x_wconf 90' lang='lat' dir='ltr'><strong>quam</strong></span> <span class='ocrx_word' id='word_1_198' title='bbox 1171 2538 1234 2589; x_wconf 90' lang='lat' dir='ltr'><strong>ut</strong></span> <span class='ocrx_word' id='word_1_199' title='bbox 1262 2551 1296 2588; x_wconf 90' lang='lat' dir='ltr'><strong>a</strong></span> <span class='ocrx_word' id='word_1_200' title='bbox 1336 2534 1533 2604; x_wconf 89' lang='lat' dir='ltr'><strong>peritis</strong></span> <span class='ocrx_word' id='word_1_201' title='bbox 1561 2535 1737 2590; x_wconf 91' lang='lat' dir='ltr'><strong>solius</strong></span> 
     </span>
    </p>
   </div>
   <div class='ocr_carea' id='block_1_28' title="bbox 99 2620 1739 2694">
    <p class='ocr_par' dir='ltr' id='par_1_28' title="bbox 99 2620 1739 2694">
     <span class='ocr_line' id='line_1_28' title="bbox 99 2620 1739 2694; baseline 0.002 -20"><span class='ocrx_word' id='word_1_202' title='bbox 99 2621 255 2692; x_wconf 72' lang='lat' dir='ltr'><strong>linguae</strong></span> <span class='ocrx_word' id='word_1_203' title='bbox 282 2626 483 2679; x_wconf 61' lang='lat' dir='ltr'><strong>Graecae</strong></span> <span class='ocrx_word' id='word_1_204' title='bbox 514 2621 760 2692; x_wconf 87' lang='lat' dir='ltr'><strong>intelligi</strong></span> <span class='ocrx_word' id='word_1_205' title='bbox 788 2620 1004 2692; x_wconf 75' lang='lat' dir='ltr'><strong>ubique</strong></span> <span class='ocrx_word' id='word_1_206' title='bbox 1050 2626 1303 2692; x_wconf 88' lang='lat' dir='ltr'><strong>possent.</strong></span> <span class='ocrx_word' id='word_1_207' title='bbox 1358 2623 1616 2694; x_wconf 88' lang='lat' dir='ltr'><strong>Denique</strong></span> <span class='ocrx_word' id='word_1_208' title='bbox 1647 2640 1739 2677; x_wconf 85' lang='lat' dir='ltr'><strong>eo-</strong></span> 
     </span>
    </p>
   </div>
   <div class='ocr_carea' id='block_1_29' title="bbox 96 2710 1738 2778">
    <p class='ocr_par' dir='ltr' id='par_1_29' title="bbox 96 2710 1738 2778">
     <span class='ocr_line' id='line_1_29' title="bbox 96 2710 1738 2778; baseline 0.002 -15"><span class='ocrx_word' id='word_1_209' title='bbox 96 2725 185 2763; x_wconf 86' lang='lat' dir='ltr'><strong>rum</strong></span> <span class='ocrx_word' id='word_1_210' title='bbox 208 2712 479 2767; x_wconf 89' lang='lat' dir='ltr'><strong>dissensus</strong></span> <span class='ocrx_word' id='word_1_211' title='bbox 518 2715 713 2765; x_wconf 89' lang='lat' dir='ltr'><strong>tantus</strong></span> <span class='ocrx_word' id='word_1_212' title='bbox 746 2726 861 2764; x_wconf 89' lang='lat' dir='ltr'><strong>non</strong></span> <span class='ocrx_word' id='word_1_213' title='bbox 892 2714 1035 2778; x_wconf 89' lang='lat' dir='ltr'><strong>erat,</strong></span> <span class='ocrx_word' id='word_1_214' title='bbox 1067 2715 1131 2763; x_wconf 89' lang='lat' dir='ltr'><strong>ut</strong></span> <span class='ocrx_word' id='word_1_215' title='bbox 1151 2710 1221 2765; x_wconf 91' lang='lat' dir='ltr'><strong>de</strong></span> <span class='ocrx_word' id='word_1_216' title='bbox 1252 2727 1476 2765; x_wconf 90' lang='lat' dir='ltr'><strong>summa</strong></span> <span class='ocrx_word' id='word_1_217' title='bbox 1507 2713 1587 2766; x_wconf 90' lang='lat' dir='ltr'><strong>rei</strong></span> <span class='ocrx_word' id='word_1_218' title='bbox 1622 2728 1738 2767; x_wconf 89' lang='lat' dir='ltr'><strong>non</strong></span> 
     </span>
    </p>
   </div>
   <div class='ocr_carea' id='block_1_30' title="bbox 96 2800 1740 2869">
    <p class='ocr_par' dir='ltr' id='par_1_30' title="bbox 96 2800 1740 2869">
     <span class='ocr_line' id='line_1_30' title="bbox 96 2800 1740 2869; baseline 0.003 -17"><span class='ocrx_word' id='word_1_219' title='bbox 96 2803 433 2856; x_wconf 80' lang='lat' dir='ltr'><strong>consentirent.</strong></span> <span class='ocrx_word' id='word_1_220' title='bbox 481 2804 562 2855; x_wconf 82' lang='lat' dir='ltr'><strong>At</strong></span> <span class='ocrx_word' id='word_1_221' title='bbox 626 2816 917 2855; x_wconf 89' lang='lat' dir='ltr'><strong>sacrarum</strong></span> <span class='ocrx_word' id='word_1_222' title='bbox 978 2800 1320 2855; x_wconf 85' lang='lat' dir='ltr'><strong>Litterarum</strong></span> <span class='ocrx_word' id='word_1_223' title='bbox 1359 2801 1623 2869; x_wconf 89' lang='lat' dir='ltr'><strong>studiosi,</strong></span> <span class='ocrx_word' id='word_1_224' title='bbox 1684 2806 1740 2857; x_wconf 90' lang='lat' dir='ltr'><strong>et</strong></span> 
     </span>
    </p>
   </div>
   <div class='ocr_carea' id='block_1_31' title="bbox 101 2886 1738 2960">
    <p class='ocr_par' dir='ltr' id='par_1_31' title="bbox 101 2886 1738 2960">
     <span class='ocr_line' id='line_1_31' title="bbox 101 2886 1738 2960; baseline 0.002 -19"><span class='ocrx_word' id='word_1_225' title='bbox 101 2889 163 2955; x_wconf 82' lang='lat' dir='ltr'><strong>qui</strong></span> <span class='ocrx_word' id='word_1_226' title='bbox 193 2891 397 2960; x_wconf 90' lang='lat' dir='ltr'><strong>publice</strong></span> <span class='ocrx_word' id='word_1_227' title='bbox 432 2906 536 2944; x_wconf 87' lang='lat' dir='ltr'><strong>eas</strong></span> <span class='ocrx_word' id='word_1_228' title='bbox 582 2890 736 2959; x_wconf 90' lang='lat' dir='ltr'><strong>apud</strong></span> <span class='ocrx_word' id='word_1_229' title='bbox 774 2886 1110 2942; x_wconf 86' lang='lat' dir='ltr'><strong>concionem</strong></span> <span class='ocrx_word' id='word_1_230' title='bbox 1158 2889 1633 2959; x_wconf 88' lang='lat' dir='ltr'><strong>interpretantur,</strong></span> <span class='ocrx_word' id='word_1_231' title='bbox 1678 2891 1738 2945; x_wconf 92' lang='lat' dir='ltr'><strong>in</strong></span> 
     </span>
    </p>
   </div>
   <div class='ocr_carea' id='block_1_32' title="bbox 1858 500 3554 573">
    <p class='ocr_par' dir='ltr' id='par_1_32' title="bbox 1858 500 3554 573">
     <span class='ocr_line' id='line_1_32' title="bbox 1858 500 3554 573; baseline 0.001 -19"><span class='ocrx_word' id='word_1_232' title='bbox 1858 501 2035 572; x_wconf 89' lang='lat' dir='ltr'><strong>ligere</strong></span> <span class='ocrx_word' id='word_1_233' title='bbox 2062 501 2200 573; x_wconf 89' lang='lat' dir='ltr'><strong>quid</strong></span> <span class='ocrx_word' id='word_1_234' title='bbox 2230 501 2477 556; x_wconf 82' lang='lat' dir='ltr'><strong>maxime</strong></span> <span class='ocrx_word' id='word_1_235' title='bbox 2497 500 2793 572; x_wconf 86' lang='lat' dir='ltr'><strong>probabile</strong></span> <span class='ocrx_word' id='word_1_236' title='bbox 2846 500 2906 554; x_wconf 91' lang='lat' dir='ltr'><strong>in</strong></span> <span class='ocrx_word' id='word_1_237' title='bbox 2936 500 3143 556; x_wconf 69' lang='lat' dir='ltr'><strong>Graecis</strong></span> <span class='ocrx_word' id='word_1_238' title='bbox 3198 500 3554 557; x_wconf 84' lang='lat' dir='ltr'><strong>versionihus</strong></span> 
     </span>
    </p>
   </div>
   <div class='ocr_carea' id='block_1_33' title="bbox 1857 588 3552 660">
    <p class='ocr_par' dir='ltr' id='par_1_33' title="bbox 1857 588 3552 660">
     <span class='ocr_line' id='line_1_33' title="bbox 1857 588 3552 660; baseline 0.001 -16"><span class='ocrx_word' id='word_1_239' title='bbox 1857 595 2025 656; x_wconf 91' lang='lat' dir='ltr'><strong>esset,</strong></span> <span class='ocrx_word' id='word_1_240' title='bbox 2071 606 2136 644; x_wconf 85' lang='lat' dir='ltr'><strong>ex</strong></span> <span class='ocrx_word' id='word_1_241' title='bbox 2175 606 2418 660; x_wconf 90' lang='lat' dir='ltr'><strong>quarum</strong></span> <span class='ocrx_word' id='word_1_242' title='bbox 2474 590 2837 660; x_wconf 90' lang='lat' dir='ltr'><strong>potissimum</strong></span> <span class='ocrx_word' id='word_1_243' title='bbox 2869 588 3170 643; x_wconf 85' lang='lat' dir='ltr'><strong>collatione</strong></span> <span class='ocrx_word' id='word_1_244' title='bbox 3201 605 3358 644; x_wconf 89' lang='lat' dir='ltr'><strong>suam</strong></span> <span class='ocrx_word' id='word_1_245' title='bbox 3383 590 3552 645; x_wconf 88' lang='lat' dir='ltr'><strong>ador-</strong></span> 
     </span>
    </p>
   </div>
   <div class='ocr_carea' id='block_1_34' title="bbox 1855 678 3552 747">
    <p class='ocr_par' dir='ltr' id='par_1_34' title="bbox 1855 678 3552 747">
     <span class='ocr_line' id='line_1_34' title="bbox 1855 678 3552 747; baseline 0.001 -14"><span class='ocrx_word' id='word_1_246' title='bbox 1855 683 2105 734; x_wconf 84' lang='lat' dir='ltr'><strong>naverat.</strong></span> <span class='ocrx_word' id='word_1_247' title='bbox 2142 680 2259 733; x_wconf 87' lang='lat' dir='ltr'><strong>Huc</strong></span> <span class='ocrx_word' id='word_1_248' title='bbox 2289 678 2589 732; x_wconf 87' lang='lat' dir='ltr'><strong>accedebat</strong></span> <span class='ocrx_word' id='word_1_249' title='bbox 2613 678 2767 747; x_wconf 92' lang='lat' dir='ltr'><strong>quod</strong></span> <span class='ocrx_word' id='word_1_250' title='bbox 2795 694 2860 731; x_wconf 82' lang='lat' dir='ltr'><strong>ex</strong></span> <span class='ocrx_word' id='word_1_251' title='bbox 2901 678 3325 747; x_wconf 84' lang='lat' dir='ltr'><strong>comparatione</strong></span> <span class='ocrx_word' id='word_1_252' title='bbox 3358 679 3552 733; x_wconf 86' lang='lat' dir='ltr'><strong>Hiero-</strong></span> 
     </span>
    </p>
   </div>
   <div class='ocr_carea' id='block_1_35' title="bbox 1852 765 3555 839">
    <p class='ocr_par' dir='ltr' id='par_1_35' title="bbox 1852 765 3555 839">
     <span class='ocr_line' id='line_1_35' title="bbox 1852 765 3555 839; baseline 0 -17"><span class='ocrx_word' id='word_1_253' title='bbox 1852 768 2139 839; x_wconf 71' lang='lat' dir='ltr'><strong>nymianas</strong></span> <span class='ocrx_word' id='word_1_254' title='bbox 2168 766 2449 821; x_wconf 91' lang='lat' dir='ltr'><strong>versionis</strong></span> <span class='ocrx_word' id='word_1_255' title='bbox 2480 782 2610 820; x_wconf 91' lang='lat' dir='ltr'><strong>cum</strong></span> <span class='ocrx_word' id='word_1_256' title='bbox 2640 767 2831 820; x_wconf 68' lang='lat' dir='ltr'><strong>Graeca</strong></span> <span class='ocrx_word' id='word_1_257' title='bbox 2862 766 2984 820; x_wconf 84' lang='lat' dir='ltr'><strong>LXX</strong></span> <span class='ocrx_word' id='word_1_258' title='bbox 3010 765 3415 836; x_wconf 88' lang='lat' dir='ltr'><strong>interpretum,</strong></span> <span class='ocrx_word' id='word_1_259' title='bbox 3455 770 3555 822; x_wconf 89' lang='lat' dir='ltr'><strong>aut</strong></span> 
     </span>
    </p>
   </div>
   <div class='ocr_carea' id='block_1_36' title="bbox 1854 853 3555 925">
    <p class='ocr_par' dir='ltr' id='par_1_36' title="bbox 1854 853 3555 925">
     <span class='ocr_line' id='line_1_36' title="bbox 1854 853 3555 925; baseline 0.001 -17"><span class='ocrx_word' id='word_1_260' title='bbox 1854 856 1976 925; x_wconf 89' lang='lat' dir='ltr'><strong>ejus</strong></span> <span class='ocrx_word' id='word_1_261' title='bbox 2020 855 2487 909; x_wconf 88' lang='lat' dir='ltr'><strong>translationibus</strong></span> <span class='ocrx_word' id='word_1_262' title='bbox 2529 854 2758 915; x_wconf 87' lang='lat' dir='ltr'><strong>Latinis,</strong></span> <span class='ocrx_word' id='word_1_263' title='bbox 2803 869 2915 907; x_wconf 91' lang='lat' dir='ltr'><strong>non</strong></span> <span class='ocrx_word' id='word_1_264' title='bbox 2963 853 3172 924; x_wconf 85' lang='lat' dir='ltr'><strong>exigua</strong></span> <span class='ocrx_word' id='word_1_265' title='bbox 3204 856 3302 908; x_wconf 80' lang='lat' dir='ltr'><strong>lux</strong></span> <span class='ocrx_word' id='word_1_266' title='bbox 3331 856 3555 909; x_wconf 90' lang='lat' dir='ltr'><strong>lectori-</strong></span> 
     </span>
    </p>
   </div>
   <div class='ocr_carea' id='block_1_37' title="bbox 1852 942 3549 1015">
    <p class='ocr_par' dir='ltr' id='par_1_37' title="bbox 1852 942 3549 1015">
     <span class='ocr_line' id='line_1_37' title="bbox 1852 942 3549 1015; baseline -0.001 -17"><span class='ocrx_word' id='word_1_267' title='bbox 1852 945 1957 998; x_wconf 86' lang='lat' dir='ltr'><strong>bus</strong></span> <span class='ocrx_word' id='word_1_268' title='bbox 1985 945 2299 1015; x_wconf 80' lang='lat' dir='ltr'><strong>afi‘ulgeret.</strong></span> <span class='ocrx_word' id='word_1_269' title='bbox 2336 946 2496 998; x_wconf 88' lang='lat' dir='ltr'><strong>Nunc</strong></span> <span class='ocrx_word' id='word_1_270' title='bbox 2526 958 2657 996; x_wconf 88' lang='lat' dir='ltr'><strong>vero</strong></span> <span class='ocrx_word' id='word_1_271' title='bbox 2705 958 2810 1013; x_wconf 90' lang='lat' dir='ltr'><strong>pro</strong></span> <span class='ocrx_word' id='word_1_272' title='bbox 2840 942 3053 1013; x_wconf 88' lang='lat' dir='ltr'><strong>gratiis,</strong></span> <span class='ocrx_word' id='word_1_273' title='bbox 3104 960 3245 1014; x_wconf 87' lang='lat' dir='ltr'><strong>quas</strong></span> <span class='ocrx_word' id='word_1_274' title='bbox 3276 944 3329 999; x_wconf 89' lang='lat' dir='ltr'><strong>ei</strong></span> <span class='ocrx_word' id='word_1_275' title='bbox 3380 944 3549 998; x_wconf 91' lang='lat' dir='ltr'><strong>debe-</strong></span> 
     </span>
    </p>
   </div>
   <div class='ocr_carea' id='block_1_38' title="bbox 1851 1030 3549 1102">
    <p class='ocr_par' dir='ltr' id='par_1_38' title="bbox 1851 1030 3549 1102">
     <span class='ocr_line' id='line_1_38' title="bbox 1851 1030 3549 1102; baseline -0.002 -15"><span class='ocrx_word' id='word_1_276' title='bbox 1851 1033 2007 1099; x_wconf 89' lang='lat' dir='ltr'><strong>bant,</strong></span> <span class='ocrx_word' id='word_1_277' title='bbox 2030 1033 2295 1087; x_wconf 90' lang='lat' dir='ltr'><strong>homines</strong></span> <span class='ocrx_word' id='word_1_278' title='bbox 2325 1032 2579 1102; x_wconf 87' lang='lat' dir='ltr'><strong>imperiti</strong></span> <span class='ocrx_word' id='word_1_279' title='bbox 2603 1038 2659 1084; x_wconf 85' lang='lat' dir='ltr'><strong>et</strong></span> <span class='ocrx_word' id='word_1_280' title='bbox 2698 1030 3015 1101; x_wconf 89' lang='lat' dir='ltr'><strong>pertinaces</strong></span> <span class='ocrx_word' id='word_1_281' title='bbox 3061 1031 3283 1085; x_wconf 87' lang='lat' dir='ltr'><strong>labores</strong></span> <span class='ocrx_word' id='word_1_282' title='bbox 3314 1031 3437 1102; x_wconf 89' lang='lat' dir='ltr'><strong>ejus</strong></span> <span class='ocrx_word' id='word_1_283' title='bbox 3465 1031 3549 1085; x_wconf 92' lang='lat' dir='ltr'><strong>in-</strong></span> 
     </span>
    </p>
   </div>
   <div class='ocr_carea' id='block_1_39' title="bbox 1850 1119 3549 1183">
    <p class='ocr_par' dir='ltr' id='par_1_39' title="bbox 1850 1119 3549 1183">
     <span class='ocr_line' id='line_1_39' title="bbox 1850 1119 3549 1183; baseline -0.001 -8"><span class='ocrx_word' id='word_1_284' title='bbox 1850 1122 2065 1175; x_wconf 88' lang='lat' dir='ltr'><strong>famare</strong></span> <span class='ocrx_word' id='word_1_285' title='bbox 2105 1121 2293 1176; x_wconf 89' lang='lat' dir='ltr'><strong>conati</strong></span> <span class='ocrx_word' id='word_1_286' title='bbox 2334 1125 2482 1175; x_wconf 91' lang='lat' dir='ltr'><strong>sunt.</strong></span> <span class='ocrx_word' id='word_1_287' title='bbox 2528 1121 2713 1183; x_wconf 87' lang='lat' dir='ltr'><strong>Quare</strong></span> <span class='ocrx_word' id='word_1_288' title='bbox 2760 1134 2893 1173; x_wconf 88' lang='lat' dir='ltr'><strong>vero</strong></span> <span class='ocrx_word' id='word_1_289' title='bbox 2921 1120 2951 1173; x_wconf 83' lang='lat'>?</span> <span class='ocrx_word' id='word_1_290' title='bbox 2979 1119 3122 1183; x_wconf 90' lang='lat' dir='ltr'><strong>Quia</strong></span> <span class='ocrx_word' id='word_1_291' title='bbox 3161 1120 3231 1172; x_wconf 92' lang='lat' dir='ltr'><strong>iis</strong></span> <span class='ocrx_word' id='word_1_292' title='bbox 3261 1119 3549 1174; x_wconf 87' lang='lat' dir='ltr'><strong>laboribus</strong></span> 
     </span>
    </p>
   </div>
   <div class='ocr_carea' id='block_1_40' title="bbox 1851 1205 3548 1279">
    <p class='ocr_par' dir='ltr' id='par_1_40' title="bbox 1851 1205 3548 1279">
     <span class='ocr_line' id='line_1_40' title="bbox 1851 1205 3548 1279; baseline -0.001 -16"><span class='ocrx_word' id='word_1_293' title='bbox 1851 1208 2106 1279; x_wconf 85' lang='lat' dir='ltr'><strong>liquebat</strong></span> <span class='ocrx_word' id='word_1_294' title='bbox 2135 1225 2230 1262; x_wconf 89' lang='lat' dir='ltr'><strong>eos</strong></span> <span class='ocrx_word' id='word_1_295' title='bbox 2272 1208 2597 1273; x_wconf 88' lang='lat' dir='ltr'><strong>innumera,</strong></span> <span class='ocrx_word' id='word_1_296' title='bbox 2648 1205 2708 1259; x_wconf 91' lang='lat' dir='ltr'><strong>in</strong></span> <span class='ocrx_word' id='word_1_297' title='bbox 2737 1207 2935 1259; x_wconf 83' lang='lat' dir='ltr'><strong>Vetere</strong></span> <span class='ocrx_word' id='word_1_298' title='bbox 2990 1206 3305 1278; x_wconf 64' lang='lat' dir='ltr'><strong>praesertim</strong></span> <span class='ocrx_word' id='word_1_299' title='bbox 3354 1207 3548 1261; x_wconf 89' lang='lat' dir='ltr'><strong>Testa-</strong></span> 
     </span>
    </p>
   </div>
   <div class='ocr_carea' id='block_1_41' title="bbox 1850 1294 3548 1365">
    <p class='ocr_par' dir='ltr' id='par_1_41' title="bbox 1850 1294 3548 1365">
     <span class='ocr_line' id='line_1_41' title="bbox 1850 1294 3548 1365; baseline -0.001 -15"><span class='ocrx_word' id='word_1_300' title='bbox 1850 1301 2071 1365; x_wconf 88' lang='lat' dir='ltr'><strong>mento,</strong></span> <span class='ocrx_word' id='word_1_301' title='bbox 2096 1297 2244 1350; x_wconf 89' lang='lat' dir='ltr'><strong>male</strong></span> <span class='ocrx_word' id='word_1_302' title='bbox 2284 1296 2478 1350; x_wconf 91' lang='lat' dir='ltr'><strong>solitos</strong></span> <span class='ocrx_word' id='word_1_303' title='bbox 2508 1294 2902 1364; x_wconf 86' lang='lat' dir='ltr'><strong>interpretari;</strong></span> <span class='ocrx_word' id='word_1_304' title='bbox 2956 1294 3120 1365; x_wconf 88' lang='lat' dir='ltr'><strong>sique</strong></span> <span class='ocrx_word' id='word_1_305' title='bbox 3152 1295 3322 1364; x_wconf 88' lang='lat' dir='ltr'><strong>vulgo</strong></span> <span class='ocrx_word' id='word_1_306' title='bbox 3355 1294 3548 1364; x_wconf 90' lang='lat' dir='ltr'><strong>opinio</strong></span> 
     </span>
    </p>
   </div>
   <div class='ocr_carea' id='block_1_42' title="bbox 1850 1382 3546 1455">
    <p class='ocr_par' dir='ltr' id='par_1_42' title="bbox 1850 1382 3546 1455">
     <span class='ocr_line' id='line_1_42' title="bbox 1850 1382 3546 1455; baseline -0.002 -16"><span class='ocrx_word' id='word_1_307' title='bbox 1850 1385 2194 1440; x_wconf 85' lang='lat' dir='ltr'><strong>obtinuisset</strong></span> <span class='ocrx_word' id='word_1_308' title='bbox 2218 1384 2525 1455; x_wconf 66' lang='lat' dir='ltr'><strong>Scriptura:</strong></span> <span class='ocrx_word' id='word_1_309' title='bbox 2555 1382 2845 1437; x_wconf 89' lang='lat' dir='ltr'><strong>versiones</strong></span> <span class='ocrx_word' id='word_1_310' title='bbox 2901 1398 3098 1436; x_wconf 88' lang='lat' dir='ltr'><strong>omnes</strong></span> <span class='ocrx_word' id='word_1_311' title='bbox 3129 1398 3249 1436; x_wconf 89' lang='lat' dir='ltr'><strong>esse</strong></span> <span class='ocrx_word' id='word_1_312' title='bbox 3297 1398 3427 1436; x_wconf 92' lang='lat' dir='ltr'><strong>cum</strong></span> <span class='ocrx_word' id='word_1_313' title='bbox 3456 1398 3546 1436; x_wconf 89' lang='lat' dir='ltr'><strong>ar-</strong></span> 
     </span>
    </p>
   </div>
   <div class='ocr_carea' id='block_1_43' title="bbox 1849 1471 3545 1545">
    <p class='ocr_par' dir='ltr' id='par_1_43' title="bbox 1849 1471 3545 1545">
     <span class='ocr_line' id='line_1_43' title="bbox 1849 1471 3545 1545; baseline -0.001 -17"><span class='ocrx_word' id='word_1_314' title='bbox 1849 1474 2107 1545; x_wconf 89' lang='lat' dir='ltr'><strong>chetypis</strong></span> <span class='ocrx_word' id='word_1_315' title='bbox 2163 1474 2553 1533; x_wconf 86' lang='lat' dir='ltr'><strong>conferendas,</strong></span> <span class='ocrx_word' id='word_1_316' title='bbox 2617 1472 2831 1543; x_wconf 88' lang='lat' dir='ltr'><strong>quippe</strong></span> <span class='ocrx_word' id='word_1_317' title='bbox 2872 1487 3000 1542; x_wconf 74' lang='lat' dir='ltr'><strong>qua:</strong></span> <span class='ocrx_word' id='word_1_318' title='bbox 3049 1471 3243 1525; x_wconf 90' lang='lat' dir='ltr'><strong>fallere</strong></span> <span class='ocrx_word' id='word_1_319' title='bbox 3290 1476 3545 1541; x_wconf 88' lang='lat' dir='ltr'><strong>possent,</strong></span> 
     </span>
    </p>
   </div>
   <div class='ocr_carea' id='block_1_44' title="bbox 1849 1560 3551 1617">
    <p class='ocr_par' dir='ltr' id='par_1_44' title="bbox 1849 1560 3551 1617">
     <span class='ocr_line' id='line_1_44' title="bbox 1849 1560 3551 1617; baseline -0.002 -1"><span class='ocrx_word' id='word_1_320' title='bbox 1849 1567 2037 1617; x_wconf 89' lang='lat' dir='ltr'><strong>actum</strong></span> <span class='ocrx_word' id='word_1_321' title='bbox 2070 1566 2193 1616; x_wconf 89' lang='lat' dir='ltr'><strong>erat</strong></span> <span class='ocrx_word' id='word_1_322' title='bbox 2218 1563 2288 1616; x_wconf 90' lang='lat' dir='ltr'><strong>de</strong></span> <span class='ocrx_word' id='word_1_323' title='bbox 2310 1561 2632 1616; x_wconf 88' lang='lat' dir='ltr'><strong>eruditione</strong></span> <span class='ocrx_word' id='word_1_324' title='bbox 2652 1560 3093 1614; x_wconf 90' lang='lat' dir='ltr'><strong>innumerorum</strong></span> <span class='ocrx_word' id='word_1_325' title='bbox 3119 1561 3416 1614; x_wconf 89' lang='lat' dir='ltr'><strong>rhetorum</strong></span> <span class='ocrx_word' id='word_1_326' title='bbox 3447 1560 3551 1613; x_wconf 91' lang='lat' dir='ltr'><strong>La-</strong></span> 
     </span>
    </p>
   </div>
   <div class='ocr_carea' id='block_1_45' title="bbox 1850 1646 3550 1722">
    <p class='ocr_par' dir='ltr' id='par_1_45' title="bbox 1850 1646 3550 1722">
     <span class='ocr_line' id='line_1_45' title="bbox 1850 1646 3550 1722; baseline -0.002 -17"><span class='ocrx_word' id='word_1_327' title='bbox 1850 1649 2121 1717; x_wconf 90' lang='lat' dir='ltr'><strong>tinorum,</strong></span> <span class='ocrx_word' id='word_1_328' title='bbox 2155 1651 2255 1722; x_wconf 90' lang='lat' dir='ltr'><strong>qui</strong></span> <span class='ocrx_word' id='word_1_329' title='bbox 2294 1666 2397 1704; x_wconf 91' lang='lat' dir='ltr'><strong>nec</strong></span> <span class='ocrx_word' id='word_1_330' title='bbox 2436 1650 2625 1703; x_wconf 83' lang='lat' dir='ltr'><strong>Graece</strong></span> <span class='ocrx_word' id='word_1_331' title='bbox 2669 1664 2774 1702; x_wconf 91' lang='lat' dir='ltr'><strong>nec</strong></span> <span class='ocrx_word' id='word_1_332' title='bbox 2802 1648 3073 1702; x_wconf 86' lang='lat' dir='ltr'><strong>Hebraice</strong></span> <span class='ocrx_word' id='word_1_333' title='bbox 3120 1646 3393 1702; x_wconf 89' lang='lat' dir='ltr'><strong>sciebant.</strong></span> <span class='ocrx_word' id='word_1_334' title='bbox 3420 1649 3550 1702; x_wconf 59' lang='lat' dir='ltr'><strong>Haec</strong></span> 
     </span>
    </p>
   </div>
   <div class='ocr_carea' id='block_1_46' title="bbox 1844 1737 3547 1809">
    <p class='ocr_par' dir='ltr' id='par_1_46' title="bbox 1844 1737 3547 1809">
     <span class='ocr_line' id='line_1_46' title="bbox 1844 1737 3547 1809; baseline -0.001 -17"><span class='ocrx_word' id='word_1_335' title='bbox 1844 1739 2019 1809; x_wconf 91' lang='lat' dir='ltr'><strong>paulo</strong></span> <span class='ocrx_word' id='word_1_336' title='bbox 2042 1738 2347 1806; x_wconf 89' lang='lat' dir='ltr'><strong>copiosius,</strong></span> <span class='ocrx_word' id='word_1_337' title='bbox 2370 1744 2565 1809; x_wconf 90' lang='lat' dir='ltr'><strong>postea</strong></span> <span class='ocrx_word' id='word_1_338' title='bbox 2623 1753 2990 1807; x_wconf 89' lang='lat' dir='ltr'><strong>nequaquam</strong></span> <span class='ocrx_word' id='word_1_339' title='bbox 3039 1737 3371 1806; x_wconf 90' lang='lat' dir='ltr'><strong>repetenda,</strong></span> <span class='ocrx_word' id='word_1_340' title='bbox 3415 1753 3547 1806; x_wconf 86' lang='lat' dir='ltr'><strong>per-</strong></span> 
     </span>
    </p>
   </div>
   <div class='ocr_carea' id='block_1_47' title="bbox 1841 1824 3546 1898">
    <p class='ocr_par' dir='ltr' id='par_1_47' title="bbox 1841 1824 3546 1898">
     <span class='ocr_line' id='line_1_47' title="bbox 1841 1824 3546 1898; baseline -0.001 -17"><span class='ocrx_word' id='word_1_341' title='bbox 1841 1826 2018 1882; x_wconf 89' lang='lat' dir='ltr'><strong>secuti</strong></span> <span class='ocrx_word' id='word_1_342' title='bbox 2047 1844 2262 1893; x_wconf 89' lang='lat' dir='ltr'><strong>sumus,</strong></span> <span class='ocrx_word' id='word_1_343' title='bbox 2305 1827 2460 1898; x_wconf 88' lang='lat' dir='ltr'><strong>quod</strong></span> <span class='ocrx_word' id='word_1_344' title='bbox 2498 1827 2821 1880; x_wconf 87' lang='lat' dir='ltr'><strong>videremus</strong></span> <span class='ocrx_word' id='word_1_345' title='bbox 2879 1824 3304 1895; x_wconf 87' lang='lat' dir='ltr'><strong>Hipponensem</strong></span> <span class='ocrx_word' id='word_1_346' title='bbox 3335 1824 3546 1896; x_wconf 86' lang='lat' dir='ltr'><strong>episco-</strong></span> 
     </span>
    </p>
   </div>
   <div class='ocr_carea' id='block_1_48' title="bbox 1840 1912 3545 1987">
    <p class='ocr_par' dir='ltr' id='par_1_48' title="bbox 1840 1912 3545 1987">
     <span class='ocr_line' id='line_1_48' title="bbox 1840 1912 3545 1987; baseline -0.001 -18"><span class='ocrx_word' id='word_1_347' title='bbox 1840 1932 1981 1987; x_wconf 89' lang='lat' dir='ltr'><strong>pum</strong></span> <span class='ocrx_word' id='word_1_348' title='bbox 2031 1915 2399 1987; x_wconf 90' lang='lat' dir='ltr'><strong>pertinaciter</strong></span> <span class='ocrx_word' id='word_1_349' title='bbox 2472 1913 2696 1970; x_wconf 88' lang='lat' dir='ltr'><strong>homini</strong></span> <span class='ocrx_word' id='word_1_350' title='bbox 2745 1912 2987 1968; x_wconf 87' lang='lat' dir='ltr'><strong>doctiori</strong></span> <span class='ocrx_word' id='word_1_351' title='bbox 3035 1916 3206 1984; x_wconf 90' lang='lat' dir='ltr'><strong>atque</strong></span> <span class='ocrx_word' id='word_1_352' title='bbox 3255 1912 3545 1968; x_wconf 89' lang='lat' dir='ltr'><strong>immerito</strong></span> 
     </span>
    </p>
   </div>
   <div class='ocr_carea' id='block_1_49' title="bbox 1844 2004 2427 2059">
    <p class='ocr_par' dir='ltr' id='par_1_49' title="bbox 1844 2004 2427 2059">
     <span class='ocr_line' id='line_1_49' title="bbox 1844 2004 2427 2059; baseline -0.002 0"><span class='ocrx_word' id='word_1_353' title='bbox 1844 2006 2206 2059; x_wconf 86' lang='lat' dir='ltr'><strong>adversatum</strong></span> <span class='ocrx_word' id='word_1_354' title='bbox 2233 2004 2427 2059; x_wconf 90' lang='lat' dir='ltr'><strong>fuisse.</strong></span> 
     </span>
    </p>
   </div>
   <div class='ocr_carea' id='block_1_50' title="bbox 1915 2087 3545 2162">
    <p class='ocr_par' dir='ltr' id='par_1_50' title="bbox 1915 2087 3545 2162">
     <span class='ocr_line' id='line_1_50' title="bbox 1915 2087 3545 2162; baseline -0.002 -16"><span class='ocrx_word' id='word_1_355' title='bbox 1915 2091 2253 2162; x_wconf 82' lang='lat' dir='ltr'><strong>Caeteroqui,</strong></span> <span class='ocrx_word' id='word_1_356' title='bbox 2289 2106 2418 2145; x_wconf 91' lang='lat' dir='ltr'><strong>cum</strong></span> <span class='ocrx_word' id='word_1_357' title='bbox 2451 2090 2510 2145; x_wconf 92' lang='lat' dir='ltr'><strong>in</strong></span> <span class='ocrx_word' id='word_1_358' title='bbox 2548 2089 2638 2157; x_wconf 90' lang='lat' dir='ltr'><strong>iis,</strong></span> <span class='ocrx_word' id='word_1_359' title='bbox 2672 2104 2802 2161; x_wconf 69' lang='lat' dir='ltr'><strong>quae</strong></span> <span class='ocrx_word' id='word_1_360' title='bbox 2833 2104 2901 2143; x_wconf 81' lang='lat' dir='ltr'><strong>ex</strong></span> <span class='ocrx_word' id='word_1_361' title='bbox 2925 2090 3086 2143; x_wconf 88' lang='lat' dir='ltr'><strong>mera</strong></span> <span class='ocrx_word' id='word_1_362' title='bbox 3110 2087 3545 2143; x_wconf 89' lang='lat' dir='ltr'><strong>ratiocinatione</strong></span> 
     </span>
    </p>
   </div>
   <div class='ocr_carea' id='block_1_51' title="bbox 1842 2176 3541 2251">
    <p class='ocr_par' dir='ltr' id='par_1_51' title="bbox 1842 2176 3541 2251">
     <span class='ocr_line' id='line_1_51' title="bbox 1842 2176 3541 2251; baseline -0.001 -17"><span class='ocrx_word' id='word_1_363' title='bbox 1842 2180 2114 2251; x_wconf 83' lang='lat' dir='ltr'><strong>pendent,</strong></span> <span class='ocrx_word' id='word_1_364' title='bbox 2149 2176 2493 2251; x_wconf 83' lang='lat' dir='ltr'><strong>Hieronymo</strong></span> <span class='ocrx_word' id='word_1_365' title='bbox 2525 2177 2762 2233; x_wconf 87' lang='lat' dir='ltr'><strong>inferior</strong></span> <span class='ocrx_word' id='word_1_366' title='bbox 2788 2194 2904 2233; x_wconf 92' lang='lat' dir='ltr'><strong>non</strong></span> <span class='ocrx_word' id='word_1_367' title='bbox 2950 2180 3098 2231; x_wconf 89' lang='lat' dir='ltr'><strong>esset</strong></span> <span class='ocrx_word' id='word_1_368' title='bbox 3147 2176 3541 2246; x_wconf 82' lang='lat' dir='ltr'><strong>Augustinus;</strong></span> 
     </span>
    </p>
   </div>
   <div class='ocr_carea' id='block_1_52' title="bbox 1843 2264 3545 2340">
    <p class='ocr_par' dir='ltr' id='par_1_52' title="bbox 1843 2264 3545 2340">
     <span class='ocr_line' id='line_1_52' title="bbox 1843 2264 3545 2340; baseline -0.002 -18"><span class='ocrx_word' id='word_1_369' title='bbox 1843 2269 1903 2322; x_wconf 91' lang='lat' dir='ltr'><strong>in</strong></span> <span class='ocrx_word' id='word_1_370' title='bbox 1931 2284 1998 2322; x_wconf 93' lang='lat' dir='ltr'><strong>eo</strong></span> <span class='ocrx_word' id='word_1_371' title='bbox 2029 2269 2349 2323; x_wconf 90' lang='lat' dir='ltr'><strong>litterarum</strong></span> <span class='ocrx_word' id='word_1_372' title='bbox 2372 2269 2496 2340; x_wconf 88' lang='lat' dir='ltr'><strong>ejus</strong></span> <span class='ocrx_word' id='word_1_373' title='bbox 2522 2267 2730 2339; x_wconf 84' lang='lat' dir='ltr'><strong>capite,</strong></span> <span class='ocrx_word' id='word_1_374' title='bbox 2757 2267 2909 2339; x_wconf 90' lang='lat' dir='ltr'><strong>quod</strong></span> <span class='ocrx_word' id='word_1_375' title='bbox 2932 2269 3152 2337; x_wconf 87' lang='lat' dir='ltr'><strong>spectat</strong></span> <span class='ocrx_word' id='word_1_376' title='bbox 3169 2264 3381 2319; x_wconf 86' lang='lat' dir='ltr'><strong>factum</strong></span> <span class='ocrx_word' id='word_1_377' title='bbox 3403 2267 3545 2320; x_wconf 87' lang='lat' dir='ltr'><strong>Pau-</strong></span> 
     </span>
    </p>
   </div>
   <div class='ocr_carea' id='block_1_53' title="bbox 1844 2354 3545 2426">
    <p class='ocr_par' dir='ltr' id='par_1_53' title="bbox 1844 2354 3545 2426">
     <span class='ocr_line' id='line_1_53' title="bbox 1844 2354 3545 2426; baseline -0.001 -15"><span class='ocrx_word' id='word_1_378' title='bbox 1844 2358 1905 2423; x_wconf 91' lang='lat' dir='ltr'><strong>li,</strong></span> <span class='ocrx_word' id='word_1_379' title='bbox 1935 2358 2059 2412; x_wconf 89' lang='lat' dir='ltr'><strong>sine</strong></span> <span class='ocrx_word' id='word_1_380' title='bbox 2082 2358 2261 2412; x_wconf 91' lang='lat' dir='ltr'><strong>dubio</strong></span> <span class='ocrx_word' id='word_1_381' title='bbox 2288 2358 2589 2412; x_wconf 88' lang='lat' dir='ltr'><strong>meliorem</strong></span> <span class='ocrx_word' id='word_1_382' title='bbox 2607 2373 2837 2412; x_wconf 89' lang='lat' dir='ltr'><strong>causam</strong></span> <span class='ocrx_word' id='word_1_383' title='bbox 2863 2355 3155 2421; x_wconf 89' lang='lat' dir='ltr'><strong>defendit;</strong></span> <span class='ocrx_word' id='word_1_384' title='bbox 3179 2354 3336 2426; x_wconf 89' lang='lat' dir='ltr'><strong>quod</strong></span> <span class='ocrx_word' id='word_1_385' title='bbox 3364 2354 3545 2410; x_wconf 89' lang='lat' dir='ltr'><strong>liben-</strong></span> 
     </span>
    </p>
   </div>
   <div class='ocr_carea' id='block_1_54' title="bbox 1844 2443 3542 2515">
    <p class='ocr_par' dir='ltr' id='par_1_54' title="bbox 1844 2443 3542 2515">
     <span class='ocr_line' id='line_1_54' title="bbox 1844 2443 3542 2515; baseline -0.002 -15"><span class='ocrx_word' id='word_1_386' title='bbox 1844 2450 1931 2500; x_wconf 90' lang='lat' dir='ltr'><strong>ter</strong></span> <span class='ocrx_word' id='word_1_387' title='bbox 1967 2446 2059 2501; x_wconf 91' lang='lat' dir='ltr'><strong>hic</strong></span> <span class='ocrx_word' id='word_1_388' title='bbox 2087 2446 2471 2513; x_wconf 86' lang='lat' dir='ltr'><strong>observamus,</strong></span> <span class='ocrx_word' id='word_1_389' title='bbox 2510 2462 2583 2501; x_wconf 92' lang='lat' dir='ltr'><strong>ne</strong></span> <span class='ocrx_word' id='word_1_390' title='bbox 2640 2446 2987 2515; x_wconf 84' lang='lat' dir='ltr'><strong>Hieronymo</strong></span> <span class='ocrx_word' id='word_1_391' title='bbox 3015 2447 3227 2515; x_wconf 70' lang='lat' dir='ltr'><strong>printer</strong></span> <span class='ocrx_word' id='word_1_392' title='bbox 3271 2443 3542 2498; x_wconf 89' lang='lat' dir='ltr'><strong>meritum</strong></span> 
     </span>
    </p>
   </div>
   <div class='ocr_carea' id='block_1_55' title="bbox 1845 2531 3541 2606">
    <p class='ocr_par' dir='ltr' id='par_1_55' title="bbox 1845 2531 3541 2606">
     <span class='ocr_line' id='line_1_55' title="bbox 1845 2531 3541 2606; baseline -0.002 -17"><span class='ocrx_word' id='word_1_393' title='bbox 1845 2534 2054 2601; x_wconf 85' lang='lat' dir='ltr'><strong>favere,</strong></span> <span class='ocrx_word' id='word_1_394' title='bbox 2081 2535 2169 2589; x_wconf 90' lang='lat' dir='ltr'><strong>vel</strong></span> <span class='ocrx_word' id='word_1_395' title='bbox 2202 2535 2522 2606; x_wconf 83' lang='lat' dir='ltr'><strong>Augustino</strong></span> <span class='ocrx_word' id='word_1_396' title='bbox 2567 2550 2733 2606; x_wconf 84' lang='lat' dir='ltr'><strong>aequo</strong></span> <span class='ocrx_word' id='word_1_397' title='bbox 2776 2532 2999 2588; x_wconf 85' lang='lat' dir='ltr'><strong>facilius</strong></span> <span class='ocrx_word' id='word_1_398' title='bbox 3045 2532 3329 2587; x_wconf 89' lang='lat' dir='ltr'><strong>adversari</strong></span> <span class='ocrx_word' id='word_1_399' title='bbox 3357 2531 3541 2587; x_wconf 90' lang='lat' dir='ltr'><strong>videa-</strong></span> 
     </span>
    </p>
   </div>
   <div class='ocr_carea' id='block_1_56' title="bbox 1847 2638 1993 2675">
    <p class='ocr_par' dir='ltr' id='par_1_56' title="bbox 1847 2638 1993 2675">
     <span class='ocr_line' id='line_1_56' title="bbox 1847 2638 1993 2675; baseline 0 0"><span class='ocrx_word' id='word_1_400' title='bbox 1847 2638 1993 2675; x_wconf 89' lang='lat' dir='ltr'><strong>mur.</strong></span> 
     </span>
    </p>
   </div>
   <div class='ocr_carea' id='block_1_57' title="bbox 1918 2705 3548 2780">
    <p class='ocr_par' dir='ltr' id='par_1_57' title="bbox 1918 2705 3548 2780">
     <span class='ocr_line' id='line_1_57' title="bbox 1918 2705 3548 2780; baseline -0.001 -17"><span class='ocrx_word' id='word_1_401' title='bbox 1918 2709 2091 2780; x_wconf 90' lang='lat' dir='ltr'><strong>Epist.</strong></span> <span class='ocrx_word' id='word_1_402' title='bbox 2139 2713 2227 2776; x_wconf 82' lang='lat'><strong>31,</strong></span> <span class='ocrx_word' id='word_1_403' title='bbox 2268 2712 2295 2778; x_wconf 87' lang='lat'><strong>§</strong></span> <span class='ocrx_word' id='word_1_404' title='bbox 2341 2714 2393 2765; x_wconf 96' lang='lat'><strong>2.</strong></span> <span class='ocrx_word' id='word_1_405' title='bbox 2448 2709 2659 2764; x_wconf 83' lang='lat' dir='ltr'><strong>Aderat</strong></span> <span class='ocrx_word' id='word_1_406' title='bbox 2732 2710 2897 2763; x_wconf 87' lang='lat' dir='ltr'><strong>etiam</strong></span> <span class='ocrx_word' id='word_1_407' title='bbox 2951 2707 3097 2777; x_wconf 88' lang='lat' dir='ltr'><strong>quod</strong></span> <span class='ocrx_word' id='word_1_408' title='bbox 3149 2707 3291 2760; x_wconf 80' lang='lat' dir='ltr'><strong>nulli</strong></span> <span class='ocrx_word' id='word_1_409' title='bbox 3344 2705 3548 2761; x_wconf 72' lang='lat' dir='ltr'><strong>chartae</strong></span> 
     </span>
    </p>
   </div>
   <div class='ocr_carea' id='block_1_58' title="bbox 1847 2795 3547 2867">
    <p class='ocr_par' dir='ltr' id='par_1_58' title="bbox 1847 2795 3547 2867">
     <span class='ocr_line' id='line_1_58' title="bbox 1847 2795 3547 2867; baseline -0.003 -16"><span class='ocrx_word' id='word_1_410' title='bbox 1847 2797 2034 2852; x_wconf 87' lang='lat' dir='ltr'><strong>adesse</strong></span> <span class='ocrx_word' id='word_1_411' title='bbox 2050 2802 2245 2867; x_wconf 84' lang='lat' dir='ltr'><strong>potest,</strong></span> <span class='ocrx_word' id='word_1_412' title='bbox 2302 2803 2513 2853; x_wconf 87' lang='lat' dir='ltr'><strong>tantum</strong></span> <span class='ocrx_word' id='word_1_413' title='bbox 2560 2800 2619 2852; x_wconf 90' lang='lat' dir='ltr'><strong>in</strong></span> <span class='ocrx_word' id='word_1_414' title='bbox 2644 2797 3005 2851; x_wconf 87' lang='lat' dir='ltr'><strong>narrantibus</strong></span> <span class='ocrx_word' id='word_1_415' title='bbox 3052 2795 3337 2862; x_wconf 87' lang='lat' dir='ltr'><strong>gaudium,</strong></span> <span class='ocrx_word' id='word_1_416' title='bbox 3364 2799 3425 2847; x_wconf 88' lang='lat' dir='ltr'><strong>ut</strong></span> <span class='ocrx_word' id='word_1_417' title='bbox 3446 2810 3547 2864; x_wconf 87' lang='lat' dir='ltr'><strong>per</strong></span> 
     </span>
    </p>
   </div>
   <div class='ocr_carea' id='block_1_59' title="bbox 1849 2882 3545 2955">
    <p class='ocr_par' dir='ltr' id='par_1_59' title="bbox 1849 2882 3545 2955">
     <span class='ocr_line' id='line_1_59' title="bbox 1849 2882 3545 2955; baseline -0.003 -15"><span class='ocrx_word' id='word_1_418' title='bbox 1849 2888 2027 2955; x_wconf 88' lang='lat' dir='ltr'><strong>ipsum</strong></span> <span class='ocrx_word' id='word_1_419' title='bbox 2052 2889 2217 2940; x_wconf 87' lang='lat' dir='ltr'><strong>etiam</strong></span> <span class='ocrx_word' id='word_1_420' title='bbox 2235 2888 2445 2940; x_wconf 83' lang='lat' dir='ltr'><strong>vultum</strong></span> <span class='ocrx_word' id='word_1_421' title='bbox 2464 2886 2744 2954; x_wconf 84' lang='lat' dir='ltr'><strong>oculosque</strong></span> <span class='ocrx_word' id='word_1_422' title='bbox 2773 2886 3126 2952; x_wconf 85' lang='lat' dir='ltr'><strong>loquentium,</strong></span> <span class='ocrx_word' id='word_1_423' title='bbox 3156 2897 3249 2937; x_wconf 85' lang='lat' dir='ltr'><strong>vos</strong></span> <span class='ocrx_word' id='word_1_424' title='bbox 3276 2886 3337 2936; x_wconf 87' lang='lat' dir='ltr'><strong>in</strong></span> <span class='ocrx_word' id='word_1_425' title='bbox 3359 2882 3545 2936; x_wconf 86' lang='lat' dir='ltr'><strong>cordi-</strong></span> 
     </span>
    </p>
   </div>
   <div class='ocr_carea' id='block_1_60' title="bbox 101 2970 3541 3052">
    <p class='ocr_par' dir='ltr' id='par_1_60' title="bbox 101 2970 3541 3052">
     <span class='ocr_line' id='line_1_60' title="bbox 101 2970 3541 3052; baseline -0.001 -24"><span class='ocrx_word' id='word_1_426' title='bbox 101 2979 175 3032; x_wconf 85' lang='lat' dir='ltr'><strong>sola</strong></span> <span class='ocrx_word' id='word_1_427' title='bbox 196 2982 268 3034; x_wconf 88' lang='lat' dir='ltr'><strong>rei</strong></span> <span class='ocrx_word' id='word_1_428' title='bbox 292 2995 518 3035; x_wconf 85' lang='lat' dir='ltr'><strong>summa</strong></span> <span class='ocrx_word' id='word_1_429' title='bbox 549 2995 665 3033; x_wconf 94' lang='lat' dir='ltr'><strong>non</strong></span> <span class='ocrx_word' id='word_1_430' title='bbox 692 2979 1101 3049; x_wconf 89' lang='lat' dir='ltr'><strong>acquiescunt;</strong></span> <span class='ocrx_word' id='word_1_431' title='bbox 1135 2980 1231 3033; x_wconf 90' lang='lat' dir='ltr'><strong>sed</strong></span> <span class='ocrx_word' id='word_1_432' title='bbox 1256 2979 1502 3049; x_wconf 88' lang='lat' dir='ltr'><strong>singula,</strong></span> <span class='ocrx_word' id='word_1_433' title='bbox 1536 2985 1735 3052; x_wconf 85' lang='lat' dir='ltr'><strong>quate-</strong></span> <span class='ocrx_word' id='word_1_434' title='bbox 1775 2994 1814 3050; x_wconf 75' lang='grc' dir='ltr'>ο</span> <span class='ocrx_word' id='word_1_435' title='bbox 1847 2975 1945 3029; x_wconf 86' lang='lat' dir='ltr'><strong>bus</strong></span> <span class='ocrx_word' id='word_1_436' title='bbox 1983 2989 2164 3029; x_wconf 86' lang='lat' dir='ltr'><strong>eorum</strong></span> <span class='ocrx_word' id='word_1_437' title='bbox 2193 2976 2443 3043; x_wconf 88' lang='lat' dir='ltr'><strong>scriptos,</strong></span> <span class='ocrx_word' id='word_1_438' title='bbox 2484 2988 2603 3027; x_wconf 89' lang='lat' dir='ltr'><strong>cum</strong></span> <span class='ocrx_word' id='word_1_439' title='bbox 2636 2972 2908 3040; x_wconf 69' lang='lat' dir='ltr'><strong>ineffabili</strong></span> <span class='ocrx_word' id='word_1_440' title='bbox 2957 2972 3169 3037; x_wconf 73' lang='lat' dir='ltr'><strong>laetitia,</strong></span> <span class='ocrx_word' id='word_1_441' title='bbox 3205 2970 3541 3042; x_wconf 66' lang='lat' dir='ltr'><strong>legeremus]</strong></span> 
     </span>
    </p>
   </div>
   <div class='ocr_carea' id='block_1_61' title="bbox 98 3068 1739 3139">
    <p class='ocr_par' dir='ltr' id='par_1_61' title="bbox 98 3068 1739 3139">
     <span class='ocr_line' id='line_1_61' title="bbox 98 3068 1739 3139; baseline 0.004 -21"><span class='ocrx_word' id='word_1_442' title='bbox 98 3080 172 3120; x_wconf 87' lang='lat' dir='ltr'><strong>nus</strong></span> <span class='ocrx_word' id='word_1_443' title='bbox 193 3069 319 3137; x_wconf 89' lang='lat' dir='ltr'><strong>licet,</strong></span> <span class='ocrx_word' id='word_1_444' title='bbox 342 3068 671 3139; x_wconf 88' lang='lat' dir='ltr'><strong>intelligere</strong></span> <span class='ocrx_word' id='word_1_445' title='bbox 716 3072 1014 3122; x_wconf 89' lang='lat' dir='ltr'><strong>conantur.</strong></span> <span class='ocrx_word' id='word_1_446' title='bbox 1060 3069 1190 3122; x_wconf 68' lang='lat' dir='ltr'><strong>Haec</strong></span> <span class='ocrx_word' id='word_1_447' title='bbox 1228 3084 1357 3122; x_wconf 91' lang='lat' dir='ltr'><strong>cum</strong></span> <span class='ocrx_word' id='word_1_448' title='bbox 1401 3068 1588 3123; x_wconf 83' lang='lat' dir='ltr'><strong>facilia</strong></span> <span class='ocrx_word' id='word_1_449' title='bbox 1625 3069 1739 3125; x_wconf 88' lang='lat' dir='ltr'><strong>sint</strong></span> 
     </span>
    </p>
   </div>
   <div class='ocr_carea' id='block_1_62' title="bbox 96 3156 1733 3228">
    <p class='ocr_par' dir='ltr' id='par_1_62' title="bbox 96 3156 1733 3228">
     <span class='ocr_line' id='line_1_62' title="bbox 96 3156 1733 3228; baseline 0.003 -21"><span class='ocrx_word' id='word_1_450' title='bbox 96 3159 355 3228; x_wconf 84' lang='lat' dir='ltr'><strong>excogitatu</strong></span> <span class='ocrx_word' id='word_1_451' title='bbox 383 3174 586 3214; x_wconf 89' lang='lat' dir='ltr'><strong>rerum</strong></span> <span class='ocrx_word' id='word_1_452' title='bbox 632 3156 845 3228; x_wconf 90' lang='lat' dir='ltr'><strong>peritis,</strong></span> <span class='ocrx_word' id='word_1_453' title='bbox 882 3157 1123 3211; x_wconf 88' lang='lat' dir='ltr'><strong>obscura</strong></span> <span class='ocrx_word' id='word_1_454' title='bbox 1169 3161 1361 3211; x_wconf 91' lang='lat' dir='ltr'><strong>tamen</strong></span> <span class='ocrx_word' id='word_1_455' title='bbox 1410 3162 1572 3211; x_wconf 91' lang='lat' dir='ltr'><strong>erant</strong></span> <span class='ocrx_word' id='word_1_456' title='bbox 1616 3160 1733 3213; x_wconf 84' lang='lat' dir='ltr'><strong>Au-</strong></span> 
     </span>
    </p>
   </div>
   <div class='ocr_carea' id='block_1_63' title="bbox 94 3244 1730 3319">
    <p class='ocr_par' dir='ltr' id='par_1_63' title="bbox 94 3244 1730 3319">
     <span class='ocr_line' id='line_1_63' title="bbox 94 3244 1730 3319; baseline 0.003 -23"><span class='ocrx_word' id='word_1_457' title='bbox 94 3246 283 3313; x_wconf 77' lang='lat' dir='ltr'><strong>gustino,</strong></span> <span class='ocrx_word' id='word_1_458' title='bbox 308 3248 404 3319; x_wconf 91' lang='lat' dir='ltr'><strong>qui</strong></span> <span class='ocrx_word' id='word_1_459' title='bbox 430 3264 501 3301; x_wconf 82' lang='lat' dir='ltr'><strong>ex</strong></span> <span class='ocrx_word' id='word_1_460' title='bbox 524 3246 722 3301; x_wconf 90' lang='lat' dir='ltr'><strong>auditu</strong></span> <span class='ocrx_word' id='word_1_461' title='bbox 748 3247 817 3300; x_wconf 91' lang='lat' dir='ltr'><strong>de</strong></span> <span class='ocrx_word' id='word_1_462' title='bbox 846 3245 917 3299; x_wconf 90' lang='lat' dir='ltr'><strong>iis</strong></span> <span class='ocrx_word' id='word_1_463' title='bbox 935 3244 1349 3316; x_wconf 88' lang='lat' dir='ltr'><strong>interpretibus</strong></span> <span class='ocrx_word' id='word_1_464' title='bbox 1367 3246 1730 3316; x_wconf 87' lang='lat' dir='ltr'><strong>loquebatur,</strong></span> 
     </span>
    </p>
   </div>
   <div class='ocr_carea' id='block_1_64' title="bbox 91 3333 1734 3407">
    <p class='ocr_par' dir='ltr' id='par_1_64' title="bbox 91 3333 1734 3407">
     <span class='ocr_line' id='line_1_64' title="bbox 91 3333 1734 3407; baseline 0.004 -23"><span class='ocrx_word' id='word_1_465' title='bbox 91 3347 163 3386; x_wconf 83' lang='lat' dir='ltr'><strong>nec</strong></span> <span class='ocrx_word' id='word_1_466' title='bbox 184 3350 286 3389; x_wconf 88' lang='lat' dir='ltr'><strong>rem</strong></span> <span class='ocrx_word' id='word_1_467' title='bbox 332 3337 526 3407; x_wconf 89' lang='lat' dir='ltr'><strong>ipsam</strong></span> <span class='ocrx_word' id='word_1_468' title='bbox 564 3334 937 3405; x_wconf 86' lang='lat' dir='ltr'><strong>introspicere</strong></span> <span class='ocrx_word' id='word_1_469' title='bbox 981 3333 1102 3405; x_wconf 89' lang='lat' dir='ltr'><strong>ipse</strong></span> <span class='ocrx_word' id='word_1_470' title='bbox 1132 3338 1373 3404; x_wconf 89' lang='lat' dir='ltr'><strong>poterat.</strong></span> <span class='ocrx_word' id='word_1_471' title='bbox 1426 3336 1610 3399; x_wconf 89' lang='lat' dir='ltr'><strong>Quare</strong></span> <span class='ocrx_word' id='word_1_472' title='bbox 1642 3336 1734 3391; x_wconf 91' lang='lat' dir='ltr'><strong>hic</strong></span> 
     </span>
    </p>
   </div>
   <div class='ocr_carea' id='block_1_65' title="bbox 88 3421 1734 3494">
    <p class='ocr_par' dir='ltr' id='par_1_65' title="bbox 88 3421 1734 3494">
     <span class='ocr_line' id='line_1_65' title="bbox 88 3421 1734 3494; baseline 0.003 -21"><span class='ocrx_word' id='word_1_473' title='bbox 88 3433 201 3474; x_wconf 85' lang='lat' dir='ltr'><strong>mere</strong></span> <span class='ocrx_word' id='word_1_474' title='bbox 241 3424 520 3488; x_wconf 66' lang='grc' dir='ltr'><strong>σιιαμαχιῖ,</strong></span> <span class='ocrx_word' id='word_1_475' title='bbox 552 3422 812 3494; x_wconf 89' lang='lat' dir='ltr'><strong>quamvis</strong></span> <span class='ocrx_word' id='word_1_476' title='bbox 852 3425 1014 3475; x_wconf 91' lang='lat' dir='ltr'><strong>acute</strong></span> <span class='ocrx_word' id='word_1_477' title='bbox 1052 3421 1342 3492; x_wconf 85' lang='lat' dir='ltr'><strong>disputare</strong></span> <span class='ocrx_word' id='word_1_478' title='bbox 1381 3423 1489 3477; x_wconf 91' lang='lat' dir='ltr'><strong>sibi</strong></span> <span class='ocrx_word' id='word_1_479' title='bbox 1518 3423 1734 3478; x_wconf 85' lang='lat' dir='ltr'><strong>videre-</strong></span> 
     </span>
    </p>
   </div>
   <div class='ocr_carea' id='block_1_66' title="bbox 86 3510 1229 3582">
    <p class='ocr_par' dir='ltr' id='par_1_66' title="bbox 86 3510 1229 3582">
     <span class='ocr_line' id='line_1_66' title="bbox 86 3510 1229 3582; baseline 0.003 -22"><span class='ocrx_word' id='word_1_480' title='bbox 86 3512 164 3574; x_wconf 89' lang='lat' dir='ltr'><strong>tur,</strong></span> <span class='ocrx_word' id='word_1_481' title='bbox 183 3514 478 3582; x_wconf 74' lang='lat' dir='ltr'><strong>praesertim</strong></span> <span class='ocrx_word' id='word_1_482' title='bbox 517 3512 578 3566; x_wconf 92' lang='lat' dir='ltr'><strong>in</strong></span> <span class='ocrx_word' id='word_1_483' title='bbox 608 3510 979 3582; x_wconf 87' lang='lat' dir='ltr'><strong>sequentibus</strong></span> <span class='ocrx_word' id='word_1_484' title='bbox 1025 3510 1229 3564; x_wconf 90' lang='lat' dir='ltr'><strong>verbis.</strong></span> 
     </span>
    </p>
   </div>
   <div class='ocr_carea' id='block_1_67' title="bbox 134 3600 1732 3666">
    <p class='ocr_par' dir='ltr' id='par_1_67' title="bbox 134 3600 1732 3666">
     <span class='ocr_line' id='line_1_67' title="bbox 134 3600 1732 3666; baseline 0.001 -13"><span class='ocrx_word' id='word_1_485' title='bbox 134 3601 187 3653; x_wconf 84' lang='lat' dir='ltr'><strong>Et</strong></span> <span class='ocrx_word' id='word_1_486' title='bbox 203 3608 285 3656; x_wconf 84' lang='lat' dir='ltr'><strong>aut</strong></span> <span class='ocrx_word' id='word_1_487' title='bbox 319 3603 552 3657; x_wconf 86' lang='lat' dir='ltr'><strong>obscura</strong></span> <span class='ocrx_word' id='word_1_488' title='bbox 580 3605 706 3656; x_wconf 84' lang='lat' dir='ltr'><strong>sunt</strong></span> <span class='ocrx_word' id='word_1_489' title='bbox 734 3604 831 3654; x_wconf 90' lang='lat' dir='ltr'><strong>aut</strong></span> <span class='ocrx_word' id='word_1_490' title='bbox 871 3601 1187 3666; x_wconf 85' lang='lat' dir='ltr'><strong>manifesta.</strong></span> <span class='ocrx_word' id='word_1_491' title='bbox 1219 3600 1280 3655; x_wconf 88' lang='lat' dir='ltr'><strong>Si</strong></span> <span class='ocrx_word' id='word_1_492' title='bbox 1323 3603 1463 3655; x_wconf 88' lang='lat' dir='ltr'><strong>enim</strong></span> <span class='ocrx_word' id='word_1_493' title='bbox 1508 3602 1732 3657; x_wconf 87' lang='lat' dir='ltr'><strong>obscura</strong></span> 
     </span>
    </p>
   </div>
   <div class='ocr_carea' id='block_1_68' title="bbox 82 3690 1731 3761">
    <p class='ocr_par' dir='ltr' id='par_1_68' title="bbox 82 3690 1731 3761">
     <span class='ocr_line' id='line_1_68' title="bbox 82 3690 1731 3761; baseline 0.002 -20"><span class='ocrx_word' id='word_1_494' title='bbox 82 3694 192 3753; x_wconf 81' lang='lat' dir='ltr'><strong>sunt,</strong></span> <span class='ocrx_word' id='word_1_495' title='bbox 219 3695 260 3744; x_wconf 84' lang='lat' dir='ltr'><strong>te</strong></span> <span class='ocrx_word' id='word_1_496' title='bbox 281 3707 488 3761; x_wconf 86' lang='lat' dir='ltr'><strong>quoque</strong></span> <span class='ocrx_word' id='word_1_497' title='bbox 514 3693 574 3745; x_wconf 87' lang='lat' dir='ltr'><strong>in</strong></span> <span class='ocrx_word' id='word_1_498' title='bbox 602 3692 677 3744; x_wconf 88' lang='lat' dir='ltr'><strong>eis</strong></span> <span class='ocrx_word' id='word_1_499' title='bbox 717 3690 848 3755; x_wconf 82' lang='lat' dir='ltr'><strong>falli</strong></span> <span class='ocrx_word' id='word_1_500' title='bbox 875 3691 1118 3758; x_wconf 86' lang='lat' dir='ltr'><strong>potuisse</strong></span> <span class='ocrx_word' id='word_1_501' title='bbox 1146 3690 1413 3757; x_wconf 85' lang='lat' dir='ltr'><strong>creditur;</strong></span> <span class='ocrx_word' id='word_1_502' title='bbox 1460 3692 1511 3745; x_wconf 89' lang='lat' dir='ltr'><strong>si</strong></span> <span class='ocrx_word' id='word_1_503' title='bbox 1546 3693 1731 3745; x_wconf 86' lang='lat' dir='ltr'><strong>mani-</strong></span> 
     </span>
    </p>
   </div>
   <div class='ocr_carea' id='block_1_69' title="bbox 83 3776 1726 3850">
    <p class='ocr_par' dir='ltr' id='par_1_69' title="bbox 83 3776 1726 3850">
     <span class='ocr_line' id='line_1_69' title="bbox 83 3776 1726 3850; baseline -0.002 -14"><span class='ocrx_word' id='word_1_504' title='bbox 83 3776 208 3844; x_wconf 79' lang='lat' dir='ltr'><strong>festa,</strong></span> <span class='ocrx_word' id='word_1_505' title='bbox 248 3781 357 3834; x_wconf 86' lang='lat' dir='ltr'><strong>illos</strong></span> <span class='ocrx_word' id='word_1_506' title='bbox 404 3783 462 3834; x_wconf 84' lang='lat' dir='ltr'><strong>in</strong></span> <span class='ocrx_word' id='word_1_507' title='bbox 498 3781 576 3833; x_wconf 89' lang='lat' dir='ltr'><strong>eis</strong></span> <span class='ocrx_word' id='word_1_508' title='bbox 622 3778 752 3844; x_wconf 84' lang='lat' dir='ltr'><strong>falli</strong></span> <span class='ocrx_word' id='word_1_509' title='bbox 812 3792 918 3831; x_wconf 90' lang='lat' dir='ltr'><strong>non</strong></span> <span class='ocrx_word' id='word_1_510' title='bbox 962 3779 1202 3846; x_wconf 89' lang='lat' dir='ltr'><strong>potuisse</strong></span> <span class='ocrx_word' id='word_1_511' title='bbox 1248 3794 1354 3833; x_wconf 85' lang='lat' dir='ltr'><strong>non</strong></span> <span class='ocrx_word' id='word_1_512' title='bbox 1440 3777 1726 3850; x_wconf 78' lang='lat' dir='ltr'><strong>creditur.j</strong></span> 
     </span>
    </p>
   </div>
   <div class='ocr_carea' id='block_1_70' title="bbox 80 3860 1729 3938">
    <p class='ocr_par' dir='ltr' id='par_1_70' title="bbox 80 3860 1729 3938">
     <span class='ocr_line' id='line_1_70' title="bbox 80 3860 1729 3938; baseline 0.004 -23"><span class='ocrx_word' id='word_1_513' title='bbox 80 3860 211 3919; x_wconf 71' lang='lat' dir='ltr'><strong>Multa</strong></span> <span class='ocrx_word' id='word_1_514' title='bbox 236 3874 355 3922; x_wconf 89' lang='lat' dir='ltr'><strong>sunt</strong></span> <span class='ocrx_word' id='word_1_515' title='bbox 385 3868 693 3938; x_wconf 88' lang='lat' dir='ltr'><strong>utriusque</strong></span> <span class='ocrx_word' id='word_1_516' title='bbox 750 3865 975 3935; x_wconf 89' lang='lat' dir='ltr'><strong>generis</strong></span> <span class='ocrx_word' id='word_1_517' title='bbox 1007 3866 1067 3919; x_wconf 93' lang='lat' dir='ltr'><strong>in</strong></span> <span class='ocrx_word' id='word_1_518' title='bbox 1116 3867 1305 3920; x_wconf 90' lang='lat' dir='ltr'><strong>Veteri</strong></span> <span class='ocrx_word' id='word_1_519' title='bbox 1342 3868 1729 3937; x_wconf 89' lang='lat' dir='ltr'><strong>Testamento,</strong></span> 
     </span>
    </p>
   </div>
   <div class='ocr_carea' id='block_1_71' title="bbox 77 3953 1727 4026">
    <p class='ocr_par' dir='ltr' id='par_1_71' title="bbox 77 3953 1727 4026">
     <span class='ocr_line' id='line_1_71' title="bbox 77 3953 1727 4026; baseline 0.003 -21"><span class='ocrx_word' id='word_1_520' title='bbox 77 3954 207 4020; x_wconf 82' lang='lat' dir='ltr'><strong>atque</strong></span> <span class='ocrx_word' id='word_1_521' title='bbox 225 3954 276 4007; x_wconf 91' lang='lat' dir='ltr'><strong>in</strong></span> <span class='ocrx_word' id='word_1_522' title='bbox 307 3957 556 4010; x_wconf 79' lang='lat' dir='ltr'><strong>maxime</strong></span> <span class='ocrx_word' id='word_1_523' title='bbox 583 3954 815 4026; x_wconf 89' lang='lat' dir='ltr'><strong>quidem</strong></span> <span class='ocrx_word' id='word_1_524' title='bbox 838 3953 1174 4024; x_wconf 87' lang='lat' dir='ltr'><strong>perspicuis,</strong></span> <span class='ocrx_word' id='word_1_525' title='bbox 1226 3954 1434 4025; x_wconf 90' lang='lat' dir='ltr'><strong>quibus</strong></span> <span class='ocrx_word' id='word_1_526' title='bbox 1462 3955 1727 4010; x_wconf 87' lang='lat' dir='ltr'><strong>contine-</strong></span> 
     </span>
    </p>
   </div>
   <div class='ocr_carea' id='block_1_72' title="bbox 80 4041 1728 4114">
    <p class='ocr_par' dir='ltr' id='par_1_72' title="bbox 80 4041 1728 4114">
     <span class='ocr_line' id='line_1_72' title="bbox 80 4041 1728 4114; baseline 0.004 -23"><span class='ocrx_word' id='word_1_527' title='bbox 80 4041 147 4091; x_wconf 85' lang='lat' dir='ltr'><strong>tur</strong></span> <span class='ocrx_word' id='word_1_528' title='bbox 170 4056 369 4098; x_wconf 85' lang='lat' dir='ltr'><strong>summa</strong></span> <span class='ocrx_word' id='word_1_529' title='bbox 395 4043 700 4114; x_wconf 89' lang='lat' dir='ltr'><strong>religionis</strong></span> <span class='ocrx_word' id='word_1_530' title='bbox 731 4047 787 4096; x_wconf 90' lang='lat' dir='ltr'><strong>et</strong></span> <span class='ocrx_word' id='word_1_531' title='bbox 811 4042 1067 4097; x_wconf 70' lang='lat' dir='ltr'><strong>historia:</strong></span> <span class='ocrx_word' id='word_1_532' title='bbox 1102 4042 1369 4109; x_wconf 68' lang='lat' dir='ltr'><strong>Judaicaa,</strong></span> <span class='ocrx_word' id='word_1_533' title='bbox 1404 4044 1728 4098; x_wconf 89' lang='lat' dir='ltr'><strong>consentie-</strong></span> 
     </span>
    </p>
   </div>
   <div class='ocr_carea' id='block_1_73' title="bbox 78 4125 1727 4203">
    <p class='ocr_par' dir='ltr' id='par_1_73' title="bbox 78 4125 1727 4203">
     <span class='ocr_line' id='line_1_73' title="bbox 78 4125 1727 4203; baseline 0.005 -25"><span class='ocrx_word' id='word_1_534' title='bbox 78 4125 184 4182; x_wconf 83' lang='lat' dir='ltr'><strong>bant</strong></span> <span class='ocrx_word' id='word_1_535' title='bbox 204 4132 365 4187; x_wconf 71' lang='lat' dir='ltr'><strong>Grieci</strong></span> <span class='ocrx_word' id='word_1_536' title='bbox 394 4133 761 4203; x_wconf 86' lang='lat' dir='ltr'><strong>interpretes.</strong></span> <span class='ocrx_word' id='word_1_537' title='bbox 793 4133 858 4185; x_wconf 92' lang='lat' dir='ltr'><strong>In</strong></span> <span class='ocrx_word' id='word_1_538' title='bbox 889 4130 1013 4184; x_wconf 92' lang='lat' dir='ltr'><strong>aliis</strong></span> <span class='ocrx_word' id='word_1_539' title='bbox 1053 4147 1384 4202; x_wconf 90' lang='lat' dir='ltr'><strong>quanquam</strong></span> <span class='ocrx_word' id='word_1_540' title='bbox 1411 4132 1727 4186; x_wconf 80' lang='lat' dir='ltr'><strong>attendenti</strong></span> 
     </span>
    </p>
   </div>
   <div class='ocr_carea' id='block_1_74' title="bbox 76 4218 1723 4291">
    <p class='ocr_par' dir='ltr' id='par_1_74' title="bbox 76 4218 1723 4291">
     <span class='ocr_line' id='line_1_74' title="bbox 76 4218 1723 4291; baseline 0.004 -25"><span class='ocrx_word' id='word_1_541' title='bbox 76 4218 115 4266; x_wconf 84' lang='lat' dir='ltr'><strong>et</strong></span> <span class='ocrx_word' id='word_1_542' title='bbox 139 4218 298 4286; x_wconf 88' lang='lat' dir='ltr'><strong>perito</strong></span> <span class='ocrx_word' id='word_1_543' title='bbox 339 4222 529 4287; x_wconf 88' lang='lat' dir='ltr'><strong>claris,</strong></span> <span class='ocrx_word' id='word_1_544' title='bbox 586 4221 767 4274; x_wconf 89' lang='lat' dir='ltr'><strong>multa</strong></span> <span class='ocrx_word' id='word_1_545' title='bbox 820 4223 1158 4290; x_wconf 86' lang='lat' dir='ltr'><strong>supererant</strong></span> <span class='ocrx_word' id='word_1_546' title='bbox 1185 4220 1539 4289; x_wconf 84' lang='lat' dir='ltr'><strong>explicanda,</strong></span> <span class='ocrx_word' id='word_1_547' title='bbox 1574 4221 1723 4291; x_wconf 91' lang='lat' dir='ltr'><strong>quod</strong></span> 
     </span>
    </p>
   </div>
   <div class='ocr_carea' id='block_1_75' title="bbox 1850 3059 3543 3131">
    <p class='ocr_par' dir='ltr' id='par_1_75' title="bbox 1850 3059 3543 3131">
     <span class='ocr_line' id='line_1_75' title="bbox 1850 3059 3543 3131; baseline -0.003 -14"><span class='ocrx_word' id='word_1_548' title='bbox 1850 3064 1963 3118; x_wconf 84' lang='lat' dir='ltr'><strong>Hoc</strong></span> <span class='ocrx_word' id='word_1_549' title='bbox 1992 3068 2097 3123; x_wconf 88' lang='lat' dir='ltr'><strong>est,</strong></span> <span class='ocrx_word' id='word_1_550' title='bbox 2131 3063 2241 3117; x_wconf 89' lang='lat' dir='ltr'><strong>alte</strong></span> <span class='ocrx_word' id='word_1_551' title='bbox 2285 3078 2488 3117; x_wconf 89' lang='lat' dir='ltr'><strong>eorum</strong></span> <span class='ocrx_word' id='word_1_552' title='bbox 2517 3060 2815 3116; x_wconf 70' lang='lat' dir='ltr'><strong>memoria:</strong></span> <span class='ocrx_word' id='word_1_553' title='bbox 2850 3060 3176 3131; x_wconf 89' lang='lat' dir='ltr'><strong>impressos.</strong></span> <span class='ocrx_word' id='word_1_554' title='bbox 3212 3060 3290 3114; x_wconf 91' lang='lat' dir='ltr'><strong>De</strong></span> <span class='ocrx_word' id='word_1_555' title='bbox 3321 3074 3434 3130; x_wconf 90' lang='lat' dir='ltr'><strong>qua</strong></span> <span class='ocrx_word' id='word_1_556' title='bbox 3461 3059 3543 3113; x_wconf 91' lang='lat' dir='ltr'><strong>lo-</strong></span> 
     </span>
    </p>
   </div>
   <div class='ocr_carea' id='block_1_76' title="bbox 1844 3147 3544 3223">
    <p class='ocr_par' dir='ltr' id='par_1_76' title="bbox 1844 3147 3544 3223">
     <span class='ocr_line' id='line_1_76' title="bbox 1844 3147 3544 3223; baseline -0.002 -17"><span class='ocrx_word' id='word_1_557' title='bbox 1844 3152 2068 3206; x_wconf 90' lang='lat' dir='ltr'><strong>cutione</strong></span> <span class='ocrx_word' id='word_1_558' title='bbox 2105 3151 2234 3205; x_wconf 91' lang='lat' dir='ltr'><strong>vide</strong></span> <span class='ocrx_word' id='word_1_559' title='bbox 2287 3166 2417 3223; x_wconf 65' lang='lat' dir='ltr'><strong>quae</strong></span> <span class='ocrx_word' id='word_1_560' title='bbox 2445 3150 2618 3205; x_wconf 89' lang='lat' dir='ltr'><strong>habet</strong></span> <span class='ocrx_word' id='word_1_561' title='bbox 2648 3152 2810 3204; x_wconf 84' lang='lat' dir='ltr'><strong>Joan.</strong></span> <span class='ocrx_word' id='word_1_562' title='bbox 2865 3148 3113 3204; x_wconf 89' lang='lat' dir='ltr'><strong>Clericus</strong></span> <span class='ocrx_word' id='word_1_563' title='bbox 3154 3147 3307 3203; x_wconf 83' lang='lat' dir='ltr'><strong>Artis</strong></span> <span class='ocrx_word' id='word_1_564' title='bbox 3337 3147 3544 3203; x_wconf 73' lang='lat' dir='ltr'><strong>criticaa</strong></span> 
     </span>
    </p>
   </div>
   <div class='ocr_carea' id='block_1_77' title="bbox 1842 3238 2709 3311">
    <p class='ocr_par' dir='ltr' id='par_1_77' title="bbox 1842 3238 2709 3311">
     <span class='ocr_line' id='line_1_77' title="bbox 1842 3238 2709 3311; baseline 0 -17"><span class='ocrx_word' id='word_1_565' title='bbox 1842 3245 1995 3311; x_wconf 88' lang='lat' dir='ltr'><strong>part.</strong></span> <span class='ocrx_word' id='word_1_566' title='bbox 2032 3244 2066 3295; x_wconf 89' lang='lat'><strong>2</strong></span> <span class='ocrx_word' id='word_1_567' title='bbox 2097 3244 2233 3295; x_wconf 91' lang='lat' dir='ltr'><strong>sect.</strong></span> <span class='ocrx_word' id='word_1_568' title='bbox 2273 3243 2319 3304; x_wconf 83' lang='lat' dir='ltr'><strong>l,</strong></span> <span class='ocrx_word' id='word_1_569' title='bbox 2362 3241 2561 3311; x_wconf 68' lang='lat' dir='ltr'><strong>cap.4,</strong></span> <span class='ocrx_word' id='word_1_570' title='bbox 2598 3238 2625 3309; x_wconf 84' lang='lat'>§</span> <span class='ocrx_word' id='word_1_571' title='bbox 2657 3242 2709 3294; x_wconf 90' lang='grc'><strong>8.</strong></span> 
     </span>
    </p>
   </div>
   <div class='ocr_carea' id='block_1_78' title="bbox 1910 3328 3542 3399">
    <p class='ocr_par' dir='ltr' id='par_1_78' title="bbox 1910 3328 3542 3399">
     <span class='ocr_line' id='line_1_78' title="bbox 1910 3328 3542 3399; baseline -0.001 -16"><span class='ocrx_word' id='word_1_572' title='bbox 1910 3328 2082 3398; x_wconf 89' lang='lat' dir='ltr'><strong>Ibid.,</strong></span> <span class='ocrx_word' id='word_1_573' title='bbox 2116 3328 2143 3399; x_wconf 83' lang='lat'>§</span> <span class='ocrx_word' id='word_1_574' title='bbox 2174 3330 2225 3383; x_wconf 82' lang='grc'>4.</span> <span class='ocrx_word' id='word_1_575' title='bbox 2269 3330 2391 3385; x_wconf 86' lang='lat' dir='ltr'><strong>Nisi</strong></span> <span class='ocrx_word' id='word_1_576' title='bbox 2435 3329 2695 3398; x_wconf 86' lang='lat' dir='ltr'><strong>majorem</strong></span> <span class='ocrx_word' id='word_1_577' title='bbox 2748 3328 2884 3382; x_wconf 85' lang='lat' dir='ltr'><strong>mihi</strong></span> <span class='ocrx_word' id='word_1_578' title='bbox 2930 3328 3327 3397; x_wconf 85' lang='lat' dir='ltr'><strong>coepiscopatus</strong></span> <span class='ocrx_word' id='word_1_579' title='bbox 3368 3329 3542 3382; x_wconf 88' lang='lat' dir='ltr'><strong>sarci-</strong></span> 
     </span>
    </p>
   </div>
   <div class='ocr_carea' id='block_1_79' title="bbox 1840 3416 3107 3490">
    <p class='ocr_par' dir='ltr' id='par_1_79' title="bbox 1840 3416 3107 3490">
     <span class='ocr_line' id='line_1_79' title="bbox 1840 3416 3107 3490; baseline -0.001 -18"><span class='ocrx_word' id='word_1_580' title='bbox 1840 3434 1969 3473; x_wconf 89' lang='lat' dir='ltr'><strong>nam</strong></span> <span class='ocrx_word' id='word_1_581' title='bbox 1989 3416 2333 3490; x_wconf 87' lang='lat' dir='ltr'><strong>imponeret.]</strong></span> <span class='ocrx_word' id='word_1_582' title='bbox 2370 3418 2507 3472; x_wconf 90' lang='lat' dir='ltr'><strong>Vide</strong></span> <span class='ocrx_word' id='word_1_583' title='bbox 2538 3418 2609 3472; x_wconf 87' lang='lat' dir='ltr'><strong>ad</strong></span> <span class='ocrx_word' id='word_1_584' title='bbox 2643 3417 2811 3488; x_wconf 86' lang='lat' dir='ltr'><strong>epist.</strong></span> <span class='ocrx_word' id='word_1_585' title='bbox 2843 3419 2969 3484; x_wconf 68' lang='lat'><strong>213,</strong></span> <span class='ocrx_word' id='word_1_586' title='bbox 2998 3418 3049 3471; x_wconf 78' lang='grc'><strong>4.</strong></span> <span class='ocrx_word' id='word_1_587' title='bbox 3104 3452 3107 3455; x_wconf 96' lang='grc'><strong><em>-</em></strong></span> 
     </span>
    </p>
   </div>
   <div class='ocr_carea' id='block_1_80' title="bbox 1910 3506 3540 3578">
    <p class='ocr_par' dir='ltr' id='par_1_80' title="bbox 1910 3506 3540 3578">
     <span class='ocr_line' id='line_1_80' title="bbox 1910 3506 3540 3578; baseline -0.001 -16"><span class='ocrx_word' id='word_1_588' title='bbox 1910 3508 2082 3578; x_wconf 88' lang='lat' dir='ltr'><strong>Epist.</strong></span> <span class='ocrx_word' id='word_1_589' title='bbox 2135 3511 2220 3575; x_wconf 88' lang='lat'><strong>33,</strong></span> <span class='ocrx_word' id='word_1_590' title='bbox 2257 3506 2284 3578; x_wconf 64' lang='grc' dir='ltr'><strong>ἓ</strong></span> <span class='ocrx_word' id='word_1_591' title='bbox 2320 3511 2368 3561; x_wconf 84' lang='lat' dir='ltr'><strong>l.</strong></span> <span class='ocrx_word' id='word_1_592' title='bbox 2424 3510 2543 3562; x_wconf 87' lang='lat' dir='ltr'><strong>Non</strong></span> <span class='ocrx_word' id='word_1_593' title='bbox 2585 3510 2727 3561; x_wconf 89' lang='lat' dir='ltr'><strong>enim</strong></span> <span class='ocrx_word' id='word_1_594' title='bbox 2764 3522 2998 3561; x_wconf 87' lang='lat' dir='ltr'><strong>errorem</strong></span> <span class='ocrx_word' id='word_1_595' title='bbox 3026 3507 3402 3561; x_wconf 84' lang='lat' dir='ltr'><strong>schismatis...</strong></span> <span class='ocrx_word' id='word_1_596' title='bbox 3454 3506 3540 3560; x_wconf 90' lang='lat' dir='ltr'><strong>di-</strong></span> 
     </span>
    </p>
   </div>
   <div class='ocr_carea' id='block_1_81' title="bbox 1836 3595 3545 3665">
    <p class='ocr_par' dir='ltr' id='par_1_81' title="bbox 1836 3595 3545 3665">
     <span class='ocr_line' id='line_1_81' title="bbox 1836 3595 3545 3665; baseline 0 -15"><span class='ocrx_word' id='word_1_597' title='bbox 1836 3610 2001 3662; x_wconf 86' lang='lat' dir='ltr'><strong>gnum</strong></span> <span class='ocrx_word' id='word_1_598' title='bbox 2047 3596 2243 3651; x_wconf 83' lang='lat' dir='ltr'><strong>honore</strong></span> <span class='ocrx_word' id='word_1_599' title='bbox 2284 3597 2469 3665; x_wconf 87' lang='lat' dir='ltr'><strong>aliquo</strong></span> <span class='ocrx_word' id='word_1_600' title='bbox 2494 3597 2786 3650; x_wconf 68' lang='lat' dir='ltr'><strong>existimo:</strong></span> <span class='ocrx_word' id='word_1_601' title='bbox 2816 3595 2911 3649; x_wconf 86' lang='lat' dir='ltr'><strong>sed</strong></span> <span class='ocrx_word' id='word_1_602' title='bbox 2948 3598 3073 3649; x_wconf 87' lang='lat' dir='ltr'><strong>ante</strong></span> <span class='ocrx_word' id='word_1_603' title='bbox 3119 3599 3168 3649; x_wconf 90' lang='lat' dir='ltr'><strong>te</strong></span> <span class='ocrx_word' id='word_1_604' title='bbox 3191 3597 3373 3649; x_wconf 87' lang='lat' dir='ltr'><strong>omnia</strong></span> <span class='ocrx_word' id='word_1_605' title='bbox 3399 3596 3545 3664; x_wconf 85' lang='lat' dir='ltr'><strong>quod</strong></span> 
     </span>
    </p>
   </div>
   <div class='ocr_carea' id='block_1_82' title="bbox 1839 3684 3641 3757">
    <p class='ocr_par' dir='ltr' id='par_1_82' title="bbox 1839 3684 3641 3757">
     <span class='ocr_line' id='line_1_82' title="bbox 1839 3684 3641 3757; baseline 0.001 -19"><span class='ocrx_word' id='word_1_606' title='bbox 1839 3687 2012 3754; x_wconf 87' lang='lat' dir='ltr'><strong>ipsius</strong></span> <span class='ocrx_word' id='word_1_607' title='bbox 2078 3685 2234 3740; x_wconf 86' lang='lat' dir='ltr'><strong>nobis</strong></span> <span class='ocrx_word' id='word_1_608' title='bbox 2282 3686 2529 3739; x_wconf 71' lang='lat' dir='ltr'><strong>humanae</strong></span> <span class='ocrx_word' id='word_1_609' title='bbox 2578 3686 2851 3739; x_wconf 85' lang='lat' dir='ltr'><strong>societatis</strong></span> <span class='ocrx_word' id='word_1_610' title='bbox 2908 3684 3123 3738; x_wconf 82' lang='lat' dir='ltr'><strong>vinculo</strong></span> <span class='ocrx_word' id='word_1_611' title='bbox 3169 3684 3539 3757; x_wconf 85' lang='lat' dir='ltr'><strong>astringeris.]</strong></span> <span class='ocrx_word' id='word_1_612' title='bbox 3638 3752 3641 3757; x_wconf 28' lang='grc' dir='ltr'><strong>η</strong></span> 
     </span>
    </p>
   </div>
   <div class='ocr_carea' id='block_1_83' title="bbox 1837 3772 3541 3843">
    <p class='ocr_par' dir='ltr' id='par_1_83' title="bbox 1837 3772 3541 3843">
     <span class='ocr_line' id='line_1_83' title="bbox 1837 3772 3541 3843; baseline 0 -16"><span class='ocrx_word' id='word_1_613' title='bbox 1837 3774 1959 3827; x_wconf 92' lang='lat' dir='ltr'><strong>Imo</strong></span> <span class='ocrx_word' id='word_1_614' title='bbox 1988 3789 2122 3827; x_wconf 87' lang='lat' dir='ltr'><strong>vero</strong></span> <span class='ocrx_word' id='word_1_615' title='bbox 2165 3773 2489 3828; x_wconf 91' lang='lat' dir='ltr'><strong>communis</strong></span> <span class='ocrx_word' id='word_1_616' title='bbox 2520 3772 2814 3843; x_wconf 90' lang='lat' dir='ltr'><strong>religionis</strong></span> <span class='ocrx_word' id='word_1_617' title='bbox 2851 3772 3207 3831; x_wconf 72' lang='lat' dir='ltr'><strong>Christianae.</strong></span> <span class='ocrx_word' id='word_1_618' title='bbox 3240 3787 3374 3826; x_wconf 90' lang='lat' dir='ltr'><strong>nam</strong></span> <span class='ocrx_word' id='word_1_619' title='bbox 3422 3774 3541 3827; x_wconf 92' lang='lat' dir='ltr'><strong>Do-</strong></span> 
     </span>
    </p>
   </div>
   <div class='ocr_carea' id='block_1_84' title="bbox 1836 3860 3538 3927">
    <p class='ocr_par' dir='ltr' id='par_1_84' title="bbox 1836 3860 3538 3927">
     <span class='ocr_line' id='line_1_84' title="bbox 1836 3860 3538 3927; baseline -0.001 -12"><span class='ocrx_word' id='word_1_620' title='bbox 1836 3862 2074 3916; x_wconf 88' lang='lat' dir='ltr'><strong>natistas</strong></span> <span class='ocrx_word' id='word_1_621' title='bbox 2122 3861 2576 3917; x_wconf 89' lang='lat' dir='ltr'><strong>Christianorum</strong></span> <span class='ocrx_word' id='word_1_622' title='bbox 2624 3877 2865 3915; x_wconf 91' lang='lat' dir='ltr'><strong>numero</strong></span> <span class='ocrx_word' id='word_1_623' title='bbox 2906 3860 3193 3916; x_wconf 88' lang='lat' dir='ltr'><strong>habebant</strong></span> <span class='ocrx_word' id='word_1_624' title='bbox 3241 3860 3538 3927; x_wconf 88' lang='lat' dir='ltr'><strong>catholici;</strong></span> 
     </span>
    </p>
   </div>
   <div class='ocr_carea' id='block_1_85' title="bbox 1837 3947 3539 4023">
    <p class='ocr_par' dir='ltr' id='par_1_85' title="bbox 1837 3947 3539 4023">
     <span class='ocr_line' id='line_1_85' title="bbox 1837 3947 3539 4023; baseline -0.002 -18"><span class='ocrx_word' id='word_1_625' title='bbox 1837 3952 2304 4023; x_wconf 88' lang='lat' dir='ltr'><strong>quandoquidem</strong></span> <span class='ocrx_word' id='word_1_626' title='bbox 2336 3969 2432 4006; x_wconf 90' lang='lat' dir='ltr'><strong>eos</strong></span> <span class='ocrx_word' id='word_1_627' title='bbox 2460 3952 2530 4005; x_wconf 90' lang='lat' dir='ltr'><strong>ad</strong></span> <span class='ocrx_word' id='word_1_628' title='bbox 2577 3950 2918 4005; x_wconf 88' lang='lat' dir='ltr'><strong>catholicam</strong></span> <span class='ocrx_word' id='word_1_629' title='bbox 2961 3947 3266 4004; x_wconf 88' lang='lat' dir='ltr'><strong>Ecclesiam</strong></span> <span class='ocrx_word' id='word_1_630' title='bbox 3294 3948 3539 4002; x_wconf 88' lang='lat' dir='ltr'><strong>redeun-</strong></span> 
     </span>
    </p>
   </div>
   <div class='ocr_carea' id='block_1_86' title="bbox 1835 4039 2670 4111">
    <p class='ocr_par' dir='ltr' id='par_1_86' title="bbox 1835 4039 2670 4111">
     <span class='ocr_line' id='line_1_86' title="bbox 1835 4039 2670 4111; baseline -0.002 -17"><span class='ocrx_word' id='word_1_631' title='bbox 1835 4043 1921 4094; x_wconf 90' lang='lat' dir='ltr'><strong>tes</strong></span> <span class='ocrx_word' id='word_1_632' title='bbox 1949 4040 2189 4095; x_wconf 91' lang='lat' dir='ltr'><strong>minime</strong></span> <span class='ocrx_word' id='word_1_633' title='bbox 2222 4039 2670 4111; x_wconf 85' lang='lat' dir='ltr'><strong>rebaptizahant.</strong></span> 
     </span>
    </p>
   </div>
   <div class='ocr_carea' id='block_1_87' title="bbox 1910 4122 3539 4200">
    <p class='ocr_par' dir='ltr' id='par_1_87' title="bbox 1910 4122 3539 4200">
     <span class='ocr_line' id='line_1_87' title="bbox 1910 4122 3539 4200; baseline -0.004 -17"><span class='ocrx_word' id='word_1_634' title='bbox 1910 4128 2081 4200; x_wconf 87' lang='lat' dir='ltr'><strong>Epist.</strong></span> <span class='ocrx_word' id='word_1_635' title='bbox 2146 4128 2233 4194; x_wconf 75' lang='lat'><strong>335,</strong></span> <span class='ocrx_word' id='word_1_636' title='bbox 2287 4131 2405 4196; x_wconf 64' lang='grc' dir='ltr'><strong>δι.</strong></span> <span class='ocrx_word' id='word_1_637' title='bbox 2470 4128 2748 4182; x_wconf 88' lang='lat' dir='ltr'><strong>Publicum</strong></span> <span class='ocrx_word' id='word_1_638' title='bbox 2790 4125 3052 4194; x_wconf 77' lang='lat' dir='ltr'><strong>officium,</strong></span> <span class='ocrx_word' id='word_1_639' title='bbox 3106 4122 3241 4195; x_wconf 90' lang='lat' dir='ltr'><strong>etc.]</strong></span> <span class='ocrx_word' id='word_1_640' title='bbox 3276 4122 3413 4178; x_wconf 89' lang='lat' dir='ltr'><strong>Vide</strong></span> <span class='ocrx_word' id='word_1_641' title='bbox 3468 4124 3539 4178; x_wconf 91' lang='lat' dir='ltr'><strong>ad</strong></span> 
     </span>
    </p>
   </div>
   <div class='ocr_carea' id='block_1_88' title="bbox 1840 4217 2257 4288">
    <p class='ocr_par' dir='ltr' id='par_1_88' title="bbox 1840 4217 2257 4288">
     <span class='ocr_line' id='line_1_88' title="bbox 1840 4217 2257 4288; baseline 0 -17"><span class='ocrx_word' id='word_1_642' title='bbox 1840 4217 2002 4288; x_wconf 88' lang='lat' dir='ltr'><strong>epist.</strong></span> <span class='ocrx_word' id='word_1_643' title='bbox 2034 4219 2174 4285; x_wconf 84' lang='lat' dir='ltr'><strong>9l,§</strong></span> <span class='ocrx_word' id='word_1_644' title='bbox 2206 4220 2257 4271; x_wconf 91' lang='lat'><strong>8.</strong></span> 
     </span>
    </p>
   </div>
   <div class='ocr_carea' id='block_1_89' title="bbox 74 4281 3542 4381">
    <p class='ocr_par' dir='ltr' id='par_1_89' title="bbox 74 4281 3542 4381">
     <span class='ocr_line' id='line_1_89' title="bbox 74 4281 3542 4381; baseline -0 -26"><span class='ocrx_word' id='word_1_645' title='bbox 74 4281 248 4369; x_wconf 75' lang='lat' dir='ltr'><strong>priores</strong></span> <span class='ocrx_word' id='word_1_646' title='bbox 271 4281 612 4381; x_wconf 83' lang='lat' dir='ltr'><strong>interpretes</strong></span> <span class='ocrx_word' id='word_1_647' title='bbox 634 4281 942 4379; x_wconf 77' lang='lat' dir='ltr'><strong>aliquando</strong></span> <span class='ocrx_word' id='word_1_648' title='bbox 983 4281 1406 4375; x_wconf 74' lang='lat' dir='ltr'><strong>dormitassent,</strong></span> <span class='ocrx_word' id='word_1_649' title='bbox 1448 4281 1546 4363; x_wconf 85' lang='lat' dir='ltr'><strong>aut</strong></span> <span class='ocrx_word' id='word_1_650' title='bbox 1578 4281 1729 4379; x_wconf 69' lang='lat' dir='ltr'><strong>quaa-</strong></span> <span class='ocrx_word' id='word_1_651' title='bbox 1767 4281 1810 4334; x_wconf 78' lang='lat' dir='ltr'><strong>D</strong></span> <span class='ocrx_word' id='word_1_652' title='bbox 1874 4281 2086 4377; x_wconf 46' lang='lat' dir='ltr'><strong>-Epist.</strong></span> <span class='ocrx_word' id='word_1_653' title='bbox 2252 4309 2363 4375; x_wconf 88' lang='lat'><strong>§2.</strong></span> <span class='ocrx_word' id='word_1_654' title='bbox 2426 4307 2498 4359; x_wconf 87' lang='lat' dir='ltr'><strong>In</strong></span> <span class='ocrx_word' id='word_1_655' title='bbox 2527 4305 2613 4360; x_wconf 83' lang='lat' dir='ltr'><strong>his</strong></span> <span class='ocrx_word' id='word_1_656' title='bbox 2647 4306 2789 4359; x_wconf 86' lang='lat' dir='ltr'><strong>enim</strong></span> <span class='ocrx_word' id='word_1_657' title='bbox 2817 4304 2995 4371; x_wconf 86' lang='lat' dir='ltr'><strong>rebus,</strong></span> <span class='ocrx_word' id='word_1_658' title='bbox 3056 4302 3122 4357; x_wconf 85' lang='lat' dir='ltr'><strong>de</strong></span> <span class='ocrx_word' id='word_1_659' title='bbox 3160 4300 3357 4370; x_wconf 86' lang='lat' dir='ltr'><strong>quibus</strong></span> <span class='ocrx_word' id='word_1_660' title='bbox 3400 4302 3542 4355; x_wconf 85' lang='lat' dir='ltr'><strong>nihil</strong></span> 
     </span>
    </p>
   </div>
   <div class='ocr_carea' id='block_1_90' title="bbox 74 4390 1725 4467">
    <p class='ocr_par' dir='ltr' id='par_1_90' title="bbox 74 4390 1725 4467">
     <span class='ocr_line' id='line_1_90' title="bbox 74 4390 1725 4467; baseline 0.005 -24"><span class='ocrx_word' id='word_1_661' title='bbox 74 4390 174 4447; x_wconf 85' lang='lat' dir='ltr'><strong>dam</strong></span> <span class='ocrx_word' id='word_1_662' title='bbox 200 4400 426 4453; x_wconf 87' lang='lat' dir='ltr'><strong>asseeuti</strong></span> <span class='ocrx_word' id='word_1_663' title='bbox 448 4414 569 4452; x_wconf 94' lang='lat' dir='ltr'><strong>non</strong></span> <span class='ocrx_word' id='word_1_664' title='bbox 596 4397 871 4464; x_wconf 87' lang='lat' dir='ltr'><strong>fuissent;</strong></span> <span class='ocrx_word' id='word_1_665' title='bbox 896 4396 1049 4467; x_wconf 91' lang='lat' dir='ltr'><strong>quod</strong></span> <span class='ocrx_word' id='word_1_666' title='bbox 1073 4412 1272 4450; x_wconf 91' lang='lat' dir='ltr'><strong>omnes</strong></span> <span class='ocrx_word' id='word_1_667' title='bbox 1298 4402 1725 4467; x_wconf 89' lang='lat' dir='ltr'><strong>postremorum</strong></span> 
     </span>
    </p>
   </div>
   <div class='ocr_carea' id='block_1_91' title="bbox 73 4485 1725 4557">
    <p class='ocr_par' dir='ltr' id='par_1_91' title="bbox 73 4485 1725 4557">
     <span class='ocr_line' id='line_1_91' title="bbox 73 4485 1725 4557; baseline 0.005 -24"><span class='ocrx_word' id='word_1_668' title='bbox 73 4485 360 4540; x_wconf 63' lang='lat' dir='ltr'><strong>seculorum</strong></span> <span class='ocrx_word' id='word_1_669' title='bbox 390 4487 737 4557; x_wconf 90' lang='lat' dir='ltr'><strong>interpretes</strong></span> <span class='ocrx_word' id='word_1_670' title='bbox 780 4490 1045 4556; x_wconf 84' lang='lat' dir='ltr'><strong>expertos</strong></span> <span class='ocrx_word' id='word_1_671' title='bbox 1091 4502 1149 4538; x_wconf 87' lang='lat' dir='ltr'><strong>se</strong></span> <span class='ocrx_word' id='word_1_672' title='bbox 1181 4502 1299 4539; x_wconf 90' lang='lat' dir='ltr'><strong>esse</strong></span> <span class='ocrx_word' id='word_1_673' title='bbox 1327 4486 1529 4541; x_wconf 88' lang='lat' dir='ltr'><strong>merito</strong></span> <span class='ocrx_word' id='word_1_674' title='bbox 1560 4487 1725 4542; x_wconf 88' lang='lat' dir='ltr'><strong>dicti-</strong></span> 
     </span>
    </p>
   </div>
   <div class='ocr_carea' id='block_1_92' title="bbox 73 4571 1723 4646">
    <p class='ocr_par' dir='ltr' id='par_1_92' title="bbox 73 4571 1723 4646">
     <span class='ocr_line' id='line_1_92' title="bbox 73 4571 1723 4646; baseline 0.006 -26"><span class='ocrx_word' id='word_1_675' title='bbox 73 4571 181 4624; x_wconf 86' lang='lat' dir='ltr'><strong>tant.</strong></span> <span class='ocrx_word' id='word_1_676' title='bbox 208 4574 266 4627; x_wconf 90' lang='lat' dir='ltr'><strong>In</strong></span> <span class='ocrx_word' id='word_1_677' title='bbox 281 4576 555 4642; x_wconf 87' lang='lat' dir='ltr'><strong>obscuris,</strong></span> <span class='ocrx_word' id='word_1_678' title='bbox 589 4576 696 4629; x_wconf 92' lang='lat' dir='ltr'><strong>hoc</strong></span> <span class='ocrx_word' id='word_1_679' title='bbox 727 4580 812 4629; x_wconf 90' lang='lat' dir='ltr'><strong>est</strong></span> <span class='ocrx_word' id='word_1_680' title='bbox 839 4576 895 4628; x_wconf 92' lang='lat' dir='ltr'><strong>in</strong></span> <span class='ocrx_word' id='word_1_681' title='bbox 919 4574 989 4628; x_wconf 91' lang='lat' dir='ltr'><strong>iis</strong></span> <span class='ocrx_word' id='word_1_682' title='bbox 1012 4590 1141 4645; x_wconf 71' lang='lat' dir='ltr'><strong>quae</strong></span> <span class='ocrx_word' id='word_1_683' title='bbox 1172 4573 1241 4627; x_wconf 90' lang='lat' dir='ltr'><strong>ab</strong></span> <span class='ocrx_word' id='word_1_684' title='bbox 1273 4574 1507 4629; x_wconf 89' lang='lat' dir='ltr'><strong>homine</strong></span> <span class='ocrx_word' id='word_1_685' title='bbox 1539 4576 1723 4646; x_wconf 92' lang='lat' dir='ltr'><strong>perito</strong></span> 
     </span>
    </p>
   </div>
   <div class='ocr_carea' id='block_1_93' title="bbox 74 4654 1724 4734">
    <p class='ocr_par' dir='ltr' id='par_1_93' title="bbox 74 4654 1724 4734">
     <span class='ocr_line' id='line_1_93' title="bbox 74 4654 1724 4734; baseline 0.004 -22"><span class='ocrx_word' id='word_1_686' title='bbox 74 4654 134 4709; x_wconf 77' lang='lat' dir='ltr'><strong>ita</strong></span> <span class='ocrx_word' id='word_1_687' title='bbox 157 4662 428 4731; x_wconf 79' lang='lat' dir='ltr'><strong>explanari</strong></span> <span class='ocrx_word' id='word_1_688' title='bbox 466 4680 586 4718; x_wconf 89' lang='lat' dir='ltr'><strong>non</strong></span> <span class='ocrx_word' id='word_1_689' title='bbox 616 4667 870 4734; x_wconf 87' lang='lat' dir='ltr'><strong>possunt,</strong></span> <span class='ocrx_word' id='word_1_690' title='bbox 896 4667 961 4717; x_wconf 89' lang='lat' dir='ltr'><strong>ut</strong></span> <span class='ocrx_word' id='word_1_691' title='bbox 1005 4662 1152 4716; x_wconf 87' lang='lat' dir='ltr'><strong>ausit</strong></span> <span class='ocrx_word' id='word_1_692' title='bbox 1180 4661 1466 4716; x_wconf 86' lang='lat' dir='ltr'><strong>afﬁrmare</strong></span> <span class='ocrx_word' id='word_1_693' title='bbox 1509 4664 1724 4718; x_wconf 89' lang='lat' dir='ltr'><strong>nullam</strong></span> 
     </span>
    </p>
   </div>
   <div class='ocr_carea' id='block_1_94' title="bbox 75 4745 1727 4821">
    <p class='ocr_par' dir='ltr' id='par_1_94' title="bbox 75 4745 1727 4821">
     <span class='ocr_line' id='line_1_94' title="bbox 75 4745 1727 4821; baseline 0.007 -24"><span class='ocrx_word' id='word_1_694' title='bbox 75 4745 207 4802; x_wconf 88' lang='lat' dir='ltr'><strong>aliam</strong></span> <span class='ocrx_word' id='word_1_695' title='bbox 239 4766 399 4821; x_wconf 90' lang='lat' dir='ltr'><strong>posse</strong></span> <span class='ocrx_word' id='word_1_696' title='bbox 456 4752 640 4807; x_wconf 85' lang='lat' dir='ltr'><strong>verbis</strong></span> <span class='ocrx_word' id='word_1_697' title='bbox 686 4753 916 4807; x_wconf 89' lang='lat' dir='ltr'><strong>subesse</strong></span> <span class='ocrx_word' id='word_1_698' title='bbox 973 4751 1332 4815; x_wconf 90' lang='lat' dir='ltr'><strong>sententiam,</strong></span> <span class='ocrx_word' id='word_1_699' title='bbox 1388 4749 1522 4821; x_wconf 92' lang='lat' dir='ltr'><strong>quid</strong></span> <span class='ocrx_word' id='word_1_700' title='bbox 1574 4756 1727 4808; x_wconf 84' lang='lat' dir='ltr'><strong>vetat</strong></span> 
     </span>
    </p>
   </div>
   <div class='ocr_carea' id='block_1_95' title="bbox 73 4833 1724 4912">
    <p class='ocr_par' dir='ltr' id='par_1_95' title="bbox 73 4833 1724 4912">
     <span class='ocr_line' id='line_1_95' title="bbox 73 4833 1724 4912; baseline 0.006 -25"><span class='ocrx_word' id='word_1_701' title='bbox 73 4833 284 4900; x_wconf 85' lang='lat' dir='ltr'><strong>plurium</strong></span> <span class='ocrx_word' id='word_1_702' title='bbox 306 4841 710 4912; x_wconf 84' lang='lat' dir='ltr'><strong>explicationes</strong></span> <span class='ocrx_word' id='word_1_703' title='bbox 736 4841 933 4896; x_wconf 89' lang='lat' dir='ltr'><strong>audire</strong></span> <span class='ocrx_word' id='word_1_704' title='bbox 953 4842 982 4895; x_wconf 84' lang='lat'>?</span> <span class='ocrx_word' id='word_1_705' title='bbox 1018 4842 1228 4895; x_wconf 80' lang='lat' dir='ltr'><strong>Annon</strong></span> <span class='ocrx_word' id='word_1_706' title='bbox 1259 4856 1485 4911; x_wconf 91' lang='lat' dir='ltr'><strong>semper</strong></span> <span class='ocrx_word' id='word_1_707' title='bbox 1513 4841 1593 4896; x_wconf 89' lang='lat' dir='ltr'><strong>ita</strong></span> <span class='ocrx_word' id='word_1_708' title='bbox 1632 4859 1724 4897; x_wconf 90' lang='lat' dir='ltr'><strong>so-</strong></span> 
     </span>
    </p>
   </div>
   <div class='ocr_carea' id='block_1_96' title="bbox 76 4918 1725 4998">
    <p class='ocr_par' dir='ltr' id='par_1_96' title="bbox 76 4918 1725 4998">
     <span class='ocr_line' id='line_1_96' title="bbox 76 4918 1725 4998; baseline 0.007 -29"><span class='ocrx_word' id='word_1_709' title='bbox 76 4918 131 4972; x_wconf 87' lang='lat' dir='ltr'><strong>let</strong></span> <span class='ocrx_word' id='word_1_710' title='bbox 150 4920 260 4976; x_wconf 82' lang='lat' dir='ltr'><strong>fieri</strong></span> <span class='ocrx_word' id='word_1_711' title='bbox 284 4926 311 4977; x_wconf 87' lang='lat'><strong>?</strong></span> <span class='ocrx_word' id='word_1_712' title='bbox 364 4929 574 4979; x_wconf 79' lang='lat' dir='ltr'><strong>Annon</strong></span> <span class='ocrx_word' id='word_1_713' title='bbox 608 4928 961 4998; x_wconf 81' lang='lat' dir='ltr'><strong>Augustinus</strong></span> <span class='ocrx_word' id='word_1_714' title='bbox 1009 4926 1130 4998; x_wconf 90' lang='lat' dir='ltr'><strong>ipse</strong></span> <span class='ocrx_word' id='word_1_715' title='bbox 1188 4927 1373 4981; x_wconf 87' lang='lat' dir='ltr'><strong>varias</strong></span> <span class='ocrx_word' id='word_1_716' title='bbox 1400 4926 1610 4998; x_wconf 90' lang='lat' dir='ltr'><strong>passim</strong></span> <span class='ocrx_word' id='word_1_717' title='bbox 1642 4926 1725 4981; x_wconf 87' lang='lat' dir='ltr'><strong>in-</strong></span> 
     </span>
    </p>
   </div>
   <div class='ocr_carea' id='block_1_97' title="bbox 75 5008 1725 5086">
    <p class='ocr_par' dir='ltr' id='par_1_97' title="bbox 75 5008 1725 5086">
     <span class='ocr_line' id='line_1_97' title="bbox 75 5008 1725 5086; baseline 0.008 -30"><span class='ocrx_word' id='word_1_718' title='bbox 75 5008 477 5076; x_wconf 85' lang='lat' dir='ltr'><strong>terpretationes</strong></span> <span class='ocrx_word' id='word_1_719' title='bbox 512 5014 784 5085; x_wconf 84' lang='lat' dir='ltr'><strong>profert?</strong></span> <span class='ocrx_word' id='word_1_720' title='bbox 824 5013 1024 5070; x_wconf 87' lang='lat' dir='ltr'><strong>Nullus</strong></span> <span class='ocrx_word' id='word_1_721' title='bbox 1064 5014 1346 5085; x_wconf 90' lang='lat' dir='ltr'><strong>interpres</strong></span> <span class='ocrx_word' id='word_1_722' title='bbox 1388 5031 1509 5069; x_wconf 86' lang='lat' dir='ltr'><strong>sese</strong></span> <span class='ocrx_word' id='word_1_723' title='bbox 1562 5014 1725 5086; x_wconf 90' lang='lat' dir='ltr'><strong>quasi</strong></span> 
     </span>
    </p>
   </div>
   <div class='ocr_carea' id='block_1_98' title="bbox 71 5099 1727 5174">
    <p class='ocr_par' dir='ltr' id='par_1_98' title="bbox 71 5099 1727 5174">
     <span class='ocr_line' id='line_1_98' title="bbox 71 5099 1727 5174; baseline 0.006 -27"><span class='ocrx_word' id='word_1_724' title='bbox 71 5099 243 5153; x_wconf 83' lang='lat' dir='ltr'><strong>erroris</strong></span> <span class='ocrx_word' id='word_1_725' title='bbox 272 5101 589 5158; x_wconf 89' lang='lat' dir='ltr'><strong>immunem</strong></span> <span class='ocrx_word' id='word_1_726' title='bbox 621 5104 894 5169; x_wconf 88' lang='lat' dir='ltr'><strong>venditat,</strong></span> <span class='ocrx_word' id='word_1_727' title='bbox 933 5103 1031 5158; x_wconf 92' lang='lat' dir='ltr'><strong>sed</strong></span> <span class='ocrx_word' id='word_1_728' title='bbox 1057 5108 1221 5174; x_wconf 89' lang='lat' dir='ltr'><strong>putat</strong></span> <span class='ocrx_word' id='word_1_729' title='bbox 1246 5108 1492 5169; x_wconf 89' lang='lat' dir='ltr'><strong>tantum,</strong></span> <span class='ocrx_word' id='word_1_730' title='bbox 1525 5103 1584 5157; x_wconf 91' lang='lat' dir='ltr'><strong>in</strong></span> <span class='ocrx_word' id='word_1_731' title='bbox 1615 5118 1727 5157; x_wconf 91' lang='lat' dir='ltr'><strong>am-</strong></span> 
     </span>
    </p>
   </div>
   <div class='ocr_carea' id='block_1_99' title="bbox 72 5181 1724 5264">
    <p class='ocr_par' dir='ltr' id='par_1_99' title="bbox 72 5181 1724 5264">
     <span class='ocr_line' id='line_1_99' title="bbox 72 5181 1724 5264; baseline 0.004 -24"><span class='ocrx_word' id='word_1_732' title='bbox 72 5181 242 5255; x_wconf 79' lang='lat' dir='ltr'><strong>biguis,</strong></span> <span class='ocrx_word' id='word_1_733' title='bbox 264 5191 662 5247; x_wconf 84' lang='lat' dir='ltr'><strong>verisimiliora</strong></span> <span class='ocrx_word' id='word_1_734' title='bbox 709 5194 972 5264; x_wconf 67' lang='lat' dir='ltr'><strong>quendam</strong></span> <span class='ocrx_word' id='word_1_735' title='bbox 1020 5196 1119 5247; x_wconf 87' lang='lat' dir='ltr'><strong>aut</strong></span> <span class='ocrx_word' id='word_1_736' title='bbox 1144 5197 1295 5246; x_wconf 88' lang='lat' dir='ltr'><strong>certe</strong></span> <span class='ocrx_word' id='word_1_737' title='bbox 1324 5209 1488 5264; x_wconf 66' lang='lat' dir='ltr'><strong>aeque</strong></span> <span class='ocrx_word' id='word_1_738' title='bbox 1524 5192 1724 5246; x_wconf 89' lang='lat' dir='ltr'><strong>verisi-</strong></span> 
     </span>
    </p>
   </div>
   <div class='ocr_carea' id='block_1_100' title="bbox 71 5274 1725 5353">
    <p class='ocr_par' dir='ltr' id='par_1_100' title="bbox 71 5274 1725 5353">
     <span class='ocr_line' id='line_1_100' title="bbox 71 5274 1725 5353; baseline 0.007 -29"><span class='ocrx_word' id='word_1_739' title='bbox 71 5274 194 5328; x_wconf 87' lang='lat' dir='ltr'><strong>milia</strong></span> <span class='ocrx_word' id='word_1_740' title='bbox 219 5295 381 5347; x_wconf 87' lang='lat' dir='ltr'><strong>posse</strong></span> <span class='ocrx_word' id='word_1_741' title='bbox 414 5297 446 5334; x_wconf 89' lang='lat' dir='ltr'><strong>a</strong></span> <span class='ocrx_word' id='word_1_742' title='bbox 480 5298 535 5335; x_wconf 90' lang='lat' dir='ltr'><strong>se</strong></span> <span class='ocrx_word' id='word_1_743' title='bbox 580 5283 844 5353; x_wconf 89' lang='lat' dir='ltr'><strong>proferri.</strong></span> <span class='ocrx_word' id='word_1_744' title='bbox 887 5282 1069 5351; x_wconf 87' lang='lat' dir='ltr'><strong>Igitur</strong></span> <span class='ocrx_word' id='word_1_745' title='bbox 1126 5282 1295 5335; x_wconf 90' lang='lat' dir='ltr'><strong>inane</strong></span> <span class='ocrx_word' id='word_1_746' title='bbox 1324 5286 1409 5335; x_wconf 93' lang='lat' dir='ltr'><strong>est</strong></span> <span class='ocrx_word' id='word_1_747' title='bbox 1454 5281 1725 5335; x_wconf 90' lang='lat' dir='ltr'><strong>dilemma</strong></span> 
     </span>
    </p>
   </div>
   <div class='ocr_carea' id='block_1_101' title="bbox 73 5362 1725 5442">
    <p class='ocr_par' dir='ltr' id='par_1_101' title="bbox 73 5362 1725 5442">
     <span class='ocr_line' id='line_1_101' title="bbox 73 5362 1725 5442; baseline 0.002 -24"><span class='ocrx_word' id='word_1_748' title='bbox 73 5362 512 5432; x_wconf 64' lang='lat' dir='ltr'><strong>Augustinianum</strong></span> <span class='ocrx_word' id='word_1_749' title='bbox 538 5391 551 5436; x_wconf 88' lang='lat'><strong>;</strong></span> <span class='ocrx_word' id='word_1_750' title='bbox 580 5371 668 5425; x_wconf 92' lang='lat' dir='ltr'><strong>cui</strong></span> <span class='ocrx_word' id='word_1_751' title='bbox 692 5372 857 5426; x_wconf 89' lang='lat' dir='ltr'><strong>aliter</strong></span> <span class='ocrx_word' id='word_1_752' title='bbox 880 5372 1049 5426; x_wconf 89' lang='lat' dir='ltr'><strong>etiam</strong></span> <span class='ocrx_word' id='word_1_753' title='bbox 1070 5372 1327 5442; x_wconf 90' lang='lat' dir='ltr'><strong>reposuit</strong></span> <span class='ocrx_word' id='word_1_754' title='bbox 1346 5370 1725 5440; x_wconf 85' lang='lat' dir='ltr'><strong>Hieronymus</strong></span> 
     </span>
    </p>
   </div>
   <div class='ocr_carea' id='block_1_102' title="bbox 70 5450 1722 5533">
    <p class='ocr_par' dir='ltr' id='par_1_102' title="bbox 70 5450 1722 5533">
     <span class='ocr_line' id='line_1_102' title="bbox 70 5450 1722 5533; baseline -0.002 -18"><span class='ocrx_word' id='word_1_755' title='bbox 70 5450 201 5515; x_wconf 63' lang='lat' dir='ltr'><strong>epist.</strong></span> <span class='ocrx_word' id='word_1_756' title='bbox 245 5462 311 5512; x_wconf 82' lang='lat'><strong>75</strong></span> <span class='ocrx_word' id='word_1_757' title='bbox 342 5459 401 5512; x_wconf 88' lang='lat' dir='ltr'><strong>in</strong></span> <span class='ocrx_word' id='word_1_758' title='bbox 453 5459 558 5514; x_wconf 92' lang='lat' dir='ltr'><strong>hoc</strong></span> <span class='ocrx_word' id='word_1_759' title='bbox 599 5466 777 5516; x_wconf 91' lang='lat' dir='ltr'><strong>tomo.</strong></span> <span class='ocrx_word' id='word_1_760' title='bbox 812 5463 1095 5516; x_wconf 67' lang='lat' dir='ltr'><strong>Praeterea</strong></span> <span class='ocrx_word' id='word_1_761' title='bbox 1149 5461 1499 5533; x_wconf 89' lang='lat' dir='ltr'><strong>singularem</strong></span> <span class='ocrx_word' id='word_1_762' title='bbox 1538 5459 1608 5513; x_wconf 91' lang='lat' dir='ltr'><strong>ab</strong></span> <span class='ocrx_word' id='word_1_763' title='bbox 1655 5475 1722 5512; x_wconf 93' lang='lat' dir='ltr'><strong>eo</strong></span> 
     </span>
    </p>
   </div>
   <div class='ocr_carea' id='block_1_103' title="bbox 72 5545 1723 5620">
    <p class='ocr_par' dir='ltr' id='par_1_103' title="bbox 72 5545 1723 5620">
     <span class='ocr_line' id='line_1_103' title="bbox 72 5545 1723 5620; baseline 0.005 -28"><span class='ocrx_word' id='word_1_764' title='bbox 72 5545 367 5615; x_wconf 58' lang='lat' dir='ltr'><strong>‘H&#39;terisque</strong></span> <span class='ocrx_word' id='word_1_765' title='bbox 400 5552 585 5603; x_wconf 64' lang='lat' dir='ltr'><strong>Greece</strong></span> <span class='ocrx_word' id='word_1_766' title='bbox 620 5551 1018 5617; x_wconf 82' lang='lat' dir='ltr'><strong>nescientibus,</strong></span> <span class='ocrx_word' id='word_1_767' title='bbox 1054 5551 1294 5620; x_wconf 77' lang='lat' dir='ltr'><strong>gratiam</strong></span> <span class='ocrx_word' id='word_1_768' title='bbox 1332 5549 1477 5603; x_wconf 87' lang='lat' dir='ltr'><strong>inire</strong></span> <span class='ocrx_word' id='word_1_769' title='bbox 1527 5548 1723 5602; x_wconf 86' lang='lat' dir='ltr'><strong>debuit</strong></span> 
     </span>
    </p>
   </div>
   <div class='ocr_carea' id='block_1_104' title="bbox 1835 4390 3539 4464">
    <p class='ocr_par' dir='ltr' id='par_1_104' title="bbox 1835 4390 3539 4464">
     <span class='ocr_line' id='line_1_104' title="bbox 1835 4390 3539 4464; baseline -0.003 -16"><span class='ocrx_word' id='word_1_770' title='bbox 1835 4396 1970 4449; x_wconf 89' lang='lat' dir='ltr'><strong>certi</strong></span> <span class='ocrx_word' id='word_1_771' title='bbox 2008 4396 2204 4449; x_wconf 84' lang='lat' dir='ltr'><strong>statuit</strong></span> <span class='ocrx_word' id='word_1_772' title='bbox 2253 4395 2543 4464; x_wconf 83' lang='lat' dir='ltr'><strong>Scriptura</strong></span> <span class='ocrx_word' id='word_1_773' title='bbox 2572 4393 2781 4461; x_wconf 85' lang='lat' dir='ltr'><strong>divina,</strong></span> <span class='ocrx_word' id='word_1_774' title='bbox 2828 4408 2941 4447; x_wconf 91' lang='lat' dir='ltr'><strong>mos</strong></span> <span class='ocrx_word' id='word_1_775' title='bbox 2964 4392 3158 4462; x_wconf 87' lang='lat' dir='ltr'><strong>populi</strong></span> <span class='ocrx_word' id='word_1_776' title='bbox 3187 4390 3308 4457; x_wconf 87' lang='lat' dir='ltr'><strong>Dei,</strong></span> <span class='ocrx_word' id='word_1_777' title='bbox 3343 4391 3426 4445; x_wconf 82' lang='lat' dir='ltr'><strong>vel</strong></span> <span class='ocrx_word' id='word_1_778' title='bbox 3455 4392 3539 4444; x_wconf 87' lang='lat' dir='ltr'><strong>in-</strong></span> 
     </span>
    </p>
   </div>
   <div class='ocr_carea' id='block_1_105' title="bbox 1834 4479 3540 4554">
    <p class='ocr_par' dir='ltr' id='par_1_105' title="bbox 1834 4479 3540 4554">
     <span class='ocr_line' id='line_1_105' title="bbox 1834 4479 3540 4554; baseline -0.003 -16"><span class='ocrx_word' id='word_1_779' title='bbox 1834 4484 2031 4538; x_wconf 89' lang='lat' dir='ltr'><strong>stituta</strong></span> <span class='ocrx_word' id='word_1_780' title='bbox 2058 4486 2331 4553; x_wconf 82' lang='lat' dir='ltr'><strong>majorum</strong></span> <span class='ocrx_word' id='word_1_781' title='bbox 2351 4499 2454 4554; x_wconf 90' lang='lat' dir='ltr'><strong>pro</strong></span> <span class='ocrx_word' id='word_1_782' title='bbox 2475 4485 2586 4552; x_wconf 85' lang='lat' dir='ltr'><strong>lege</strong></span> <span class='ocrx_word' id='word_1_783' title='bbox 2608 4482 2836 4537; x_wconf 85' lang='lat' dir='ltr'><strong>tenenda</strong></span> <span class='ocrx_word' id='word_1_784' title='bbox 2861 4481 3031 4553; x_wconf 88' lang='lat' dir='ltr'><strong>sunt.]</strong></span> <span class='ocrx_word' id='word_1_785' title='bbox 3058 4483 3228 4536; x_wconf 82' lang='lat' dir='ltr'><strong>Recte</strong></span> <span class='ocrx_word' id='word_1_786' title='bbox 3255 4496 3270 4548; x_wconf 92' lang='lat'><strong>;</strong></span> <span class='ocrx_word' id='word_1_787' title='bbox 3302 4479 3350 4534; x_wconf 87' lang='lat' dir='ltr'><strong>si</strong></span> <span class='ocrx_word' id='word_1_788' title='bbox 3370 4479 3540 4534; x_wconf 91' lang='lat' dir='ltr'><strong>modo</strong></span> 
     </span>
    </p>
   </div>
   <div class='ocr_carea' id='block_1_106' title="bbox 1834 4568 3540 4642">
    <p class='ocr_par' dir='ltr' id='par_1_106' title="bbox 1834 4568 3540 4642">
     <span class='ocr_line' id='line_1_106' title="bbox 1834 4568 3540 4642; baseline -0.001 -18"><span class='ocrx_word' id='word_1_789' title='bbox 1834 4570 1991 4642; x_wconf 89' lang='lat' dir='ltr'><strong>leges</strong></span> <span class='ocrx_word' id='word_1_790' title='bbox 2022 4571 2137 4625; x_wconf 60' lang='lat' dir='ltr'><strong>illa;</strong></span> <span class='ocrx_word' id='word_1_791' title='bbox 2168 4587 2282 4629; x_wconf 93' lang='lat' dir='ltr'><strong>non</strong></span> <span class='ocrx_word' id='word_1_792' title='bbox 2306 4571 2705 4642; x_wconf 89' lang='lat' dir='ltr'><strong>imponantur,</strong></span> <span class='ocrx_word' id='word_1_793' title='bbox 2741 4570 2905 4641; x_wconf 89' lang='lat' dir='ltr'><strong>quasi</strong></span> <span class='ocrx_word' id='word_1_794' title='bbox 2927 4569 3259 4624; x_wconf 67' lang='lat' dir='ltr'><strong>necessaria:</strong></span> <span class='ocrx_word' id='word_1_795' title='bbox 3290 4568 3359 4623; x_wconf 91' lang='lat' dir='ltr'><strong>ad</strong></span> <span class='ocrx_word' id='word_1_796' title='bbox 3381 4569 3540 4623; x_wconf 89' lang='lat' dir='ltr'><strong>salu—</strong></span> 
     </span>
    </p>
   </div>
   <div class='ocr_carea' id='block_1_107' title="bbox 1836 4656 3541 4731">
    <p class='ocr_par' dir='ltr' id='par_1_107' title="bbox 1836 4656 3541 4731">
     <span class='ocr_line' id='line_1_107' title="bbox 1836 4656 3541 4731; baseline -0.002 -18"><span class='ocrx_word' id='word_1_797' title='bbox 1836 4663 1983 4726; x_wconf 89' lang='lat' dir='ltr'><strong>tem;</strong></span> <span class='ocrx_word' id='word_1_798' title='bbox 2015 4660 2171 4731; x_wconf 88' lang='lat' dir='ltr'><strong>quod</strong></span> <span class='ocrx_word' id='word_1_799' title='bbox 2201 4660 2249 4713; x_wconf 92' lang='lat' dir='ltr'><strong>si</strong></span> <span class='ocrx_word' id='word_1_800' title='bbox 2275 4659 2396 4728; x_wconf 84' lang='lat' dir='ltr'><strong>fiat,</strong></span> <span class='ocrx_word' id='word_1_801' title='bbox 2447 4659 2651 4713; x_wconf 87' lang='lat' dir='ltr'><strong>merito</strong></span> <span class='ocrx_word' id='word_1_802' title='bbox 2698 4662 3127 4729; x_wconf 86' lang='lat' dir='ltr'><strong>oppugnantur,</strong></span> <span class='ocrx_word' id='word_1_803' title='bbox 3177 4658 3311 4728; x_wconf 91' lang='lat' dir='ltr'><strong>quia</strong></span> <span class='ocrx_word' id='word_1_804' title='bbox 3363 4656 3541 4711; x_wconf 87' lang='lat' dir='ltr'><strong>solius</strong></span> 
     </span>
    </p>
   </div>
   <div class='ocr_carea' id='block_1_108' title="bbox 1836 4744 3541 4817">
    <p class='ocr_par' dir='ltr' id='par_1_108' title="bbox 1836 4744 3541 4817">
     <span class='ocr_line' id='line_1_108' title="bbox 1836 4744 3541 4817; baseline -0.002 -16"><span class='ocrx_word' id='word_1_805' title='bbox 1836 4753 1921 4802; x_wconf 90' lang='lat' dir='ltr'><strong>est</strong></span> <span class='ocrx_word' id='word_1_806' title='bbox 1945 4748 2151 4803; x_wconf 89' lang='lat' dir='ltr'><strong>Christi</strong></span> <span class='ocrx_word' id='word_1_807' title='bbox 2171 4748 2268 4817; x_wconf 87' lang='lat' dir='ltr'><strong>jus</strong></span> <span class='ocrx_word' id='word_1_808' title='bbox 2319 4748 2610 4802; x_wconf 84' lang='lat' dir='ltr'><strong>claudendi</strong></span> <span class='ocrx_word' id='word_1_809' title='bbox 2664 4747 2791 4800; x_wconf 72' lang='lat' dir='ltr'><strong>cmli</strong></span> <span class='ocrx_word' id='word_1_810' title='bbox 2822 4747 2901 4799; x_wconf 93' lang='lat' dir='ltr'><strong>ita</strong></span> <span class='ocrx_word' id='word_1_811' title='bbox 2929 4750 2992 4799; x_wconf 92' lang='lat' dir='ltr'><strong>ut</strong></span> <span class='ocrx_word' id='word_1_812' title='bbox 3032 4761 3200 4801; x_wconf 91' lang='lat' dir='ltr'><strong>nemo</strong></span> <span class='ocrx_word' id='word_1_813' title='bbox 3229 4744 3466 4816; x_wconf 87' lang='lat' dir='ltr'><strong>aperiat,</strong></span> <span class='ocrx_word' id='word_1_814' title='bbox 3490 4749 3541 4798; x_wconf 87' lang='lat' dir='ltr'><strong>et</strong></span> 
     </span>
    </p>
   </div>
   <div class='ocr_carea' id='block_1_109' title="bbox 1835 4831 3538 4906">
    <p class='ocr_par' dir='ltr' id='par_1_109' title="bbox 1835 4831 3538 4906">
     <span class='ocr_line' id='line_1_109' title="bbox 1835 4831 3538 4906; baseline -0.002 -16"><span class='ocrx_word' id='word_1_815' title='bbox 1835 4836 2120 4906; x_wconf 82' lang='lat' dir='ltr'><strong>aperiendi</strong></span> <span class='ocrx_word' id='word_1_816' title='bbox 2140 4836 2219 4890; x_wconf 91' lang='lat' dir='ltr'><strong>ita</strong></span> <span class='ocrx_word' id='word_1_817' title='bbox 2270 4840 2334 4889; x_wconf 92' lang='lat' dir='ltr'><strong>ut</strong></span> <span class='ocrx_word' id='word_1_818' title='bbox 2362 4851 2533 4890; x_wconf 91' lang='lat' dir='ltr'><strong>nemo</strong></span> <span class='ocrx_word' id='word_1_819' title='bbox 2563 4834 2805 4889; x_wconf 88' lang='lat' dir='ltr'><strong>claudat.</strong></span> <span class='ocrx_word' id='word_1_820' title='bbox 2862 4833 3035 4903; x_wconf 85' lang='lat' dir='ltr'><strong>Cujus</strong></span> <span class='ocrx_word' id='word_1_821' title='bbox 3068 4833 3291 4905; x_wconf 88' lang='lat' dir='ltr'><strong>legibus</strong></span> <span class='ocrx_word' id='word_1_822' title='bbox 3334 4833 3381 4886; x_wconf 89' lang='lat' dir='ltr'><strong>si</strong></span> <span class='ocrx_word' id='word_1_823' title='bbox 3411 4831 3538 4886; x_wconf 61' lang='lat' dir='ltr'><strong>alia;</strong></span> 
     </span>
    </p>
   </div>
   <div class='ocr_carea' id='block_1_110' title="bbox 1836 4919 3538 4995">
    <p class='ocr_par' dir='ltr' id='par_1_110' title="bbox 1836 4919 3538 4995">
     <span class='ocr_line' id='line_1_110' title="bbox 1836 4919 3538 4995; baseline -0.002 -17"><span class='ocrx_word' id='word_1_824' title='bbox 1836 4924 1998 4995; x_wconf 91' lang='lat' dir='ltr'><strong>quasi</strong></span> <span class='ocrx_word' id='word_1_825' title='bbox 2021 4924 2359 4979; x_wconf 67' lang='lat' dir='ltr'><strong>necessariae</strong></span> <span class='ocrx_word' id='word_1_826' title='bbox 2391 4924 2698 4989; x_wconf 90' lang='lat' dir='ltr'><strong>addantur,</strong></span> <span class='ocrx_word' id='word_1_827' title='bbox 2744 4926 2868 4977; x_wconf 91' lang='lat' dir='ltr'><strong>tum</strong></span> <span class='ocrx_word' id='word_1_828' title='bbox 2899 4938 3116 4976; x_wconf 88' lang='lat' dir='ltr'><strong>novum</strong></span> <span class='ocrx_word' id='word_1_829' title='bbox 3167 4919 3538 4992; x_wconf 86' lang='lat' dir='ltr'><strong>Evangelium</strong></span> 
     </span>
    </p>
   </div>
   <div class='ocr_carea' id='block_1_111' title="bbox 1834 5007 3538 5084">
    <p class='ocr_par' dir='ltr' id='par_1_111' title="bbox 1834 5007 3538 5084">
     <span class='ocr_line' id='line_1_111' title="bbox 1834 5007 3538 5084; baseline -0.003 -16"><span class='ocrx_word' id='word_1_830' title='bbox 1834 5014 2135 5079; x_wconf 85' lang='lat' dir='ltr'><strong>conﬂatur,</strong></span> <span class='ocrx_word' id='word_1_831' title='bbox 2181 5014 2335 5084; x_wconf 92' lang='lat' dir='ltr'><strong>quod</strong></span> <span class='ocrx_word' id='word_1_832' title='bbox 2367 5013 2437 5067; x_wconf 91' lang='lat' dir='ltr'><strong>ab</strong></span> <span class='ocrx_word' id='word_1_833' title='bbox 2488 5012 2755 5066; x_wconf 92' lang='lat' dir='ltr'><strong>omnibus</strong></span> <span class='ocrx_word' id='word_1_834' title='bbox 2804 5009 3098 5080; x_wconf 90' lang='lat' dir='ltr'><strong>discipulis</strong></span> <span class='ocrx_word' id='word_1_835' title='bbox 3138 5009 3256 5062; x_wconf 88' lang='lat' dir='ltr'><strong>suis</strong></span> <span class='ocrx_word' id='word_1_836' title='bbox 3293 5007 3451 5078; x_wconf 86' lang='lat' dir='ltr'><strong>rejici</strong></span> <span class='ocrx_word' id='word_1_837' title='bbox 3480 5012 3538 5063; x_wconf 89' lang='lat' dir='ltr'><strong>et</strong></span> 
     </span>
    </p>
   </div>
   <div class='ocr_carea' id='block_1_112' title="bbox 1835 5095 3535 5172">
    <p class='ocr_par' dir='ltr' id='par_1_112' title="bbox 1835 5095 3535 5172">
     <span class='ocr_line' id='line_1_112' title="bbox 1835 5095 3535 5172; baseline -0.004 -14"><span class='ocrx_word' id='word_1_838' title='bbox 1835 5102 2091 5158; x_wconf 88' lang='lat' dir='ltr'><strong>Christus</strong></span> <span class='ocrx_word' id='word_1_839' title='bbox 2129 5106 2185 5156; x_wconf 91' lang='lat' dir='ltr'><strong>et</strong></span> <span class='ocrx_word' id='word_1_840' title='bbox 2203 5102 2449 5172; x_wconf 88' lang='lat' dir='ltr'><strong>apostoli</strong></span> <span class='ocrx_word' id='word_1_841' title='bbox 2476 5101 2799 5156; x_wconf 87' lang='lat' dir='ltr'><strong>voluerunt.</strong></span> <span class='ocrx_word' id='word_1_842' title='bbox 2839 5099 3035 5154; x_wconf 91' lang='lat' dir='ltr'><strong>Simile</strong></span> <span class='ocrx_word' id='word_1_843' title='bbox 3087 5095 3379 5168; x_wconf 91' lang='lat' dir='ltr'><strong>quidpiam</strong></span> <span class='ocrx_word' id='word_1_844' title='bbox 3426 5096 3535 5151; x_wconf 89' lang='lat' dir='ltr'><strong>ha-</strong></span> 
     </span>
    </p>
   </div>
   <div class='ocr_carea' id='block_1_113' title="bbox 1834 5184 3537 5262">
    <p class='ocr_par' dir='ltr' id='par_1_113' title="bbox 1834 5184 3537 5262">
     <span class='ocr_line' id='line_1_113' title="bbox 1834 5184 3537 5262; baseline -0.002 -17"><span class='ocrx_word' id='word_1_845' title='bbox 1834 5192 2036 5246; x_wconf 91' lang='lat' dir='ltr'><strong>bemus</strong></span> <span class='ocrx_word' id='word_1_846' title='bbox 2083 5191 2145 5245; x_wconf 92' lang='lat' dir='ltr'><strong>in</strong></span> <span class='ocrx_word' id='word_1_847' title='bbox 2174 5191 2339 5262; x_wconf 89' lang='lat' dir='ltr'><strong>epist.</strong></span> <span class='ocrx_word' id='word_1_848' title='bbox 2375 5192 2445 5246; x_wconf 80' lang='grc'><strong>54</strong></span> <span class='ocrx_word' id='word_1_849' title='bbox 2501 5190 2571 5245; x_wconf 91' lang='lat' dir='ltr'><strong>ad</strong></span> <span class='ocrx_word' id='word_1_850' title='bbox 2600 5188 2957 5255; x_wconf 75' lang='lat' dir='ltr'><strong>Ianuarium,</strong></span> <span class='ocrx_word' id='word_1_851' title='bbox 2990 5189 3017 5254; x_wconf 87' lang='lat'><strong>§</strong></span> <span class='ocrx_word' id='word_1_852' title='bbox 3068 5189 3097 5241; x_wconf 89' lang='lat'><strong>3</strong></span> <span class='ocrx_word' id='word_1_853' title='bbox 3133 5202 3145 5240; x_wconf 93' lang='lat'>:</span> <span class='ocrx_word' id='word_1_854' title='bbox 3180 5184 3336 5251; x_wconf 86' lang='lat' dir='ltr'><strong>Quod</strong></span> <span class='ocrx_word' id='word_1_855' title='bbox 3365 5200 3537 5254; x_wconf 88' lang='lat' dir='ltr'><strong>neque</strong></span> 
     </span>
    </p>
   </div>
   <div class='ocr_carea' id='block_1_114' title="bbox 1836 5276 3535 5350">
    <p class='ocr_par' dir='ltr' id='par_1_114' title="bbox 1836 5276 3535 5350">
     <span class='ocr_line' id='line_1_114' title="bbox 1836 5276 3535 5350; baseline -0.004 -15"><span class='ocrx_word' id='word_1_856' title='bbox 1836 5285 2021 5335; x_wconf 87' lang='lat' dir='ltr'><strong>contra</strong></span> <span class='ocrx_word' id='word_1_857' title='bbox 2046 5280 2225 5350; x_wconf 82' lang='lat' dir='ltr'><strong>ﬁdem,</strong></span> <span class='ocrx_word' id='word_1_858' title='bbox 2256 5296 2423 5349; x_wconf 86' lang='lat' dir='ltr'><strong>neque</strong></span> <span class='ocrx_word' id='word_1_859' title='bbox 2461 5284 2645 5335; x_wconf 85' lang='lat' dir='ltr'><strong>contra</strong></span> <span class='ocrx_word' id='word_1_860' title='bbox 2677 5279 2836 5333; x_wconf 90' lang='lat' dir='ltr'><strong>bonos</strong></span> <span class='ocrx_word' id='word_1_861' title='bbox 2881 5290 3053 5332; x_wconf 87' lang='lat' dir='ltr'><strong>mores</strong></span> <span class='ocrx_word' id='word_1_862' title='bbox 3099 5290 3209 5329; x_wconf 90' lang='lat' dir='ltr'><strong>esse</strong></span> <span class='ocrx_word' id='word_1_863' title='bbox 3266 5276 3535 5329; x_wconf 82' lang='lat' dir='ltr'><strong>convinci-</strong></span> 
     </span>
    </p>
   </div>
   <div class='ocr_carea' id='block_1_115' title="bbox 1835 5366 3538 5439">
    <p class='ocr_par' dir='ltr' id='par_1_115' title="bbox 1835 5366 3538 5439">
     <span class='ocr_line' id='line_1_115' title="bbox 1835 5366 3538 5439; baseline -0.004 -15"><span class='ocrx_word' id='word_1_864' title='bbox 1835 5375 1945 5436; x_wconf 89' lang='lat' dir='ltr'><strong>tur,</strong></span> <span class='ocrx_word' id='word_1_865' title='bbox 1978 5370 2356 5439; x_wconf 80' lang='lat' dir='ltr'><strong>indi/ferenter</strong></span> <span class='ocrx_word' id='word_1_866' title='bbox 2386 5373 2464 5423; x_wconf 87' lang='lat' dir='ltr'><strong>est</strong></span> <span class='ocrx_word' id='word_1_867' title='bbox 2493 5368 2815 5433; x_wconf 87' lang='lat' dir='ltr'><strong>habendum,</strong></span> <span class='ocrx_word' id='word_1_868' title='bbox 2849 5370 2897 5420; x_wconf 89' lang='lat' dir='ltr'><strong>et</strong></span> <span class='ocrx_word' id='word_1_869' title='bbox 2921 5369 3148 5435; x_wconf 88' lang='lat' dir='ltr'><strong>propter</strong></span> <span class='ocrx_word' id='word_1_870' title='bbox 3166 5380 3365 5431; x_wconf 86' lang='lat' dir='ltr'><strong>eorum,</strong></span> <span class='ocrx_word' id='word_1_871' title='bbox 3397 5366 3538 5418; x_wconf 87' lang='lat' dir='ltr'><strong>inter</strong></span> 
     </span>
    </p>
   </div>
   <div class='ocr_carea' id='block_1_116' title="bbox 1836 5455 3019 5527">
    <p class='ocr_par' dir='ltr' id='par_1_116' title="bbox 1836 5455 3019 5527">
     <span class='ocr_line' id='line_1_116' title="bbox 1836 5455 3019 5527; baseline -0.004 -14"><span class='ocrx_word' id='word_1_872' title='bbox 1836 5474 1968 5527; x_wconf 90' lang='lat' dir='ltr'><strong>quos</strong></span> <span class='ocrx_word' id='word_1_873' title='bbox 1996 5461 2219 5523; x_wconf 76' lang='lat' dir='ltr'><strong>vivitur,</strong></span> <span class='ocrx_word' id='word_1_874' title='bbox 2250 5461 2559 5513; x_wconf 87' lang='lat' dir='ltr'><strong>societatem</strong></span> <span class='ocrx_word' id='word_1_875' title='bbox 2592 5455 2894 5510; x_wconf 85' lang='lat' dir='ltr'><strong>habendum</strong></span> <span class='ocrx_word' id='word_1_876' title='bbox 2916 5460 3019 5510; x_wconf 83' lang='lat' dir='ltr'><strong>est.</strong></span> 
     </span>
    </p>
   </div>
   <div class='ocr_carea' id='block_1_117' title="bbox 1910 5544 3537 5618">
    <p class='ocr_par' dir='ltr' id='par_1_117' title="bbox 1910 5544 3537 5618">
     <span class='ocr_line' id='line_1_117' title="bbox 1910 5544 3537 5618; baseline -0.004 -17"><span class='ocrx_word' id='word_1_877' title='bbox 1910 5548 2083 5618; x_wconf 86' lang='lat' dir='ltr'><strong>Epist.</strong></span> <span class='ocrx_word' id='word_1_878' title='bbox 2123 5550 2210 5609; x_wconf 72' lang='grc'><strong>43,</strong></span> <span class='ocrx_word' id='word_1_879' title='bbox 2247 5552 2353 5613; x_wconf 74' lang='lat'><strong>§7.</strong></span> <span class='ocrx_word' id='word_1_880' title='bbox 2387 5549 2555 5600; x_wconf 89' lang='lat' dir='ltr'><strong>Tanto</strong></span> <span class='ocrx_word' id='word_1_881' title='bbox 2594 5547 2768 5611; x_wconf 88' lang='lat' dir='ltr'><strong>magis</strong></span> <span class='ocrx_word' id='word_1_882' title='bbox 2798 5546 2938 5599; x_wconf 82' lang='lat' dir='ltr'><strong>enim</strong></span> <span class='ocrx_word' id='word_1_883' title='bbox 2978 5547 3162 5599; x_wconf 85' lang='lat' dir='ltr'><strong>timere</strong></span> <span class='ocrx_word' id='word_1_884' title='bbox 3218 5544 3417 5608; x_wconf 78' lang='lat' dir='ltr'><strong>debuit,</strong></span> <span class='ocrx_word' id='word_1_885' title='bbox 3474 5559 3537 5595; x_wconf 84' lang='lat' dir='ltr'><strong>ne</strong></span> 
     </span>
    </p>
   </div>
  </div>
