3926 6192
357 275 462 330 247

1329 303 1334 306 -
1367 268 1931 326 SUPPLEMENTUM
1972 268 2063 322 AD
2101 267 2334 324 OPERA
2373 269 2428 322 S.
2472 264 2862 324 AUGUSTINI.

3735 277 3826 330 248

349 411 472 468 pan:
497 397 728 452 unitatis
775 397 1091 464 violaretur,
1141 397 1344 463 quanto
1398 397 1514 447 erat
1562 392 1831 459 Carthago
1859 392 2054 446 civitas
2083 394 2128 449 A
2163 394 2396 464 tequam
2420 390 2736 463 quidquam
2747 389 2839 446 hic
2859 393 3084 446 mutare
3100 387 3526 460 aggrediamur,
3548 391 3828 452 videndum

355 487 542 556 ampla
571 490 620 541 et
645 486 948 540 illustris...
975 484 1122 538 Erat
1149 483 1314 536 etiam
1346 483 1727 536 transmarinis
1764 483 1947 535 vicina
1969 495 2062 535 re-

355 576 628 644 gionibus,
660 573 794 646 etc.)
849 572 1074 637 Sicilias,
1112 569 1319 635 credo;
1376 585 1510 623 nam
1546 586 1664 624 non
1705 573 1789 624 est
1822 568 2064 623 vicinior

353 665 553 732 Italiae,
589 663 783 718 Galliae
831 666 887 716 et
915 658 1198 730 Hispania
1242 657 1548 726 littoribus,
1597 674 1772 730 quam
1803 657 1932 712 aliae
1963 673 2062 712 ur-

303 809 313 822 ,
358 753 460 809 bes
490 752 794 808 maritimae
824 749 1051 803 Africae.

431 843 602 913 Epist.
627 843 717 906 44,
751 839 849 893 ubi
888 837 1086 892 multis
1117 840 1310 891 narrat
1347 836 1708 891 collationem
1740 851 1902 890 suam
1933 850 2064 890 cum

362 927 628 984 Fortunio
690 925 1005 990 Donatista,
1066 924 1335 995 episc0po
1398 924 1715 990 Tibursico,
1769 923 1847 977 sic
1892 923 2066 977 habet

361 1017 388 1087 ἓ
428 1021 479 1072 ll
515 1033 528 1070 :
589 1017 803 1071 Dictum
832 1019 911 1070 est
941 1013 1086 1083 quod
1135 1013 1314 1066 adhuc
1349 1027 1433 1068 eos
1483 1012 1844 1082 (Donatistas)
1894 1013 2068 1067 nostri

361 1104 666 1176 (catholici)
693 1104 1035 1173 persecuturi
1063 1106 1266 1167 essent;
1289 1101 1546 1169 nobisque
1576 1101 1787 1154 dicebat
1812 1100 1993 1154 videre
2013 1115 2068 1154 se

361 1195 546 1264 quales
598 1207 694 1247 nos
746 1206 978 1246 essemus
1035 1193 1096 1244 in
1150 1191 1249 1245 illa
1315 1193 1680 1258 persecutione
1716 1188 2063 1258 praebituros,

360 1289 546 1338 utrum
605 1282 916 1336 consensuri
963 1293 1192 1334 essemus
1255 1280 1494 1339 savitiae,
1543 1293 1615 1331 an
1671 1279 1880 1332 nullum
1939 1293 2071 1331 com-

360 1374 639 1429 modaturi
676 1385 1004 1426 consensum.
1061 1371 1185 1424 Non
1235 1370 1420 1422 malus
1471 1369 1756 1439 conjector
1785 1373 1909 1422 erat
1936 1369 2068 1422 For-

361 1461 580 1528 tunius,
611 1465 676 1515 ut
705 1459 1076 1514 manifestum
1107 1462 1193 1513 est
1223 1474 1290 1512 ex
1314 1457 1558 1529 epistola
1587 1459 1654 1512 89
1707 1457 1776 1511 ad
1809 1457 2064 1524 Festum,

367 1550 660 1619 octennio,
708 1554 766 1604 et
809 1552 875 1604 93
907 1549 978 1602 ad
1031 1547 1410 1612 Vincentium,
1459 1545 1736 1601 decennio
1765 1549 1896 1616 post
1924 1544 2066 1598 scri-

363 1640 501 1712 ptis,
556 1638 708 1694 unde
761 1637 1082 1707 intelligere
1113 1639 1198 1690 est
1232 1650 1462 1706 gravem
1500 1633 1959 1704 persecutionem
2006 1632 2068 1687 in

367 1727 718 1785 Donastistas
748 1725 1087 1780 concitatam
1117 1724 1311 1790 fuisse,
1335 1723 1824 1778 consentientibus
1853 1722 2074 1794 episco-

365 1817 452 1889 pis
481 1815 773 1871 catholicis
801 1834 818 1882 ,-
842 1820 898 1869 te
930 1814 1077 1868 male
1111 1813 1345 1884 collegis
1374 1811 1675 1868 reSistente
1726 1810 2069 1880 Augustino,

365 1907 705 1962 immemore
733 1919 935 1959 eorum
975 1920 1105 1975 quae
1135 1903 1196 1957 in
1225 1902 1329 1957 hac
1359 1901 1666 1956 collatione
1698 1900 1937 1954 dixerat.
1966 1902 2072 1956 Nos

365 1995 694 2061 dicebamus,
753 1992 942 2064 inquit
995 1992 1053 2046 in
1113 1991 1371 2062 proxime
1429 1989 1804 2061 sequentibus
1858 1987 2069 2055 verbis,

366 2087 534 2140 Deum
558 2083 743 2137 videre
773 2081 939 2136 corda
966 2085 1155 2136 nostra
1201 2095 1321 2150 quas
1348 2081 1459 2149 ipsi
1486 2095 1591 2133 non
1611 2082 1832 2148 possent
1877 2081 1927 2130 et
1952 2077 2073 2130 illos

367 2178 558 2228 temere
605 2173 714 2226 sibi
761 2171 941 2226 adhuc
983 2172 1093 2224 ista
1121 2174 1374 2236 metuere,
1424 2183 1544 2237 quae
1599 2169 1649 2221 si
1678 2167 2003 2232 contigerint
2041 2181 2076 2220 α

367 2263 527 2317 malis
577 2263 904 2326 contingere,
950 2258 1146 2326 quibus
1199 2256 1488 2311 deteriores
1529 2258 1643 2325 ipsi
1697 2255 1926 2320 habent;
1982 2270 2075 2308 nec

372 2355 550 2404 tamen
579 2348 698 2403 ideo
725 2362 822 2402 nos
851 2363 887 2401 a
923 2347 1189 2401 catholica
1235 2347 1599 2400 communione
1646 2359 1928 2412 segregare
1983 2342 2074 2397 de-

371 2439 509 2504 bere,
539 2439 591 2492 si
621 2436 758 2506 quid
788 2437 948 2502 forte,
982 2435 1134 2489 nobis
1181 2435 1388 2502 invitis,
1417 2434 1500 2487 vel
1542 2435 1725 2500 etiam,
1751 2434 1802 2486 si
1828 2432 2077 2486 valueri-

375 2541 517 2594 mus,
558 2523 1049 2581 contradicentibus
1095 2525 1303 2590 factum
1331 2523 1523 2589 fuerit,
1570 2537 1690 2576 cum
1735 2521 2078 2575 tolerantiam

369 2617 658 2686 paciﬁcum
707 2613 1081 2679 didicerimus,
1140 2611 1348 2666 dicente
1393 2611 1692 2680 Apostolo:
1739 2609 2078 2664 sufferentes

372 2703 618 2759 invicem
672 2701 734 2756 in
786 2700 1112 2765 dilectione,
1176 2699 1470 2754 studentes
1527 2713 1749 2753 servare
1795 2697 2079 2752 unitatem

367 2791 603 2864 spiritus
643 2789 705 2844 in
746 2788 974 2844 vinculo
1010 2786 1192 2859 pacis.
1253 2787 1312 2842 Si
1343 2787 1422 2841 ita
1465 2803 1596 2842 vere
1637 2786 1923 2841 animatus
1960 2785 2070 2840 fuit

372 2879 725 2952 Augustinus
769 2894 836 2933 eo
881 2883 1165 2948 tempore,
1214 2875 1388 2930 nimis
1439 2874 1604 2930 facile
1629 2874 1690 2929 in
1729 2873 2079 2929 contrariam

2169 497 2243 536 an
2267 481 2328 535 in
2356 480 2551 552 lingua
2576 479 2864 536 Phoenicia
2900 483 2999 534 aut
3039 477 3254 534 Punica
3292 495 3398 534 vox
3440 481 3829 552 Cutzupitarum

2170 569 2645 642 signiﬁcationem
2692 569 2973 640 obtineat,
3001 568 3094 624 cui
3122 568 3198 623 sit
3225 567 3417 640 aliqua
3447 570 3681 626 afﬁnitas
3717 589 3826 630 cum

2170 659 2553 730 appellatione
2582 660 2957 714 Montensium.
3002 659 3066 714 In
3088 658 3290 729 lingua
3338 663 3530 712 autem
3567 659 3828 730 Hebraica,

2171 763 2345 819 quam
2367 746 2630 802 eamdem
2657 746 2832 801 fuisse
2861 763 2992 802 cum
3013 746 3302 802 Phoenicia
3330 747 3524 802 multis
3550 763 3830 819 argumen-

2170 837 2243 892 tis
2271 840 2514 903 constat,
2559 847 2678 922 2yp
2710 836 2900 904 ketseb,
2948 841 3068 903 aut,
3105 835 3332 907 Syriaco
3372 852 3550 902 more,
3601 848 3712 922 φφ
3737 840 3830 895 liet-

2171 927 2322 996 seph,
2350 941 2384 979 a
2413 923 2600 978 radice
2630 935 2746 1010 :‘Jp
2779 924 2988 992 katsab,
3039 923 3298 985 abscidit.
3337 923 3617 994 signiﬁcat
3651 929 3832 982 abscis-

2172 1030 2290 1070 sam
2308 1029 2612 1069 cavernam.
2647 1013 2736 1071 Sic
2761 1014 2951 1081 Jonas,
2988 1012 3049 1066 in
3079 1012 3335 1066 oratione
3365 1027 3493 1082 quae
3522 1020 3691 1069 exstat
3729 1031 3833 1086 cap.

2175 1121 2234 1167 ιι,
2291 1103 2373 1158 ait
2415 1119 2561 1157 vers.
2613 1106 2643 1155 7
2697 1117 2755 1156 se
2807 1100 3166 1156 descendisse
3223 1111 3370 1161 una
3439 1087 3610 1186 Pup")
3655 1103 3836 1158 l’kitsbe

2175 1193 2353 1247 harim
2382 1193 2440 1245 in
2471 1189 2533 1244 εἰς
2559 1191 2770 1254 σχισμάκ
2795 1188 2966 1253 ὀρέων,
2995 1194 3054 1245 in
3082 1193 3346 1246 scissuras
3367 1194 3621 1245 montium
3639 1231 3654 1256 ,
3678 1196 3732 1245 ut
3753 1192 3835 1246 ha-

2174 1281 2312 1335 bent
2344 1282 2470 1337 LXX
2509 1281 2872 1350 interpretes,
2924 1280 3133 1352 quibus
3181 1279 3378 1334 verbis
3431 1279 3692 1350 intelligit
3724 1296 3835 1352 pro-

2175 1369 2348 1440 pheta
2390 1369 2704 1440 prot‘undas
2752 1367 2814 1422 in
2872 1367 3162 1422 radicibus
3217 1366 3504 1422 montium
3553 1368 3835 1438 speluncas.

2173 1457 2374 1529 Itaque
2412 1458 2712 1527 Cutzupitas
2748 1456 3072 1528 signiﬁcare
3119 1455 3300 1527 possit
3329 1455 3590 1511 homines
3611 1456 3702 1527 qui
3737 1473 3840 1527 spe-

2174 1546 2405 1600 luncam
2435 1547 2684 1613 adibant,
2709 1546 2861 1616 quod
2885 1544 3114 1616 egregie
3144 1544 3432 1600 consentit
3453 1560 3582 1600 cum
3621 1561 3684 1599 eo
3709 1545 3834 1617 quod

2182 1635 2251 1690 de
2298 1634 2605 1690 Donatistis
2647 1635 2846 1690 Romae
2889 1633 3385 1689 commorantibus
3434 1634 3603 1688 habet
3639 1633 3839 1705 Optatus

2180 1725 2280 1780 lib.
2305 1742 2321 1780 ι
2346 1725 2446 1780 ide
2477 1723 2791 1780 Schismate
2826 1723 3251 1779 Donatistarum
3283 1740 3296 1779 :
3344 1724 3658 1793 Speluncam
3682 1738 3840 1793 quam-

2181 1816 2308 1870 dam
2334 1816 2474 1882 foris
2495 1829 2530 1868 a
2556 1815 2776 1870 civitate
2798 1814 3040 1868 cratibus
3074 1817 3359 1884 sepserunt
3387 1813 3482 1868 ubi
3501 1815 3614 1883 ipso
3646 1817 3840 1881 tempore

2181 1904 2603 1959 conventiculum
2633 1902 2827 1958 habere
2877 1905 3200 1973 potuissent,
3241 1902 3389 1958 unde
3434 1904 3713 1958 Montenses
3759 1916 3839 1971 ap-

2177 1993 2372 2063 pellati
2395 1996 2541 2047 sunt.
2576 1991 2958 2062 Hieronymus
2986 1990 3158 2045 etiam
3186 1990 3249 2045 in
3279 1991 3494 2045 Chron.
3542 1989 3608 2045 ad
3662 2003 3839 2044 annum

2183 2080 2388 2136 Christi
2406 2083 2506 2135 356
2539 2097 2572 2134 a
2601 2085 2796 2135 monte
2817 2080 2879 2134 in
2899 2095 3074 2150 quem
3094 2079 3515 2134 conveniebant
3531 2077 3697 2134 dictos
3713 2078 3838 2132 Mon-

2181 2173 2369 2224 tenses
2389 2169 2666 2222 observat.
2711 2167 2828 2223 Sub
2878 2168 3054 2222 ﬁnem
3082 2183 3216 2221 vero
3258 2166 3401 2222 libri
3435 2170 3627 2222 contra
3655 2164 3838 2220 Lucife-

2181 2258 2395 2318 rianos,
2444 2257 2674 2312 eosdem
2728 2261 2893 2312 vocat
2946 2258 3243 2312 Montenses
3277 2272 3384 2312 seu
3427 2257 3722 2327 Campates,
3759 2256 3837 2307 aut

2183 2348 2462 2417 Campitas
2497 2365 2517 2412 ,ο
2571 2345 2673 2401 ubi
2725 2345 2965 2418 legerim
2997 2347 3327 2416 Cutzupitae,
3377 2361 3512 2401 nam
3570 2359 3767 2414 campus
3801 2346 3839 2396 et

2182 2451 2331 2491 mons
2360 2437 2531 2507 plane
2563 2439 2695 2490 sunt
2720 2435 3000 2506 opposita.
3032 2435 3222 2490 Simili
3259 2435 3335 2490 de
3357 2451 3543 2501 causa,
3577 2429 3835 2489 Eunomia-

2184 2524 2266 2592 ni,
2300 2528 2438 2579 teste
2486 2524 2844 2579 Theodoreto
2899 2522 3312 2578 Haereticarum
3365 2523 3618 2578 Fabular.
3649 2519 3745 2575 lib.
3780 2533 3838 2584 iv,

2185 2613 2320 2667 dicti
2349 2617 2482 2668 sunt
2515 2612 2853 2680 Troglodytas
2879 2616 2980 2667 aut
3018 2614 3288 2683 Troglitse,
3329 2613 3389 2668 ὡς
3420 2611 3470 2659 ἑν
3507 2609 3662 2664 οἰκίαις
3691 2606 3836 2656 have:-

2186 2701 2375 2756 νούσςιις
2416 2701 2501 2756 τάς
2553 2699 2782 2756 συνόδους
2823 2701 3126 2764 ποιούμενοι,
3188 2702 3341 2772 quod
3398 2705 3458 2756 in
3505 2699 3730 2756 domibus
3775 2713 3839 2750 oc-

2186 2793 2345 2848 cultis
2389 2796 2677 2848 conventus
2725 2806 2848 2848 suos
2896 2792 3223 2848 celebrarent
3271 2806 3286 2844 :
3342 2805 3544 2862 nempe
3566 2827 3583 2856 ,
3635 2786 3720 2834 ἀπο
3767 2786 3840 2830 τῶν

2183 2881 2434 2944 τρωγλῶν,
2465 2895 2499 2934 a
2524 2882 2787 2936 cavernis.
2819 2880 3002 2952 Igitur
3045 2882 3397 2951 Scototopitz
3433 2895 3467 2934 a
3493 2880 3644 2933 Joan.
3687 2872 3839 2946 Bapti-

375 2968 716 3024 sententiam
750 2966 912 3035 abiit,
945 2967 1179 3036 ejusque
1211 2966 1559 3036 collegarum
1600 2964 1744 3018 alius
1770 2963 1976 3030 fuerat,
2017 2966 2082 3018 ut
2110 2973 2150 3030 c
2190 2972 2276 3023 sta
2324 2967 2602 3024 Cotelerio
2671 2968 2807 3036 ﬁcti,
2843 2968 2986 3024 meri
3031 2973 3164 3024 sunt
3209 2968 3594 3034 tenebriones,
3640 2979 3763 3037 quos
3796 2961 3840 3014 in

377 3058 545 3113 docet
572 3057 739 3127 epist.
787 3058 855 3111 89
878 3059 934 3109 et
991 3057 1080 3120 93,
1131 3053 1378 3108 animus.
1431 3054 1524 3114 Est
1572 3055 1767 3106 tamen
1820 3068 1922 3106 cur
1949 3051 2078 3123 quis

381 3146 604 3203 dubitet
634 3162 707 3199 an
737 3161 806 3198 ex
835 3143 1014 3198 animi
1034 3142 1316 3197 sententia
1345 3142 1678 3212 loqueretur
1700 3140 2075 3212 Augustinus,

377 3252 454 3290 an
478 3250 611 3288 vero
641 3248 801 3287 more
847 3235 1163 3296 oratorum,
1193 3233 1369 3301 prout
1405 3244 1658 3299 praesens
1687 3244 1856 3282 causa
1883 3232 2078 3298 postu-

377 3325 569 3390 labat;
603 3337 789 3392 neque
811 3319 967 3373 enim
998 3319 1300 3390 ignorabat
1313 3317 1384 3371 ab
1409 3316 1876 3386 imperatoribus,
1898 3317 2080 3371 Theo-

381 3412 542 3468 dosio
573 3409 896 3482 praesertim
925 3412 982 3463 et
1009 3407 1144 3462 ﬁliis
1169 3413 1301 3461 ante
1326 3422 1542 3460 annum
1573 3407 1698 3475 398,
1732 3421 1846 3477 quo
1873 3405 2084 3476 scripta

380 3507 467 3556 est
487 3499 609 3555 haec
653 3498 904 3569 Epistola
943 3499 1035 3564 44,
1081 3497 1222 3550 latas
1266 3495 1477 3549 multas
1507 3495 1681 3566 leges,
1727 3494 1937 3566 quibus
1962 3510 2082 3548 ma-

381 3590 654 3662 gistratus
674 3588 1028 3659 jubebantur
1082 3584 1350 3657 persequi
1398 3584 1694 3638 haereticos
1722 3583 2082 3638 conﬁscatio-

384 3678 555 3733 nibus
621 3676 900 3741 locorum,
931 3675 993 3729 in
1040 3690 1170 3746 quae
1199 3675 1600 3735 convenerant,
1627 3672 1854 3727 mulctis
1885 3673 2084 3728 decem

384 3767 666 3822 librarum
695 3764 841 3831 auri,
866 3763 928 3819 in
953 3764 1208 3834 singulos
1257 3762 1578 3817 sacerdotes
1623 3761 1944 3829 haereticos,
1987 3777 2082 3816 ex-

385 3857 551 3921 siliis,
579 3853 848 3921 fustibus,
881 3857 989 3910 etc.
1030 3854 1204 3908 Malos
1229 3852 1437 3907 harum
1463 3851 1660 3922 legum
1699 3855 1956 3905 auctores
1987 3855 2086 3905 aut

382 3948 678 4004 ministros
707 3947 895 4002 dicere
921 3945 1068 4000 serio
1106 3960 1278 4000 ausus
1298 3959 1415 3998 non
1460 3943 1660 3998 fuisset
1706 3943 2082 4014 Augustinus.

385 4039 667 4117 Caeterum
734 4035 827 4090 hic
881 4034 1072 4090 obiter
1125 4033 1444 4088 notandum
1484 4031 1781 4103 Pelagium
1821 4031 1996 4087 fuisse
2023 4032 2085 4088 in

384 4124 666 4181 sententia
711 4123 1158 4191 Donatistarum,
1199 4126 1263 4177 ut
1292 4120 1472 4193 liquet
1511 4137 1578 4175 ex
1609 4121 1731 4192 ejus
1762 4121 2080 4176 Comment.

384 4214 445 4269 in
471 4230 595 4286 cap.
626 4230 680 4268 1v
709 4213 857 4284 epist
884 4213 955 4267 ad
1016 4212 1259 4280 Galatas,
1290 4210 1361 4265 ad
1415 4210 1538 4264 haec
1567 4210 1737 4265 verba
1770 4225 1784 4264 :
1838 4210 1947 4275 Qui
1999 4224 2080 4264 se-

385 4303 620 4358 cundum
646 4317 862 4357 carnem
903 4304 1066 4356 natus
1086 4305 1203 4354 erat
1254 4298 1679 4368 persequebatur
1726 4313 1845 4352 eum
1875 4299 1973 4366 qui
2005 4313 2082 4353 se-

386 4391 623 4446 cundum
649 4391 936 4459 Spiritum.

459 4478 632 4546 Ibid.,
673 4477 700 4547 §
753 4479 832 4531 l3.
896 4475 1160 4544 Majorem
1211 4472 1614 4546 caelicolarum]
1669 4475 1750 4529 De
1795 4473 2084 4543 coelicolis,

389 4565 576 4638 deque
614 4565 721 4619 hoc
759 4565 879 4619 loco
923 4562 1230 4634 Augustini
1281 4561 1478 4616 multis
1523 4561 1640 4634 egit
1689 4563 1933 4618 Jacobus
1983 4565 2089 4619 Go-

387 4653 683 4710 thofredus
712 4652 784 4708 ad
813 4653 928 4724 leg,
964 4653 1049 4720 l9,
1097 4651 1167 4706 tit
1204 4654 1258 4718 8,
1299 4650 1399 4708 lib.
1431 4667 1521 4706 xvi
1573 4651 1784 4707 codicis
1826 4651 2086 4707 Theodo-

388 4743 554 4806 siani,
587 4758 760 4815 quem
784 4742 942 4798 adire
977 4741 1218 4796 lectores
1254 4745 1544 4812 poterunt.
1569 4740 1862 4796 Invidiosa
1888 4757 2088 4797 eorum

387 4831 712 4904 descriptio,
734 4830 1175 4903 conjunctioque
1199 4846 1352 4885 nunc
1371 4845 1503 4885 cum
1520 4830 1753 4898 ludatis,
1784 4845 1937 4885 nunc
1957 4847 2088 4886 cum

387 4920 715 4989 Donatistis,
755 4921 984 4976 obstant
1011 4919 1324 4992 quominus
1354 4918 1742 4990 intelligamus
1785 4919 1927 4991 quid
1957 4935 2085 4974 sen-

389 5011 585 5068 serint.

459 5101 636 5171 Epist.
669 5101 757 5167 53,
790 5101 818 5168 §
847 5101 902 5154 2.
935 5100 997 5154 In
1024 5098 1155 5152 urbe
1197 5099 1375 5152 Roma
1420 5098 1801 5166 Montensium,
1830 5099 1913 5153 vel
1953 5098 2085 5155 Cut-

389 5193 702 5259 zupitarum
728 5188 1047 5243 vocabulum
1073 5183 1450 5258 propagavit.]
1479 5186 1620 5241 Cum
1669 5185 1791 5240 haec
1818 5185 1892 5240 sit
1915 5185 2085 5242 lectio

388 5279 799 5349 plerorumque
857 5292 991 5332 mss.
1025 5275 1192 5330 codd.
1227 5274 1319 5329 hic
1349 5278 1406 5328 et
1448 5274 1510 5328 in
1551 5273 1696 5327 libro
1739 5275 1809 5328 de
1865 5274 2086 5330 Unitate

392 5363 672 5431 Ecclesiae,
703 5380 824 5434 cap.
849 5368 902 5432 3,
945 5363 1194 5436 satisque
1237 5365 1458 5418 constet
1493 5378 1814 5433 cognomen
1844 5362 1952 5417 hoc
1981 5365 2087 5418 Do-

391 5451 752 5516 natistarum,
809 5469 996 5525 neque
1052 5454 1311 5510 Graecum
1367 5466 1507 5518 esse,
1560 5467 1748 5522 neque
1798 5451 2081 5520 Latinum,

392 5541 665 5598 credibile
690 5544 776 5596 est
805 5541 875 5596 ab
905 5541 1049 5596 Afris
1078 5541 1414 5614 impositum
1437 5541 1505 5595 iis
1531 5540 1723 5596 fuisse.
1750 5540 1946 5612 Igitur,
1979 5558 2080 5599 an-

2188 3058 2455 3114 tenebras
2481 3059 2634 3114 unde
2679 3057 3038 3129 prodierunt,
3099 3059 3499 3114 amandamus.
3555 3058 3668 3112 Non
3693 3049 3841 3122 magis

2191 3147 2459 3202 audiendi
2488 3151 2622 3202 sunt
2654 3146 2754 3218 qui
2783 3163 2850 3202 ex
2903 3146 3248 3219 Hieronymo
3280 3148 3486 3203 volunt
3512 3146 3619 3218 legi
3657 3143 3841 3212 Campi-

2192 3239 2307 3301 tas;
2353 3234 2508 3306 quod
2537 3240 2729 3290 tamen
2755 3235 2842 3289 vir
2865 3235 3123 3290 eruditus
3177 3236 3325 3291 Lud.
3374 3236 3539 3291 Ellies
3567 3236 3639 3290 du
3665 3233 3771 3296 Pin,
3793 3229 3838 3283 in

2190 3321 2344 3376 notis
2383 3322 2450 3376 ad
2480 3322 2669 3378 locum
2695 3323 2907 3395 Optati,
2945 3323 3159 3379 mirum
3189 3324 3250 3379 in
3305 3326 3540 3380 modum
3586 3322 3840 3378 concinere

2191 3415 2357 3481 putat
2393 3410 2618 3482 Optato,
2646 3412 2748 3483 qui
2784 3412 2922 3467 dicit
2947 3428 3032 3467 eos
3075 3416 3215 3482 foris
3245 3429 3280 3468 a
3312 3416 3531 3470 civitate
3577 3414 3839 3484 speluncam

2193 3497 2486 3565 quamdam
2518 3500 2758 3554 cratibus
2795 3501 3054 3570 sepiisse;
3085 3500 3219 3555 hinc
3231 3501 3396 3556 enim
3421 3516 3578 3572 atque
3606 3497 3838 3567 Campitas

2195 3600 2257 3638 ac
2305 3587 2602 3642 Montenses
2643 3587 2754 3642 dici
2782 3588 3053 3660 potuisse.
3087 3588 3192 3644 Sed
3225 3589 3444 3644 Gallico
3503 3588 3716 3661 quidem
3750 3600 3840 3638 ser-

2193 3687 2390 3742 mone,
2445 3673 2545 3745 qui
2606 3679 2741 3729 sunt
2785 3679 2946 3730 extra
2994 3676 3165 3730 urbes
3248 3676 3522 3732 dicuntur
3583 3690 3692 3731 esse
3754 3685 3842 3726 aur

2193 3763 2413 3832 champs
2430 3777 2447 3832 ;
2480 3762 2675 3818 Latine
2699 3766 2822 3819 ruri
2848 3768 2950 3819 aut
2978 3767 3038 3820 in
3064 3767 3216 3832 agris
3241 3782 3254 3832 ;
3289 3781 3413 3821 non
3443 3768 3500 3822 in
3526 3765 3732 3836 campis,
3766 3758 3842 3832 qui

2193 3851 2491 3916 planitiem
2519 3851 2864 3924 signiﬁcant,
2893 3869 3008 3908 non
3050 3869 3167 3910 rus.
3223 3854 3404 3911 Video
3434 3855 3613 3911 Gallos
3657 3855 3842 3908 nostros

2194 3939 2487 3996 interdum
2511 3941 2789 3997 afﬁnitate
2803 3941 3022 4014 linguai
3041 3959 3159 3998 suae
3179 3959 3318 3999 cum
3351 3945 3544 4000 Latina
3563 3939 3746 4012 decipi.
3773 3936 3841 3992 Sic

2194 4029 2256 4084 in
2293 4030 2399 4084 hac
2452 4030 2652 4085 eadem
2701 4047 2838 4086 voce
2887 4031 3098 4087 erravit
3124 4032 3210 4086 vir
3237 4031 3575 4105 ingeniosus
3606 4031 3840 4087 Robertus

2193 4119 2476 4174 Arnaldus
2527 4119 2903 4189 Andilliacus,
2949 4121 3049 4192 qui
3074 4123 3367 4192 Josephum
3420 4121 3619 4178 Gallice
3670 4115 3838 4176 vertit;

2194 4223 2325 4263 cum
2376 4206 2530 4262 enim
2599 4207 2816 4264 videret
2879 4210 3070 4265 vocari
3125 4210 3250 4272 μέγα
3275 4210 3459 4272 malev,
3513 4212 3732 4264 tractum
3785 4199 3838 4254 ad

2191 4297 2497 4352 lordanem
2521 4297 2717 4367 situm,
2749 4316 2782 4354 a
2803 4299 3013 4354 Latinis
3031 4299 3441 4371 interpretibus
3461 4312 3698 4368 magnum
3720 4308 3840 4350 cam-

2189 4401 2345 4456 pum,
2373 4386 2545 4441 vertit
2573 4387 2619 4442 le
2643 4385 2824 4454 grand
2850 4387 3064 4458 champ,
3087 4404 3220 4443 cum
3258 4389 3548 4444 debuisset
3573 4389 3766 4442 vertere
3798 4379 3839 4433 la

2195 4475 2403 4544 grande
2427 4491 2746 4545 campagne,
2776 4476 2866 4530 vel
2901 4477 2958 4530 la
2982 4477 3190 4545 grande
3237 4478 3440 4548 plaine.

2269 4563 2442 4634 Epist.
2491 4567 2581 4631 7t,
2616 4563 2726 4634 §4.
2768 4565 3070 4621 Perdurum
3119 4567 3245 4636 erit,
3281 4569 3332 4621 si
3375 4572 3472 4624 tua
3518 4556 3840 4632 inta'pretaliﬂ

2189 4667 2291 4723 per
2319 4653 2519 4708 multas
2537 4655 2782 4709 ecclesias
2799 4656 3140 4725 frequentius
3161 4657 3379 4725 cazperit
3410 4653 3653 4718 lectitari,
3681 4643 3799 4718 φιοά
3812 4656 3837 4694 α

2195 4742 2394 4798 Graecis
2441 4741 2676 4797 ecclesiis
2721 4743 2934 4798 Latinae
2973 4744 3203 4799 ecclesiae
3245 4743 3616 4807 dissonabunt;
3647 4735 3838 4793 maxime

2193 4832 2327 4901 quia
2365 4831 2528 4897 facile
2569 4830 2933 4886 contradictor
2962 4834 3316 4900 convincitur,
3366 4834 3548 4887 Greco
3576 4827 3766 4900 prolato
3786 4820 3838 4873 ιίο

2195 4919 2308 4979 bro.
2336 4917 2398 4972 id
2424 4923 2502 4972 est
2543 4919 2742 4986 lingua
2791 4919 3132 4994 notissima]
3166 4921 3290 4975 Non
3339 4920 3482 4975 tanti
3527 4921 3643 4974 erat
3681 4921 3840 4969 omnes

2195 5006 2468 5062 Ecclesias
2483 5007 2682 5063 eadem
2711 5009 2973 5064 versione
3001 5009 3105 5076 uti,
3137 5013 3202 5065 ut
3246 5015 3552 5082 propterea
3593 5002 3770 5060 vitiosa
3794 4995 3840 5050 in

2193 5101 2472 5150 internum
2501 5100 2839 5166 uterentur;
2872 5113 2978 5153 nec
3006 5098 3322 5170 peperisset
3372 5096 3654 5154 diversitas
3701 5083 3837 5162 quid-

2194 5201 2368 5256 quam
2394 5184 2762 5254 incommodi,
2795 5187 2954 5258 quia,
2983 5193 3050 5242 ut
3067 5188 3312 5244 diximus
3334 5189 3404 5244 ad
3433 5186 3594 5258 epist.
3625 5184 3705 5247 28,
3732 5189 3838 5230 ωη-

2193 5290 2393 5329 sensus
2425 5291 2652 5346 semper
2668 5275 2728 5330 in
2750 5292 2975 5331 summa
3005 5277 3088 5330 rei
3107 5278 3331 5332 futurus
3359 5282 3499 5332 erat.
3534 5272 3695 5330 Hodie
3713 5264 3839 5321 vide-

2193 5381 2322 5420 mus
2349 5381 2445 5420 eos
2472 5365 2821 5422 Christianos
2851 5366 2952 5438 qui
2990 5367 3308 5423 vernaculis
3336 5364 3678 5422 versionibus
3705 5360 3838 5411 utun-

2192 5457 2307 5522 tur,
2337 5453 2597 5526 quamvis
2616 5453 2731 5511 sint
2750 5454 3009 5528 diversas,
3037 5461 3344 5530 propterea
3367 5455 3514 5512 inter
3553 5469 3609 5510 se
3635 5445 3836 5506 minime

2191 5543 2526 5616 digladiari;
2573 5561 2704 5600 nam
2750 5561 2951 5602 eorum
3007 5547 3292 5603 dissensus
3340 5561 3451 5602 non
3500 5561 3559 5599 ex
3603 5533 3835 5594 varietate
