3922 6188
168 220 262 273 241)

941 222 1304 279 VARIORRM
1345 222 1923 281 EXERCITATONES
1961 226 2027 280 IN
2067 226 2125 280 S.
2165 228 2607 285 AUGUSTINUM
2648 228 2905 295 OPEBA.

3570 230 3677 284 250

172 345 513 413 vei-sianum,
545 344 645 400 sed
671 360 741 401 ex
770 345 1007 402 diversis
1034 346 1606 418 interpretationibus
1634 362 1864 403 eorum-
1888 351 1933 406 Δ
1972 364 2100 404 rum
2133 353 2235 403 est.
2266 351 2344 403 Ac
2395 366 2531 404 sane
2586 366 2619 403 a
2674 348 2898 405 duobus
2944 348 3370 421 propemodum
3422 350 3669 416 saculis,

173 432 289 488 dem
322 434 640 490 verborum
686 434 893 490 oritur.
954 437 1255 499 Praeterea,
1311 436 1619 508 Augustini
1671 441 1861 503 aetate,

172 538 374 593 magna
402 523 651 577 varietas
673 528 797 579 erat
819 523 1150 579 Latinorum
1171 524 1433 581 codicum
1460 526 1614 597 apud
1640 526 1865 581 Latinos

174 619 225 665 et
250 613 585 667 Gracorum
616 613 768 682 apud
796 614 1041 683 Graecos,
1067 631 1197 685 quae
1223 615 1446 669 nullum
1477 620 1670 670 tamen
1716 630 1862 684 pra:-

162 700 333 756 bebat
352 702 787 771 ofi‘endiculum,
817 719 947 758 cum
988 720 1189 759 omnes
1232 704 1443 759 scirent
1484 704 1610 759 fieri
1648 703 1737 757 vix
1768 719 1865 773 po-

158 789 358 857 tuisse,
385 796 452 845 ut
502 791 925 862 longinquitate
975 796 1301 864 temporum
1359 792 1720 864 etimperitia
1766 796 1871 846 aut

158 879 465 933 oscitantia
491 880 886 947 librariorum,
914 882 1125 936 menda
1152 881 1212 935 in
1243 883 1466 936 Graecos
1497 881 1719 937 codices
1749 896 1865 935 non

159 967 529 1038 irreperent;
560 969 621 1023 in
662 970 887 1024 Latinos
914 986 1067 1035 vero,
1113 976 1325 1042 praeter
1382 971 1666 1042 ejusmodi
1697 987 1865 1026 men-

160 1055 252 1118 da.
286 1057 597 1112 varietates
628 1064 779 1113 ortas
802 1075 867 1113 ex
892 1060 1048 1114 vario
1069 1060 1290 1131 judicio
1321 1077 1520 1116 eorum
1546 1060 1645 1132 qui
1675 1062 1866 1117 Graeca

157 1149 385 1199 vertere
416 1146 675 1218 aggressi
724 1152 905 1203 erant.
961 1150 1076 1203 Hoc
1128 1166 1246 1204 non
1276 1149 1553 1205 diffitetur
1602 1149 1866 1221 Augusti-
1910 1140 1921 1153 '

157 1248 268 1286 nus
300 1234 470 1304 epist.
502 1238 592 1300 7t,
624 1238 651 1302 §
696 1238 748 1291 6.
783 1236 1029 1309 Ideoque
1083 1239 1448 1294 contradictor
1478 1239 1646 1310 paulo
1687 1238 1865 1309 perti-

158 1322 363 1377 nacior
407 1338 527 1378 non
575 1330 690 1379 tam
738 1325 904 1379 facile
946 1327 1205 1381 convinci
1254 1331 1502 1398 poterat,
1556 1343 1729 1399 quam
1774 1326 1866 1381 hic

155 1415 360 1464 narrat
413 1412 790 1483 Augustinus,
825 1414 1046 1486 prolato
1101 1417 1295 1471 Grieco
1329 1418 1453 1472 LXX
1483 1417 1865 1487 interpretum

157 1499 389 1554 Codice.
423 1500 533 1555 Sed
557 1501 703 1557 adiri
750 1508 975 1573 poterat
1011 1503 1109 1559 alii
1146 1506 1324 1561 Graeci
1375 1506 1732 1577 interpretes,
1765 1504 1866 1576 qui

153 1603 273 1643 non
303 1592 536 1644 tantum
571 1590 645 1645 ad
674 1591 1050 1663 intelligenda
1082 1594 1376 1664 Hebraica,
1409 1595 1507 1650 sed
1562 1599 1619 1650 et
1671 1596 1867 1650 Graeca

156 1676 284 1732 LXX
312 1676 699 1749 interpretum
747 1681 939 1748 verba,
999 1698 1211 1753 magno
1266 1683 1395 1737 usui
1425 1700 1546 1737 esse
1576 1689 1864 1754 poterant.

226 1766 371 1821 Ibid.
405 1768 665 1838 Quisquis
696 1775 877 1824 autem
896 1772 956 1825 in
977 1786 1034 1824 eo
1064 1772 1211 1839 quod
1239 1788 1306 1826 e1:
1361 1772 1579 1827 Hebraeo
1626 1775 1865 1828 transla-

154 1860 273 1910 tum
299 1861 404 1922 est,
435 1858 622 1927 aliquo
675 1860 892 1914 insolito
918 1866 1195 1929 permotus
1227 1864 1399 1928 fuerit
1424 1868 1473 1917 et
1502 1863 1639 1928 falsi
1667 1866 1869 1917 crimen

156 1945 474 2010 intenderit,
505 1949 606 2001 via:
634 1953 729 2002 aut
760 1964 1001 2017 unquam
1030 1949 1105 2003 ad
1133 1950 1359 2005 Hebraea
1411 1954 1718 2006 testimonia
1742 1968 1866 2021 per-

157 2036 427 2101 uenietur,
465 2036 663 2105 quibus
720 2036 1050 2104 defendatur
1081 2039 1387 2109 objectum.]
1435 2040 1614 2111 Culpa
1655 2040 1867 2095 scilicet

157 2138 365 2177 eorum
392 2124 497 2195 qui
525 2124 796 2179 volebant
815 2125 994 2181 videri
1014 2127 1230 2199 egregii
1255 2128 1595 2199 interpretes
1622 2128 1869 2199 Scriptu-

155 2227 378 2278 rarum,
409 2228 555 2283 quas
580 2230 698 2268 non
727 2213 1144 2286 intelligebant,
1194 2232 1324 2271 cum
1353 2232 1417 2270 ex
1466 2218 1585 2271 sola
1614 2218 1869 2272 versione

156 2317 308 2372 sape
342 2300 590 2356 obscura
628 2307 684 2357 et
723 2302 925 2358 vitiosa
948 2305 1288 2374 penderent.
1323 2305 1437 2360 Cur
1486 2322 1604 2360 non
1660 2306 1872 2362 dabant

158 2403 400 2458 operam
434 2389 623 2445 studio
653 2390 867 2462 lingua;
899 2393 1207 2463 Hebraicis,
1239 2394 1560 2465 prmsertim
1583 2394 1641 2449 in
1657 2396 1867 2465 Africa,

160 2476 253 2530 ubi
282 2477 511 2549 linguae
546 2479 775 2535 Punicae.
828 2482 1079 2552 cognitio
1125 2482 1196 2537 iis
1250 2483 1404 2537 viam
1455 2485 1755 2540 muniebat
1800 2488 1865 2541 ad

160 2566 529 2635 Hebraicum,
563 2585 735 2640 quam
763 2570 818 2625 ei
865 2572 1099 2627 affinem
1154 2589 1276 2628 esse
1326 2573 1504 2645 probe
1551 2578 1770 2637 notant,
1813 2581 1870 2630 et

158 2671 333 2728 quam
365 2657 610 2727 proinde
639 2660 822 2713 multo
854 2659 1077 2715 felicius
1103 2677 1278 2733 quam
1310 2662 1687 2734 Hieronymus
1724 2662 1868 2718 didi-

159 2745 391 2813 cissent,
422 2746 539 2801 nisi
569 2746 651 2801 eis
679 2763 843 2803 mens
866 2750 1008 2803 laeva
1045 2750 1246 2805 fuisset
1271 2752 1301 2805 ?
1329 2751 1612 2806 Praeterea
1642 2768 1707 2806 ex
1754 2753 1867 2806 col--

161 2834 369 2889 latione
396 2835 727 2891 versionum
757 2838 1001 2908 Aquilia,
1055 2838 1382 2910 Symmachi
1412 2845 1470 2894 et
1527 2840 1866 2895 Theodotiu-

1975 435 2192 505 experti
2213 441 2345 491 sunt
2386 438 2695 492 Christiani
2746 440 2927 491 multo
2983 437 3158 492 satius
3206 454 3351 506 esse,
3411 440 3672 509 neglecta

1974 525 2307 579 auctoritate
2336 526 2738 597 imperitorum
2764 527 3144 597 interpretum
3179 526 3521 598 (quantaevis
3558 528 3672 581 fue-

1972 613 2089 667 rint
2118 614 2327 682 famas),
2354 614 2508 686 ipsos
2538 615 2721 669 fontes
2754 616 2910 669 adire
2927 625 2981 670 et
3010 616 3219 686 linguae
3237 616 3524 671 Hebraica:
3546 633 3669 686 pro-

1972 708 2170 773 pterea
2200 704 2305 757 sibi
2331 703 2594 775 peritiam
2623 720 2955 775 comparare
2979 721 2992 771 ;
3021 706 3178 776 quod
3204 705 3448 759 feliciter
3491 704 3670 776 patri-

1973 792 2079 846 bus
2108 793 2317 846 nostris
2340 795 2526 860 cessit,
2560 810 2684 857 nec,
2713 799 2775 848 ut
2834 811 3020 864 spero,
3081 794 3213 847 huic
3260 794 3418 848 aetati
3470 793 3667 848 infeli-

1973 880 2093 935 cius
2121 882 2306 935 cedet.

2044 969 2182 1023 Ibid.
2218 970 2351 1025 Huc
2386 970 2609 1037 accedit,
2636 971 2768 1041 quia
2797 973 2961 1024 etiam
2989 971 3219 1025 consulti
3246 970 3492 1025 vHebravi
3541 985 3667 1040 pos-

1972 1063 2099 1112 sunt
2120 1059 2274 1113 aliud
2300 1060 2638 1129 respondere,
2671 1065 2729 1114 ut
2756 1065 2815 1114 tu
2857 1061 3000 1113 solus
3030 1061 3362 1114 necessarius
3415 1058 3658 1112 videaris

1974 1150 2070 1215 qui
2099 1150 2261 1201 etiam
2280 1150 2425 1216 ipsos
2453 1150 2630 1217 possis
2657 1151 3003 1212 convincere;
3038 1147 3131 1201 sed
3162 1152 3356 1213 tamen,
3410 1161 3513 1216 quo
3562 1147 3667 1214 ju-

1973 1234 2090 1289 dice
2119 1237 2317 1289 mirum
2340 1251 2388 1290 ει
2405 1240 2645 1305 potueris
2662 1237 2943 1307 invenire]
2979 1238 3105 1290 Haec
3137 1237 3366 1289 demum
3401 1240 3483 1289 est
3506 1250 3664 1289 mera

1974 1323 2206 1377 invidia.
2238 1325 2447 1389 Quidni
2480 1342 2611 1380 vero
2660 1326 2819 1381 Pmni
2877 1325 2976 1389 tui,
3021 1325 3354 1395 Augustine,
3414 1324 3669 1393 linguam

1978 1412 2310 1467 Hebraicam
2338 1414 2721 1482 addiscebant,
2756 1415 3049 1470 utJudasis
3079 1415 3326 1485 amplius
3375 1428 3495 1467 non
3524 1412 3671 1466 indi-

1976 1506 2198 1571 gerent,
2222 1517 2293 1556 ne
2316 1502 2385 1556 ad
2410 1503 2596 1557 solum
2612 1503 3176 1574 Hieronymumesset
3189 1501 3668 1573 confugiendum?

1976 1592 2047 1643 At
2076 1590 2184 1644 hoc
2204 1590 2606 1647 difficillimum
2636 1598 2775 1647 erat.
2806 1594 2929 1646 Non
2980 1592 3271 1646 difficilius
3333 1606 3511 1662 quam
3563 1590 3669 1645 fuit

1910 1644 1950 1699 Β
1978 1679 2209 1733 Patrum
2238 1684 2564 1734 nostrorum
2597 1681 2893 1745 memoria,
2927 1680 3045 1734 imo
3078 1697 3209 1733 vero
3238 1681 3420 1734 multo
3451 1679 3670 1735 facilius

1975 1771 2032 1820 et
2058 1768 2206 1822 Afris
2236 1773 2293 1821 et
2320 1769 2473 1839 Syris
2498 1775 2555 1823 et
2580 1770 2862 1823 Arabibus
2893 1769 3246 1837 Christianis,
3276 1784 3525 1841 quorum
3554 1768 3667 1822 lin-

1975 1872 2104 1926 guse
2142 1856 2341 1910 affines
2373 1858 2656 1912 Hebraicaz
2686 1859 2954 1925 fuerunt;
2986 1875 3114 1912 cum
3147 1858 3465 1929 praesertim
3496 1857 3671 1911 habe-

1975 1949 2101 1998 rent
2132 1946 2379 2015 lIexapla
2409 1946 2686 2017 Origeuis.
2718 1948 2943 2016 Verum,
2988 1964 3061 2001 ne
3092 1947 3227 2018 quid
3288 1946 3667 2009 dissimulem,

1975 2033 2157 2086 multo
2184 2034 2406 2088 facilius
2432 2035 2539 2089 fuit
2569 2052 2634 2089 eo
2666 2041 2925 2106 tempore
2946 2039 3010 2090 ut
3036 2035 3145 2091 hoc
3169 2040 3360 2090 nostro
3389 2034 3540 2106 apud
3568 2034 3667 2088 im-

1975 2122 2219 2194 peritam
2243 2124 2470 2193 plebem
2504 2124 2891 2180 declamitare.

2046 2209 2187 2263 Ibid.
2224 2210 2324 2281 δῦ.
2356 2213 2498 2268 Nam
2528 2213 2755 2283 quidam
2783 2216 2961 2280 frater
3002 2216 3182 2269 noster
3228 2215 3673 2283 episcopus,cum

1976 2298 2211 2353 lectitari
2238 2302 2563 2355 instituisset
2584 2304 2642 2355 in
2679 2303 2896 2355 ecclesia
2924 2304 3014 2356 cui
3031 2305 3225 2371 praeest
3267 2300 3675 2369 interpretatio-

1974 2403 2092 2441 nem
2126 2394 2295 2454 tuam,
2326 2392 2493 2444 movit
2523 2389 2787 2457 quiddam
2816 2391 2969 2457 longe
3003 2391 3164 2444 aliter
3211 2389 3309 2444 abs
3344 2393 3392 2442 te
3418 2390 3675 2458 positum,

1974 2476 2125 2546 apud
2140 2478 2345 2532 Jonam
2362 2479 2702 2549 prophetam,
2757 2495 2920 2549 quam
2975 2484 3094 2533 erat
3144 2480 3383 2533 omnium
3434 2477 3675 2531 sensibus

1974 2568 2343 2635 memoriaeque
2380 2569 2759 2630 inveteratum,
2789 2573 2840 2623 et
2883 2572 2957 2622 tot
2985 2572 3205 2623 aetatum
3251 2565 3675 2622 successionibus

1977 2654 2342 2709 dccantatum.
2365 2657 2557 2711 Factus
2586 2662 2663 2712 est
2696 2662 2879 2713 tantus
2906 2658 3165 2712 tumultus
3203 2659 3262 2710 in
3286 2656 3458 2727 plebe,
3490 2656 3678 2709 maxi-

1974 2756 2055 2795 me
2095 2743 2297 2797 Graecis
2354 2746 2705 2812 arguentibus
2769 2750 2821 2799 et
2880 2744 3299 2800 inclamantibus
3349 2744 3678 2797 calumniam

1981 2832 2347 2897 falsitatis,ut
2366 2838 2641 2900 cogeretur
2666 2836 2946 2903 episcopus
2960 2838 3045 2902 (ea
3074 2836 3281 2903 quippe
3310 2834 3505 2887 civitas
3534 2831 3672 2901 erat)

166 2924 263 2992 nis,
294 2922 474 2978 facile
503 2924 949 2996 Hieronymiana
975 2927 1222 2997 aperitis
1243 2928 1472 2982 defendi
1500 2932 1765 3000 poterat;
1797 2928 1868 2983 ab
1904 2936 1943 2992 C
1974 2919 2295 2975 ιΙιιάεεονωη
2323 2924 2686 2977 testimonium
2715 2922 3012 2992 flagitare]
3046 2921 3217 2993 Atqui
3266 2921 3503 2975 minime
3533 2936 3677 2991 opus

162 3010 449 3082 imperitis
475 3029 610 3068 vero
636 3014 780 3069 nihil
802 3019 971 3080 recte,
998 3015 1104 3071 hac
1136 3015 1198 3070 in
1218 3032 1299 3080 re,
1332 3017 1459 3071 fieri
1482 3022 1725 3088 poterat.

228 3101 379 3155 Ibid.
417 3102 576 3169 Quod
596 3105 649 3157 si
685 3106 850 3158 etiam
888 3109 1206 3174 perventum
1234 3108 1423 3172 fuerit,
1460 3112 1534 3161 tot
1568 3108 1791 3162 Latinas
1821 3112 1873 3161 et

160 3190 375 3246 Grzcas
408 3194 759 3247 auctoritates
791 3192 1048 3247 damnari
1093 3182 1225 3262 quis
1242 3196 1389 3261 ferat
1410 3194 1458 3263 Ῠ]
1510 3197 1668 3261 Hinc,
1710 3195 1872 3249 nimi-

160 3293 309 3344 rum,
342 3280 458 3334 illae
503 3280 771 3349 lacrymae.
838 3282 980 3336 Nam
1037 3282 1084 3335 si
1131 3283 1309 3337 semel
1364 3288 1576 3337 statuas
1604 3282 1872 3354 [versioni

162 3367 287 3423 LXX
313 3369 703 3439 interpretum
734 3385 851 3424 non
882 3386 1047 3441 posse
1075 3387 1181 3442 per
1209 3370 1401 3426 omnia
1445 3373 1620 3439 credi,
1651 3377 1708 3427 et
1735 3373 1871 3427 vitia

160 3454 348 3509 inesse
372 3472 387 3522 ;
423 3456 569 3525 quid
615 3457 716 3511 fiet
743 3457 895 3512 fama
922 3462 1006 3513 tot
1035 3459 1545 3514 ecclesiasticorum
1575 3466 1871 3516 oratorum

161 3544 495 3599 Graecorum
523 3551 583 3599 et
613 3546 955 3609 Latinorum,
988 3546 1091 3618 qui
1120 3548 1189 3602 de
1244 3549 1384 3602 locis
1428 3565 1732 3620 perperam
1790 3549 1873 3604 in-

160 3633 404 3687 tellectis
435 3638 555 3688 tam
595 3634 823 3706 capiose
853 3635 1251 3706 scripserunt?
1310 3638 1524 3709 Nempe
1564 3637 1872 3693 dicendum

162 3720 269 3775 erit
301 3737 403 3775 eos
453 3721 850 3793 imprudenter
895 3722 1120 3793 fecisse,
1152 3739 1282 3778 cum
1314 3725 1565 3797 aggressi
1591 3729 1755 3780 erant
1780 3726 1869 3780 in-

162 3808 471 3880 terpretari
505 3810 660 3881 quod
692 3810 870 3882 probe
898 3810 1222 3883 intelligere
1271 3827 1387 3866 non
1432 3817 1720 3883 poterant,
1770 3830 1872 3868 ne-

164 3898 348 3967 glecto
403 3899 851 3970 archetyporum
904 3900 1120 3955 studio.
1174 3902 1245 3954 At
1273 3901 1537 3956 censoria
1586 3906 1741 3969 nota,
1793 3902 1873 3956 in-

165 3985 348 4057 quies,
375 3986 843 4041 obscurabuntur
866 3986 1118 4043 maxima
1166 3988 1417 4043 Orientis
1451 3995 1509 4045 et
1551 3990 1870 4045 Occidentis

166 4074 405 4129 lumina.
440 4074 830 4131 Obscurentur
852 4092 1006 4145 sane,
1039 4076 1228 4147 potius
1254 4093 1427 4149 quam
1458 4094 1660 4133 eorum
1702 4096 1871 4134 causa

165 4162 305 4218 falsa
333 4163 649 4220 defendere
700 4165 1132 4236 aggrediamur;
1188 4182 1307 4220 non
1365 4166 1519 4221 enim
1576 4166 1766 4239 agitur
1800 4168 1870 4223 de

1981 3013 2119 3075 erat,
2151 3009 2249 3063 sed
2280 3014 2502 3065 tantum
2528 3012 2864 3066 consulendi
2893 3012 3126 3066 fuerunt
3154 3010 3249 3065 alii
3277 3009 3456 3068 Graeci
3500 3010 3677 3064 inter-

1981 3102 2171 3169 pretes
2207 3102 2265 3152 et
2305 3114 2436 3153 cum
2495 3100 2938 3172 Hieronymiana
2992 3100 3249 3154 versione
3325 3098 3675 3154 conferendi.

1981 3187 2264 3240 Praeterea
2289 3187 2423 3258 quid
2454 3188 2523 3242 ad
2554 3205 2837 3244 summam
2870 3189 3187 3260 prophetiae
3233 3190 3391 3245 Jonas
3439 3188 3680 3243 faciebat

1977 3291 2082 3329 vox
2114 3286 2292 3363 pvpvp
2324 3277 2562 3345 kikajon,
2587 3295 2689 3332 seu
2744 3281 3025 3334 cucurbita
3053 3294 3184 3333 cum
3234 3280 3359 3333 LXX
3388 3277 3673 3348 interpre-

1977 3363 2151 3430 tibus,
2176 3380 2275 3418 seu
2304 3365 2503 3420 hedera
2531 3383 2662 3421 cum
2694 3367 3037 3441 Hieronymo
3085 3368 3439 3422 verteretur?
3468 3365 3681 3433 Quidni

1978 3452 2169 3523 potuit
2185 3453 2341 3508 vario
2360 3456 2528 3509 modo
2549 3472 2616 3509 ea
2644 3456 2844 3510 vocula
2871 3457 3036 3523 verti,
3066 3473 3195 3511 cum
3227 3461 3313 3511 tot
3339 3455 3468 3511 alias
3499 3458 3680 3510 multo

1981 3541 2217 3612 majoris
2246 3543 2523 3597 momenti
2572 3560 2689 3599 non
2745 3562 2862 3599 una
2902 3546 3144 3613 ratione,
3197 3546 3318 3600 sine
3367 3545 3680 3600 offensione

1976 3629 2179 3699 plebis,
2212 3631 2684 3701 explicarentur?
2717 3633 2977 3705 Episcopi
3003 3635 3130 3703 fuit,
3174 3651 3484 3690 conscenso
3539 3649 3681 3705 sug-

1983 3724 2164 3788 gesto,
2199 3718 2322 3773 haec
2366 3736 2528 3775 suam
2558 3721 2787 3792 plebem
2817 3722 3042 3777 docere.

2052 3806 2195 3861 Ibid.
2232 3810 2419 3863 Utrum
2470 3814 2651 3865 autem
2704 3812 2792 3865 illi
2833 3813 3131 3882 imperitia,
3180 3827 3253 3867 an
3295 3813 3532 3877 malitia,
3585 3811 3678 3865 hoc

1978 3909 2090 3950 esse
2121 3898 2180 3949 in
2200 3897 2437 3952 Hebraeis
2461 3900 2729 3954 codicibus
2760 3901 3170 3969 responderunt,
3202 3900 3348 3970 quod
3394 3904 3445 3953 et
3501 3898 3683 3953 Graeci

1977 3987 2028 4037 et
2055 3984 2244 4038 Latini
2272 3985 2536 4041 habebant
2568 3992 2730 4055 atque
2746 3988 3014 4042 dicebant.
3048 3988 3194 4055 Quid
3218 3987 3426 4057 plura?
3452 3988 3677 4045 Coactus

1980 4076 2057 4126 est
2110 4072 2263 4126 homo
2326 4075 2470 4128 velut
2516 4075 2925 4129 mendositatem
2971 4077 3258 4144 corrigere,
3312 4076 3511 4141 volens,
3556 4080 3682 4143 post

1978 4174 2235 4227 magnum
2254 4162 2581 4231 periculum,
2604 4179 2710 4218 non
2738 4179 3011 4218 remanere
3037 4166 3152 4218 sine
3176 4163 3372 4233 plebe]
3424 4162 3681 4232 Consuli,

166 4252 592 4308 existimatione
620 4252 876 4309 virorum
922 4253 1455 4322 ecclesiasticarum,
1487 4256 1586 4311 sed
1615 4257 1684 4311 de
1713 4256 1870 4312 inve-
1904 4226 1949 4282 Β
1980 4254 2042 4302 υἱ
2058 4248 2196 4315 dixi,
2229 4250 2547 4308 debuerant
2594 4252 2775 4308 Grmci
2819 4252 2919 4307 alii
2971 4252 3329 4323 interpretes,
3382 4252 3483 4323 qui
3514 4252 3683 4306 hahe-

165 4341 376 4397 uienda
405 4343 667 4410 veritate,
698 4359 829 4415 quae
866 4348 953 4398 est
997 4344 1164 4398 fama:
1220 4344 1481 4399 omnium
1535 4346 1869 4401 mortalium

167 4431 557 4499 antefereuda,
590 4430 707 4487 imo
734 4432 828 4487 hic
857 4432 1023 4487 unice
1050 4433 1377 4505 spectanda.
1407 4434 1554 4498 Quia
1586 4434 1688 4489 viri
1719 4436 1867 4490 cele-

168 4519 296 4575 bres
326 4521 551 4593 aliquid
589 4521 969 4577 defenderunt
1021 4523 1174 4594 quod
1223 4523 1432 4577 falsum
1490 4527 1594 4592 est,
1637 4540 1710 4579 an
1737 4525 1869 4579 ideo

170 4624 365 4665 verum
390 4611 504 4665 hoc
526 4611 890 4666 vocabimus?
909 4616 996 4667 An
1021 4612 1525 4685 investigationem
1550 4614 1669 4669 veri
1698 4615 1869 4671 omit-

172 4702 375 4768 temus,
401 4716 476 4754 ne
504 4698 652 4755 forte
674 4716 743 4755 eo
764 4700 998 4756 invento
1020 4700 1342 4773 cujuspiam
1362 4703 1515 4757 fama
1537 4703 1871 4759 minuatur?

172 4787 226 4843 Si
254 4788 334 4843 ita
357 4805 419 4844 se
444 4789 753 4860 gessissent
774 4806 974 4845 omnes
1031 4790 1238 4858 Judaei,
1287 4792 1334 4845 si
1362 4791 1441 4845 ita
1469 4792 1702 4861 ethinci,
1736 4793 1871 4866 qui-

174 4875 276 4930 bus
308 4878 685 4949 Evangelium
731 4879 1074 4935 nuntiarunt
1096 4880 1363 4951 apostoli,
1410 4897 1583 4936 nemo
1614 4898 1871 4953 unquam

177 4964 473 5037 Evangelia
526 4967 878 5023 credidisset.
928 4968 985 5024 Si
1019 4985 1150 5041 quae
1192 4971 1873 5039 pravaconsuetudoino-

179 5052 415 5124 levisset,
442 5071 742 5128 nunquam
773 5062 966 5129 posset
992 5058 1323 5125 emendari;
1371 5074 1670 5130 nunquam
1716 5059 1870 5115 enim

182 5141 379 5199 desunt
406 5145 513 5199 viri
533 5144 785 5199 celebres
813 5148 912 5218 qui
951 5162 1077 5200 eam
1133 5146 1312 5205 secuti
1349 5147 1482 5202 sint.
1530 5149 1595 5202 In
1626 5148 1872 5203 admini-

187 5233 442 5289 stratione
472 5234 803 5307 reipublicae
830 5234 986 5289 varia
1034 5235 1318 5303 feruntur,
1368 5241 1607 5307 propter
1657 5237 1872 5291 utilita-

190 5324 348 5378 tatem
368 5329 739 5395 praaseutem,
769 5324 943 5380 etiam
974 5325 1176 5398 iniqua
1205 5332 1263 5382 et
1294 5326 1435 5381 falsa
1465 5343 1569 5397 pro
1605 5326 1754 5381 veris
1775 5327 1873 5399 ja-

195 5411 398 5465 ctantur
432 5431 449 5478 ;
490 5412 595 5467 sed
612 5411 673 5468 in
700 5412 770 5468 iis
792 5429 921 5485 quae.
941 5413 1015 5470 ad
1041 5414 1383 5487 religionem
1409 5414 1721 5486 pertinent,
1753 5416 1875 5471 sola

200 5498 377 5554 veritas
408 5500 721 5572 quaerenda
769 5506 939 5573 atque
997 5502 1051 5558 id
1083 5506 1307 5558 tantum
1338 5502 1564 5574 expedit
1591 5504 1746 5575 quod
1774 5519 1871 5559 ve-

1978 4338 2119 4393 bant
2164 4340 2327 4396 κισσός
2353 4341 2415 4397 id
2455 4346 2559 4411 est,
2619 4342 2839 4409 hedera,
2880 4346 2946 4397 ut
2994 4342 3158 4397 docet
3204 4340 3581 4413 Hieronymus
3611 4341 3683 4396 ad

1977 4437 2135 4491 Jonas
2147 4451 2273 4506 cap.
2296 4450 2371 4500 iv,
2400 4431 2659 4505 quamvis
2675 4431 2919 4487 fateatur
2942 4447 3059 4486 non
3089 4447 3210 4485 esse
3223 4436 3417 4502 aptam
3441 4447 3639 4486 vocem
3665 4447 3678 4497 ;

1980 4540 2111 4580 nam
2142 4534 2323 4613 ῙῚἽΡἽΡ
2352 4523 2573 4590 kikajon
2604 4526 2687 4576 est
2707 4521 2864 4613 aliud
2894 4520 3316 4613 plantae-genus
3344 4521 3505 4591 cujus
3537 4519 3683 4575 Lati-

1978 4630 2119 4669 num
2151 4609 2360 4667 nomen
2416 4612 2641 4664 nullum
2670 4616 2811 4664 erat.
2843 4611 3039 4681 Itaque
3063 4609 3443 4681 Hieronymus
3485 4625 3589 4680 pro
3614 4625 3680 4663 eo

1980 4718 2192 4757 nomen
2221 4699 2519 4771 usurpavit
2571 4699 2722 4770 quod
2784 4698 2967 4752 Latini
3023 4698 3342 4767 intelligere
3394 4701 3678 4768 poterant.

1980 4792 2122 4848 Mala
2147 4804 2281 4844 sane
2302 4788 2501 4843 fuisset
2535 4787 2670 4842 Afra
2696 4787 2880 4857 plebs,
2926 4802 3055 4858 qua:
3114 4786 3337 4841 tantilla
3393 4786 3462 4840 de
3512 4801 3681 4838 causa

1980 4880 2314 4952 episcopum
2344 4892 2515 4931 suum
2565 4876 2825 4930 deserere
2873 4880 3074 4946 parata
3126 4876 3271 4941 fuit;
3314 4874 3414 4928 sed
3456 4873 3683 4927 videtur

1981 4985 2121 5037 esse,
2154 4973 2220 5023 ut
2250 4967 2429 5039 probe
2486 4965 2678 5020 olfecit
2733 4963 3133 5035 Hieronymus,
3181 4963 3390 5017 fabella
3441 4961 3675 5029 Punica,

1982 5075 2096 5130 qua
2124 5056 2422 5112 hominem
2453 5061 2669 5110 terrere
2712 5054 2892 5108 voluit
2921 5051 3306 5124 Hipponensis
3359 5050 3677 5122 episcopus.

1982 5150 2173 5219 Ipsum
2199 5147 2609 5217 Hieronymum
2635 5144 2751 5207 adi,
2782 5143 3020 5215 epistola
3049 5142 3222 5212 hujus
3249 5139 3559 5195 voluminis
3586 5145 3679 5196 75.

2053 5236 2228 5308 Epist.
2268 5239 2339 5291 78
2369 5242 2560 5289 narrat
2597 5233 2965 5306 Augustinus,
3016 5246 3144 5285 cum
3201 5229 3483 5284 accusatio
3533 5235 3683 5287 esset

1985 5324 2244 5390 obscura,
2267 5323 2489 5378 misisse
2519 5338 2578 5377 se
2604 5324 2990 5376 accusatorem
3020 5323 3077 5374 et
3104 5334 3267 5373 reum
3324 5318 3546 5386 Nolam,
3608 5320 3682 5375 ad

1952 5413 2310 5483 sepulcrum
2339 5411 2395 5467 S.
2434 5409 2652 5476 Felicis,
2704 5414 2767 5464 ut
2822 5406 3050 5474 veritas,
3110 5408 3233 5479 ejus
3291 5424 3418 5481 ope,
3471 5424 3680 5481 cogno-

1984 5506 2234 5556 sceretur
2263 5522 2277 5561 -,
2314 5505 2432 5555 tum
2462 5499 2685 5554 subdit:
2736 5500 2875 5552 Nam
2906 5502 2955 5551 et
3012 5513 3105 5551 nos
3138 5499 3378 5553 novimus
3410 5498 3676 5557 Mediola-
