3926 6192
313 278 409 330 251

1327 265 1884 324 SUPPLEMENTUM
1924 266 2016 322 AD
2053 263 2287 323 OPEHA
2323 265 2380 322 S.
2420 260 2810 320 AUGUSTINI.
3690 271 3774 321 252

310 403 394 468 ni,
423 397 576 470 apud
606 397 922 453 memoriam
959 400 1287 459 sanctorum,
1326 392 1422 446 ubi
1444 389 1771 446 mirabiliter
1789 394 1840 446 et
1861 393 2016 446 terri-
2052 391 2097 446 A
2125 409 2302 464 ηοεινί
2319 406 2530 461 viribus
2559 403 2871 473 aggregarz'.
2904 400 3058 472 Quod
3081 401 3135 456 si
3159 399 3221 454 id
3241 413 3585 470 possessorem
3609 401 3776 472 (quip-

322 491 504 545 biliter
549 488 810 544 daemones
862 488 1198 554 conﬁtentur,
1253 483 1432 548 furem
1468 481 1753 550 quemdam
1811 483 1907 550 qui
1943 481 2018 534 ad

321 596 440 635 eum
475 580 645 634 locum
668 579 888 632 venerat
915 578 976 628 ut
1029 574 1230 640 falsum
1252 571 1495 640 jurando
1534 571 1817 640 deciperet.
1868 585 2016 624 com—

321 671 539 739 pulsum
562 669 737 734 fuisse
760 664 1002 733 conﬁteri
1027 665 1241 727 furtum
1287 665 1338 714 et
1385 660 1530 729 quod
1565 661 1864 715 abstulerat
1881 660 2014 716 red-

325 760 448 813 dere
475 777 490 824 ;
513 754 764 824 nunquid
784 769 888 806 non
916 755 967 805 et
995 753 1198 818 Africa
1243 754 1550 805 sanctorum
1579 753 1884 817 martyrum
1906 763 2017 805 cor-

317 847 542 917 poribus
563 845 724 912 plena
752 842 875 896 est?
899 843 969 894 Et
999 844 1176 894 tamen
1229 854 1497 907 nusquam
1530 839 1615 892 hic
1647 840 1842 893 scimus
1882 839 2018 893 talia

320 933 482 1004 ﬁeri]
531 935 604 985 At
632 946 746 984 non
769 929 992 983 minora
1024 932 1186 982 erant
1210 943 1339 998 quae
1371 927 1708 981 dicebantur
1743 925 1868 980 ﬁeri
1898 942 1931 979 a
1958 926 2012 981 S.

328 1021 617 1090 Stephano
640 1019 882 1073 Calamaa
903 1021 961 1071 et
992 1015 1485 1087 Hippone-Hegio,
1518 1015 1771 1086 utliquet
1795 1031 1861 1068 ex
1882 1030 2017 1068 enu-

328 1108 647 1164 meratione
681 1107 1089 1161 miraculorum
1121 1121 1249 1175 quas
1278 1109 1461 1158 exstat
1486 1103 1582 1157 lib.
1614 1120 1727 1157 χχιι
1771 1103 1841 1158 de
1870 1102 2015 1158 Civi-

323 1203 437 1252 tate
470 1195 592 1264 Dei,
620 1212 742 1266 cap.
768 1198 820 1250 8.
853 1193 1064 1259 Quidni
1089 1193 1260 1247 etiam
1290 1193 1436 1247 furta
1477 1191 1559 1246 ibi
1590 1193 2014 1262 retegebantur,

323 1290 421 1340 aut
469 1285 582 1339 alia
637 1283 858 1338 occulta
904 1281 1190 1336 crimina?
1243 1281 1568 1352 Respondet
1618 1280 2013 1352 Augustinus:

322 1375 472 1431 Sicut
502 1375 642 1428 enim
674 1372 818 1441 quod
841 1373 1136 1441 Apostolus
1168 1371 1330 1426 dicit:
1356 1371 1479 1424 Non
1492 1385 1692 1424 omnes
1721 1372 1900 1425 sancti
1915 1370 2016 1423 ha-

322 1463 461 1517 bent
499 1462 654 1516 dona
675 1460 1056 1526 curationum,
1100 1476 1205 1515 nec
1234 1475 1432 1514 omnes
1474 1460 1689 1514 habent
1740 1457 2018 1529 dijudica-

332 1551 547 1605 tionem
569 1550 916 1620 Spirituum:
947 1551 1028 1604 ita
1057 1566 1152 1604 nec
1178 1551 1238 1604 in
1253 1549 1499 1603 omnibus
1517 1551 1787 1603 memoriis
1798 1551 2017 1603 sancto-

323 1656 445 1694 rum
457 1642 564 1694 ista
575 1642 699 1710 ﬁeri
711 1641 881 1694 voluit
896 1640 986 1694 ille
997 1641 1092 1709 qui
1104 1639 1307 1693 dividit
1313 1640 1544 1708 propria
1554 1640 1846 1707 unicuique
1851 1642 2018 1706 prout

320 1731 456 1785 uult.
477 1731 634 1800 Atqu
660 1745 686 1784 s
710 1729 905 1784 credat
920 1733 1049 1799 post
1061 1733 1302 1782 mortem
1324 1732 1652 1782 sanctorum
1665 1727 1922 1782 eamdem
1942 1727 2017 1782 di-

321 1819 602 1874 visionem
627 1819 932 1873 obtinere?
960 1818 1096 1883 Quis
1124 1822 1288 1888 putet
1314 1814 1407 1872 hic
1435 1817 1862 1871 cacodaamonas
1891 1816 2022 1871 reli-

321 1909 474 1981 quiis
496 1908 760 1980 martyris
771 1907 1017 1974 territos,
1039 1907 1155 1962 illic
1176 1907 1297 1961 sine
1312 1906 1694 1984 commotione
1714 1904 1888 1960 fuisse
1899 1907 1928 1959 ?
1940 1906 2020 1960 Ne

321 1999 463 2070 quid
487 1998 758 2064 mentiar,
789 2002 1009 2068 quanta
1037 1996 1179 2051 mihi
1205 1997 1352 2050 facta
1371 2001 1456 2050 est
1471 1995 1613 2050 fides
1629 1995 1698 2050 de
1729 1995 2021 2050 miraculis

325 2086 534 2142 Christi
561 2087 972 2158 apostolorum,
1002 2102 1134 2157 quas
1163 2084 1359 2139 omnia
1386 2084 1640 2139 veritatis
1665 2084 1879 2138 indicia
1923 2100 2018 2139 co-

325 2178 601 2232 mitantur
625 2193 639 2242 ;
669 2180 826 2230 tanta
848 2179 933 2230 est
965 2175 1034 2230 de
1061 2173 1472 2229 recentioribus
1501 2173 1837 2240 diffidentia,
1890 2189 2022 2227 cum

323 2265 646 2337 praesertim
661 2262 1046 2336 superstitioni
1058 2267 1115 2318 et
1125 2264 1282 2317 lucro
1297 2263 1478 2318 multo
1492 2263 1675 2334 magis
1687 2278 1860 2333 quam
1873 2278 2020 2316 verse

241 2371 250 2379 ·
323 2354 521 2410 virtuti
551 2353 958 2425 propaganda,
992 2369 1060 2407 ea
1085 2352 1345 2407 serviisse
1390 2351 1633 2406 videam.
1673 2351 2023 2422 Augustinus

324 2443 446 2515 ipse
477 2443 626 2498 libro
658 2444 728 2498 de
756 2444 899 2498 Vera
924 2441 1246 2512 Beligioue,
1275 2440 1302 2512 ἓ
1330 2443 1420 2509 47,
1455 2441 1672 2495 rariora
1700 2457 1802 2495 sua
1856 2444 2022 2495 etate

325 2532 602 2587 miracula
629 2531 804 2585 fuisse
825 2547 941 2585 non
966 2531 1263 2585 difﬁtetur.
1287 2530 1410 2585 Scio
1432 2530 1540 2584 hoc
1555 2530 1626 2584 ab
1645 2529 1745 2584 illo
1767 2533 2024 2584 retracta-

325 2626 471 2687 tum,
504 2621 602 2675 sed
620 2621 814 2676 minor
832 2621 931 2692 qui
956 2619 1207 2691 potuerit
1225 2624 1393 2674 antea
1406 2618 1465 2672 in
1477 2635 1538 2672 re
1559 2617 1853 2672 notissima
1873 2617 2018 2682 falli;

325 2726 445 2765 non
474 2710 656 2764 miror
685 2710 758 2764 ad
789 2709 1206 2764 convincendos
1259 2708 1536 2774 ethnicos,
1593 2706 1915 2761 Donatistas
1967 2711 2026 2760 et

325 2799 468 2854 alios
498 2799 802 2853 Haereticos
853 2797 1132 2853 miracula
1183 2798 1409 2869 jactata,
1460 2812 1590 2868 quae
1646 2796 1828 2850 multo
1857 2796 2024 2864 plura

325 2888 563 2944 fuerunt
593 2891 650 2942 et
694 2887 1027 2958 insigniora,
1055 2887 1103 2940 si
1129 2902 1259 2940 vere
1285 2885 1678 2956 contigissent.
1712 2900 1888 2956 quam
1917 2883 2023 2938 mi-

2120 513 2190 568 pe
2225 497 2530 551 clanculum
2575 491 2799 561 gestum)
2846 493 3126 560 ignorasse
3163 492 3477 556 constiterit,
3516 491 3775 546 conducto-

2123 601 2235 640 rem
2259 587 2374 654 ejus
2394 583 2578 651 fundi,
2609 583 2660 636 si
2695 584 2960 647 ingenuus
2989 585 3086 646 est,
3122 577 3295 632 decem
3321 581 3446 632 auri
3474 579 3634 634 libras
3671 583 3778 648 ﬁsco

2123 678 2304 729 nostro
2323 675 2529 739 inferre
2569 671 2938 740 pracipimus,
2988 671 3038 722 si
3099 667 3285 721 servili
3316 667 3445 732 faece
3471 667 3777 733 descendens,

2120 767 2446 834 paupertate
2463 763 2553 816 sui
2575 775 2789 830 poenam
2820 745 3032 816 damni.
3059 771 3126 811 ac
3150 756 3359 809 vilitate
3389 758 3676 818 contemnit,
3702 771 3782 810 ca:-

2125 865 2216 906 sus
2235 849 2480 916 fustibus
2529 837 2900 916 deportatione
2928 844 3301 899 damnabitur.

2197 937 2365 1009 Epist.
2429 940 2519 1003 91,
2571 935 2598 1006 §
2645 938 2698 990 8.
2747 935 3015 990 Postridie
3063 935 3266 1009 nostris
3319 933 3392 987 ad
3435 932 3783 1001 imponendum

2124 1028 2358 1101 perditis
2384 1030 2602 1089 metum,
2630 1025 2775 1093 quod
2795 1024 3084 1078 uidebatur
3104 1021 3254 1092 apud
3274 1022 3415 1076 Acta
3439 1021 3606 1074 dicere
3630 1022 3784 1075 volen-

2128 1118 2291 1184 tibus,
2321 1115 2543 1185 publica
2556 1113 2694 1183 jura
2720 1116 2919 1180 negata
2955 1108 3129 1182 sunt]
3156 1109 3456 1171 Nimirum,
3488 1108 3546 1161 in
3574 1108 3786 1179 singulis

2126 1204 2365 1260 urbibus
2393 1201 2792 1257 commentarii
2821 1200 3215 1256 scribebantur
3243 1214 3435 1252 rerum
3479 1198 3640 1268 paulo
3683 1213 3787 1251 ma-

2121 1293 2260 1366 joris
2297 1290 2572 1347 momenti
2598 1306 2727 1362 quas
2768 1289 3024 1360 quotidie
3080 1287 3141 1342 in
3187 1286 3259 1340 iis
3305 1287 3658 1357 gerebantur,
3705 1297 3788 1357 qui

2125 1387 2326 1454 postea
2355 1383 2426 1436 ad
2454 1380 2821 1452 proconsules
2859 1383 2961 1433 aut
3009 1377 3386 1448 imperatores
3429 1375 3786 1429 mittebantur.

2127 1473 2186 1528 Si
2212 1472 2341 1544 quis
2369 1486 2505 1542 ergo
2529 1469 2757 1541 publice
2788 1467 3086 1540 quidpiam
3142 1469 3520 1520 contestatum
3567 1467 3788 1534 cuperet,

2127 1561 2322 1616 adibat
2350 1559 2613 1616 Officium
2644 1557 2960 1630 publicum,
2992 1559 3056 1610 ut
3085 1555 3155 1609 ab
3197 1570 3266 1609 eo
3310 1553 3484 1608 verba
3523 1552 3641 1624 ejus
3667 1553 3791 1608 exci-

2128 1654 2401 1724 perentur
2429 1664 2545 1720 quo
2575 1647 2750 1702 ﬁdem
2775 1646 3051 1701 facerent.
3083 1643 3220 1699 Vide
3263 1641 3426 1713 epist.
3482 1643 3567 1708 35,
3599 1642 3624 1708 §
3655 1644 3698 1706 1,
3747 1645 3792 1696 et

2127 1738 2291 1810 epist.
2320 1739 2409 1803 93,
2439 1737 2465 1803 §
2499 1737 2581 1790 12.
3235 1747 3238 1749 λ

2199 1825 2373 1895 Epist.
2407 1828 2493 1889 93,
2530 1825 2628 1892 §2.
2659 1823 2727 1877 Si
2755 1823 3044 1891 quisquam
3077 1820 3362 1874 inimicum
3405 1831 3557 1872 suum
3601 1818 3791 1886 pericu—

2129 1916 2254 1971 losis
2294 1914 2541 1982 febribus
2590 1913 2959 1981 phreneticum
2997 1912 3208 1977 factum
3259 1921 3476 1962 currere
3517 1905 3725 1960 'oideret
3747 1907 3793 1958 in

2123 2019 2382 2076 preceps,
2413 2017 2587 2058 nonne
2615 2007 2728 2056 tum
2755 2003 2935 2071 potius
2968 2000 3169 2054 malum
3221 2013 3328 2068 pro
3384 1996 3524 2050 malo
3559 1993 3791 2057 redderet,

2127 2096 2178 2149 si
2206 2109 2325 2147 eum
2351 2094 2430 2146 sic
2477 2105 2694 2144 currere
2742 2090 3098 2158 permitteret,
3132 2100 3301 2155 quam
3351 2085 3402 2138 si
3431 2079 3794 2150 corripiendum

2129 2181 2518 2250 ligandumque
2584 2181 2800 2234 curaret
2821 2175 2872 2248 ?]
2943 2178 3056 2230 Hac
3114 2174 3378 2245 epistola,
3444 2169 3794 2242 copiosissime

2127 2265 2726 2340 probare'aggreditur
2743 2261 3126 2335 Hipponensis
3146 2260 3452 2332 episcopus
3471 2257 3673 2312 licitam
3693 2270 3794 2310 esse

2128 2355 2588 2427 persecutionem
2618 2353 2687 2408 ad
2717 2369 2811 2407 eos
2833 2368 2977 2423 quos
3003 2350 3064 2404 in
3087 2365 3285 2404 errore
3305 2347 3517 2403 versari
3535 2351 3791 2417 putamus,

2130 2447 2199 2502 ad
2223 2444 2480 2501 veritatis
2507 2441 2923 2514 professionem
2952 2439 3344 2494 adducendas.
3372 2438 3494 2502 Qua
3543 2435 3656 2506 ejus
3697 2433 3793 2503 opi-

2130 2535 2302 2590 nione
2333 2549 2463 2588 cum
2492 2523 2659 2587 multi
2707 2529 2869 2584 abusi
2898 2528 3112 2583 fuerint
3169 2532 3228 2581 et
3286 2525 3602 2581 etiamnum
3651 2522 3796 2578 hodie

2131 2625 2462 2689 abutantur,
2495 2637 2613 2676 non
2645 2619 2772 2687 erit,
2804 2623 2869 2673 ut
2907 2618 3130 2689 opinor,
3159 2615 3368 2670 inutile
3397 2613 3685 2670 ostendere
3707 2614 3796 2666 Au-

2131 2713 2428 2784 gustinum
2455 2710 2706 2782 graviter
2734 2707 2930 2762 hocin
2973 2705 3204 2776 negotio
3252 2719 3494 2770 errasse,
3535 2707 3591 2757 et
3631 2718 3662 2755 a
3689 2715 3798 2754 vera

2132 2802 2414 2856 sententia
2445 2800 2506 2854 in
2536 2797 2877 2854 deteriorem
2906 2795 3145 2860 abiisse;
3205 2793 3471 2865 quamvis
3523 2789 3795 2860 ceteroqui

2131 2891 2375 2945 schisma
2423 2905 2486 2943 ac
2541 2886 2915 2958 pertinaciam
2972 2883 3403 2938 Donatistarum
3465 2893 3792 2951 nequaquam

323 2977 518 3031 recula
547 2976 757 3031 Christi
783 2982 840 3030 et
867 2977 1276 3046 apostolorum,
1300 2975 1442 3029 adeo
1473 2978 1537 3028 ut
1578 2973 1735 3028 nulla
1800 2971 2020 3027 ratione
2057 2982 2096 3038 c
2127 2979 2453 3051 probemus.
2481 2976 2665 3048 Igitur
2693 2974 2992 3046 potissima
3043 2988 3289 3043 quaeque
3317 2972 3439 3042 ejus
3493 2970 3794 3039 argumenta

327 3065 441 3120 dici
461 3066 784 3135 potuissent
804 3065 988 3119 rarius
1017 3064 1143 3119 ﬁeri
1188 3080 1362 3134 quam
1401 3068 1585 3117 antea.
1617 3063 1760 3118 Sunt
1795 3067 1852 3116 et
1897 3062 2024 3116 aliae

329 3154 581 3208 rationes
615 3152 964 3224 suspicandi,
995 3168 1137 3222 quas
1170 3153 1231 3206 in
1261 3151 1526 3206 brevibus
1552 3151 1701 3204 notis
1730 3166 1848 3204 non
1886 3150 2022 3205 affe-

326 3258 468 3296 ram.
505 3241 642 3296 Vide
664 3257 794 3312 quas
824 3241 1069 3296 diximus
1099 3241 1170 3295 ad
1194 3240 1444 3296 Confess.
1472 3239 1572 3294 lib.
1605 3255 1701 3308 vn,
1733 3240 1760 3305 §
1796 3243 1880 3293 16.

396 3329 573 3400 Epist.
608 3331 748 3396 89,§
779 3331 1148 3400 2,postquam
1187 3329 1332 3384 dixit
1358 3332 1636 3398 martyres
1689 3343 1855 3382 veros
1905 3343 2021 3382 non

330 3417 458 3474 ﬁeri
494 3434 669 3489 pcena
699 3418 795 3472 sed
824 3433 1014 3483 causa,
1046 3418 1240 3472 addit:
1273 3419 1344 3473 Et
1371 3419 1466 3472 hoc
1495 3417 1711 3487 quidem
1764 3417 2023 3472 adversus

325 3523 411 3562 eos
442 3507 694 3576 dicerem,
725 3521 857 3577 quos
877 3507 992 3560 sola
1017 3508 1192 3575 caligo
1216 3507 1454 3561 haeretici
1479 3507 1680 3560 erroris
1710 3507 2019 3573 involveret,

324 3612 426 3666 pro
457 3611 562 3665 quo
593 3597 877 3663 sacrilegio
907 3610 1094 3666 paruas
1133 3596 1485 3662 dignissimas
1541 3597 1764 3663 luerent,
1815 3611 1908 3650 nec
1939 3600 2023 3650 ta-

327 3700 446 3741 men
470 3686 586 3738 ulla
617 3700 940 3753 quemquam
962 3685 1196 3739 violenta
1225 3686 1440 3738 insania
1493 3683 1682 3738 ledere
1740 3683 2018 3738 auderent.

325 3775 605 3829 Adversus
631 3779 807 3827 autem
839 3776 969 3828 istos
990 3774 1126 3842 quid
1153 3773 1352 3839 dicam,
1393 3788 1622 3841 quorum
1675 3780 1786 3827 tam
1825 3776 2024 3843 perni-

326 3866 474 3918 ciosa
497 3865 849 3932 perversitas,
897 3863 981 3917 vel
1011 3861 1332 3916 damnorum
1375 3866 1577 3916 terrore
1604 3866 1889 3928 coercetur,
1938 3863 2025 3918 uel

327 3952 549 4006 docetur
581 3951 794 4017 exsilio,
819 3965 984 4018 quam
1012 3951 1211 4019 ubique
1234 3950 1440 4019 diffusa
1470 3952 1543 4006 sit
1572 3951 1832 4016 Ecclesia,
1885 3952 2025 4005 sicut

323 4041 520 4107 futura
550 4039 823 4107 praedicta
868 4041 965 4103 est,
1016 4052 1180 4106 quam
1233 4039 1445 4092 malunt
1498 4053 1812 4108 oppugnare
1859 4054 2022 4108 quam

330 4143 616 4195 agnoscere
637 4125 689 4198 ?]
737 4130 808 4181 At
835 4127 1048 4180 scelera
1076 4127 1175 4181 illa
1203 4126 1726 4182 circumcellionum
1777 4128 1846 4182 ad
1893 4143 2022 4199 quae

332 4215 567 4288 respicit
593 4215 964 4286 Augustinus,
984 4215 1125 4270 nihil
1153 4215 1223 4270 ad
1246 4233 1367 4270 rem
1387 4216 1621 4282 faciunt,
1644 4233 1832 4288 neque
1861 4216 2019 4272 enim

2133 3069 2201 3123 ad
2227 3082 2465 3122 examen
2512 3064 2921 3128 revocabimus,
2955 3065 3129 3133 prout
3180 3061 3390 3115 ordine
3442 3058 3600 3114 nobis
3629 3071 3795 3110 occur-

2131 3161 2284 3212 rent.
2323 3155 2408 3210 Ad
2440 3155 2696 3226 primum
2738 3152 2973 3223 quidem
3000 3150 3155 3222 quod
3191 3150 3423 3212 attinet,
3480 3143 3794 3217 comparatio

2132 3263 2198 3302 ex
2228 3243 2562 3317 phrenetico
2590 3242 2832 3298 deducta
2858 3241 3074 3298 nullius
3119 3244 3206 3294 est
3242 3238 3535 3311 ponderis.
3580 3235 3794 3291 Phrene-

2130 3335 2226 3390 tici
2255 3333 2409 3388 enim
2431 3333 2553 3386 sine
2575 3332 2692 3385 ullo
2722 3329 2898 3384 dubio
2921 3333 3054 3384 sunt
3065 3327 3412 3400 phrenetici,
3429 3334 3485 3381 et
3504 3325 3794 3380 societatem

2131 3424 2354 3479 civilem
2373 3423 2542 3494 plane
2569 3419 2926 3490 perturbant.
2954 3419 3152 3488 Itaque
3189 3418 3351 3490 leges
3379 3416 3566 3470 civiles
3607 3429 3693 3467 eos
3717 3425 3792 3464 co-

2131 3512 2307 3568 erceri
2334 3509 2633 3583 patiuntur
2661 3513 2718 3562 et
2766 3507 2995 3579 jubent,
3048 3507 3232 3561 donec
3293 3505 3477 3561 curati
3531 3500 3794 3575 pristiam

2131 3599 2517 3658 valetudinem
2549 3596 2960 3668 recuperarint.
2994 3598 3065 3651 At
3093 3595 3153 3649 in
3181 3593 3585 3650 controversiis
3613 3591 3675 3646 de
3715 3604 3795 3642 re-

2129 3691 2367 3762 ligione,
2401 3687 2463 3741 in
2493 3685 2702 3758 quibus
2722 3699 2873 3754 saepe
2907 3682 3096 3738 videas
3137 3681 3454 3736 contrarias
3506 3682 3683 3750 partes
3706 3674 3795 3728 vir-

2129 3761 2320 3832 tutum
2341 3774 2792 3832 Christianarum
2824 3787 2988 3844 aeque
3020 3770 3305 3826 studiosas
3331 3769 3660 3842 legibusque
3683 3761 3794 3818 civi-

2131 3867 2278 3920 libus
2297 3864 2514 3936 pariter
2543 3862 2955 3932 obsequentes;
2997 3875 3087 3913 res
3141 3873 3260 3913 non
3314 3857 3400 3912 eet
3455 3869 3636 3926 neque
3678 3849 3794 3904 adeo

2131 3954 2454 4022 manifesta,
2487 3955 2551 4005 ut
2581 3952 2773 4006 altera;
2799 3953 2988 4020 partes
3019 3949 3335 4002 alterarum
3363 3945 3621 4000 homines
3647 3940 3795 4011 phre-

2131 4042 2447 4097 neticoruui
2477 4041 2600 4094 loco
2631 4038 2840 4094 habere
2871 4040 3115 4108 queant;
3157 4050 3264 4089 nec
3296 4034 3356 4089 in
3403 4032 3573 4088 tantis
3615 4023 3796 4084 affecti-

2129 4133 2234 4187 bus
2265 4129 2467 4202 quanti
2497 4128 2590 4184 hic
2618 4126 3153 4197 deprehenduntur,
3184 4123 3288 4178 alii
3321 4123 3565 4178 aliorum
3601 4116 3792 4191 judices

2130 4237 2250 4277 esse
2276 4222 2530 4292 possunt.
2574 4215 2870 4272 Multitudo
2925 4219 3024 4268 aut
3078 4213 3362 4284 potentia,
3409 4228 3538 4284 quas
3581 4207 3681 4262 sibi
3719 4204 3797 4273 jus

329 4278 564 4376 propter
592 4278 928 4360 illavscelera
949 4278 1144 4375 paenae
1165 4305 1395 4368 dabant,
1427 4305 1525 4359 sed
1564 4278 1801 4374 propter
1842 4304 2017 4358 schis-
2056 4278 2100 4334 D
2125 4278 2421 4380 judic‘andi
2468 4307 2524 4362 vi
2555 4319 2820 4375 arrogare
2847 4302 3052 4368 solent,
3078 4278 3198 4355 huc
3245 4278 3395 4356 nihil
3425 4278 3660 4364 'faciunt,
3688 4305 3796 4346 cum

329 4409 444 4458 ma,
480 4397 542 4446 ut
568 4392 690 4463 ipse
715 4392 943 4462 fatetur,
966 4397 1143 4462 utque
1175 4408 1242 4446 ex
1271 4393 1490 4463 legibus
1545 4393 1777 4448 Honorii
1827 4398 2025 4448 contra

326 4479 648 4535 Donatistae
676 4484 916 4548 constat,
947 4496 1074 4550 quin
1107 4484 1328 4534 exstant
1353 4481 1452 4535 lib.
1493 4497 1583 4535 XVI
1615 4481 1824 4536 codicis
1851 4482 2024 4536 Theo-

328 4568 573 4635 dosiani,
605 4569 707 4623 ubi
731 4574 797 4623 ut
826 4568 1100 4635 haeretici,
1123 4585 1240 4624 non
1256 4569 1625 4625 utfacinorosi
1653 4573 2018 4628 damnantur.

331 4658 608 4722 Quaenam
637 4661 830 4713 autem
865 4662 1054 4712 essent
1085 4675 1256 4729 pm
1305 4661 1663 4728 dignissimae,
1719 4664 1819 4716 aut
1862 4677 2023 4732 poena

331 4747 532 4815 debita,
561 4750 622 4801 ut
651 4746 904 4818 loquitur
935 4747 1218 4803 Honorius
1247 4749 1354 4820 leg.
1389 4752 1478 4814 29,
1532 4750 1617 4804 tit.
1677 4754 1731 4820 5,
1780 4750 1878 4806 lib.
1929 4768 2020 4805 xvr

321 4834 532 4892 codicis
580 4835 982 4904 Theodosiani,
1035 4837 1200 4892 docet
1235 4838 1590 4908 Augustinus
1638 4839 1699 4894 in
1752 4839 1915 4910 epist.
1951 4841 2018 4895 ad

321 4925 696 4994 Bonifacium,
729 4942 857 4997 quas
879 4930 964 4980 est
999 4928 1118 4994 l85,
1153 4926 1248 4981 sed
1279 4927 1506 4997 plenius
1535 4944 1800 4997 expressa
1843 4933 1926 4983 est
1954 4945 2020 4983 ea

317 5031 491 5087 paena
517 5015 576 5070 in
608 5015 735 5085 lege
753 5015 1058 5070 Theodosii
1089 5019 1286 5070 contra
1316 5032 1516 5071 omnes
1545 5017 1863 5086 haereticos,
1890 5033 2019 5088 quae

323 5107 519 5170 est2l,
550 5104 644 5158 tit.
681 5107 732 5170 5,
757 5104 855 5158 lib.
901 5121 992 5159 xvr
1023 5105 1146 5159 cod.
1176 5105 1385 5160 Theod.
1445 5108 1509 5161 In
1567 5108 1832 5162 hzrcticis
1878 5123 2022 5162 erro-

321 5191 496 5254 ribus,
531 5192 612 5246 ait
654 5192 1028 5259 Theodosius,
1079 5209 1195 5247 una
1221 5209 1349 5247 cum
1402 5193 1556 5261 filiis,
1614 5211 1680 5248 ea
1737 5196 1863 5265 lege
1905 5196 2020 5250 lata

322 5295 474 5333 anno
506 5281 626 5345 392,
653 5296 994 5352 quoscunque
1021 5285 1321 5336 constiterit
1345 5284 1427 5336 vel
1464 5284 1743 5338 ordinasse
1777 5286 2016 5353 clericos,

320 5369 404 5424 vel
421 5370 717 5436 suscepisse
740 5372 979 5438 ofﬁcium
1007 5371 1340 5437 clericorum,
1368 5371 1520 5425 denis
1549 5371 1706 5427 libris
1758 5374 1885 5426 auri
1935 5375 2018 5427 ui-

324 5458 477 5511 ritim
517 5455 858 5513 mulctandos
901 5473 1010 5514 esse
1060 5475 1357 5527 censemus;
1403 5461 1575 5514 locum
1628 5476 1758 5515 sane
1808 5462 1867 5515 in
1916 5476 2020 5529 quo

325 5547 493 5602 vetita
541 5549 843 5609 tentantur,
888 5549 938 5601 si
975 5550 1313 5603 conniventia
1359 5549 1565 5602 domini
1592 5551 1854 5617 patuerit,
1900 5551 2020 5618 ﬁsci

2130 4397 2426 4452 veritatem
2451 4409 2627 4467 penes
2654 4394 2960 4464 plerosque
2991 4393 3048 4445 et
3075 4389 3505 4460 potentissimos
3533 4388 3647 4442 fore
3688 4394 3795 4436 nus-

2131 4501 2305 4556 quam
2328 4481 2660 4555 promiserit
2689 4483 2859 4536 Deus.
2896 4480 2976 4533 Ac
3015 4493 3152 4532 sane
3181 4477 3537 4534 contrarium
3574 4469 3795 4531 statuito,

2129 4574 2350 4629 videbis
2377 4577 2434 4628 te
2455 4575 2654 4626 contra
2681 4574 2736 4625 te
2766 4569 2958 4641 ipsum
2983 4567 3292 4638 judicasse,
3337 4568 3386 4621 si
3414 4571 3664 4635 tempore
3687 4571 3793 4614 mu.

2129 4666 2359 4731 tentur;
2384 4665 2448 4716 ut
2475 4659 2715 4730 contigit
2738 4659 2910 4731 paulo
2952 4661 3080 4728 post
3110 4655 3174 4710 in
3201 4655 3414 4723 Africa,
3448 4654 3548 4709 ubi
3591 4643 3795 4705 Vandali

2129 4751 2349 4818 Ariani,
2381 4753 2438 4805 et
2461 4749 2524 4804 in
2555 4748 2737 4807 Italia,
2771 4745 2868 4801 ubi
2901 4744 3088 4812 Gothi,
3121 4743 3310 4798 eidem
3367 4739 3570 4797 haeresi
3596 4731 3792 4795 addicti,

2128 4843 2299 4910 longe
2343 4838 2696 4910 potentiores
2723 4836 2972 4890 fuerunt.
3001 4833 3059 4888 Si
3116 4832 3185 4886 ad
3225 4848 3291 4886 ea
3333 4845 3518 4902 usque
3570 4832 3796 4910 tempora

2130 4909 2303 4984 vitam
2328 4909 2691 4999 produxisset
2710 4923 3080 4995 Augustinus,
3117 4921 3463 4991 vidissetque
3517 4933 3551 4971 a
3597 4909 3794 4999 Vanda-

2129 5019 2197 5073 lis
2221 4997 2450 5073 Arianis
2471 5016 2621 5070 male
2647 5013 2846 5069 haberi
2878 5011 3180 5067 catholicos
3201 5009 3388 5076 Afros,
3433 5004 3593 5080 quasi
3615 4997 3795 5070 impios

2126 5122 2191 5161 ac
2217 5106 2573 5176 phreneticos,
2621 5102 2784 5158 facile
2823 5100 3090 5156 sensisset
3139 5113 3198 5152 se
3244 5096 3566 5168 periculosa
3599 5083 3794 5145 ratioci-

2129 5195 2360 5250 natione
2393 5209 2514 5248 esse
2543 5208 2711 5246 usum
2743 5193 2941 5245 contra
2991 5186 3332 5247 Donatistas,
3388 5187 3444 5239 et
3499 5182 3680 5237 denuo
3706 5187 3795 5227 coe-

2128 5284 2306 5354 pisset
2329 5282 2634 5338 defendere
2664 5278 3006 5335 sententiam
3037 5291 3210 5348 quam
3231 5290 3352 5345 pra:
3398 5271 3594 5327 affectu
3646 5267 3793 5356 retra-

2128 5375 2326 5428 ctarat.
2363 5373 2508 5426 Nam
2535 5371 2744 5426 frustra
2778 5365 3122 5439 reposuisset
3165 5381 3198 5418 a
3245 5363 3361 5417 suis
3399 5358 3645 5432 partibus
3671 5364 3793 5404 veri-

2127 5465 2306 5517 tatem
2335 5465 2506 5528 stare,
2535 5458 2620 5515 uti
2670 5457 2956 5514 faciebant
3012 5453 3344 5522 Donatistae,
3387 5446 3678 5521 negassent
3702 5439 3796 5494 hoc

2129 5550 2364 5616 Ariani;
2395 5554 2450 5604 et
2469 5565 2599 5604 cum
2627 5546 2849 5619 judices
2877 5546 2937 5600 in
2966 5545 3069 5600 hac
3101 5561 3200 5598 sua
3231 5557 3397 5596 causa
3444 5539 3643 5592 essent,
3681 5541 3790 5582 cum
