3922 6188
174 240 273 291 253

982 239 1345 298 VARIORUM
1388 241 1991 304 EXERCITATIONES
2028 246 2095 301 IN
2134 248 2188 302 S.
2232 245 2601 302 AUGUSTINI
2641 245 2890 301 OPERA.

3586 248 3692 302 254

176 377 238 416 eo
268 376 329 417 se
383 362 715 433 gessissent,
755 362 919 435 quasi
958 379 1087 419 cum
1124 365 1418 436 pertinace
1448 368 1741 437 heeretico,
1775 387 1871 426 ex-
1904 373 1948 428 A
1985 372 2183 442 Itaque
2210 386 2327 424 non
2365 374 2488 424 erat
2530 385 2631 423 cur
2670 368 3026 440 Augustinus
3060 372 3391 424 vexatorum
3418 384 3686 424 amorem

175 452 665 523 probrasseutque
710 452 763 507 ei
808 469 1007 508 omnes
1062 454 1392 511 vexationes
1447 474 1590 528 quas
1618 460 1816 513 Ariani
1848 477 1881 514 a

175 539 469 594 catholicis
499 540 653 612 passi
682 545 883 595 erant:
925 542 1414 614 quemadmodum
1444 544 1537 600 hic
1570 547 1880 603 Donatistis

175 630 483 700 exprobrat
514 630 1055 686 Circumcellionum
1084 631 1323 687 furores.
1360 633 1402 687 Ο
1434 634 1682 689 infelicia
1716 653 1884 708 argu-

174 724 388 785 menta,
423 735 556 791 quas
589 720 761 790 paulo
788 726 920 789 post
940 736 1098 775 mera
1131 722 1484 791 sophismata
1512 723 1662 779 facta
1704 726 1873 781 sunt!

175 808 215 863 Ο
243 809 504 863 rationes
531 809 926 879 imprudentes
953 826 1017 864 ac
1046 810 1294 876 fallaces,
1330 828 1459 883 qua:
1490 814 1669 868 errori
1717 831 1881 886 aeque

175 897 687 967 patrocinabantur
716 914 779 952 ac
818 898 1040 953 veritati
1060 900 1073 953 l

242 986 390 1041 Ibid.
423 987 468 1042 Ο
513 990 564 1041 si
608 987 711 1042 tibi
746 1002 956 1056 possem
978 988 1253 1043 ostendere
1281 1004 1347 1043 ea:
1378 992 1515 1059 ipsis
1545 992 1870 1048 Circumcel-

174 1076 431 1137 lionibus,
466 1092 633 1145 quam
659 1078 851 1131 multos
870 1077 992 1145 jam
1021 1077 1313 1132 catholicos
1338 1082 1653 1146 manifestos
1682 1082 1880 1137 habea-

174 1180 289 1219 mus
330 1165 656 1220 damnantes
709 1181 864 1221 suam
890 1168 1187 1236 pristinam
1214 1170 1429 1223 vitam!
1460 1173 1564 1224 etc.
1598 1169 1620 1243 ]
1653 1174 1721 1226 At
1753 1172 1882 1242 quis

174 1253 369 1308 credat
398 1254 664 1308 homines
694 1254 1040 1310 facinorosos
1069 1272 1187 1310 non
1205 1257 1545 1325 rationibus,
1571 1276 1715 1329 quas
1737 1276 1883 1313 sem-

172 1358 275 1413 per
305 1347 645 1412 spreverant
671 1348 979 1415 antequam
1010 1343 1095 1398 vis
1126 1344 1546 1413 admoveretur,
1576 1349 1672 1403 sed
1702 1348 1883 1418 prauis

175 1431 363 1485 subito
390 1431 668 1485 adductos
697 1432 769 1487 ad
799 1433 856 1487 id
888 1433 1272 1504 proﬁtendum
1319 1435 1475 1504 quod
1520 1436 1879 1502 damnarant,

177 1519 255 1574 ita
284 1536 412 1575 esse
444 1525 690 1574 mutatos
720 1520 933 1588 animo,
966 1536 1082 1575 non
1112 1537 1244 1575 vero
1267 1522 1686 1592 potentioribus
1714 1524 1885 1595 parti-

175 1608 280 1663 bus
329 1625 430 1663 ore
484 1609 871 1681 gratiﬁcatos?
919 1610 1091 1665 Valde
1137 1611 1433 1665 credulum
1466 1628 1587 1666 esse
1628 1619 1877 1683 oportet,

179 1697 279 1770 qui
306 1698 497 1752 verbis
526 1703 683 1753 metu
724 1697 961 1753 extortis
991 1702 1109 1753 tam
1142 1699 1306 1753 facile
1344 1700 1514 1754 ﬁdem
1546 1701 1736 1757 habet.
1772 1703 1884 1758 Sed

181 1788 315 1841 satis
359 1787 654 1842 habebant
702 1791 1002 1842 vexatores
1040 1787 1157 1843 Afri
1211 1794 1398 1859 partes
1429 1790 1882 1845 Donastistarum

182 1874 473 1939 afﬁixisse,
528 1891 631 1928 nec
676 1876 925 1929 multum
972 1876 1249 1930 curabant
1294 1892 1367 1930 an
1411 1893 1611 1932 eorum
1661 1879 1884 1934 animos

177 1980 308 2019 vere
361 1968 674 2026 sanasseut,
722 1963 769 2018 si
821 1963 994 2018 modo
1026 1980 1268 2035 corpora
1296 1966 1543 2020 obnoxia
1574 1967 1876 2023 haberent.

178 2055 468 2109 Praeterea
509 2052 719 2108 similia
768 2054 982 2124 jactare
1021 2058 1287 2125 poterant
1314 2054 1532 2121 Ariani,
1577 2060 1883 2128 postquam

181 2142 517 2214 aliquandiu
551 2142 858 2197 catholicos
887 2143 1038 2197 male
1091 2142 1449 2198 habuerant:
1500 2160 1632 2199 nam
1672 2147 1885 2200 multos

182 2246 245 2285 ex
271 2229 692 2285 inﬁrmioribus
744 2236 843 2285 aut
880 2229 1254 2301 nequioribus
1284 2232 1639 2287 adducebant
1668 2239 1884 2290 terrore

182 2320 604 2391 suppliciorum
632 2321 697 2374 ad
730 2320 1109 2391 abjuraudam
1139 2322 1423 2392 synodum
1458 2323 1767 2379 Nicaanam.
1795 2326 1886 2381 Sic

184 2408 361 2464 ﬁebat
391 2409 672 2480 utoptimi
693 2409 908 2481 quique
927 2410 1029 2481 qui
1053 2415 1251 2465 contra
1272 2412 1452 2466 animi
1481 2414 1885 2471 conscientiam

184 2514 358 2569 agere
391 2503 450 2552 et
476 2497 637 2570 loqui
665 2498 1071 2567 detrectabant,
1104 2504 1275 2571 atque
1308 2506 1607 2572 propterea
1645 2503 1884 2559 laudan-

181 2588 259 2655 di,
292 2587 432 2642 licet
454 2586 805 2659 ceteroquin
833 2588 895 2642 in
925 2604 1115 2644 errore
1137 2596 1520 2657 versarentur,
1542 2596 1727 2661 erant,
1756 2609 1885 2664 pes-

182 2677 327 2731 sime
349 2676 805 2744 mulctarentur;
834 2681 890 2731 et
930 2682 1131 2731 contra
1157 2682 1221 2732 ut
1265 2679 1537 2733 levissimi
1578 2681 1794 2752 quique
1821 2699 1886 2737 ac

181 2765 639 2819 dissimulatores
670 2764 1027 2819 callidissimi
1048 2764 1246 2821 laudes
1266 2772 1322 2821 et
1350 2783 1383 2821 a
1411 2767 1705 2822 catholicis
1730 2774 1787 2824 et
1814 2770 1885 2825 ab

177 2854 405 2909 Arianis
436 2854 734 2909 referrent.

1986 477 2121 531 erga
2151 460 2352 514 fratres
2398 461 2753 529 compararet
2782 473 2915 511 cum
2946 474 3138 513 amore
3169 457 3358 513 divino
3384 457 3446 511 in
3477 459 3685 513 huma-

1989 564 2129 602 num
2159 564 2361 618 genus.
2884 541 2893 551 δ

2061 636 2226 702 Ibid.,
2259 635 2359 705 ξεῖ.
2394 638 2561 689 Putas
2610 638 2873 689 neminem
2917 636 3105 689 debere
3143 638 3262 704 cogi
3296 636 3369 689 ad
3387 636 3688 705 justitiam,

1988 740 2107 779 cum
2146 726 2290 791 legas
2316 726 2777 793 patremfamilias
2809 724 3016 779 dimisse
3039 727 3248 778 servis:
3288 725 3691 794 Quoscumque

1989 813 2320 867 inveneritis
2372 812 2552 884 cogite
2582 813 2794 867 intrare
2821 829 2832 865 :

1986 903 2162 971 primo
2219 902 2443 955 Saulum
2486 906 2673 969 postea
2746 901 3001 967 Paulum,
3058 900 3132 953 ad
3173 899 3593 967 cognoscendam
3641 903 3689 953 et

1989 989 2271 1043 tenendam
2318 991 2615 1054 veritatem,
2659 1003 2860 1054 magna
2896 988 3155 1041 violentia
3180 990 3394 1041 Christi
3425 989 3680 1053 cogentis,

1989 1092 2098 1131 esse
2150 1078 2498 1146 compulsum,
2540 1082 2652 1130 etc.
2686 1074 2706 1147 ]
2744 1079 3069 1146 Antequam
3101 1079 3442 1135 coactionem.
3470 1076 3537 1130 de
3570 1092 3684 1146 qua

1989 1182 2175 1221 sermo
2205 1172 2290 1219 est
2321 1167 2448 1220 Luc.
2498 1181 2611 1231 xxv,
2647 1167 2735 1233 ‘25,
2783 1165 3261 1233 interpretaretur
3307 1166 3683 1235 Augustinus,

1991 1257 2058 1310 de
2087 1255 2141 1307 vi
2169 1254 2326 1308 illata
2369 1253 2588 1325 legibus
2636 1258 2691 1307 et
2720 1252 2922 1324 pmuis,
2957 1253 3211 1322 cogitare
3243 1253 3485 1306 debebat
3514 1268 3687 1322 para-

1990 1346 2184 1399 bolam
2215 1344 2331 1397 illic
2355 1360 2387 1397 a
2415 1343 2635 1398 Christo
2668 1342 2814 1395 tradi
2842 1342 2901 1395 in
2932 1358 3046 1412 qua
3076 1342 3183 1395 hoc
3207 1342 3443 1411 jubetur
3472 1356 3687 1395 servus.

1993 1435 2094 1506 qui
2122 1435 2333 1488 frustra
2385 1435 2675 1487 vocaverat
2704 1431 2966 1486 convivas
2992 1437 3162 1484 antea
3188 1430 3476 1496 invitatos,
3506 1435 3561 1483 et
3590 1429 3691 1500 qui

1995 1524 2281 1578 liberrime
2333 1538 2453 1577 sese
2503 1526 2773 1575 venturos
2806 1523 3120 1587 negarant;
3173 1536 3359 1590 neque
3400 1520 3522 1572 haec
3558 1534 3693 1589 pars

1922 1660 1965 1718 Β
1994 1613 2281 1683 parabolas
2334 1615 2528 1666 cuntra
2556 1609 2764 1680 {ipsum
2804 1614 3118 1679 urgeretur.
3151 1607 3505 1678 Augustinus
3537 1607 3693 1662 enim

2066 1702 2078 1718 1
2124 1701 2134 1718 1
2200 1706 2212 1718 ι
2291 1716 2313 1718 ν,
2349 1715 2443 1718 ῌΑκ
2471 1702 2690 1718 ---Αμλ,-
2728 1697 2788 1718 -.1
2829 1697 3125 1718 l.‘x..l..-.'_r_.-
3165 1696 3493 1718 --Al.,.]:--_.
3550 1696 3665 1718 ---ε

1995 1701 2219 1755 volebat
2248 1715 2448 1754 omnes
2471 1702 2693 1752 vocatos
2724 1697 2791 1750 ad
2826 1697 3128 1751 Ecclesium
3160 1696 3499 1751 catholicam
3544 1696 3693 1767 cogi,

1993 1807 2121 1845 cum
2153 1790 2213 1843 in
2256 1788 2529 1860 parabola
2574 1786 2844 1851 mendici,
2908 1786 3208 1847 duntaxat,
3257 1786 3443 1840 claudi
3475 1790 3530 1840 et
3557 1784 3693 1839 caeci

1993 1890 2291 1951 cogantur,
2363 1874 2764 1949 praetermissis
2844 1872 2988 1929 aliis.
3044 1875 3131 1926 An
3190 1874 3428 1945 putabat
3494 1877 3693 1945 Augu-

1994 1969 2177 2025 stinus
2198 1985 2264 2022 ea
2292 1968 2565 2023 coactione
2590 1962 2900 2035 signiﬁcari
2929 1961 3356 2032 impositionem
3389 1979 3691 2033 poenarum

1994 2060 2191 2130 quales
2234 2074 2301 2112 ex
2354 2057 2481 2127 lege
2528 2051 2832 2109 Theodosii
2869 2051 2940 2105 ad
2994 2051 3159 2121 epist.
3206 2054 3272 2106 89
3303 2052 3692 2122 protulimus?

1992 2151 2079 2203 Au
2104 2147 2184 2201 sic
2212 2145 2475 2201 homines
2495 2144 2567 2198 ad
2613 2140 2937 2197 convivium
2968 2139 3163 2193 venire
3193 2142 3520 2210 coguntur?
3555 2140 3692 2205 Quis

1993 2236 2171 2292 nescit
2219 2252 2315 2291 eos
2366 2236 2486 2304 cogi
2546 2232 2659 2289 dici
2730 2229 2830 2301 qui
2890 2228 3156 2299 precibus
3200 2230 3561 2300 adiguntur?
3603 2228 3693 2284 Sic

1996 2327 2165 2381 Lotus
2192 2326 2328 2381 Gen.
2371 2340 2484 2390 xix,
2517 2326 2547 2378 3
2598 2320 2806 2377 dicitur
2861 2325 3260 2386 καταιδιάσασθαι,
3302 2321 3532 2388 coegisse
3586 2334 3691 2373 an-

1994 2416 2149 2487 gelos
2178 2418 2244 2470 ut
2270 2418 2421 2485 apud
2452 2429 2509 2466 se
2548 2410 2967 2483 peruoctarent.
3024 2406 3114 2461 Sic
3145 2408 3338 2475 Matth,
3370 2422 3483 2474 XIV,
3514 2411 3603 2473 22,
3638 2410 3695 2462 et

1995 2506 2161 2560 Marc.
2196 2520 2269 2570 vi,
2300 2508 2391 2568 45,
2421 2504 2581 2558 Jesus
2627 2503 2896 2557 scribitur
2967 2506 3241 2571 ἀναγκάσαι
3287 2500 3517 2566 coegisse
3578 2496 3691 2551 dis-

1994 2595 2214 2666 cipulos
2262 2594 2555 2665 navigium
2610 2594 2857 2665 ingredi.
2906 2595 2995 2650 Sic
3046 2595 3177 2649 Luc.
3218 2608 3364 2657 xxiv,
3402 2592 3494 2657 29,
3520 2585 3695 2641 disci-

1994 2684 2117 2755 puli
2138 2685 2251 2739 duo
2281 2685 2681 2739 Emmauntem
2740 2687 2940 2737 euntes
2997 2683 3265 2737 dicuntur
3310 2681 3502 2734 Jesum
3533 2690 3692 2762 παρα·

1996 2781 2267 2840 ϐιάσασθαι,
2295 2774 2525 2841 coegisse
2554 2776 2618 2825 ut
2660 2787 2852 2826 secum
2900 2775 3168 2825 cmnaret.
3220 2768 3310 2823 Sic
3335 2767 3455 2822 Gal.
3499 2781 3558 2830 ιι,
3600 2766 3689 2828 24,

1994 2863 2365 2932 exprobrasse
2406 2876 2464 2914 se
2522 2860 2657 2914 dicit
2694 2861 2901 2914 Paulus
2947 2861 3111 2913 Petro
3152 2855 3307 2927 quod
3336 2854 3575 2925 gentiles
3604 2868 3690 2906 co-

240 2943 419 3009 Ibid.,
471 2945 574 3011 §3.
603 2944 667 3000 Si
685 2947 1013 2998 terrerentur
1042 2947 1093 2998 et
1120 2958 1227 2999 non
1256 2944 1591 3010 docerentur,
1626 2947 1873 3016 improba
1911 2955 1949 3011 C
1984 2956 2130 3020 geret
2189 2949 2392 3018 (utitur
2436 2949 2609 3003 verbo
2651 2948 2996 3018 ἀναγκάζειν,)
3034 2945 3353 3016 judaizare.
3420 2944 3484 2996 In
3537 2939 3691 2995 hisce

176 3035 336 3103 quasi
364 3032 667 3088 dominatio
697 3033 991 3088 videretur.
1022 3034 1239 3088 Rursus
1269 3034 1319 3087 si
1348 3033 1663 3088 docerentur
1705 3041 1754 3090 et
1778 3053 1886 3094 non

175 3126 531 3189 terrerentur,
557 3125 821 3177 vetustate
849 3123 1253 3177 consuetudinis
1275 3121 1554 3188 obdurati,
1582 3124 1657 3177 ad
1698 3140 1884 3197 capes-

174 3211 401 3266 sendam
422 3213 569 3265 viam
597 3211 793 3265 salutis
826 3212 1047 3280 pigrius
1076 3216 1435 3279 moverentur,
1463 3214 1569 3266 etc.
1598 3211 1613 3285 ]
1649 3213 1753 3269 Sed
1782 3220 1887 3269 ter-

176 3315 271 3353 ror
312 3299 660 3370 conjunctus
700 3298 976 3353 doctrinae
1009 3314 1136 3353 eam
1160 3299 1533 3354 vehementer
1562 3304 1885 3370 suspectam

180 3388 344 3456 facit;
378 3391 599 3461 quippe
630 3405 803 3460 quam
829 3392 1036 3460 putant
1065 3389 1350 3452 homines,
1382 3388 1495 3443 nisi
1523 3388 1579 3443 vi
1608 3394 1665 3444 et
1696 3393 1886 3444 aucto-

184 3479 351 3534 ritate
382 3479 704 3547 fulciretur,
736 3482 940 3550 sponte
969 3494 1073 3533 sua
1101 3478 1502 3550 collapsuram,
1534 3494 1639 3533 nec
1667 3482 1886 3533 terrore

181 3569 381 3639 legum
428 3566 535 3637 uti,
582 3566 696 3622 nisi
742 3568 879 3639 quia
907 3566 1126 3622 lumine
1157 3566 1413 3621 veritatis
1442 3566 1550 3621 sibi
1579 3567 1884 3623 hominum

179 3658 405 3712 animos
418 3656 721 3712 conciliare
737 3656 959 3729 nequit.
986 3657 1116 3711 Haec
1136 3672 1265 3727 quae
1290 3656 1535 3711 dicimus
1550 3656 1777 3711 Arianis
1788 3657 1887 3711 ob-

171 3746 408 3818 jecisset
436 3746 812 3818 Augustinus,
842 3745 890 3800 si
918 3745 1092 3816 paulo
1122 3744 1338 3800 diutius
1353 3745 1620 3814 vixisset;
1654 3746 1885 3817 quando

177 3851 274 3891 eos
321 3834 560 3890 vidisset
596 3834 803 3890 iisdem
826 3833 1181 3905 argumentis
1212 3833 1296 3888 uti
1325 3838 1522 3889 contra
1552 3834 1884 3889 catholicos.

247 3924 400 3980 Ibid.
437 3923 466 3995 §
497 3925 550 3979 4.
589 3926 721 3990 Quis
749 3940 845 3979 nos
883 3925 1049 3994 (male
1106 3924 1326 3978 editum
1358 3927 1443 3979 est
1469 3938 1575 3978 non
1604 3924 1665 3977 in
1692 3940 1884 3978 exem-

176 4012 326 4084 plari
358 4011 683 4081 Parisiensi)
704 4017 882 4083 potest
908 4013 1143 4082 amplius
1194 4027 1379 4067 amare
1402 4028 1566 4081 quam
1594 4013 1741 4066 Deus
1760 4012 1789 4065 ?
1815 4014 1887 4067 Et

176 4107 359 4157 tamen
388 4116 483 4157 nos
514 4117 620 4156 non
652 4103 824 4157 solum
867 4102 1053 4156 docere
1093 4105 1358 4168 suaviter,
1384 4116 1569 4155 verum
1598 4104 1760 4155 etiam
1789 4116 1883 4155 sa-

174 4192 413 4247 lubriter
430 4197 645 4260 terrere,
695 4207 800 4246 non
843 4195 1031 4247 cessat.
1073 4192 1387 4260 Diligamus
1436 4193 1600 4245 etiam
1638 4193 1880 4245 inimicos

172 4288 413 4347 nostros,
444 4284 577 4350 quia
604 4283 698 4336 hoc
715 4281 931 4351 justum
951 4284 1030 4335 est
1056 4285 1106 4336 et
1136 4282 1231 4335 hoc
1258 4282 1507 4350 pracipit
1539 4284 1694 4348 Deus,
1726 4284 1786 4333 ut
1807 4282 1883 4335 si-

174 4386 298 4425 mus
318 4372 427 4439 ﬁlii
454 4373 637 4426 Patris
657 4372 850 4436 nostri,
883 4372 981 4439 qui
1022 4371 1081 4424 in
1128 4370 1269 4424 cmlis
1299 4373 1397 4435 est,
1438 4371 1536 4439 qui
1554 4371 1693 4436 facit
1722 4370 1885 4423 solem

174 4475 337 4515 suum
367 4461 507 4515 oriri
550 4474 713 4529 super
767 4460 926 4513 bonos
969 4462 1020 4513 et
1056 4459 1245 4526 malos,
1271 4462 1321 4513 et
1341 4459 1487 4527 pluit
1516 4473 1679 4527 super
1702 4458 1881 4527 justos

173 4555 227 4603 et
284 4549 540 4618 injustas.
569 4548 675 4605 Sed
730 4550 870 4603 sicut
922 4549 1033 4603 ista
1082 4546 1226 4602 dona
1280 4547 1397 4616 ejus
1455 4547 1763 4613 laudamus,
1801 4549 1883 4601 ita

177 4641 348 4692 etiam
388 4640 605 4706 ﬂagella
650 4637 767 4707 ejus
813 4640 872 4691 in
913 4651 997 4692 eos
1028 4651 1160 4705 quos
1190 4636 1376 4704 diligit
1404 4633 1764 4707 cogitemus.]
1801 4636 1882 4690 Ne

171 4726 299 4797 jam
346 4731 605 4798 repetam
661 4726 767 4781 hoc
812 4741 1041 4796 quoque
1066 4740 1186 4779 esse
1222 4740 1429 4795 anceps
1461 4723 1735 4778 auxilium
1768 4739 1882 4795 quo

173 4816 378 4871 Ariani
403 4831 566 4888 aeque
595 4814 679 4870 uti
700 4819 963 4887 poterant
990 4814 1051 4868 in
1080 4813 1405 4880 catholicos,
1434 4812 1563 4884 quis
1585 4812 1754 4867 homo
1780 4829 1879 4867 au-

175 4905 317 4961 deat
342 4905 451 4961 sibi
486 4905 581 4977 jus
624 4904 686 4960 in
735 4903 995 4975 ejusdem
1043 4907 1266 4957 natura:
1296 4901 1603 4973 participes
1635 4901 1787 4956 idem
1816 4917 1882 4955 ac

172 4997 331 5051 Deus
358 5010 647 5066 arrogare,
678 4993 791 5049 nisi
820 4992 921 5066 qui
950 5009 1009 5048 se
1035 4991 1333 5047 hominem
1358 5007 1480 5046 esse
1528 4991 1601 5045 sit
1626 4991 1833 5046 oblitus
1852 4992 1881 5045 ?

166 5085 316 5151 Quis
357 5085 514 5140 enim
562 5085 786 5155 ignorat
843 5082 1000 5138 aliud
1039 5083 1210 5153 plane
1232 5082 1329 5153 jus
1360 5096 1482 5135 esse
1513 5080 1792 5136 Creatoris
1818 5080 1879 5134 in

162 5179 487 5243 creaturas,
533 5173 690 5229 aliud
735 5177 1128 5228 creaturarum
1177 5170 1237 5225 in
1279 5186 1339 5225 se
1382 5169 1649 5235 Invicem,
1682 5168 1877 5224 aliam-

163 5280 285 5338 que
320 5263 423 5320 Dei
453 5279 518 5318 ac
545 5262 847 5317 hominum
879 5260 1242 5317 affectionem
1261 5259 1288 5313 ?
1315 5261 1460 5314 Deus
1482 5274 1743 5313 summus
1768 5262 1875 5327 est,

153 5360 296 5427 jure
358 5351 684 5419 creationis,
737 5351 1007 5407 dominus
1055 5348 1297 5405 humani
1326 5347 1573 5421 generis,
1606 5347 1876 5419 idemque

155 5444 352 5515 judex
381 5441 571 5498 omnis
600 5441 806 5497 erroris
838 5444 895 5498 et
916 5440 1148 5497 affectus
1175 5454 1407 5511 expers:
1458 5436 1722 5493 homines
1744 5453 1879 5493 vero

165 5531 462 5597 conservi,
517 5532 920 5603 erroribusque
961 5534 1018 5587 et
1064 5529 1253 5603 pravis
1292 5527 1588 5585 affectibus
1622 5526 1873 5583 obnoxii.

1994 3038 2285 3105 omnibus,
2314 3037 2477 3092 nulla
2503 3037 2585 3091 vis
2615 3037 2886 3101 adhibita,
2923 3036 3022 3091 sed
3072 3038 3297 3088 tantum
3340 3044 3557 3102 preces,
3586 3045 3688 3083 au-
3756 3068 3759 3069 ν

1994 3127 2247 3193 ctoritas,
2281 3128 2631 3197 exemplum,
2670 3126 2794 3181 sine
2822 3125 2955 3179 ullis
2983 3123 3207 3195 poenis;
3236 3128 3293 3176 et
3320 3120 3398 3174 sic
3441 3120 3691 3173 solemus

1994 3216 2055 3271 iu
2086 3215 2353 3271 omnibus
2379 3215 2558 3270 ferme
2584 3214 2795 3286 linguis
2823 3214 3001 3285 loqui.
3040 3212 3123 3268 Ad
3168 3209 3523 3265 vocationem
3557 3222 3691 3260 vero

1995 3304 2149 3359 Sauli
2191 3305 2349 3376 quod
2397 3303 2617 3369 attinet,
2670 3319 2800 3374 quae
2838 3303 3065 3357 caeleste
3104 3300 3447 3353 miraculum
3476 3301 3580 3363 est,
3614 3296 3689 3349 si-

1995 3394 2160 3448 miles
2189 3399 2339 3449 artes
2368 3393 2639 3448 adhibere
2669 3392 2714 3445 si
2744 3391 3025 3463 potuisset
3052 3390 3121 3444 ad
3152 3386 3561 3443 convertendos
3582 3386 3692 3439 Do-

1995 3483 2249 3551 natistas,
2312 3482 2455 3537 nihil
2499 3485 2620 3537 erat
2672 3497 2774 3536 cur
2814 3497 2947 3535 eum
3008 3479 3101 3534 hic
3153 3477 3601 3539 confutaremus,
3628 3476 3687 3527 et

1994 3587 2225 3626 omnem
2256 3571 2634 3643 pervicaciam
2664 3570 2826 3625 facile
2869 3569 3109 3623 vicisset.
3159 3567 3269 3622 Sed
3314 3581 3445 3620 cum
3473 3561 3683 3618 divinis

1995 3660 2286 3715 miraculis
2329 3660 2574 3715 conferri
2609 3660 2723 3714 vim
2780 3677 2813 3714 a
2861 3658 3141 3713 militibus
3166 3654 3533 3710 lictoribusve
3562 3667 3691 3705 ma-

1995 3749 2340 3821 gistratuum
2373 3750 2601 3804 allatam
2630 3765 2645 3819 ;
2678 3753 2735 3803 et
2761 3748 2897 3818 quia
2921 3749 3067 3802 Deus
3090 3744 3365 3800 miracula
3402 3741 3693 3799 interdum

1995 3839 2257 3893 adhibuit
2287 3839 2357 3894 ad
2384 3839 2648 3893 homines
2686 3836 3127 3901 convincendos,
3179 3834 3311 3888 hinc
3340 3830 3534 3902 colligi
3560 3830 3688 3883 ideo

1995 3929 2215 3984 licitum
2244 3944 2366 3983 esse
2395 3927 2450 3981 vi
2478 3928 2581 3994 uti,
2611 3943 2724 3981 non
2750 3926 3005 3997 patimur
3037 3924 3158 3977 sine
3188 3923 3380 3993 aliqua
3425 3920 3691 3989 indigna-

2000 4015 2171 4080 tione,
2206 4015 2352 4080 Quid
2403 4015 2557 4069 enim
2615 4014 2771 4069 hisce
2811 4010 3193 4069 dissimilius?
3222 4010 3281 4065 Si
3337 4007 3690 4079 Augustinus

1994 4105 2116 4175 ipse
2148 4105 2216 4159 ad
2270 4104 2599 4159 Vandalicas
2649 4102 3077 4173 persecutiones
3110 4100 3281 4153 vitam
3312 4096 3691 4169 produxisset,

1994 4197 2051 4247 et
2106 4192 2185 4247 sic
2207 4209 2302 4247 eas
2351 4191 2581 4247 defendi
2626 4191 2940 4245 audivisset
2977 4191 3048 4245 ab
3079 4187 3326 4254 Arianis,
3355 4186 3446 4240 vix
3474 4190 3691 4255 tempe-

1993 4298 2121 4337 rare
2150 4282 2427 4353 potuisset
2452 4280 2589 4352 quin
2620 4281 2960 4335 exclamaret
3006 4294 3102 4335 eos
3145 4277 3543 4349 blasphemare
3590 4272 3691 4346 qui

1990 4372 2124 4427 talia
2153 4376 2574 4442 compararent.

2062 4460 2233 4530 Ibid.,
2263 4460 2290 4532 §
2324 4465 2376 4517 6.
2429 4462 2560 4518 Cum
2618 4461 2855 4528 legamus
2905 4459 3161 4514 ancillam
3184 4460 3234 4512 et
3262 4456 3434 4527 filium
3483 4455 3599 4524 ejus
3655 4469 3690 4507 a

1990 4550 2135 4605 Sara
2174 4564 2366 4620 passos
2410 4563 2601 4615 graves
2636 4549 2927 4611 molestias,
2962 4548 3162 4601 Paulus
3200 4550 3378 4601 tamen
3410 4543 3686 4613 apostolus

1989 4640 2120 4694 dicit
2155 4638 2299 4708 quod
2354 4638 2422 4691 ab
2450 4637 2671 4691 Ismaele
2721 4638 3141 4705 persecutionem
3191 4636 3265 4690 sit
3288 4648 3484 4703 passus
3515 4636 3689 4695 Isaac,

1989 4727 2087 4781 sed
2137 4726 2283 4780 sicut
2328 4730 2486 4793 tunc,
2526 4726 2707 4793 inquit
2745 4725 2840 4778 ille
2896 4724 2995 4795 qui
3039 4727 3160 4778 erat
3206 4722 3520 4777 secundum
3571 4736 3691 4774 car-

1986 4831 2119 4870 nem
2164 4814 2618 4885 persequebatur
2664 4828 2796 4866 eum
2855 4812 2955 4883 qui
2988 4817 3109 4866 erat
3156 4810 3471 4865 secundum
3510 4808 3685 4878 Spiri-

1988 4908 2108 4958 tum
2138 4920 2150 4957 :
2183 4902 2262 4957 ita
2309 4908 2367 4957 et
2412 4917 2601 4968 nunc;
2662 4904 2720 4954 ut
2767 4902 2863 4969 qui
2905 4905 3130 4970 possunt
3154 4899 3467 4966 intelligant
3508 4896 3685 4962 magis

1987 4993 2279 5047 Ecclesium
2335 4991 2656 5045 catholicam
2709 4990 3128 5059 persecutionem
3178 4987 3303 5056 pati
3354 4983 3611 5053 superbia
3631 4988 3681 5038 et

1986 5079 2262 5151 impietate
2285 5081 2609 5147 carnalium,
2644 5094 2775 5149 quos
2806 5077 3188 5147 temporalibus
3218 5075 3476 5129 molestiis
3522 5077 3686 5143 atque

1987 5171 2281 5225 terroribus
2317 5168 2599 5223 emendare
2638 5173 2881 5223 conatur.
2929 5167 3137 5219 Verum
3193 5163 3427 5235 quidem
3467 5167 3550 5217 est
3581 5164 3683 5217 Ha-

1988 5274 2184 5328 garam
2216 5259 2364 5312 male
2390 5256 2648 5312 habitam
2676 5273 2709 5310 a
2734 5256 2892 5323 Sara,
2927 5254 3023 5309 sed
3066 5270 3133 5307 eo
3182 5253 3276 5307 hic
3302 5268 3421 5306 nou
3454 5251 3687 5323 respicit

1988 5348 2217 5416 Paulus,
2251 5362 2449 5401 verum
2479 5346 2550 5400 ad
2582 5343 2837 5399 lsmaelis
2870 5341 3151 5396 actionem
3182 5357 3312 5396 cum
3336 5341 3526 5395 Isaaco
3557 5355 3687 5410 pro.

1987 5437 2197 5493 tervius
2227 5436 2497 5505 ludentis,
2529 5450 2703 5508 quam
2731 5436 2895 5487 vocat
2918 5434 3352 5501 persecutionem,
3386 5444 3678 5501 quamque

1986 5527 2205 5581 confert
2224 5542 2353 5580 cum
2376 5523 2767 5595 persecutione
2792 5538 2965 5594 quam
2984 5520 3287 5577 Christiani
3310 5519 3677 5592 patiebantur

2921 828 3039 866 cum
3080 814 3225 879 legas
3277 815 3438 866 etiam
3511 814 3693 881 ipsum
3770 856 3773 857 ν
