3922 6188
217 290 321 344 255

1222 285 1783 344 SUPPLEMENTUM
1824 285 1913 340 AD
1951 283 2185 340 OPERA
2223 284 2278 340 S.
2319 281 2708 340 AUGUSTINI.

3615 284 3722 336 256

219 425 252 463 a
279 407 520 477 ludais;
553 415 610 465 et
634 425 765 482 qua
819 425 938 464 non
975 413 1097 465 erat
1125 407 1231 463 sita
1261 409 1323 464 in
1352 423 1420 463 eo
1449 409 1602 480 quod
1652 409 1912 464 viderent
1947 408 1990 462 Δ
2021 408 2274 464 scleratis
2340 407 2690 478 hominibus,
2736 407 2798 464 in
2847 406 3244 464 molimiuibus
3305 408 3719 465 Ecclesiastico-

221 499 452 554 ludaos
509 499 785 571 superbos
805 515 925 553 esse
983 515 1047 576 ac
1095 498 1418 569 pervicaces
1475 498 1652 570 (quod
1721 515 1910 562 nemo,

231 588 344 643 nisi
404 591 611 644 Panus
658 589 871 654 rhetor,
909 590 1326 657 persecutionem
1350 587 1601 655 vocarit),
1637 587 1734 641 sed
1756 587 1814 642 in
1843 603 1911 642 eo

222 677 375 747 quod
405 678 475 730 ab
524 676 594 730 iis
639 677 797 730 omni
852 677 1244 731 molestiarum
1281 681 1338 730 et
1372 693 1674 747 poenarum
1705 692 1911 747 genere

223 765 606 819 afﬁcerentur.
651 765 981 818 Absurdum
1041 770 1127 818 est
1169 765 1415 819 conferri
1457 765 1624 819 hasce
1654 781 1913 836 persecu-

224 854 426 918 tiones,
471 868 611 923 quas
659 857 916 923 tempore
947 853 1108 907 Pauli
1139 853 1442 908 Christiani
1473 854 1748 920 ferebant,
1781 869 1911 908 cum

219 941 514 996 affectione
536 940 714 994 animi
735 941 1136 1012 episcoporum
1153 947 1209 996 et
1221 948 1558 996 caterorum
1573 942 1910 996 clericorum

220 1031 508 1095 Afrorum,
541 1045 653 1100 qua
675 1045 827 1100 agre
861 1029 1223 1100 patiebantur
1255 1030 1361 1084 sibi
1399 1029 1710 1085 contradici
1739 1047 1771 1083 a
1803 1031 1909 1084 Do-

227 1118 470 1172 natistis.
532 1117 669 1182 Quis
703 1118 846 1172 terat
889 1133 1020 1172 eum
1050 1121 1466 1188 persecutionem
1519 1119 1628 1173 dici
1651 1118 1791 1189 pati,
1821 1117 1911 1172 cui

220 1209 374 1263 dolet
403 1209 556 1279 quod
590 1224 704 1262 non
733 1207 1060 1262 dominetur
1091 1209 1236 1275 aliis,
1270 1225 1432 1280 aque
1462 1225 1526 1262 ac
1551 1207 1788 1262 miseros
1811 1207 1910 1280 qui

220 1295 582 1350 facultatibus
614 1297 884 1351 omnibus
925 1296 1256 1369 spoliantur,
1293 1297 1353 1350 in
1384 1297 1645 1351 exsilium
1676 1296 1912 1351 mittun-

220 1388 332 1452 tur,
367 1384 609 1438 fustibus
638 1384 955 1451 caduntur,
1001 1385 1116 1440 imo
1168 1391 1223 1440 et
1251 1385 1606 1452 occiduntur,
1638 1401 1772 1440 nam
1802 1385 1910 1440 hoc

220 1472 433 1526 factum
468 1473 648 1544 liquet
675 1489 740 1528 ex
771 1473 1010 1544 epistola
1043 1477 1142 1528 100
1173 1473 1232 1529 in
1266 1491 1379 1546 qua
1433 1474 1786 1546 Augustinus
1815 1474 1908 1528 in-

220 1561 458 1616 tercedit
487 1579 558 1615 ne
587 1563 832 1633 amplius
860 1564 1003 1618 ﬁat?
1027 1563 1305 1619 Illudebat
1333 1580 1467 1619 sane
1499 1563 1722 1618 miseris
1773 1564 1908 1634 Hip-

220 1651 488 1722 ponensis
547 1651 756 1718 rhetor,
806 1653 941 1723 quia
969 1653 1248 1707 sentiebat
1275 1653 1468 1706 omnia
1506 1653 1743 1724 impune
1778 1669 1810 1706 a
1847 1667 1906 1706 se

221 1739 282 1796 in
325 1740 454 1794 illos
506 1741 758 1812 potuisse
805 1741 951 1809 dici;
1008 1742 1104 1796 sed
1136 1743 1183 1796 si
1234 1741 1430 1796 Ariani
1477 1741 1802 1813 superiores
1831 1741 1910 1795 ita

219 1828 392 1884 locuti
433 1833 621 1883 essent
661 1829 927 1884 adversus
971 1831 1299 1896 catholicos,
1354 1847 1426 1885 an
1459 1847 1574 1885 non
1612 1831 1673 1885 hi
1701 1831 1909 1884 coelum

219 1921 387 1972 terra
416 1917 819 1973 miscuissent?
848 1921 1128 1974 Praterea
1144 1921 1297 1992 quod
1318 1921 1568 1991 primum
1599 1920 1711 1974 dici
1740 1936 1909 1991 opor-

220 2007 352 2075 tuit,
383 2006 472 2060 hic
497 2011 554 2060 et
581 2007 794 2078 ubique
824 2008 1020 2062 statuit
1045 2013 1216 2080 atque
1239 2009 1476 2063 assumit
1497 2025 1600 2080 pro
1621 2013 1912 2080 comperto

221 2095 571 2167 Augustinus
593 2096 748 2167 quod
771 2095 826 2150 in
849 2097 1234 2152 controversia
1254 2103 1377 2152 erat
1405 2098 1655 2169 positum
1681 2118 1696 2164 ;
1727 2114 1909 2166 suam,

225 2184 522 2249 nimirum,
583 2185 882 2238 Ecclesiam
940 2185 1112 2240 fuisse
1164 2202 1359 2251 unam,
1424 2186 1634 2241 exlusis
1682 2187 1912 2241 Donati-

230 2272 349 2338 stis,
385 2271 594 2328 Christi
627 2272 950 2327 Ecclesiam.
983 2274 1105 2328 Non
1136 2274 1403 2346 equidem
1448 2275 1630 2344 probo
1678 2274 1912 2330 Donati-

234 2364 451 2414 starum
481 2359 742 2425 schisma,
783 2361 879 2414 sed
912 2376 1042 2415 cum
1083 2361 1195 2415 illis
1229 2362 1566 2432 disceptanti
1603 2363 1915 2417 absurdum

219 2445 329 2502 fuit
357 2453 631 2519 perpetuo
655 2449 714 2502 id
745 2465 1032 2504 assumere
1063 2451 1214 2522 quod
1272 2452 1564 2522 prafracte
1593 2453 1910 2524 negabant;

229 2539 405 2607 utque
432 2535 717 2608 intelligas
747 2553 920 2608 quam
946 2538 1016 2593 sit
1040 2538 1328 2609 iniquum,
1358 2557 1506 2611 pone
1536 2541 1656 2595 loco
1681 2543 1911 2612 Augus-

233 2624 341 2679 tini
392 2625 631 2680 Arianos
665 2630 722 2681 et
747 2627 834 2682 fac
881 2644 976 2682 eos
1028 2628 1237 2683 similia
1280 2630 1568 2698 dicentes;
1626 2636 1749 2684 tum
1779 2646 1913 2685 vero

231 2713 454 2768 videbis
500 2715 726 2769 Arianis
772 2715 926 2770 idem
974 2717 1258 2788 objectum
1304 2719 1373 2772 iri
1421 2719 1574 2790 quod
1609 2719 1916 2774 Donatista

225 2803 546 2873 Augustino
585 2804 946 2876 objiciebant.
1000 2807 1272 2872 Quanam
1312 2811 1502 2862 autem
1531 2808 1651 2862 hac
1675 2813 1761 2862 est
1810 2824 1874 2862 ex
1898 2848 1912 2862 .

231 2893 371 2946 Cum
399 2908 483 2947 res
531 2909 656 2948 mea
702 2897 1001 2965 superiores
1048 2901 1224 2963 erunt,
1257 2901 1368 2950 tum
1407 2899 1545 2951 mihi
1571 2897 1637 2952 de
1666 2899 1918 2966 rquitate

2021 514 2171 563 rum,
2204 497 2305 569 qui
2334 499 2693 553 concitabant
2721 498 3086 568 magistratus
3130 498 3191 552 in
3238 497 3478 552 miseros
3519 499 3718 552 Dona-

2021 588 2226 642 tistas?
2256 589 2433 642 Pudet
2471 587 2767 642 immorari
2809 587 3170 642 confutandis
3211 587 3492 659 ejusmodi
3543 587 3726 641 ratio-

2020 675 2424 746 ciuationibus,
2477 693 2608 748 qua
2654 693 2726 731 ne
2751 676 2950 747 logica
2981 675 3214 748 quidem
3236 676 3523 731 tironibus
3545 675 3724 730 hodie

2019 765 2497 820 condonarentur.
2530 765 2636 820 Sed
2674 769 2736 820 ut
2765 764 3071 819 concedam
3101 765 3224 819 hac
3252 781 3416 836 posse
3447 763 3722 830 conferri,

2019 871 2092 909 an
2148 854 2455 925 quisquam
2505 854 2657 908 inter
2693 854 2858 908 Afros
2886 854 2993 908 fuit
3021 859 3137 908 tam
3167 854 3456 922 perfricta
3487 853 3718 920 frontis,

2017 950 2083 1001 ut
2112 944 2348 999 auderet
2370 943 2658 1015 postulare
2682 942 2752 996 ab
2797 941 3117 996 infelicibus
3160 941 3470 996 Donatistis
3498 947 3562 996 ut
3589 957 3718 996 cre-

2017 1035 2219 1090 derent
2262 1032 2576 1087 catholicos
2613 1036 2727 1085 tam
2759 1030 2904 1084 bene
2933 1047 3070 1100 erga
3098 1047 3196 1084 eos
3235 1046 3379 1102 quos
3421 1029 3710 1084 vexabant

2017 1121 2265 1188 affectos,
2310 1136 2484 1192 quam
2523 1124 2644 1174 erat
2692 1121 2841 1174 Deus
2878 1135 3015 1190 erga
3045 1119 3305 1174 homines
3332 1134 3464 1173 cum
3504 1118 3715 1174 Filium

2017 1225 2184 1263 suum
2212 1207 2606 1262 vexationibus
2632 1208 2898 1269 traderet.
2933 1212 2995 1260 ut
3015 1223 3198 1278 genus
3240 1209 3562 1262 humanum
3593 1222 3716 1260 ser-

2016 1303 2174 1353 varet
2193 1300 2223 1352 ?
2266 1299 2412 1352 Deus
2454 1301 2604 1352 certe
2649 1311 2714 1350 ex
2735 1300 2930 1350 nostra
2959 1296 3142 1350 salute
3172 1295 3313 1350 nihil
3346 1295 3715 1361 lucrabatur;

2020 1388 2116 1443 sed
2167 1386 2284 1443 Afri
2331 1385 2583 1457 episcopi
2615 1383 2975 1450 auctoritate,
3009 1382 3288 1455 dignitate
3308 1387 3479 1454 atque
3509 1382 3719 1452 opibus

2017 1493 2083 1532 eo
2129 1476 2376 1547 majores
2418 1478 2601 1540 erant,
2633 1489 2748 1544 quo
2803 1489 3009 1544 greges
3058 1488 3260 1527 eorum
3291 1471 3720 1527 numerosiores

2016 1565 2253 1634 ﬁebant,
2302 1580 2432 1635 qua
2482 1578 2599 1617 nou
2647 1563 2851 1616 ultima
2897 1577 3070 1617 causa
3108 1563 3314 1618 harum
3347 1561 3719 1616 vexationum

2021 1656 2195 1711 fuisse
2235 1655 2479 1709 videtur.
2536 1655 2608 1706 At
2659 1651 2858 1706 rhetor
2898 1655 3097 1705 noster
3153 1667 3266 1706 non
3316 1653 3545 1704 tantum
3575 1648 3719 1710 veri,

2023 1745 2120 1800 sed
2166 1760 2238 1798 ne
2285 1740 2612 1797 verisimilis
2645 1739 2881 1811 quidem
2930 1741 3106 1794 ullam
3166 1739 3446 1793 rationem
3503 1736 3720 1803 habet;

2018 1851 2122 1890 nec
2165 1849 2312 1904 opus
2347 1835 2485 1895 erat,
2537 1845 2667 1884 cum
2719 1830 2873 1884 hisce
2925 1828 3168 1899 argutiis
3201 1827 3439 1882 minime
3458 1842 3722 1880 cessuros

2020 1925 2266 1988 mulcta,
2289 1935 2560 1986 carceres,
2590 1918 2800 1985 exsilia,
2824 1934 2978 1971 mors
3004 1922 3323 1972 manerent.

2090 2009 2258 2074 Ibid.,
2292 2008 2396 2078 §8.
2430 2007 2489 2060 Si
2533 2019 2740 2074 semper
2787 2010 2920 2058 esset
2969 2004 3246 2059 laudabile
3298 2005 3724 2074 persecutionem

2016 2102 2159 2172 pati,
2219 2098 2478 2165 sufﬁceret
2518 2094 2746 2148 Domino
2794 2093 3007 2146 dicere:
3047 2093 3202 2146 Beati
3232 2091 3330 2163 qui
3361 2091 3721 2163 persecutio-

2022 2205 2152 2243 nem
2182 2187 2498 2259 patiuntur,
2546 2199 2639 2238 nec
2681 2182 2922 2246 adderet,
2974 2185 3208 2253 propter
3252 2181 3559 2252 justitiam.
3591 2179 3614 2252 ]
3649 2183 3723 2234 At

2023 2277 2333 2332 Donatista
2381 2279 2572 2346 partes
2629 2288 2759 2326 suas
2819 2271 3106 2328 catholicis
3165 2287 3282 2326 non
3337 2271 3724 2343 praferebaut

2022 2367 2318 2431 duntaxat,
2378 2362 2516 2433 quia
2549 2363 2969 2431 persecutionem
3016 2361 3386 2429 patiebantur,
3435 2360 3533 2414 sed
3559 2359 3721 2431 quia,

2021 2459 2088 2510 ut
2117 2453 2353 2526 quidem
2382 2451 2685 2523 putabant,
2715 2450 2820 2504 hoc
2857 2450 3030 2504 tiebat
3047 2450 3304 2518 justitia,
3336 2449 3443 2503 hoc
3467 2453 3574 2515 est,
3607 2447 3721 2501 vir-

2022 2543 2161 2598 tutis
2203 2557 2409 2607 causa;
2457 2539 2612 2611 quod
2659 2539 2882 2593 nollent
2935 2538 2994 2593 id
3025 2539 3207 2592 faccre
3233 2537 3388 2608 quod
3419 2537 3528 2592 sibi
3558 2535 3726 2591 illici-

2022 2637 2147 2688 tum
2194 2647 2314 2686 esse
2362 2645 2426 2683 ac
2474 2630 2588 2683 Deo
2635 2627 2938 2701 displicere
2977 2627 3303 2681 credebant.
3348 2627 3425 2680 Ea
3449 2631 3538 2680 est
3584 2641 3726 2680 sane

2025 2721 2204 2776 animi
2233 2718 2455 2775 affectio
2483 2717 2786 2784 laudanda,
2817 2715 2990 2770 etiam
3021 2716 3079 2770 in
3109 2715 3470 2770 errantibus:
3502 2719 3566 2769 ut
3586 2730 3724 2769 con-

2026 2816 2113 2866 tra
2142 2807 2504 2880 vituperandi
2526 2806 2626 2879 qui
2643 2807 2715 2860 ab
2739 2805 2933 2860 invitis
2957 2810 3298 2874 extorquent
3323 2809 3389 2859 ut
3412 2805 3470 2858 id
3483 2804 3724 2872 faciant,

2025 2904 2184 2955 metu
2201 2897 2632 2970 suppliciorum,
2656 2896 2810 2967 quod
2835 2895 3096 2950 illicitum
3119 2911 3239 2950 esse
3259 2899 3501 2964 putant;
3523 2909 3726 2964 quam-

222 2983 272 3033 et
307 2983 536 3036 veritate
559 2997 733 3036 causa
756 2998 882 3038 mea
903 2983 1191 3052 judicium,
1232 2987 1447 3051 frustra
1501 2986 1918 3040 reclamantibus
1955 2992 1994 3048 C
2028 2989 2112 3044 vis
2137 2987 2290 3043 enim
2323 2986 2482 3058 quod
2512 2985 2674 3039 inviti
2698 2985 2917 3040 faciunt
2947 2989 3149 3038 natura
3177 2999 3279 3038 sua
3301 2987 3518 3037 rectum
3550 2987 3721 3047 esset,

228 3069 584 3138 adversariis,
617 3071 936 3127 attribuitor
962 3093 977 3138 ;
1005 3075 1056 3128 si
1080 3089 1300 3128 numero
1325 3078 1375 3128 et
1422 3078 1748 3130 auctoritate
1793 3077 1914 3129 vin-

231 3173 342 3223 car,
376 3160 710 3214 adversariis
743 3166 871 3215 meis
897 3163 1047 3216 idem
1089 3165 1268 3228 facere
1313 3163 1457 3232 quod
1488 3167 1596 3230 feci
1619 3180 1686 3218 ne
1722 3165 1918 3218 liceto?

225 3247 369 3312 Quid
408 3248 550 3318 ﬁngi
581 3253 766 3320 potest
792 3249 1087 3320 iniquius?
1119 3253 1192 3304 Eo
1217 3254 1409 3304 tamen
1438 3251 1682 3306 tendunt
1709 3253 1917 3322 plera-

233 3351 344 3406 que
383 3351 582 3390 omnes
633 3337 1098 3392 ratiocinationes
1127 3339 1454 3409 Augustini,
1505 3345 1561 3394 et
1597 3341 1914 3411 prasertim

227 3428 542 3494 sequentes,
573 3441 714 3496 quas
739 3441 853 3478 non
876 3426 1209 3482 exscribam.

300 3513 469 3579 Ibid.,
501 3512 528 3584 §
559 3519 612 3568 7.
655 3516 853 3584 Aspice
898 3517 1063 3570 etiam
1107 3522 1352 3588 tempora
1401 3519 1538 3575 Novi
1572 3520 1913 3586 Testamenti,

235 3602 454 3672 quando
499 3604 619 3672 jam
665 3608 790 3674 ipsa
836 3607 1188 3662 mansuetudo
1237 3611 1486 3663 caritatis
1531 3623 1637 3662 non
1664 3610 1834 3663 solum
1863 3611 1919 3662 in

231 3691 390 3745 corde
420 3696 537 3746 erat
569 3692 860 3758 servanda,
891 3708 1074 3748 verum
1111 3698 1273 3750 etiam
1294 3699 1350 3750 in
1379 3699 1494 3751 luce
1541 3696 1913 3763 monstranda,

228 3779 446 3846 quando
477 3781 626 3834 Petri
647 3780 867 3848 gladius
908 3783 968 3835 in
1002 3785 1260 3852 vaginam
1296 3789 1576 3839 revocatur
1606 3802 1638 3838 a
1667 3784 1914 3852 Christo,

231 3870 281 3920 et
326 3868 627 3922 ostenditur
669 3884 776 3923 non
824 3869 1068 3926 debuisse
1123 3871 1188 3925 de
1235 3875 1440 3941 vagina
1484 3875 1667 3939 eximi,
1697 3889 1791 3928 nec
1815 3888 1918 3943 pro

235 3955 464 4012 Christo.
499 3955 520 4028 ]
553 3956 609 4012 Si
640 3957 769 4028 quis
797 3957 887 4012 his
915 3959 1074 4013 lectis
1102 3960 1340 4015 ulterius
1371 3977 1488 4015 non
1519 3966 1802 4033 pergeret,
1835 3961 1915 4015 fa-

227 4043 334 4098 cile
388 4045 644 4100 crederet
679 4045 802 4101 hac
843 4063 964 4102 esse
1014 4049 1186 4104 verba
1233 4051 1538 4105 Donatista
1567 4050 1917 4105 ostendentis

230 4132 456 4188 illicitas
499 4150 620 4189 esse
660 4151 858 4207 panas
900 4139 1243 4209 temporales
1290 4139 1349 4193 in
1379 4139 1548 4194 rebus
1579 4140 1648 4194 ad
1679 4139 1909 4210 religio-

222 4237 354 4276 nem
379 4223 821 4292 pertinentibus,
845 4226 994 4297 quod
1021 4226 1134 4281 sint
1154 4227 1333 4282 indoli
1361 4232 1530 4300 atque
1561 4229 1792 4299 ingenio
1821 4229 1916 4282 do-

227 4310 425 4366 ctrina
457 4313 795 4384 evangelica
820 4315 988 4385 plane
1014 4317 1332 4370 contraria.
1363 4319 1434 4371 At
1459 4317 1592 4372 hinc
1619 4321 1914 4372 consecta-

228 4399 379 4455 rium
431 4417 666 4472 prorsus
713 4403 999 4458 diversum
1054 4405 1300 4459 deducit.
1361 4407 1577 4477 Nempe
1635 4408 1756 4460 vult
1785 4407 1918 4462 inde

230 4487 444 4559 colligi,
480 4495 540 4544 ut
566 4491 713 4544 Deus
745 4491 913 4546 Pater
938 4491 1174 4547 tradidit
1202 4493 1407 4547 Filium
1447 4511 1613 4550 suum
1644 4495 1918 4566 supplicio

233 4578 435 4643 crucis,
467 4594 572 4632 nec
598 4582 790 4634 tamen
821 4579 1012 4634 minus
1041 4585 1124 4636 est
1156 4581 1507 4638 misericors:
1557 4583 1634 4638 sic
1683 4600 1786 4639 nec
1820 4587 1921 4639 Ec-

241 4665 425 4720 clesia
454 4667 733 4722 Africana
763 4669 1110 4724 crudelitatis
1135 4676 1327 4726 notam
1357 4671 1511 4728 inuri
1553 4689 1736 4744 posse,
1765 4674 1917 4746 quod

237 4754 562 4810 Donatistas
591 4756 888 4812 lictoribus
916 4760 1239 4830 plectendos
1282 4762 1529 4816 traderet
1553 4782 1567 4829 ;
1592 4779 1725 4817 nam
1755 4779 1920 4834 spec-

221 4845 462 4900 tandum
514 4844 608 4900 hic
648 4862 769 4901 esse
807 4847 1066 4903 animum
1097 4850 1466 4920 tradentium,
1499 4851 1598 4922 qui
1628 4853 1697 4906 ad
1729 4869 1922 4907 emen-

227 4933 523 4990 dationem
553 4936 890 4992 traditarum
949 4940 1239 4994 tendebat.
1297 4941 1478 5012 Igitur
1526 4941 1783 5013 quamvis
1829 4958 1919 4996 ca-

223 5023 429 5079 tholict
479 5041 594 5081 non
630 5025 797 5081 aliter
831 5043 902 5082 se
953 5033 1219 5099 gererent
1261 5045 1325 5084 ac
1369 5035 1788 5100 persecutores,
1823 5046 1920 5086 eos

227 5115 420 5168 tamen
473 5130 587 5170 non
648 5131 770 5170 esse
819 5115 1030 5172 illicita
1090 5119 1500 5189 persecutionis
1555 5119 1915 5175 incusandos.

226 5204 531 5269 Discamus,
580 5205 789 5278 inquit,
834 5209 1033 5275 frater,
1087 5209 1145 5261 in
1172 5207 1535 5262 similitudine
1564 5224 1783 5278 operum
1803 5208 1919 5262 dis-

225 5305 439 5346 cernere
486 5297 692 5350 animos
739 5300 1100 5366 operantium,
1141 5312 1233 5350 nec
1279 5298 1476 5352 clausis
1523 5299 1691 5352 oculis
1710 5299 1922 5352 calum-

230 5381 477 5449 miemur,
502 5387 552 5436 et
581 5383 850 5442 benevolos
878 5403 978 5457 pro
1005 5385 1315 5442 nocentibus
1341 5401 1664 5441 accusemus.
1705 5389 1778 5441 At
1803 5385 1922 5456 pri-

229 5483 390 5524 mum
441 5470 576 5541 quid
630 5472 816 5530 simile
850 5479 934 5531 est
973 5473 1186 5532 actioni
1218 5474 1316 5529 Dei
1345 5473 1613 5546 patientis
1636 5473 1921 5529 volentem

237 5556 441 5614 Filium
489 5577 656 5616 suum
704 5563 904 5630 occidi,
967 5564 1025 5620 in
1081 5564 1322 5619 salutem
1342 5562 1579 5618 humani
1612 5562 1857 5630 generis,
1891 5579 1921 5615 a

2028 3080 2142 3135 Deo
2173 3094 2288 3133 nou
2315 3079 2512 3148 posset
2541 3091 2658 3129 non
2692 3073 3012 3145 displicere,
3043 3072 3141 3144 qui
3169 3088 3286 3128 non
3315 3073 3436 3127 vult
3455 3087 3554 3126 ore
3578 3071 3726 3126 dun-

2025 3172 2180 3224 taxat
2224 3165 2350 3233 coli,
2403 3165 2501 3220 sed
2543 3164 2905 3235 potissimum
2974 3163 3190 3229 animo,
3240 3177 3345 3216 nec
3392 3162 3464 3216 ab
3524 3159 3723 3217 invitis

2026 3257 2344 3330 quidquam
2373 3253 2596 3323 accipit.

2097 3345 2242 3400 Ibid.
2293 3347 2426 3400 Item
2463 3345 2512 3397 si
2565 3356 2774 3410 semper
2807 3344 2943 3395 esset
2987 3339 3253 3409 culpabile
3296 3339 3723 3408 persecutionem

2023 3437 2224 3502 facere,
2254 3449 2361 3488 non
2389 3433 2653 3501 scriptum
2687 3434 2822 3484 esset
2848 3431 2907 3482 in
2926 3431 3130 3483 sanctis
3155 3428 3334 3483 Libris
3361 3443 3377 3494 ;
3407 3426 3726 3481 Detrahen-

2024 3529 2143 3579 tem
2187 3522 2450 3594 proximo
2505 3535 2606 3573 suo
2659 3518 2898 3583 occulte,
2953 3518 3106 3571 hunc
3151 3515 3577 3588 persequebar;
3621 3515 3724 3568 ali-

2024 3611 2242 3682 quando
2262 3626 2387 3678 ergo
2405 3614 2456 3664 et
2488 3609 2592 3678 qui
2621 3623 2737 3661 eam
2758 3609 2974 3676 patitur
3002 3607 3238 3675 injustus
3262 3609 3360 3669 est,
3391 3608 3442 3658 et
3467 3605 3568 3672 qui
3603 3619 3724 3658 eam

2024 3704 2164 3768 facit
2193 3702 2379 3770 justus
2427 3703 2526 3755 est.
2575 3698 2780 3750 Verum
2827 3711 2946 3749 non
2981 3695 3074 3750 hic
3120 3693 3190 3748 de
3232 3691 3429 3764 quavis
3469 3706 3723 3761 persecu-

2027 3792 2187 3857 tione,
2213 3789 2318 3843 hoc
2351 3792 2457 3857 est,
2483 3785 2778 3858 quibusvis
2806 3784 2990 3855 panis
3021 3783 3210 3854 agitur
3229 3802 3250 3850 ;
3279 3781 3378 3836 sed
3406 3781 3475 3836 de
3506 3796 3574 3835 ea
3602 3785 3726 3834 tan~

2025 3883 2149 3933 tum
2198 3893 2328 3949 qua
2375 3877 2440 3932 tit
2479 3879 2714 3947 propter
2762 3873 3050 3944 dogmata,
3097 3887 3210 3926 non
3251 3874 3486 3941 propter
3513 3869 3727 3924 delicta

2026 3966 2233 4038 quibus
2261 3965 2634 4036 perturbatur
2659 3962 2897 4016 societas
2930 3960 3131 4026 civilis,
3169 3964 3226 4014 et
3253 3959 3322 4014 de
3357 3957 3571 4030 quibus
3609 3973 3724 4012 non

2025 4074 2091 4112 ex
2149 4054 2450 4127 religiosis,
2509 4053 2606 4107 sed
2662 4068 2725 4106 ex
2775 4049 3030 4105 civilibus
3082 4049 3304 4120 legibus
3346 4063 3536 4118 pana
3571 4048 3726 4102 sumi

2024 4147 2282 4213 possunt.
2320 4145 2382 4197 In
2432 4142 2553 4197 loco
2599 4141 2806 4213 psalmi
2847 4157 2893 4207 c,
2920 4143 2972 4207 5,
3002 4143 3088 4194 est
3115 4138 3348 4210 quidem
3368 4136 3431 4191 in
3460 4138 3726 4194 versione

2033 4233 2156 4287 LXX
2215 4219 2592 4302 interpreium
2637 4229 2854 4289 ἐδίωκον,
2911 4229 3289 4299 persequebar,
3335 4226 3432 4280 sed
3487 4233 3550 4281 ut
3598 4229 3724 4298 jam

2029 4326 2180 4375 recte
2225 4337 2320 4375 eos
2365 4320 2598 4376 vertisse
2645 4325 2981 4384 statuamus,
3038 4334 3158 4372 non
3196 4321 3282 4372 est
3309 4315 3402 4372 hic
3432 4332 3622 4370 sermo
3654 4317 3725 4372 de

2029 4410 2295 4481 dogmate
2351 4414 2738 4475 controverso,
2790 4409 2887 4463 sed
2930 4408 3001 4462 de
3043 4406 3350 4472 calumnia,
3377 4406 3486 4460 hoc
3516 4411 3624 4472 est,
3655 4407 3725 4461 de

2028 4503 2277 4570 peccato,
2328 4498 2480 4570 quod
2534 4497 2633 4570 qui
2681 4495 2988 4552 committit
3011 4500 3307 4566 peccatum
3338 4510 3460 4548 esse
3489 4493 3728 4550 difﬁteri

2027 4601 2142 4640 non
2193 4589 2394 4657 potest.
2442 4585 2558 4639 Rex
2594 4583 2770 4639 David
2809 4599 2876 4637 eo
2905 4583 2967 4636 in
3014 4583 3139 4636 loco
3187 4583 3302 4636 Deo
3333 4581 3642 4652 pollicetur
3669 4598 3728 4636 se

2033 4675 2304 4730 daturum
2331 4689 2565 4746 operam
2593 4677 2657 4727 ut
2679 4688 2879 4727 omnes
2911 4671 3399 4726 calumniatoresa
3417 4674 3730 4742 conspectu

2028 4781 2130 4819 suo
2160 4763 2382 4836 ejiciat:
2445 4762 2854 4832 Detrahentem,
2900 4761 3088 4830 inquit
3132 4761 3271 4815 clam
3304 4762 3561 4830 proximo
3604 4775 3728 4826 suo,

2031 4854 2242 4920 tollam,
2277 4853 2476 4907 elatum
2506 4853 2671 4906 oculis
2691 4855 2742 4905 et
2763 4855 2975 4905 vastum
2998 4852 3180 4904 animo
3202 4864 3324 4904 nom
3359 4851 3558 4914 feram.
3583 4848 3729 4913 Quid

2029 4941 2152 4997 hac
2202 4941 2418 4996 faciunt
2466 4940 2535 4995 ad
2597 4939 3054 5011 persecutionem
3098 4938 3400 4992 hominum
3455 4937 3733 5008 dogmata

2029 5030 2319 5103 quapiam
2371 5030 2521 5085 bona
2559 5030 2670 5084 ﬁde
2708 5029 3120 5100 amplexorum,
3156 5042 3262 5082 nec
3291 5027 3603 5098 cateroqui
3632 5026 3730 5081 de-

2027 5120 2309 5174 teriorum
2350 5134 2602 5180 morum,
2651 5133 2826 5189 quam
2877 5120 3011 5172 sunt
3041 5114 3249 5188 reliqui
3269 5115 3459 5169 cives?
3486 5114 3731 5170 Hoccine

2027 5213 2114 5263 est
2183 5209 2554 5280 Scripturam,
2608 5212 2672 5262 ut
2725 5207 2905 5272 decet,
2954 5205 3338 5276 interpretari,
3391 5220 3468 5259 an
3516 5209 3731 5259 temere

2027 5297 2285 5367 arripere
2329 5296 2671 5350 vocabulum
2734 5295 2881 5349 male
2947 5295 3324 5362 intellectum,
3374 5297 3442 5347 ut
3485 5293 3730 5348 videaris

2031 5385 2257 5458 aliquid
2288 5385 2496 5452 dicere,
2530 5400 2658 5439 cum
2690 5400 2886 5438 revera
2918 5383 3064 5438 nihil
3094 5381 3294 5437 dicas?

2101 5473 2242 5542 Ibid,
2277 5473 2597 5530 Deciderunt
2618 5474 2778 5543 impii
2801 5473 3138 5544 prophetas;
3187 5469 3500 5526 occiderunt
3538 5471 3734 5541 impios

2032 5568 2083 5617 et
2131 5565 2420 5633 propheta.
2473 5563 2763 5627 Quosnam
2820 5566 3060 5634 propter
3090 5576 3273 5615 meras
3304 5559 3606 5631 opiniones
3637 5578 3730 5614 oc-
