3922 6188
198 296 291 348 257
1000 292 1362 351 VARIORUM
1403 293 2006 353 EXERCITATIONES
2046 294 2115 349 IN
2156 294 2211 348 S.
2252 293 2619 350 AUGUSTINI
2659 296 2912 351 OPERA.

3607 304 3712 357 258

197 409 433 466 ciderint
460 408 780 482 propheta,
805 410 1094 469 debuisset
1124 414 1312 469 dicere
1344 415 1732 487 Augustinus;
1765 431 1901 471 nam
1930 423 1975 474 Α
2011 414 2211 470 mirari
2230 431 2348 470 non
2374 432 2608 486 possum
2640 418 2740 488 qui
2767 418 3122 488 Augustinus
3168 423 3287 474 tam
3314 419 3574 476 futilibus
3613 439 3705 477 ra-

197 499 243 553 si
287 514 428 570 quos
472 499 785 555 occiderint
830 506 1066 572 propter
1104 502 1254 556 male
1304 503 1471 569 facta,
1506 520 1575 558 ex
1621 504 1747 575 lege
1780 504 1902 573 ipsa
2004 504 2254 560 tionibus
2284 507 2354 560 ad
2384 507 2840 575 persecutionem
2870 508 3227 576 probandam
3257 526 3321 563 ac
3350 511 3695 567 laudandam

195 588 361 643 Hosis
384 593 571 643 morte
600 589 918 658 plectenda,
939 591 1049 644 hoc
1100 592 1247 645 nihil
1284 592 1417 647 facit
1440 593 1511 647 ad
1555 594 1896 659 Donatistas,

192 683 293 732 aut
319 678 465 733 alios
514 678 782 733 similiter
823 684 1099 747 errantes,
1150 682 1436 736 Praterea
1478 683 1900 737 ostendendum

188 769 395 825 fuisset
437 769 733 840 quidquid.
776 769 1031 824 fecerunt
1069 771 1369 840 propheta
1413 771 1471 826 id
1514 772 1735 826 licitum
1779 788 1899 826 esse

192 858 296 912 sub
347 858 503 911 Novo
550 859 935 921 Testamento,
984 875 1119 913 nam
1176 860 1284 914 hoc
1330 865 1607 931 pernegat
1650 860 1899 916 Christus

194 946 589 1002 disertissimis
643 947 832 1001 verbis
889 949 1020 1002 Luc.
1076 964 1153 1017 1x,
1238 953 1327 1017 55,
1378 954 1466 1017 56,
1530 966 1633 1003 nec
1691 966 1900 1021 quem-

193 1052 374 1107 quam
429 1035 656 1106 legibus
704 1052 733 1090 a
773 1035 995 1090 Christo
1042 1036 1172 1089 latis
1228 1037 1447 1091 solvere
1474 1042 1662 1108 potest
1710 1041 1901 1107 Augu-

190 1123 331 1177 stini
377 1124 709 1179 auctoritas.
773 1126 1232 1191 Flagellaverunt,
1262 1125 1469 1196 inquit,
1514 1125 1696 1179 Judaei
1725 1127 1897 1179 Chri-

190 1218 357 1279 stum,
379 1212 593 1267 Iudaeos
630 1212 931 1281 ﬂagellauit
968 1218 1019 1267 et
1046 1214 1312 1269 Christus.
1344 1213 1515 1277 Quasi
1541 1229 1670 1267 vero
1701 1214 1898 1284 flagel-

190 1302 332 1355 latio
366 1301 469 1354 illa
501 1317 616 1372 qua
646 1302 903 1356 Christus
929 1303 1175 1373 pecudes
1205 1303 1394 1373 potius
1433 1318 1605 1373 quam
1635 1302 1899 1356 homines

190 1388 363 1460 ejecit
392 1406 423 1444 e
454 1390 694 1459 templo,
738 1390 921 1460 possit
966 1390 1212 1445 conferri
1233 1406 1364 1445 cum
1392 1390 1613 1446 crudeli
1642 1391 1898 1461 ﬂagella-

190 1480 348 1532 tione
370 1494 549 1550 quam
577 1479 834 1534 Christus
854 1495 1057 1550 passus
1079 1484 1162 1533 est
1182 1496 1215 1532 a
1236 1480 1508 1534 Romanis
1528 1479 1741 1534 Judais
1767 1495 1896 1549 gra-

188 1568 542 1623 tificantibus
575 1569 586 1624 !
621 1571 734 1623 Aut
762 1569 1118 1639 Augustinus
1146 1569 1307 1623 valde
1336 1568 1643 1639 spernebat
1666 1567 1900 1638 ingenia

190 1657 642 1726 Donatistarum,
668 1650 880 1729 quibus
910 1674 969 1712 se
993 1657 1277 1729 ejusmodi
1295 1657 1820 1711 ratiocinationibus
1837 1672 1898 1711 os

190 1747 491 1801 obstruere
533 1764 696 1819 posse
745 1748 1047 1817 sperabat;
1081 1752 1180 1801 aut
1226 1747 1410 1801 multo
1441 1746 1719 1816 majorem
1748 1745 1895 1799 fidu-

190 1837 336 1890 ciam
362 1836 566 1891 habuit
594 1836 655 1890 in
684 1836 881 1891 edictis
926 1836 1163 1891 Honorii
1208 1852 1383 1907 quam
1413 1836 1474 1889 in
1513 1836 1770 1906 pondere
1801 1853 1894 1890 ra-

191 1927 437 1981 tionum.
472 1926 563 1981 Sic
592 1943 823 1998 quoque
851 1926 1043 1998 pergit
1075 1944 1086 1981 :
1138 1928 1353 1981 Traditi
1397 1932 1523 1981 sunt
1570 1928 1804 1996 apostoli
1828 1927 1895 1980 ab

192 2016 497 2070 hominibus
546 2019 807 2085 potestati
862 2018 1126 2077 humanae,
1175 2016 1525 2071 tradiderunt
1551 2020 1601 2069 et
1660 2015 1897 2084 apostoli

193 2104 429 2157 homines
470 2106 729 2172 potestati
774 2104 1009 2158 Satanae.
1051 2104 1135 2157 Tu
1177 2118 1408 2173 quoque
1439 2101 1766 2156 tradidisses
1795 2102 1897 2155 Do-

190 2189 433 2257 natistis,
473 2190 523 2242 si
579 2190 886 2259 potuisses,
950 2191 1221 2261 potestati
1281 2191 1536 2256 Satana;
1589 2189 1687 2243 sed
1760 2189 1897 2260 quia

192 2295 325 2332 eum
356 2278 511 2333 dicto
543 2280 854 2334 audienten
890 2296 1008 2334 non
1050 2279 1322 2347 habuisti,
1363 2279 1661 2333 lictoribus
1706 2280 1894 2332 trade-

190 2368 329 2433 bas;
359 2368 517 2422 inter
546 2384 676 2439 qua
704 2370 1018 2423 maximum
1056 2373 1142 2424 est
1186 2368 1512 2423 discrimen.
1548 2368 1691 2421 Nam
1721 2367 1893 2421 homo

193 2472 442 2526 nequam
473 2472 624 2527 sape
656 2456 1298 2511 innocenteslictoribus
1315 2455 1567 2521 tradidit,
1598 2470 1894 2527 nunquam

190 2562 318 2599 vero
360 2545 590 2600 Satana
611 2564 629 2600 :
661 2547 763 2617 qui
795 2545 1010 2600 nemini
1038 2551 1200 2617 paret
1238 2545 1345 2599 nisi
1372 2545 1426 2599 ei
1473 2544 1739 2599 cuiDeus
1760 2559 1892 2597 eum

190 2634 436 2703 subjicit,
470 2650 579 2689 nec
606 2652 640 2688 a
671 2636 785 2690 Deo
828 2635 1100 2706 cuiquam
1138 2634 1457 2705 subjicitur,
1501 2633 1612 2687 nisi
1651 2648 1893 2687 summa

191 2722 412 2777 virtutis
433 2723 561 2779 viro
619 2728 676 2779 et
721 2728 1000 2795 potestate
1064 2724 1423 2779 edendorum
1478 2722 1892 2777 miraculorum

193 2813 487 2878 instructo,

254 2900 398 2953 Ibid.
436 2902 465 2966 §
496 2903 551 2955 9.
592 2902 711 2957 Non
752 2902 1024 2955 invenitur
1048 2900 1373 2967 exemplum,
1415 2897 1758 2969 inquiebant
1786 2900 1892 2953 Do-

2010 594 2217 649 adduci
2270 595 2544 665 potuerit,
2595 612 2700 649 nec
2738 596 2943 651 viderit
2972 613 3099 651 eam
3130 615 3260 652 cum
3281 598 3511 654 caritate
3541 599 3705 655 Chri-

2009 683 2194 737 stiana
2220 682 2527 737 consistere
2553 686 2711 739 nullo
2744 685 2911 739 modo
2942 702 3129 756 posse.
3163 687 3404 754 Alfectu,
3450 692 3510 743 ut
3536 694 3706 760 puto,

2013 771 2329 826 obcacatus
2356 776 2464 827 est.

2079 862 2247 928 Ibid.,
2282 861 2309 931 ἓ
2360 866 2443 916 l7.
2492 864 2591 916 His
2624 878 2749 929 ergo
2794 864 3052 931 exemplis
3095 879 3129 917 a
3158 865 3372 932 collegis
3401 867 3530 920 meis
3559 880 3694 934 pro-

2003 954 2198 1020 positis
2236 954 2385 1005 cessi.
2437 953 2579 1007 Nam
2627 967 2744 1005 mea
2787 954 3050 1021 primitus
3096 956 3361 1007 sententia
3410 970 3516 1009 non
3563 960 3735 1021 erat,‘

2008 1042 2119 1093 nisi
2138 1043 2399 1095 neminem
2419 1041 2493 1094 ad
2517 1042 2779 1094 unitatem
2809 1041 3014 1096 Christi
3040 1056 3150 1095 esse
3179 1042 3491 1110 cogendum,
3538 1044 3697 1098 verbo

2008 1143 2119 1182 esse
2158 1129 2446 1195 agendum,
2496 1128 2865 1197 disputatione
2907 1129 3285 1197 pugnandum,
3325 1135 3536 1186 ratione
3580 1134 3702 1187 vin-

2011 1218 2258 1286 cendum,
2322 1234 2388 1272 ne
2425 1220 2573 1287 ﬁctos
2616 1219 2902 1273 catholicos
2950 1218 3261 1272 haberemus
3313 1235 3443 1287 quos
3487 1226 3703 1289 apertos

2009 1307 2279 1361 hareticos
2309 1321 2646 1360 noveramus.
2681 1306 2703 1377 j
2740 1308 2809 1360 Ut
2836 1306 3192 1375 Augustinus
3221 1313 3389 1361 norat
3415 1323 3484 1361 ex
3516 1309 3707 1363 rheto-

2010 1394 2121 1448 rica
2140 1393 2521 1461 institutione,
2539 1394 2593 1448 id
2619 1394 2804 1448 dicere
2828 1410 2931 1464 pro
2952 1393 3323 1463 temporibus,
3344 1396 3497 1465 quod
3520 1412 3704 1451 causa

1998 1483 2407 1554 postulabant:
2441 1484 2519 1536 ita
2563 1483 2735 1537 etiam
2785 1499 2889 1552 pro
2941 1482 3297 1553 temporibus
3324 1484 3553 1538 videtur
3581 1501 3707 1539 sen-

2008 1571 2165 1625 sisse.
2220 1570 2356 1636 Quis
2406 1572 2559 1625 enim
2612 1571 2835 1626 dubitat
2856 1571 3020 1642 quin,
3050 1571 3098 1624 si
3131 1571 3388 1625 Ecclesia
3428 1573 3707 1628 Africana

2008 1674 2042 1710 a
2089 1656 2487 1727 persecutione
2536 1655 2967 1709 abhorruissent
3005 1661 3060 1709 et
3088 1656 3387 1726 petiissent
3415 1656 3487 1710 ab
3512 1658 3706 1711 Hono-

2005 1745 2092 1799 rio
2132 1750 2195 1799 ut
2240 1745 2658 1815 abrogarentur
2696 1745 2846 1813 leges
2875 1750 3073 1798 contra
3104 1745 3450 1810 Donatistae,
3482 1751 3704 1799 contra-

2004 1834 2147 1888 riam
2197 1849 2425 1887 causam
2469 1832 2693 1903 copiose
2739 1838 3113 1902 peroraturus
3143 1832 3385 1886 fuisset?
3418 1834 3533 1903 Ego
3565 1849 3703 1888 sane

2005 1923 2163 1975 nullo
2195 1922 2369 1976 modo
2392 1921 2589 1975 dubito
2610 1921 2751 1993 quin
2775 1921 2821 1974 si
2841 1921 3006 1975 illum
3026 1922 3178 1991 apud
3194 1922 3470 1975 Vandalos
3490 1927 3705 1977 vexata

2002 2011 2075 2063 ab
2118 2011 2343 2064 Arianis
2393 2011 2651 2064 Ecclesia
2698 2009 2977 2065 Africana
3027 2025 3255 2064 causam
3306 2010 3494 2064 dicere
3526 2026 3706 2081 opor-

2003 2099 2222 2165 tuisset,
2256 2100 2557 2154 contrariis
2601 2100 2769 2170 plane
2822 2116 2963 2153 usus
2994 2104 3142 2153 esset
3171 2100 3548 2169 argumentis,
3575 2116 3712 2171 qua-

2000 2188 2078 2241 lia
2119 2189 2255 2242 olim
2314 2188 2618 2243 Christiani
2649 2188 2802 2258 apud
2833 2188 3091 2241 ethnicos
3123 2188 3520 2257 adhibuerant,
3576 2205 3708 2244 cum

2001 2277 2072 2331 ab
2102 2277 2172 2331 iis
2220 2278 2369 2332 male
2403 2277 2772 2332 haberentur.
2816 2276 2915 2330 Hic
2941 2276 3097 2330 enim
3126 2277 3480 2347 Augustinus
3507 2294 3583 2331 an
3615 2293 3706 2332 res

2001 2366 2075 2421 sit
2123 2383 2227 2438 per
2255 2384 2313 2422 se
2342 2367 2543 2438 iniqua
2571 2383 2689 2421 non
2719 2366 3007 2437 expendit,
3034 2365 3131 2419 sed
3177 2371 3402 2420 tantum
3435 2383 3510 2420 an
3556 2367 3710 2421 utilis

2000 2456 2289 2511 videretur
2337 2456 2597 2511 Ecclesia
2668 2455 2988 2522 Africana;
3044 2454 3228 2525 qualis
3275 2455 3494 2509 utilitas
3548 2456 3709 2511 nulla

2001 2545 2225 2612 fuisset,
2259 2544 2305 2598 si
2334 2546 2477 2599 forte
2501 2544 2784 2598 Honorius
2803 2543 3032 2598 favisset
3061 2542 3391 2598 Donatistis.

2073 2633 2218 2687 Ibid.
2270 2634 2375 2689 Sed
2416 2635 2523 2687 hac
2563 2635 2742 2703 opinio
2776 2649 2895 2687 mea
2929 2635 3175 2702 (nempe,
3198 2632 3360 2686 fictos
3389 2632 3705 2688 catholicos

2001 2722 2396 2793 persecutione
2428 2722 2577 2790 ﬁeri)
2603 2737 2709 2775 non
2729 2720 3212 2776 contradicentium
3245 2721 3441 2783 verbis,
3475 2722 3570 2776 sed
3608 2722 3708 2775 de-

2000 2813 2419 2865 monstrantium
2463 2810 2827 2879 superabatur
2872 2811 3149 2878 exemplis.
3190 2810 3332 2864 Nam
3358 2813 3538 2879 primo
3568 2812 3709 2864 mihi

2002 2900 2370 2968 opponebatur
2404 2901 2600 2953 civitas
2647 2914 2783 2961 mea,
2827 2913 2946 2967 qua
2991 2913 3110 2951 cum
3154 2903 3267 2951 tota
3301 2904 3435 2953 esset
3465 2902 3522 2952 in
3544 2904 3707 2968 parte

194 2988 437 3055 natista,
488 2990 551 3042 in
591 2989 913 3056 euangelicis
944 2993 994 3043 et
1032 2989 1341 3057 apostolicis
1384 2988 1628 3049 Litteris,
1678 2988 1895 3056 aliquid
1931 3005 1968 3061 ρ
2003 2987 2225 3054 Donati,
2269 2988 2343 3041 ad
2381 2988 2643 3041 unitatem
2691 2987 3012 3040 catholicam
3056 2988 3245 3039 timore
3286 2988 3462 3053 legum
3525 2990 3696 3056 impe-

190 3080 422 3145 positum
463 3092 499 3130 a
548 3077 765 3147 regibus
796 3082 952 3131 terra
994 3092 1095 3145 pro
1137 3078 1377 3131 Ecclesia
1405 3080 1595 3129 contra
1648 3078 1892 3131 inimicos

193 3166 458 3220 Ecclesia.
490 3165 739 3234 Reponit
786 3165 1134 3236 Augustinus
1165 3165 1328 3231 :Quis
1374 3169 1539 3231 negat
1591 3178 1699 3218 non
1746 3166 1893 3219 inve-

189 3255 336 3307 niri?
364 3253 479 3309 Sed
505 3254 745 3308 nondum
774 3254 1101 3322 implebatur
1124 3254 1224 3308 illa
1248 3254 1543 3323 prophetia
1577 3269 1590 3308 :
1626 3254 1697 3309 Et
1715 3270 1889 3317 nunc,

189 3358 370 3413 reges,
404 3342 742 3413 intelligite,
765 3342 1075 3397 erudimini
1095 3343 1194 3413 qui
1208 3342 1477 3413 judicatis
1500 3347 1733 3408 terram,
1754 3341 1889 3413 etc.]

189 3433 313 3487 Vult
340 3431 627 3486 nimirum
653 3432 1008 3503 Augustinus
1037 3431 1326 3487 Christum
1352 3436 1410 3486 et
1454 3431 1746 3502 apostolos
1776 3447 1895 3485 non

188 3537 315 3575 usos
363 3520 604 3575 brachio
634 3521 914 3588 saculari,
959 3526 1025 3576 ut
1052 3522 1391 3593 loquuntur,
1434 3520 1506 3574 ad
1553 3520 1894 3575 coercendos

184 3626 245 3665 ac
288 3610 631 3681 plectendos
682 3610 948 3665 inimicos
1001 3610 1281 3673 Ecclesia,
1336 3602 1474 3680 q‘uia
1523 3609 1668 3663 nulli
1732 3613 1895 3663 erant

182 3715 345 3770 reges
382 3699 492 3770 qui
522 3699 605 3753 eis
647 3698 920 3754 faverent.
964 3699 1136 3763 Quasi
1166 3714 1299 3753 vero
1348 3714 1412 3751 ea
1442 3714 1559 3751 non
1593 3697 1768 3751 fuerit
1791 3714 1892 3752 na-

183 3788 297 3843 tiva
350 3788 582 3842 indoles
628 3787 792 3858 regni
843 3787 1068 3853 Christi,
1120 3787 1274 3858 quod
1320 3787 1442 3857 ipse
1492 3790 1732 3841 testatur
1777 3802 1894 3840 non

179 3893 303 3931 esse
333 3878 506 3946 hujus
531 3878 741 3944 mundi,
774 3877 1151 3947 quamobrem
1183 3875 1506 3946 legionibus
1533 3874 1772 3929 minime
1802 3875 1893 3929 de-

173 3965 538 4021 fendebatur
567 3966 582 4019 l
616 3968 704 4019 An
735 3981 853 4019 non
892 3965 1078 4035 potuit
1101 3964 1380 4030 Christus,
1412 3964 1458 4017 si
1478 3964 1770 4029 voluisset,
1804 3961 1893 4015 in-

174 4060 421 4126 gentem
470 4054 698 4125 cepiam
751 4055 1085 4109 Judaorum
1127 4053 1199 4108 ad
1239 4069 1401 4107 arma
1442 4069 1659 4116 vocare,
1715 4056 1783 4106 ut
1834 4066 1893 4105 se

174 4149 449 4199 tueretur
493 4148 690 4198 contra
734 4143 1018 4209 inimicos,
1068 4148 1124 4197 et
1159 4142 1311 4213 quod
1362 4142 1578 4197 viribus
1624 4138 1894 4195 humanis

171 4232 384 4287 deerat
421 4233 478 4287 vi
526 4232 715 4287 divina
757 4232 1169 4287 miraculorum
1212 4230 1483 4302 perfacile
1525 4231 1814 4300 supplere,
1847 4228 1895 4282 si

168 4323 255 4377 ita
288 4323 413 4377 Deo
441 4322 627 4375 visum
656 4321 899 4376 fuisset?
931 4322 1090 4375 Idem
1120 4320 1189 4375 de
1220 4319 1489 4390 apostolis
1521 4319 1746 4374 dixeris.

244 4410 429 4478 Ibid.,
484 4408 514 4481 ἕ
558 4413 643 4464 ll.
688 4410 776 4465 Sic
822 4409 1162 4481 Rogatistas,
1213 4408 1313 4479 qui
1360 4408 1605 4462 schisma
1646 4408 1716 4462 ab
1756 4406 1895 4477 ipsis

168 4499 499 4555 Donatistis
524 4499 794 4565 fecerant,
838 4498 1150 4569 alloquitur
1181 4514 1194 4553 :
1246 4498 1487 4553 Mitiores
1518 4496 1739 4565 quidem
1786 4510 1895 4549 esse

162 4589 467 4653 videmini,
492 4589 627 4657 quia
651 4602 771 4641 cum
792 4588 1296 4644 Circumcellionum
1328 4586 1737 4640 immanissimis
1766 4599 1895 4651 gre-

162 4678 333 4743 gibus
361 4692 475 4729 non
502 4676 742 4741 savitis;
771 4674 866 4728 sed
896 4674 1051 4730 nulla
1103 4672 1296 4741 bestia,
1321 4676 1372 4727 si
1414 4673 1678 4726 neminem
1704 4672 1893 4726 vulne-

161 4768 277 4831 ret,
306 4768 609 4835 propterea
643 4767 927 4817 mansueta
944 4762 1174 4827 dicitur,
1206 4763 1355 4830 qmia
1404 4760 1585 4814 dentes
1614 4763 1665 4812 et
1690 4772 1894 4827 ungues

1999 3077 2223 3130 rialium
2251 3091 2506 3130 conversa
2530 3080 2627 3141 est,
2660 3090 2825 3142 quam
2849 3089 2992 3128 nunc
3012 3073 3253 3128 videmus
3274 3077 3351 3128 ita
3399 3073 3564 3144 hujus
3602 3091 3705 3129 ve-

2000 3168 2125 3219 stra
2145 3165 2510 3218 animositatis
2527 3164 2823 3231 perniciem
2851 3162 3128 3227 detestari,
3151 3167 3212 3216 ut
3232 3165 3293 3216 in
3316 3178 3380 3216 ea
3415 3179 3701 3233 nunquam

1997 3254 2170 3319 fuisse
2195 3252 2467 3307 credatur.
2500 3249 2521 3323 ]
2560 3251 2739 3305 Facile
2767 3251 3003 3322 quidem
3034 3251 3158 3305 fieri
3189 3256 3374 3321 potest
3404 3256 3467 3305 ut
3512 3251 3709 3317 adole-

2001 3346 2220 3394 scentes
2249 3345 2305 3393 et
2329 3340 2538 3409 puella
2577 3339 2924 3393 sententiam
2974 3338 3273 3393 vexatione
3308 3342 3533 3393 mutent
3560 3356 3575 3405 ;
3607 3339 3708 3393 sed

2001 3429 2407 3485 difﬁcillimum
2438 3433 2523 3482 est
2554 3432 2615 3482 ut
2642 3428 2978 3498 grandiores
3009 3432 3147 3482 natu
3179 3432 3234 3482 et
3274 3428 3706 3500 perspicacioris

1998 3519 2216 3588 ingenii
2246 3518 2508 3573 homines
2537 3517 2841 3572 alieniores
2866 3517 3046 3571 multo
3077 3533 3193 3571 non
3223 3517 3365 3570 ﬁant
3388 3516 3701 3571 a'doctrina

2001 3624 2135 3680 qua
2168 3608 2249 3662 eis
2277 3607 2333 3661 vi
2363 3606 2665 3677 ingeritur.
2707 3607 2904 3677 Itaque
2933 3621 3063 3659 cum
3093 3605 3152 3659 hi
3178 3605 3375 3659 dicunt
3402 3611 3557 3659 metu
3580 3622 3706 3677 poe-

2000 3712 2209 3751 narum
2231 3713 2289 3751 se
2318 3696 2484 3750 aliter
2500 3697 2733 3760 sentire,
2755 3699 3059 3765 propterea
3081 3694 3241 3765 digni
3263 3694 3375 3748 tide
3395 3711 3510 3749 non
3542 3698 3698 3749 sunt.

1999 3789 2073 3839 At
2102 3786 2277 3839 altera
2314 3789 2471 3849 atas,
2525 3785 2774 3855 inquies,
2822 3799 2953 3854 qua
2981 3783 3227 3837 schisma
3258 3800 3374 3837 non
3395 3783 3558 3849 vidit,
3588 3788 3705 3837 est-

2004 3890 2116 3945 que
2145 3873 2207 3928 in
2245 3872 2537 3928 catholicis
2566 3872 2792 3943 placitis
2823 3872 3083 3936 educata,
3118 3871 3272 3925 haud
3303 3870 3469 3924 aliter
3497 3886 3563 3923 ea
3592 3884 3708 3923 am.

2001 3963 2293 4033 plectitur,
2348 3977 2524 4032 quam
2572 3961 2619 4014 si
2664 3960 2891 4014 nullum
2926 3976 3183 4029 unquam
3212 3959 3456 4012 schisma
3485 3957 3703 4011 fuisset.

2002 4052 2123 4106 Non
2162 4051 2433 4117 diffiteor,
2486 4049 2583 4103 sed
2631 4048 2910 4103 contendo
2952 4047 3240 4101 schismati
3272 4047 3447 4100 ﬁnem
3479 4045 3706 4114 imponi

2002 4138 2398 4193 vexationibus
2453 4137 2682 4191 nonnisi
2727 4136 2923 4207 inique
2956 4141 3128 4205 atque
3173 4135 3490 4188 inhumane
3518 4149 3703 4203 posse,

2007 4229 2191 4299 iisque
2231 4226 2445 4281 artibus
2499 4242 2618 4280 non
2660 4224 2832 4279 modo
2874 4225 3234 4281 schismaex
3262 4220 3579 4293 pertinacia
3605 4226 3707 4276 aut

1932 4298 1974 4352 Ῑ)
2006 4298 2297 4387 imperitia
2327 4319 2540 4381 ortum,
2562 4313 2658 4366 sed
2684 4317 2741 4366 et
2769 4326 3001 4365 omnem
3032 4308 3286 4363 veritatis
3315 4308 3706 4379 cognitionem

2007 4406 2130 4461 tolli
2156 4422 2168 4461 :
2202 4410 2266 4459 ut
2293 4404 2474 4475 liquet
2501 4403 2589 4456 vel
2620 4401 2799 4473 ipsius
2827 4400 3031 4454 Africa
3061 4400 3345 4469 exemplo,
3397 4397 3459 4452 in
3489 4414 3603 4469 qua
3635 4414 3707 4452 ne

2003 4511 2155 4549 unus
2190 4493 2423 4565 quidem
2468 4495 2750 4562 superest,
2802 4507 2836 4544 a
2872 4489 3136 4559 pluribus
3163 4487 3399 4550 saculis,
3437 4487 3705 4543 Christia-

2002 4601 2131 4639 nus.
2160 4583 2463 4648 Nimirum,
2489 4578 3099 4635 Muhammedanorum
3119 4577 3281 4633 furor
3301 4577 3569 4632 exstinxit
3588 4576 3704 4631 illic

2001 4671 2343 4742 religionem
2374 4667 2772 4732 Christianam,
2806 4667 3086 4722 similibus
3134 4667 3353 4721 artibus
3390 4666 3458 4720 iis
3493 4664 3702 4736 quibus

2003 4761 2261 4815 evulsum
2303 4758 2490 4812 fuerat
2538 4757 2677 4810 olim
2717 4756 2963 4809 schisma
3022 4755 3465 4809 Donatistarum.
3522 4752 3703 4823 Igitur

2002 4865 2120 4904 non
2152 4851 2275 4902 erat
2303 4846 2456 4917 quod
2487 4845 2556 4899 de
2577 4848 2779 4898 eventu
2813 4840 3157 4912 gloriaretur
3186 4840 3557 4913 Augustinus,
3601 4839 3702 4911 qui

2003 4936 2266 4991 omnium
2296 4933 2656 4988 vexationum
2687 4947 2789 5003 par
2808 4934 2911 4985 est.

2073 5025 2239 5090 Ibid.,
2267 5023 2295 5095 §
2330 5027 2413 5079 18.
2448 5024 2544 5077 llis
2564 5023 2810 5077 omnibus
2841 5021 3035 5075 harum
3066 5020 3240 5086 legum
3275 5023 3466 5085 terror,
3507 5017 3703 5085 quibus

1999 5113 2411 5185 promulgandis
2440 5128 2589 5179 reges
2618 5114 2862 5166 serviunt
2886 5112 3117 5165 Domino
3150 5111 3209 5162 in
3235 5109 3443 5172 timore,
3476 5107 3558 5160 ita
3572 5122 3698 5175 pro-

2001 5204 2135 5270 fuit,
2182 5205 2242 5255 ut
2269 5215 2411 5254 nunc
2441 5201 2541 5254 alii
2579 5199 2804 5254 dicant:
2835 5201 2957 5253 Jam
2987 5199 3081 5251 hoc
3112 5195 3437 5255 volebamus,
3477 5193 3571 5247 sed
3601 5196 3703 5248 Deo

2002 5293 2235 5360 gratias,
2271 5291 2367 5358 qui
2393 5290 2546 5343 nobis
2581 5290 2907 5343 occasionem
2937 5286 3171 5355 praebuit
3200 5284 3323 5354 jam
3354 5283 3583 5352 jamque
3602 5283 3701 5349 fa-

2004 5381 2182 5435 ciendi
2209 5383 2259 5434 et
2289 5378 2617 5433 dilationum
2658 5378 2894 5432 morulas
2924 5376 3251 5444 amputavit,
3277 5378 3381 5427 etc.
3417 5369 3438 5442 ]
3490 5372 3568 5425 Ne
3610 5387 3703 5425 re-

2003 5474 2199 5541 petam
2232 5484 2329 5523 eos
2361 5467 2461 5538 qui
2489 5467 2571 5521 ita
2606 5465 2987 5538 loquebantur
3037 5462 3303 5533 indignos
3348 5460 3531 5515 fuisse
3562 5459 3696 5526 fide,

2004 5555 2211 5623 dicam,
2242 5555 2527 5626 ejusmodi
2556 5568 2846 5610 sermones
2875 5551 3123 5620 auditos,
3153 5551 3485 5622 ubicunque
3514 5549 3569 5604 vi
3591 5564 3693 5604 su-

158 4868 277 4907 non
311 4854 503 4906 habet.
536 4852 737 4907 Savire
774 4866 865 4906 vos
894 4850 1037 4905 nolle
1068 4849 1274 4916 dicitis,
1308 4864 1400 4916 ego
1426 4864 1531 4902 non
1567 4862 1721 4918 posse
1750 4846 1897 4903 arbi-

159 4946 309 5009 tror,
345 4938 491 5013 etc.]
522 4940 646 4994 Non
677 4938 810 4993 satis
839 4938 1105 4993 novimus
1164 4937 1502 5009 Rogatistas,
1546 4953 1649 4991 nec
1694 4951 1896 4991 eorum

154 5030 355 5085 libros
398 5030 698 5095 habemus,
744 5033 808 5083 ut
863 5027 1256 5098 intelligamus
1288 5027 1577 5097 quomodo
1628 5042 1893 5096 persecu-

154 5120 404 5176 tionem
436 5122 878 5189 oppugnarent;
926 5118 1027 5171 sed
1056 5115 1433 5187 intelligimus
1478 5114 1643 5169 facile
1672 5113 1894 5167 immite

156 5209 281 5264 hoc
313 5214 381 5263 et
435 5207 818 5262 inhumanum
866 5223 987 5261 esse
1028 5221 1388 5277 responsum,
1441 5205 1720 5274 valdeque
1750 5202 1894 5257 alie-

158 5314 314 5353 num
350 5315 390 5352 a
416 5296 865 5351 mansuetudine
906 5311 1078 5366 quam
1109 5311 1227 5366 pra
1260 5311 1317 5348 se
1358 5294 1506 5348 ferre
1536 5292 1754 5347 solebat
1778 5295 1896 5345 Au-

162 5388 473 5458 gustinus.
516 5384 624 5449 Qui
669 5374 823 5438 enim
853 5388 1091 5438 noverat
1115 5399 1312 5437 eorum
1344 5380 1614 5437 animos?
1663 5383 1752 5434 An
1778 5396 1894 5434 non

159 5481 407 5547 poterat
435 5474 566 5527 ﬁeri
588 5477 653 5527 ut
677 5489 744 5526 ex
761 5472 953 5528 animo
987 5471 1056 5528 ab
1084 5472 1244 5527 omni
1265 5469 1661 5543 persecutione
1683 5469 1897 5524 abhor-

160 5566 423 5621 rerent?
469 5562 659 5619 Facile
705 5578 842 5620 sane
900 5562 1007 5617 hoc
1051 5560 1194 5616 mihi
1238 5558 1577 5633 persuadeo,
1606 5557 1707 5630 qui
1758 5558 1897 5614 satis
