3922 6188
310 304 415 357 259

1301 289 1862 349 SUPPLEMENTUM
1903 289 1994 344 AD
2031 288 2266 345 OPERA
2303 291 2359 344 S.
2401 287 2791 347 AUGUSTINI.

3667 299 3749 353 260

309 423 503 495 perior
555 422 749 494 aliqua
793 436 964 475 causa
996 419 1142 473 facta
1171 421 1276 485 est,
1305 414 1627 480 hominum,
1654 428 1883 484 nempe,
1909 411 1994 466 vi-
2031 412 2076 468 A
2108 413 2405 481 separatim
2425 414 2627 479 vivens,
2685 410 2748 465 id
2798 414 2877 466 est
2925 409 3102 464 altera
3148 410 3352 495 anima,
3399 407 3521 481 etc.)
3573 415 3752 489 Nempe

309 501 483 568 ctoris
513 513 766 567 favorem
796 507 1170 565 ambientium
1220 511 1277 560 et
1312 509 1643 576 paratorum
1672 501 1898 574 quidvis
1923 502 2007 556 fa-

313 617 440 656 cere
468 606 524 655 et
568 601 705 671 pati,
754 607 820 655 ut
859 594 1382 652 facultatibus/suis
1413 593 1718 664 tranquille
1747 592 2006 647 frueren-

316 695 429 746 tur.
466 689 723 760 Denique
756 704 866 741 non
897 685 1058 756 capio
1087 684 1187 754 qui
1217 684 1297 737 ita
1327 681 1655 737 ratiocinari
1682 686 1876 752 posset
1895 683 2006 734 Au-

315 779 598 850 gustinus,
633 776 737 848 qui
765 775 1038 830 credebat
1069 772 1330 827 homines
1359 771 1426 825 ad
1461 772 1639 824 Deum
1671 769 1793 823 sola
1828 768 2006 839 gratia

314 870 559 928 interna,
605 871 660 920 et
706 864 897 920 electis
945 863 1078 918 solis
1118 860 1482 916 concedenda
1525 857 1798 925 converti,
1851 860 1906 910 et
1938 857 2009 910 ad

315 958 491 1013 vitam
533 959 806 1010 aeternam
850 951 1074 1007 adduci.
1097 950 1240 1016 Quid
1289 948 1445 1002 enim
1491 946 1675 1017 magis
1695 945 1948 1000 alienum
1977 960 2010 999 a

321 1045 506 1117 gratia
533 1043 746 1111 divina,
780 1057 954 1114 quam
985 1041 1234 1106 mulctae,
1268 1037 1482 1104 exsilia,
1519 1035 1744 1106 aliaque
1788 1033 2008 1104 suppli-

317 1136 450 1190 cia?
501 1134 639 1198 Quis
691 1133 877 1188 dicere
923 1130 1220 1194 sustineat,
1255 1127 1354 1198 qui
1374 1126 1546 1180 modo
1573 1125 1788 1195 pudore
1814 1123 2008 1194 aliquo

314 1227 600 1290 teneatur,
627 1238 733 1276 nec
762 1235 992 1274 omnem
1026 1216 1323 1288 religionis
1352 1213 1727 1269 reverentiam
1769 1211 2010 1276 exuerit,

315 1313 542 1368 irritam
589 1311 759 1381 plane
807 1326 928 1364 esse
977 1307 1135 1362 verbi
1174 1305 1362 1360 divina
1388 1302 1876 1375 praedicationem,
1906 1315 2012 1354 nec

317 1401 560 1473 gratiam
591 1399 841 1454 divinam
873 1413 1000 1452 cum
1033 1413 1100 1450 ea
1145 1393 1438 1465 conjungi,
1487 1392 1596 1446 nisi
1624 1391 1852 1445 accedat
1880 1405 2012 1460 per-

320 1488 572 1545 secutio?
601 1488 761 1552 Quod
793 1487 839 1540 si
871 1486 1062 1540 divina
1085 1483 1266 1556 gratia
1296 1482 1530 1536 minime
1561 1483 1845 1550 exspectet
1874 1495 2012 1550 per—

318 1577 691 1639 secutionem,
735 1578 798 1628 ut
853 1574 1071 1626 animos
1112 1569 1409 1625 hominum
1459 1568 1696 1636 molliat,
1741 1568 1877 1638 quid
1907 1568 2012 1622 hac

317 1683 460 1737 opus
492 1670 594 1730 est,
615 1663 844 1735 quando
872 1662 1055 1734 gratia
1083 1660 1275 1715 divina
1294 1659 1418 1712 sine
1446 1657 1844 1729 persecutione
1873 1672 2011 1710 con-

318 1755 522 1811 vertit?
563 1757 637 1808 At
687 1752 1016 1814 Donatistae,
1065 1749 1308 1820 inquies,
1358 1763 1472 1801 non
1503 1747 1808 1801 audiebant
1838 1746 2008 1800 ratio-

319 1859 420 1898 nes
477 1842 908 1904 catholicorum,
967 1839 1079 1893 nisi
1126 1841 1428 1909 postquam
1473 1841 1632 1890 metu
1684 1835 1746 1889 in
1801 1835 2010 1890 horum

318 1931 581 1989 ecclesias
627 1930 856 1985 adducti
907 1933 1056 1984 sunt.
1111 1928 1321 1981 Verum
1367 1941 1562 1980 annon
1601 1924 1865 1995 legebant
1895 1924 2012 1978 No-

316 2037 451 2077 vum
499 2019 974 2075 Testamentum?
1019 2020 1105 2071 An
1149 2015 1332 2085 gratia
1362 2014 1552 2070 divina
1581 2014 1886 2084 conjuncta
1911 2029 2013 2084 po-

316 2110 426 2164 tius
475 2107 584 2162 fuit
631 2124 762 2161 cum
808 2106 974 2161 dictis
1011 2109 1068 2159 et
1096 2104 1318 2174 scriptis
1356 2103 1645 2168 Afrorum,
1680 2118 1854 2174 quam
1883 2117 2012 2156 cum

318 2197 493 2252 verbo
523 2196 762 2251 divino?
787 2194 893 2258 Qui
919 2195 1040 2248 haec
1077 2192 1253 2264 probe
1283 2192 1606 2262 expendent
1646 2191 1810 2246 facile
1850 2189 2015 2244 intel-

318 2285 498 2355 ligent
535 2283 829 2338 affectibus
875 2282 968 2336 hic
1015 2282 1197 2336 multo
1235 2282 1364 2352 plus
1384 2282 1582 2336 datum
1609 2277 1816 2346 fuisse,
1839 2295 2013 2351 quam

322 2372 622 2444 cupiditati
701 2371 1023 2426 adducendi
1093 2369 1235 2424 alios
1278 2369 1347 2424 ad
1395 2369 1680 2424 saniorem
1736 2374 2008 2437 mentem,

322 2463 730 2533 episcoposque
764 2461 927 2516 Afros
973 2458 1233 2514 ecclesias
1281 2474 1410 2512 suas
1455 2458 1620 2528 plebe
1665 2457 2012 2528 refertiores,

320 2565 680 2622 quascunque
723 2549 957 2604 tandem
1000 2552 1168 2616 esset,
1218 2545 1462 2616 cupiisse
1513 2546 1723 2601 videre.
1781 2547 1910 2601 Hinc
1942 2547 2012 2601 de

318 2639 712 2710 persecutione
745 2637 878 2692 satis
907 2651 1194 2707 superque
1222 2639 1375 2690 sunt.

387 2728 552 2791 Ibid.,
615 2725 643 2797 §
690 2730 776 2781 22.
832 2726 1152 2780 Historicus
1227 2724 1414 2778 doctus
1468 2739 1725 2792 mag-num
1795 2725 2013 2794 aliquid

317 2813 650 2888 invenisti]
707 2815 1016 2870 Historicus
1071 2814 1164 2868 hic
1214 2817 1298 2867 est
1343 2811 1640 2875 πολυίστωρ,
1696 2815 1792 2881 qui
1839 2814 2013 2868 multa

316 2909 484 2960 novit.
518 2905 656 2960 Vide
689 2909 810 2959 not.
843 2905 914 2958 ad
943 2904 1042 2958 lib.
1074 2903 1145 2958 de
1175 2902 1308 2957 0rd.
1340 2919 1398 2963 ιι,
1419 2918 1542 2972 cap.
1566 2905 1652 2957 12.

387 2994 552 3064 Ibid.,
606 2993 634 3064 ἓ
687 2996 774 3049 35.
828 2995 941 3048 Hoc
987 3007 1152 3061 genus
1220 2993 1526 3046 litterarum
1585 2991 1736 3063 (libri
1793 2992 2010 3060 Hilarii,

316 3083 582 3154 Cypriani
621 3087 679 3137 et
733 3082 976 3136 aliorum
1025 3082 1279 3151 Patrum)
1325 3081 1394 3133 ab
1433 3083 1753 3134 auctoritate
1795 3084 2017 3137 canonis

315 3171 755 3240 distinguendum
783 3175 878 3225 est.
911 3173 1032 3226 Non
1061 3172 1201 3224 enim
1245 3172 1324 3223 sic
1364 3170 1614 3235 leguntur
1645 3173 1904 3237 tanquam
1935 3173 2017 3224 ita

315 3277 383 3314 ea:
428 3262 503 3315 eis
549 3261 911 3316 testimonium
952 3260 1290 3326 proferatur,
1343 3261 1404 3310 ut
1451 3262 1638 3311 contra
1687 3260 1884 3312 sentire
1912 3275 2018 3313 non

319 3351 495 3410 liceat.
551 3349 726 3403 sicubi
778 3351 921 3416 forte
979 3347 1141 3400 aliter
1221 3351 1539 3414 sapuerunt,
1600 3361 1763 3415 quam
1819 3349 2017 3402 veritas

309 3433 626 3507 postulat]
684 3437 812 3489 Hmc
867 3433 1056 3488 aureis
1117 3433 1322 3487 litteris
1378 3433 1681 3488 scribenda
1735 3441 1927 3490 essent
1957 3435 2017 3489 in

322 3526 510 3580 fronte
532 3539 772 3594 operum
805 3522 1162 3594 singulorum
1194 3523 1446 3589 Patrum,
1475 3538 1603 3593 qum
1639 3523 1908 3588 eduntur,
1942 3541 2014 3578 ne

323 3613 632 3668 auctoritas
684 3628 883 3667 eorum
933 3611 1156 3665 veritati
1207 3611 1561 3682 prmferatur.
1619 3613 1732 3666 Nos
1785 3629 2015 3684 quoque

323 3703 431 3758 hoc
476 3702 608 3773 jure
646 3717 782 3772 erga
822 3701 1011 3771 ipsum
1058 3699 1442 3771 Augustinum
1488 3701 1580 3754 usi
1609 3696 1826 3767 sumus,
1862 3703 2015 3772 quod

324 3790 655 3846 hominibus
704 3791 763 3844 in
810 3789 1071 3843 homines
1113 3789 1350 3842 minime
1395 3787 1617 3842 afﬂatos
1641 3793 1919 3859 perpetuo
1946 3790 2018 3844 sit

317 3896 545 3935 necesse
591 3885 696 3935 est.
727 3879 954 3935 Similes
985 3894 1115 3933 cum
1144 3878 1324 3949 ipsius
1349 3877 1675 3948 Augustini,
1712 3882 1837 3932 tum
1868 3878 2014 3933 alio-

317 3985 448 4024 rum
497 3969 806 4024 sententias
851 3967 1084 4038 collegit
1133 3969 1293 4023 Edm.
1347 3967 1698 4034 Albertinus,
1730 3966 1792 4022 in
1837 3969 2004 4023 Prmf.

323 4059 457 4114 libri
487 4059 556 4114 de
586 4057 951 4113 Eucharistia.
1064 4127 1068 4136 ι

389 4147 635 4220 Epistola
689 4149 778 4213 96,
839 4145 960 4216 §2.
1021 4148 1114 4201 Ille
1185 4144 1401 4214 quidem
1471 4145 1672 4199 Paulus
1726 4148 2015 4214 postquam

317 4239 594 4307 episcopus
620 4238 802 4304 factus
848 4240 945 4302 est,
976 4237 1387 4289 renuntiaturus
1433 4235 1548 4288 suis
1585 4235 1829 4289 omnibus
1857 4235 2014 4289 rebus

312 4329 538 4394 propter
565 4328 882 4379 immensum
910 4324 1180 4377 cumulum
1208 4324 1472 4392 ﬁscalium
1511 4322 1832 4390 debitorum,
1878 4320 2011 4394 etc.]

320 4412 664 4482 Confugerat
706 4413 779 4467 ad
830 4411 1240 4482 episcopatum,
1295 4409 1458 4479 quasi
1503 4410 1575 4464 ad
1634 4411 1874 4481 asylum,
1940 4428 2011 4465 ne

323 4505 561 4572 propter
583 4500 773 4555 debita
800 4501 858 4554 in
881 4515 1166 4554 carcerem
1193 4498 1677 4569 compingeretur.

396 4589 569 4660 Epist.
607 4592 691 4654 97,
731 4588 758 4659 ξ
806 4592 857 4644 2.
899 4590 1155 4645 Noverint
1185 4589 1396 4642 inimici
1443 4588 1691 4642 Ecclesia
1717 4589 1856 4656 leges
1885 4588 2012 4642 illas

320 4693 440 4748 quae
485 4679 551 4733 de
577 4677 741 4733 idolis
791 4678 1198 4745 confringendis
1245 4682 1294 4732 et
1344 4671 1618 4731 haereticis
1655 4677 2008 4744 corrigendis.

315 4770 438 4822 vivo
489 4767 767 4833 Stilicone,
818 4769 877 4820 in
918 4767 1170 4834 Africam
1211 4769 1390 4821 misse
1433 4770 1578 4832 sunt,
1629 4782 1697 4820 ea:
1741 4767 2014 4821 voluntate

319 4859 663 4926 imperatoris
707 4858 948 4926 piissimi
971 4860 1032 4927 .et
1078 4856 1385 4926 ﬁdelissimi
1413 4853 1778 4926 constitutas.]
1839 4855 2014 4910 Nimi-

321 4961 468 5012 rum,
504 4961 634 5001 cum
668 4945 951 5000 Honorius
1002 4944 1332 4999 mortalium
1380 4949 1528 4999 esset
1562 4942 2012 5014 infirmissimus,

321 5035 696 5091 vehementer
757 5033 1040 5089 timebant
1092 5033 1357 5088 catholici
1403 5048 1476 5088 ne
1529 5031 1672 5086 forte
1703 5031 1915 5086 ethnici
1947 5049 2012 5087 ac

327 5123 638 5178 Donatistae
665 5123 884 5196 aequius
901 5122 1214 5195 quodpiam
1240 5121 1581 5193 rescriptum
1614 5120 2012 5192 impetrarent.

324 5210 633 5265 Historiam
679 5213 884 5266 harum
926 5213 1117 5281 legum
1147 5211 1274 5265 vide
1303 5210 1403 5264 lib.
1429 5226 1483 5264 vx
1514 5210 1652 5263 Vitae
1685 5209 2012 5279 Augustini,

321 5313 451 5368 quae
495 5304 675 5353 exstat
726 5305 882 5355 tomo
929 5301 994 5355 XI
1034 5300 1206 5370 hujus
1235 5298 1523 5363 editionis,
1553 5303 1607 5352 et
1633 5298 1692 5352 in
1721 5298 1870 5352 notis
1898 5299 2012 5354 Jac.

320 5386 655 5441 Gothofredi
683 5388 752 5441 ad
783 5389 868 5442 tit.
903 5392 934 5442 5
963 5387 1061 5442 lib.
1090 5404 1183 5442 xvr
1210 5385 1420 5440 codicis
1465 5384 1865 5440 Theodosiani.

395 5475 570 5548 Epist.
605 5478 693 5543 98,
728 5473 756 5546 δ
791 5480 840 5530 l.
863 5476 988 5532 Ideo
1017 5493 1084 5532 ex
1107 5476 1290 5532 Adam
1313 5478 1490 5530 traxit
1521 5475 1664 5544 quod
1692 5476 2018 5529 sacramenti

312 5565 467 5622 illius
547 5567 733 5637 gratia
798 5566 1110 5636 solveretur,
1188 5568 1322 5636 quia
1378 5564 1618 5621 nondum
1669 5567 1787 5620 erat
1832 5565 2016 5620 anima

2116 501 2354 570 putabat
2373 499 2728 571 Augustinus
2757 497 3017 553 omnium
3041 494 3340 551 hominum
3361 497 3567 554 animos
3593 503 3751 576 aliquo

2117 589 2288 643 modo
2318 590 2377 643 in
2406 588 2608 643 Adami
2637 587 2831 642 animo
2885 586 3079 652 fuisse,
3115 585 3251 657 quia
3287 602 3354 640 ex
3387 603 3452 641 eo
3481 595 3627 644 erant
3650 609 3753 662 pro.

2115 677 2328 748 pagati.
2363 678 2497 731 Vide
2528 678 2596 732 de
2645 677 2846 731 Libero
2869 674 3118 730 Arbitrio
3144 674 3244 729 lib.
3287 692 3347 729 III
3373 691 3490 747 cap.
3525 680 3605 745 20,
3637 681 3659 747 §
3685 684 3752 736 56.

2118 766 2246 820 Haec
2301 765 2449 819 mira
2500 768 2587 819 est
2641 764 2858 834 opinio,
2913 768 2973 818 ut
3027 767 3084 819 et
3123 764 3266 818 ratio
3310 781 3424 836 qua
3465 767 3757 837 quaestiones

2119 853 2390 908 Bonifacii
2435 852 2620 908 solvit.
2654 853 2864 908 Faciles
2901 869 3020 908 esse
3055 853 3311 924 oportuit
3342 853 3438 925 qui
3479 854 3538 909 in
3586 857 3756 912 talibus

2116 941 2403 1012 responsis
2429 941 2858 1012 acquieverunt.

2188 1031 2353 1097 Ibid.,
2386 1029 2498 1101 §9.
2564 1031 2627 1086 Si
2672 1033 2812 1085 enim
2842 1035 3184 1086 sacramenta
3231 1031 3500 1099 quandam
3545 1033 3756 1090 similitu-

2117 1119 2297 1174 dinem
2328 1135 2514 1174 earum
2543 1135 2722 1174 rerum
2759 1135 2992 1189 quarum
3031 1123 3368 1198 sacramenta
3415 1123 3534 1174 sunt
3559 1135 3652 1175 non
3683 1123 3758 1176 ha-

2119 1208 2319 1274 berent,
2351 1211 2565 1262 omnino
2605 1212 2944 1263 sacramenta
2971 1223 3077 1262 non
3127 1212 3316 1262 essent.
3374 1209 3455 1263 Ea:
3503 1209 3593 1263 hac
3619 1214 3760 1265 autem

2119 1297 2477 1352 similitudine
2532 1297 2851 1367 plerumque
2897 1299 3061 1352 etiam
3086 1299 3332 1367 ipsarum
3380 1312 3551 1350 rerum
3584 1301 3761 1354 nomina

2118 1387 2412 1455 accipiunt.
2447 1387 2606 1442 Sicut
2647 1401 2772 1455 ergo
2801 1385 3091 1441 seeundum
3136 1386 3421 1454 quemdam
3449 1387 3660 1454 modum,
3693 1404 3760 1442 sa-

2120 1479 2450 1529 cramentum
2485 1478 2725 1544 corporis
2755 1476 2970 1529 Christi
3004 1489 3196 1545 corpus
3249 1475 3452 1531 Christi
3475 1480 3577 1544 est;
3613 1491 3759 1530 sacra-

2119 1568 2355 1618 mentum
2408 1565 2695 1630 sanguinis
2761 1563 2967 1619 Christi
3030 1566 3256 1632 sanguis
3315 1565 3510 1620 Christi
3567 1569 3660 1619 est:
3703 1567 3761 1618 ita

2122 1659 2519 1708 sacramentum
2563 1653 2694 1721 ﬁdei
2737 1653 2870 1721 ﬁdes
2907 1651 3032 1724 est.]
3087 1654 3164 1707 De
3207 1656 3553 1708 sacramento
3597 1653 3762 1708 Eucha-

2125 1741 2323 1809 ristiae,
2379 1758 2470 1795 res
2525 1741 2771 1796 difficilis
2814 1757 2929 1796 non
2978 1746 3062 1796 est
3123 1741 3446 1809 intellectu;
3523 1741 3612 1797 sed
3665 1742 3762 1812 quis

2117 1830 2400 1900 intelligat
2435 1823 2820 1900 susceptorem
2858 1830 3092 1886 infantis
3133 1831 3480 1902 baptizandi,
3525 1846 3640 1884 cum
3683 1847 3762 1902 pro

2119 1919 2334 1974 infante
2405 1919 2778 1989 responderet
2833 1920 3010 1986 credo,
3059 1920 3169 1974 hoc
3213 1921 3360 1974 velle
3394 1937 3407 1975 :
3443 1919 3762 1990 baptismum,

2119 2009 2205 2062 vel
2235 2012 2654 2062 sacramentum
2686 2007 2821 2063 ﬁdei
2852 2009 3142 2079 suscipio?
3180 2008 3318 2073 Quis
3363 2024 3476 2062 non
3519 2007 3658 2062 videt
3675 2008 3765 2078 pri-

2120 2113 2278 2152 mum
2297 2097 2604 2151 formulam
2637 2096 2796 2152 illam
2847 2097 3142 2169 antiquam
3183 2097 3454 2169 baptismi
3495 2113 3605 2152 esse
3637 2097 3764 2151 insti-

2119 2191 2301 2242 tutam
2335 2186 2394 2240 in
2424 2201 2593 2240 usum
2646 2185 2994 2253 adultorum,
3029 2186 3125 2258 qui
3171 2187 3282 2241 soli
3321 2186 3567 2258 primum
3593 2186 3763 2257 baptis-

2119 2291 2276 2330 mum
2337 2273 2736 2346 suscipiebant,
2791 2273 2995 2329 deinde
3040 2276 3378 2330 translatam
3421 2275 3582 2330 etiam
3607 2275 3666 2329 ad
3705 2274 3766 2328 iu~

2119 2364 2338 2420 fantes?
2362 2363 2548 2419 Satius
2569 2363 2766 2419 fuisset
2784 2379 2991 2418 novam
3019 2363 3228 2419 horum
3261 2379 3487 2419 causam
3521 2362 3766 2418 instituere

2118 2454 2462 2520 formulam;
2514 2453 2669 2525 quod
2711 2454 2757 2507 si
2789 2452 3000 2508 factum
3032 2458 3197 2520 esset,
3255 2454 3324 2509 ad
3355 2458 3470 2508 tam
3511 2455 3704 2507 coactas
3725 2456 3766 2504 et

2117 2542 2238 2596 veri
2283 2541 2573 2612 absimiles
2621 2543 2871 2597 rationes
2917 2541 3314 2614 Augustinum
3361 2542 3646 2613 confugere
3685 2539 3766 2594 mi-

2118 2631 2274 2685 nime
2302 2647 2530 2685 necesse
2563 2629 2784 2686 fuisset.

2189 2721 2363 2790 Epist.
2399 2718 2572 2789 l00,§
2611 2723 2655 2774 Ι.
2690 2719 2912 2787 Corrigi
2939 2735 3024 2775 eos
3041 2719 3324 2792 feupimus,
3355 2737 3459 2776 non
3483 2720 3674 2784 necari;
3700 2731 3771 2771 nec

2118 2809 2468 2879 disciplinam
2521 2811 2666 2863 circa
2696 2824 2781 2864 eos
2821 2809 3028 2878 negligi
3071 2810 3344 2879 volumus,
3396 2825 3488 2863 nec
3536 2807 3769 2877 suppliciis

2119 2899 2314 2966 quibus
2331 2897 2490 2966 digni
2512 2902 2641 2952 sunt
2664 2895 2948 2969 exerceri]
2988 2900 3132 2969 Lege
3161 2914 3377 2970 nempe
3416 2897 3634 2953 Honorii
3672 2895 3770 2950 dats

2055 3003 2093 3058 ο
2125 3005 2220 3042 vm
2246 2989 2464 3042 calend.
2503 2988 2840 3042 Decembres
2873 3005 3026 3043 anno
3057 2990 3160 3043 408
3184 3005 3318 3060 quin
3349 2993 3435 3043 est
3466 2988 3550 3055 44,
3574 2986 3648 3040 tit.
3677 2982 3769 3038 5de

2129 3078 2438 3140 Haereticis,
2467 3077 2564 3132 lib.
2597 3093 2690 3131 xv:
2736 3078 2945 3132 codicis
2976 3077 3361 3133 Theodosiani
3405 3076 3476 3132 ad
3516 3076 3769 3137 Donatum,

2126 3166 2472 3237 supplicium
2501 3166 2848 3238 exigendum
2885 3168 2955 3222 de
2989 3167 3304 3222 Donatistis
3333 3165 3664 3236 praecipitur,
3689 3160 3773 3215 illis

2127 3254 2280 3309 enim
2312 3259 2369 3309 et
2390 3255 2604 3310 Judmis
2637 3257 2970 3311 memoratis
2995 3259 3102 3311 :In
3125 3271 3210 3311 eos
3241 3259 3434 3325 igitur,
3473 3252 3661 3325 inquit,
3702 3250 3773 3321 qui

2125 3341 2342 3412 aliquid
2370 3340 2514 3410 quod
2542 3342 2615 3394 sit
2644 3343 2922 3398 catholicae
2945 3350 3097 3398 secta
3123 3346 3482 3407 contrarium,
3511 3343 3770 3396 adversm-

2126 3445 2228 3498 que
2250 3431 2575 3484 tentauerint
2600 3431 2938 3500 supplicium
2974 3432 3140 3501 justas
3188 3431 3658 3488 animadversionis
3699 3441 3771 3480 ea-

2122 3522 2301 3588 promi
2345 3522 2720 3590 pracipimus.
2755 3522 2840 3576 Ad
2865 3537 2995 3592 quae
3043 3521 3243 3587 verba,
3307 3521 3434 3574 vide
3471 3521 3576 3574 Jac.
3608 3515 3770 3572 Gotho-

2123 3607 2368 3664 fredum.
2417 3609 2474 3663 Si
2532 3610 2899 3665 distinctione
2946 3609 3226 3677 adhibita,
3268 3608 3494 3680 juberet
3538 3601 3768 3660 Honorius

2125 3713 2222 3752 eos
2241 3699 2340 3769 qui
2369 3699 2714 3755 seditionem
2741 3699 3052 3755 movissent
3064 3700 3245 3770 justo,
3277 3715 3345 3752 ex
3369 3697 3579 3768 legibus
3606 3694 3768 3748 Roma-

2125 3786 2235 3856 nis,
2257 3788 2475 3858 judicio
2505 3789 2677 3860 plecti
2702 3809 2718 3858 ;
2743 3789 2899 3861 parci
2929 3805 3063 3844 vero
3087 3787 3158 3841 iis
3179 3787 3282 3859 qui
3311 3787 3502 3858 quiete
3530 3781 3767 3839 vixissent.

2125 3881 2180 3930 et
2231 3877 2353 3933 sola
2403 3878 2676 3949 opinione
2723 3895 2898 3950 prava
2963 3882 3323 3943 tenerentur,
3375 3891 3490 3929 non
3526 3875 3655 3927 esset
3699 3879 3774 3921 cur

2124 3980 2258 4019 eum
2285 3966 2757 4037 vituperaremus.
2794 3968 2943 4022 Dum
2964 3966 3117 4020 enim
3143 3965 3397 4036 publicae
3427 3951 3773 4031 tranquillitati

2125 4055 2522 4123 consuluisset,
2601 4055 2978 4110 humanitatis
3044 4060 3101 4108 et
3158 4049 3565 4108 imbecillitatis
3603 4039 3775 4116 ingenii

2125 4143 2386 4209 humani,
2427 4149 2492 4198 ut
2520 4160 2625 4214 par
2654 4150 2793 4210 erat,
2841 4144 3123 4200 rationem
3169 4142 3485 4198 habuisset.
3533 4139 3672 4194 Nunc
3702 4145 3775 4186 su-

2127 4235 2246 4286 tem
2275 4231 2474 4286 miscet
2497 4231 2613 4286 ima
2642 4233 2902 4300 summis,
2933 4231 3267 4302 similesque
3312 4230 3384 4284 de
3417 4223 3708 4284 errantibus
3728 4231 3774 4272 ac

2055 4297 2098 4352 Ῑ)
2130 4320 2201 4374 de
2237 4320 2520 4375 seditiosis
2564 4338 2732 4393 poena
2788 4297 2939 4376 sumi
2989 4320 3132 4376 vult.
3168 4297 3550 4390 -Augustinus
3593 4321 3774 4384 quoque

2121 4411 2213 4467 hic
2267 4415 2522 4465 errantes
2566 4427 2698 4466 cum
2751 4410 3040 4466 sceleratis
3070 4408 3293 4475 miscet,
3351 4404 3653 4479 promiscue
3700 4408 3772 4451 eos

2123 4499 2379 4558 damnat,
2411 4503 2469 4552 et
2511 4498 2729 4569 pariter
2757 4514 2862 4568 pro
2894 4497 2966 4551 iis
3003 4513 3074 4551 ne
3103 4496 3440 4550 occidantur
3492 4483 3768 4546 intercedit.

2127 4586 2365 4642 Videtur
2392 4603 2515 4642 esse
2559 4587 2754 4659 aliqua
2792 4586 2978 4658 prima
3017 4586 3201 4640 fronte
3233 4601 3302 4638 ea
3332 4583 3391 4638 in
3419 4598 3480 4637 re
3508 4574 3773 4634 misericor-

2123 4675 2376 4742 dia;sed
2417 4691 2619 4729 vereor
2657 4691 2730 4730 ne
2755 4676 2937 4747 magis
2982 4674 3195 4729 famam
3243 4668 3637 4727 misericordia!
3676 4675 3773 4747 capj

2126 4768 2314 4820 tarent
2341 4764 2458 4818 Afri
2489 4781 2663 4835 quam
2713 4781 2841 4820 eam
2857 4743 3158 4820 vvirtutem
3189 4779 3259 4818 ex
3304 4760 3495 4816 animo
3534 4743 3773 4811 colerenlf

2125 4870 2256 4909 cum
2290 4853 2446 4924 quia,
2478 4858 2542 4907 ut
2569 4853 2707 4920 dixi,
2743 4853 3065 4908 Donatistas
3097 4867 3300 4907 omnes
3329 4849 3530 4905 eodem
3574 4845 3679 4898 loco
3703 4837 3775 4890 ba-

2123 4939 2373 5006 bebant;
2443 4946 2566 4995 tum
2619 4941 2775 5012 quia,
2827 4941 3001 4996 etiam
3042 4941 3184 4995 citra
3231 4943 3498 5003 mortem,
3547 4934 3775 4988 immanes

2125 5032 2290 5082 erant
2316 5029 2470 5099 leges
2489 5029 2795 5084 Theodosii
2827 5034 2885 5084 et
2903 5029 3155 5084 ﬁliorum
3181 5028 3241 5082 in
3267 5026 3504 5081 miseros
3539 5015 3774 5076 homines

2124 5117 2310 5190 qualis
2349 5121 2430 5172 est
2484 5122 2689 5189 quarta
2714 5117 2803 5172 tit.
2849 5120 2901 5182 6,
2935 5133 3049 5188 qua
3101 5115 3375 5183 sancitur,
3408 5114 3552 5168 inter
3589 5099 3777 5193 alim-tit.

2124 5186 2371 5275 quisquis
2418 5186 2543 5274 post
2593 5206 2701 5260 haec
2759 5207 2908 5271 {ueri
2951 5186 3318 5274 rebaptizasse
3359 5202 3600 5257 detectus,
3631 5186 3775 5262 iudici

2125 5296 2222 5364 qui
2249 5292 2544 5362 provinciae
2567 5292 2828 5362 praesidet
2855 5293 3135 5362 offeratur,
3159 5297 3221 5346 ut
3236 5293 3560 5358 facultatum
3585 5279 3776 5338 omnium

2119 5383 2486 5453 publicatione
2537 5383 2848 5448 mulctatus,
2894 5384 3090 5452 inopia:
3124 5381 3368 5451 poenam;
3418 5393 3524 5448 ςιιια
3549 5376 3600 5428 in

2126 5477 2278 5528 tuum
2299 5474 2603 5540 afﬁCiatur,
2644 5472 2952 5541 expendat;
2980 5472 3141 5539 item,
3181 5475 3246 5524 ut
3278 5467 3380 5540 qui
3408 5482 3438 5522 e
3493 5455 3777 5541 supradictis

2124 5561 2338 5619 iterare
2367 5561 2662 5634 baptisma
2681 5577 2798 5618 non
2824 5537 3144 5631 timuerint,
3175 5561 3278 5614 aut
3294 5537 3404 5630 qui
3427 5537 3778 5612 consentienti0
