3922 6188
186 300 279 351 261
981 298 1345 357 VARIORUM
1387 300 1997 360 EXERCITATIONES
2036 304 2101 359 IN
2143 305 2201 360 S.
2242 304 2613 360 AUGUSTINI
2654 304 2912 362 OPERA.

3606 286 3709 368 aea

182 422 290 475 hoc
320 420 537 474 facinus
570 420 813 492 propria
835 420 1010 493 hujus
1039 421 1319 476 societatis
1353 422 1737 493 permissione
1767 440 1882 479 non
1910 428 1955 482 A
1992 440 2222 493 sensum,
2256 427 2687 495 comparantium
2717 430 3028 496 semetipsos
3055 429 3419 503 sibimetipsis
3442 429 3575 501 (hoc
3596 436 3706 499 est,

183 509 597 576 damnaverint,
642 510 824 565 sciant
860 526 966 565 non
989 512 1160 565 solum
1217 513 1455 569 testandi
1517 512 1645 578 sibi,
1702 529 1886 568 verum

180 600 524 670 adipiscendi
554 601 774 669 aliquid
804 602 901 654 sub
933 603 1105 670 specie
1125 601 1432 656 donationis
1475 603 1558 655 vel
1596 603 1883 668 agitando-

176 706 301 743 rum
342 694 718 744 contractuum
774 692 832 743 in
873 695 1197 761 perpetuum
1253 692 1464 759 copiam
1544 691 1885 759 denegatam,

177 781 290 833 nisi
308 795 503 848 prava
533 782 727 833 mentis
764 794 1000 835 errorem
1043 780 1333 834 reverenda
1374 781 1635 835 adversus
1684 786 1886 836 rectam

174 867 337 935 ﬁdem
370 869 591 923 consilio
632 869 931 923 emendatio
958 871 1271 923 correxerit.
1298 869 1521 932 Quanta
1567 869 1885 923 calamitate

175 955 478 1009 afticerent
512 957 830 1011 Donatistas
862 956 1144 1027 ejusmodi
1170 958 1325 1027 leges
1354 957 1701 1011 exsecutioni
1721 974 1883 1013 man-

175 1043 349 1111 datae,
404 1062 534 1116 quae
592 1046 717 1100 aliis
763 1045 986 1116 legibus
1041 1046 1474 1115 diligentissime
1530 1047 1881 1117 praecipitur,

172 1148 381 1187 omnes
409 1134 575 1189 facile
604 1133 951 1205 intelligunt.
988 1136 1170 1206 Igitur
1198 1135 1450 1189 Africani
1479 1135 1731 1206 episcopi
1767 1153 1884 1191 non

172 1228 344 1275 erant
396 1227 706 1293 propterea
762 1223 1075 1277 admodum
1128 1223 1546 1291 misericordes,
1600 1225 1755 1295 quod
1786 1242 1882 1278 eos

172 1310 360 1364 occidi
391 1311 634 1379 nollent,
685 1311 784 1381 qui
814 1315 930 1365 tam
971 1312 1120 1366 male
1174 1312 1551 1380 habebantur,
1602 1317 1668 1366 ut
1716 1315 1881 1368 multi

172 1407 425 1456 mortem
460 1402 587 1456 vita
616 1403 969 1472 praeferrent.
1000 1402 1137 1467 Quis
1168 1403 1349 1458 nescit
1376 1420 1449 1457 an
1490 1420 1605 1458 non
1643 1405 1882 1460 mallent

171 1490 371 1544 videre
402 1492 717 1561 locupletes
748 1492 1070 1545 Donatistas
1099 1491 1210 1545 sibi
1243 1492 1548 1563 vectigales
1598 1492 1658 1547 in
1701 1494 1874 1547 eccle-

172 1580 289 1646 siis,
322 1596 504 1651 quam
536 1597 630 1633 eos
677 1579 737 1633 in
768 1580 1040 1651 sepulcris
1066 1582 1255 1651 jacere
1306 1581 1470 1635 bonis
1542 1581 1677 1635 ﬁsco
1709 1582 1878 1635 ascri-

172 1669 322 1739 ptis?
357 1669 511 1723 Nihil
542 1668 834 1739 indignius
864 1674 947 1723 est
975 1669 1308 1724 Christianis
1339 1686 1512 1740 quam
1559 1670 1877 1740 persecutio

172 1773 349 1829 quam
380 1758 483 1829 qui
512 1758 756 1827 probant
787 1758 1012 1828 quidvis
1043 1763 1282 1828 possunt
1310 1759 1573 1828 probare.

242 1848 418 1917 Epist.
460 1849 631 1916 105,§
667 1851 714 1911 3,
752 1849 821 1901 de
865 1848 1197 1917 presbytero
1227 1847 1327 1917 qui
1359 1847 1671 1902 catholicus
1697 1848 1878 1902 factus

174 1944 335 1991 erat:
371 1937 551 2002 Quare
590 1938 742 1990 illum
788 1938 954 1990 vestri
1002 1938 1271 2005 persecuti
1316 1942 1460 2003 sunt,
1505 1941 1556 1990 et
1579 1952 1715 2006 pene
1739 1940 1877 1991 occi-

174 2025 398 2091 dissent,
449 2027 561 2079 nisi
610 2027 709 2079 Dei
757 2040 949 2079 manus
1011 2041 1112 2093 per
1168 2026 1403 2079 homines
1449 2028 1877 2093 supervenientes

172 2114 458 2168 violentias
508 2128 690 2167 eorum
735 2116 1149 2183 compressisset,
1218 2112 1353 2184 etc.]
1429 2114 1579 2178 Quin
1632 2114 1877 2184 pessime

174 2201 409 2255 fecerint
429 2201 739 2255 Donatista
770 2218 940 2256 nemo
976 2202 1224 2269 dubitet;
1253 2206 1309 2257 et
1336 2208 1572 2274 propter
1599 2204 1879 2273 ejusmodi

174 2291 459 2344 violentias
490 2305 689 2360 poenas
718 2291 874 2344 luere
928 2291 1159 2359 debent,
1211 2295 1267 2344 at
1306 2306 1422 2344 non
1477 2295 1709 2360 propter
1751 2289 1877 2359 opi-

176 2380 394 2433 niones.
427 2383 695 2433 Attamen
725 2379 918 2433 omnia
938 2379 1051 2433 illis
1108 2379 1577 2448 ignoscebantur,
1627 2378 1676 2432 si
1704 2378 1877 2433 modo

177 2469 424 2523 redirent
454 2469 529 2522 ad
562 2468 873 2523 Ecclesiam
899 2469 1261 2535 catholicam,
1291 2473 1353 2522 ut
1381 2468 1565 2537 liquet
1616 2483 1683 2521 ex
1742 2467 1869 2537 lege

177 2558 257 2623 il,
288 2558 378 2611 tit.
415 2561 446 2611 5
468 2557 567 2611 lib.
591 2573 679 2610 xvi
710 2556 918 2611 codicis
949 2557 1359 2612 Theodosiani.

243 2646 414 2711 Ibid.,
450 2648 477 2713 §
510 2649 561 2700 6.
594 2648 664 2700 Et
702 2651 879 2700 tamen
912 2645 1048 2713 quid
1077 2650 1155 2699 est
1202 2647 1393 2700 melius
1440 2646 1692 2714 proferre
1719 2659 1876 2699 veras

181 2739 565 2804 imperatorum
595 2736 864 2803 jussiones
905 2750 1008 2804 pro
1073 2736 1301 2801 unitate,
1358 2750 1429 2787 an
1478 2734 1652 2801 falsas
1697 2733 1878 2787 indul-

182 2828 382 2891 gentias
406 2840 513 2893 pro
535 2826 910 2893 perversitate,
935 2824 1079 2892 quod
1110 2838 1201 2877 vos
1239 2825 1465 2889 fecistis,
1519 2828 1569 2876 et
1600 2822 1875 2876 mendacio

184 2918 341 2967 vestro
390 2914 571 2967 subito
603 2918 768 2967 totam
796 2914 1047 2979 Africam
1077 2913 1341 2981 implestis
1365 2912 1414 2982 ?j
1438 2912 1557 2965 Non
1584 2916 1704 2965 erat
1732 2911 1874 2964 mise

1994 520 2059 569 ut
2082 515 2325 580 videtur,
2360 515 2430 568 de
2456 516 2701 569 aliorum
2740 515 2931 569 animo
2961 518 3243 587 judicium
3274 535 3340 573 ex
3371 536 3473 574 suo
3502 520 3698 576 animo

1994 603 2256 672 ferentes)
2278 619 2384 657 non
2410 603 2634 658 divitias
2679 603 2971 671 dimisisse,
3004 606 3097 659 sed
3134 607 3209 660 ad
3238 609 3467 664 divitias
3516 610 3707 665 videor

1994 695 2219 748 venisse.
2254 692 2365 747 Via
2377 694 2517 745 enim
2536 694 2799 761 vigesima
2807 695 3084 762 particula
3098 711 3179 749 res
3196 712 3312 750 mea
3324 703 3563 765 paterna
3582 702 3704 753 eai-

1993 784 2211 836 stimari
2226 786 2419 850 potest,
2453 784 2510 835 in
2539 786 2938 851 comparatione
2948 784 3277 851 pradiorum
3296 788 3549 853 ecclesia,
3579 805 3701 856 qua

1992 886 2133 925 nunc
2152 876 2211 925 ut
2234 871 2481 925 dominus
2503 874 2787 925 existimor
2834 873 3133 941 possidere.
3207 874 3394 928 Nolim
3434 876 3582 929 male
3626 876 3696 930 de

1993 960 2330 1029 cujusquam
2362 961 2555 1014 animo
2594 960 2737 1014 mihi
2762 960 2958 1031 ignoto
2983 961 3263 1031 judicare,
3296 962 3391 1016 sed
3420 978 3539 1016 non
3569 980 3699 1034 pos-

1992 1064 2118 1102 sum
2164 1064 2277 1102 non
2304 1049 2437 1102 hinc
2476 1050 2798 1109 observare.
2833 1066 2900 1103 ex
2952 1051 3273 1105 mutatione
3323 1050 3491 1104 sortis
3539 1052 3696 1106 laica

1990 1137 2051 1191 in
2079 1138 2533 1203 ecclesiasticam,
2564 1140 2713 1192 male
2750 1139 2939 1208 colligi
2968 1140 3235 1194 meliores
3275 1156 3395 1194 esse
3430 1140 3696 1194 ecclesia—

1992 1224 2157 1279 sticos
2195 1242 2367 1296 quam
2398 1226 2570 1279 laicos
2597 1243 2609 1291 ;
2644 1244 2775 1281 cum
2806 1228 2865 1281 in
2896 1229 2993 1281 illa
3023 1229 3362 1294 mutatione,
3388 1245 3503 1299 qua
3530 1228 3684 1299 quis-

1990 1312 2143 1382 piam
2175 1313 2392 1366 mavult
2420 1311 2546 1365 ﬁeri
2570 1314 2810 1367 clertcus
2840 1331 3012 1384 quam
3060 1332 3299 1371 uxorem
3346 1317 3576 1383 ducere,
3608 1318 3691 1371 la-

1989 1403 2242 1473 boreque
2269 1418 2370 1456 suo
2411 1402 2539 1468 sibi,
2588 1403 2821 1473 conjugi
2870 1408 2928 1457 et
2971 1404 3164 1458 liberis
3198 1420 3261 1457 ex
3303 1420 3370 1459 ea
3419 1406 3695 1477 susceptis

1990 1492 2204 1545 victum
2231 1507 2511 1561 quaerere,
2541 1507 2657 1545 non
2683 1491 2955 1562 exiguum
2972 1508 3121 1563 sape
3141 1493 3212 1546 sit
3232 1494 3471 1547 lucrum.
3500 1495 3696 1566 Neque

1990 1581 2144 1635 enim
2171 1580 2316 1634 tanti
2347 1585 2432 1634 est
2460 1580 2669 1634 habere
2700 1597 2938 1634 uxorem
2981 1598 3111 1635 cum
3166 1598 3281 1653 qua
3319 1584 3686 1651 concumbas,

1991 1669 2190 1741 quanti
2212 1670 2392 1723 multo
2420 1670 2688 1724 ditiorem
2704 1686 2842 1736 esse,
2863 1670 3438 1743 tranquillioremque
3470 1676 3527 1725 et
3549 1688 3697 1727 com-

1992 1759 2309 1813 modiorem
2346 1758 2521 1812 vitam
2544 1774 2747 1829 agere;
2807 1775 2878 1812 ne
2915 1759 3037 1829 jam
3073 1761 3276 1830 loquar
3313 1761 3381 1815 de
3413 1761 3691 1831 dignitate

1988 1847 2493 1902 ecclesiasticorum
2515 1848 2613 1918 qui
2632 1847 2701 1902 ad
2725 1848 3117 1917 episcopatum
3142 1849 3567 1919 perveniebant.
3594 1851 3693 1904 Fa-

1986 1942 2110 1992 teor
2128 1953 2295 2007 posse
2325 1953 2444 1990 esse
2467 1942 2522 1990 et
2538 1936 2711 1990 fuisse
2740 1936 2889 1989 viros
2920 1936 3021 2007 qui
3053 1952 3146 1990 eas
3169 1953 3327 2007 opes,
3356 1937 3693 2009 dignitates-

1986 2040 2098 2097 que
2126 2040 2244 2078 non
2269 2024 2629 2087 ambiverint,
2664 2028 2931 2094 recteque
2959 2024 3027 2077 iis
3057 2024 3149 2078 usi
3177 2024 3422 2091 fuerint;
3457 2030 3517 2080 at
3543 2042 3685 2096 pro-

1985 2113 2133 2168 fecto
2162 2114 2316 2185 quod
2345 2113 2479 2167 talia
2508 2112 2869 2183 praetulerint
2889 2112 3018 2166 vita;
3054 2114 3289 2183 privata.
3322 2118 3378 2169 et
3404 2115 3681 2183 obscurae,

1985 2219 2102 2257 non
2135 2208 2327 2273 potest
2354 2202 2464 2256 dici
2493 2206 2684 2257 ortum
2715 2218 2780 2256 ex
2807 2202 2999 2257 animo
3038 2202 3371 2258 divitiarum
3409 2209 3466 2259 et
3506 2205 3691 2260 hono-

1986 2307 2115 2345 rum
2147 2296 2436 2362 spretore;
2470 2306 2573 2349 nec
2602 2295 2902 2361 propterea
2931 2292 3150 2346 caeteris
3178 2293 3510 2347 hominibus
3561 2298 3697 2349 sunt

1984 2380 2346 2451 praeferendi,
2380 2396 2484 2434 nec
2508 2379 2783 2435 laudandi
2813 2381 2963 2451 quod
2998 2380 3283 2436 beatiores
3336 2386 3393 2437 et
3440 2382 3692 2437 honora-

1988 2468 2160 2522 tiores
2190 2484 2311 2522 esse
2344 2469 2469 2522 aliis
2498 2467 2801 2522 voluerint.

2056 2556 2224 2622 Ibid.,
2253 2556 2321 2609 de
2362 2555 2638 2610 Piniano:
2672 2558 2735 2610 In
2766 2556 3005 2623 qualibet
3034 2560 3212 2611 autem
3252 2558 3490 2611 maxime
3527 2559 3695 2623 Afri-

1984 2659 2246 2699 canarum
2269 2646 2631 2711 ecclesiarum,
2666 2645 2751 2699 hic
2780 2650 2979 2712 noster,
3044 2660 3150 2699 non
3212 2645 3333 2701 dico
3384 2647 3691 2715 presbyter,

1984 2733 2078 2787 sed
2130 2736 2407 2802 episcopus
2451 2736 2546 2799 sit,
2613 2738 2956 2802 comparatus
3006 2735 3260 2802 pristinis
3319 2735 3511 2802 opibus
3577 2738 3694 2789 suis

1983 2824 2200 2877 etiamsi
2253 2825 2433 2875 animo
2481 2822 2812 2876 dominantis
2861 2826 3053 2889 egeret,
3109 2826 3499 2890 pauperrimus
3552 2826 3684 2879 erit.

1983 2911 2152 2964 Multo
2185 2926 2310 2980 ergo
2364 2910 2631 2977 liquidius
2684 2914 2734 2963 et
2771 2913 3011 2964 securius
3043 2913 3099 2963 in
3146 2912 3241 2964 hoc
3274 2916 3495 2964 amatur
3525 2912 3687 2967 Chri-

182 3001 246 3054 ris
274 3003 744 3073 exprobrandum
774 3001 1102 3072 hujusmodi
1131 3000 1516 3069 mendacium,
1548 3000 1595 3053 si
1627 2999 1869 3053 menda-
1908 3022 1947 3077 ρ
1981 3001 2165 3053 stiana
2198 3003 2516 3069 paupertas,
2545 3000 2603 3051 in
2632 3013 2734 3066 quo
2771 3000 2925 3053 nulla
2949 3014 3129 3052 rerum
3162 3001 3487 3068 ampliorum
3510 3005 3690 3069 potest

179 3090 319 3144 cium
376 3091 619 3157 fuisset;
671 3091 767 3145 sed
847 3090 1026 3144 nimio
1090 3090 1299 3144 atfectu
1355 3088 1672 3143 obcacatus
1720 3087 1874 3143 falle-

176 3178 333 3233 batur
350 3181 731 3251 Augustinus,
754 3195 889 3233 nam
922 3183 982 3233 ut
1014 3177 1331 3232 observavit
1378 3176 1634 3231 eruditus
1693 3178 1871 3230 Bene-

175 3267 415 3323 dictinus
471 3270 533 3322 in
590 3270 713 3322 Vita
768 3266 1078 3339 Augustini
1123 3267 1223 3321 lib.
1279 3283 1351 3331 vr,
1388 3283 1511 3336 cap.
1546 3264 1654 3335 7,§
1692 3268 1744 3333 2,
1798 3282 1865 3320 ex

172 3357 410 3410 concilio
463 3356 804 3428 Carthagine
859 3372 991 3409 xvm
1045 3354 1307 3408 calendas
1347 3354 1523 3408 Julias
1575 3352 1713 3407 anni
1768 3355 1873 3408 410

171 3444 386 3511 habito,
433 3449 651 3499 constat
705 3462 771 3499 eo
828 3449 1084 3515 tempore
1125 3444 1251 3514 lege
1290 3448 1521 3497 cautum
1571 3442 1744 3497 fuisse
1799 3459 1871 3498 ne

172 3533 314 3603 quis,
349 3534 468 3587 nisi
507 3534 684 3588 libera
722 3534 1033 3599 voluntate,
1066 3532 1398 3588 Christiana
1431 3530 1721 3603 religionis
1748 3533 1872 3586 cul—

173 3628 288 3675 tum
319 3621 791 3692 amplecteretur.
828 3623 968 3675 Eum
1009 3621 1182 3675 adito.

238 3711 420 3781 Epist.
460 3712 579 3777 1'20,
628 3712 655 3777 §
687 3713 738 3765 3.
771 3711 929 3764 Absit
959 3714 1017 3763 ut
1046 3710 1165 3764 ideo
1185 3708 1485 3773 credamus,
1514 3723 1580 3762 ne
1607 3710 1871 3763 rationem

168 3803 527 3868 accipiamus,
586 3802 698 3853 sive
753 3814 1087 3868 quaramus;
1145 3814 1265 3852 cum
1324 3799 1487 3851 etiam
1525 3797 1739 3851 credere
1764 3813 1871 3852 non

158 3904 461 3958 possemus,
523 3890 632 3942 nisi
682 3889 973 3942 rationales
1017 3891 1229 3941 animos
1280 3886 1612 3940 haberemus.
1652 3888 1718 3941 Ut
1745 3902 1869 3953 ergo

160 3980 218 4031 in
242 3978 581 4047 quibusdam
603 3978 761 4031 rebus
786 3978 861 4030 ad
890 3977 1193 4031 doctrinam
1210 3976 1504 4030 salutarem
1534 3977 1868 4044 pertinenti-

160 4065 282 4132 bus,
306 4082 448 4135 quas
476 4068 687 4119 ratione
702 4066 939 4119 nondum
968 4067 1244 4134 percipere
1288 4065 1551 4133 valemus,
1610 4064 1705 4118 sed
1755 4065 1869 4118 ali-

155 4156 387 4225 quando
435 4156 752 4223 valebimus,
804 4156 937 4224 ﬁdes
982 4154 1254 4224 pracedat
1290 4156 1574 4222 rationem,
1622 4168 1731 4222 qua
1779 4168 1868 4207 cor

152 4245 480 4311 mandetur,
514 4249 572 4298 ut
590 4260 800 4311 magna
825 4246 1059 4299 rationis
1089 4245 1276 4312 capiat
1319 4247 1368 4296 et
1412 4244 1657 4312 perferat
1702 4244 1868 4295 lucem

1975 3089 2170 3155 putari
2219 3085 2545 3157 cupiditas]
2606 3087 2815 3141 Verum
2867 3088 2973 3142 hoc
3016 3104 3133 3142 non
3186 3088 3485 3158 agebatur,
3546 3105 3681 3143 nam

1979 3176 2185 3229 Albina
2213 3192 2330 3229 non
2360 3177 2705 3247 querebatur
2731 3176 2911 3231 tilium
2942 3193 3111 3231 suum
3140 3177 3264 3248 rapi
3292 3194 3325 3231 a
3353 3178 3521 3247 plebe
3554 3177 3686 3248 Hip-

1980 3263 2237 3333 ponensi,
2272 3269 2336 3318 ut
2364 3264 2638 3318 Pinianus
2665 3264 2839 3319 ditior
2870 3265 3033 3319 ﬁeret
3054 3284 3067 3333 ;
3088 3266 3186 3320 sed
3211 3266 3348 3336 quia
3378 3266 3533 3320 dives
3563 3273 3686 3321 erat

1981 3358 2037 3407 et
2062 3354 2332 3421 liberalis,
2361 3355 2628 3424 sperabat
2657 3354 2815 3424 plebs
2848 3354 2989 3418 fore,
3025 3354 3071 3409 si
3098 3356 3416 3426 presbyteri
3438 3372 3677 3409 munere

1979 3443 2132 3513 apud
2163 3458 2219 3496 se
2250 3442 2683 3512 fungeretur,ut
2702 3447 2962 3511 erogaret
2990 3458 3125 3512 Opes
3141 3459 3270 3496 suas
3292 3444 3667 3513 pauperibus,

1979 3530 2095 3584 sive
2124 3535 2338 3585 sortem
2370 3533 2491 3602 ipse
2517 3536 2790 3597 servaret,
2822 3531 3153 3602 fructusque
3206 3532 3321 3585 illis
3378 3532 3682 3600 divideret,

1978 3617 2094 3672 sive
2120 3625 2330 3673 sortem
2361 3619 2546 3689 ipsam
2575 3620 2744 3672 simul
2776 3635 2840 3672 ac
2872 3620 3048 3673 semel
3080 3619 3410 3689 largiretur.
3474 3620 3681 3674 Exem-
3720 3628 3727 3633 ‘

1977 3706 2139 3777 plum
2164 3708 2449 3779 ejusmodi
2478 3708 2801 3778 largitionis
2828 3709 3153 3778 prabuerat
3184 3709 3457 3762 Paulinus
3510 3709 3688 3763 Nola-

1976 3810 2105 3863 nus,
2137 3798 2297 3865 cujus
2322 3795 2459 3849 Vita
2491 3812 2614 3864 cap.
2650 3798 2702 3849 8.
2749 3794 2811 3847 in
2856 3796 2944 3849 ed.
3006 3795 3263 3849 Parisina
3315 3798 3448 3849 anni
3512 3799 3670 3862 1685,

1976 3882 2128 3937 vide.
2150 3884 2205 3937 Si
2226 3883 2383 3953 plebs
2415 3882 2814 3952 Hipponensis,
2839 3886 3013 3952 prout
3033 3883 3429 3953 suspicabatur
3448 3883 3676 3951 Albina,

1977 3986 2043 4024 eo
2073 3970 2264 4023 animo
2295 3971 2695 4040 presbyterum
2724 3969 3030 4023 Pinianum
3083 3971 3293 4024 habere
3344 3970 3581 4039 cupivit,
3612 3974 3671 4024 et

1975 4058 2239 4111 seditiose
2269 4057 2590 4127 postulavit,
2621 4059 2729 4111 fuit
2758 4058 2879 4111 hac
2935 4056 3201 4111 seditiosa
3230 4056 3583 4124 mendicitas,
3617 4061 3676 4111 et

1972 4144 2259 4215 peiculosa
2284 4144 2498 4214 quippe
2528 4160 2657 4215 qua
2689 4144 2852 4198 uxori
2891 4144 3076 4197 virum
3106 4143 3384 4213 rapiebat,
3418 4147 3480 4197 ut
3536 4145 3660 4214 ejus

1974 4235 2170 4306 spoliis
2219 4236 2523 4302 frueretur,
2581 4252 2699 4289 non
2751 4250 2913 4289 amor
2968 4234 3188 4288 virtutis
3241 4234 3487 4289 Piniani.
3554 4236 3666 4290 Nec

150 4333 252 4387 hoc
283 4309 481 4401 utique
509 4309 738 4387 ration—is
755 4332 875 4402 est.]
900 4332 1051 4386 Nihil
1078 4309 1285 4395 verius,
1322 4309 1582 4400 quamvis
1635 4345 1753 4383 non
1782 4329 1865 4382 in-
1900 4309 1948 4364 D
1975 4322 2145 4377 audet
2172 4323 2277 4376 hoc
2307 4323 2475 4393 plane
2505 4338 2716 4393 negare
2747 4321 3096 4392 Augustinus
3125 4320 3385 4391 quamvis
3445 4320 3679 4377 simulet

150 4422 426 4493 telligam
457 4422 744 4492 quomodo
766 4421 951 4475 hocin
972 4419 1331 4475 concordiam
1356 4418 1537 4490 redigi
1559 4422 1730 4490 queat
1742 4434 1872 4471 cum

148 4525 221 4563 eo
254 4511 421 4581 quod
454 4510 595 4563 alibi
620 4510 791 4564 habet
822 4511 891 4564 de
920 4509 1276 4563 auctoritate.
1311 4506 1447 4561 Vide
1470 4512 1586 4561 not.
1627 4507 1697 4560 ad
1731 4509 1868 4559 tom.

150 4599 197 4652 Ι.
230 4600 341 4654 lib.
375 4599 447 4653 de
480 4598 688 4663 Quant.
724 4597 987 4668 anima,§
1023 4602 1106 4652 t2.
1133 4599 1312 4653 Nemo
1355 4596 1529 4650 etiam
1568 4610 1685 4648 non
1736 4610 1872 4665 pro-

149 4687 258 4741 bet
282 4689 447 4759 quod
479 4687 618 4757 est§
654 4691 704 4742 6.
740 4688 893 4742 Sicut
929 4703 1033 4742 non
1080 4687 1199 4741 ideo
1248 4686 1403 4740 debes
1452 4699 1656 4738 omnem
1699 4686 1872 4737 vitare

143 4790 481 4843 sermonem,
506 4780 639 4846 quia
659 4782 736 4831 est
760 4781 989 4831 etSermo
1013 4776 1190 4843 falsus
1213 4792 1225 4831 :
1247 4777 1329 4828 ita
1356 4789 1463 4829 non
1493 4772 1646 4827 debes
1671 4787 1875 4826 omnem

142 4867 335 4919 vitare
350 4868 643 4925 rationem,
676 4867 811 4934 quia
839 4870 916 4919 est
944 4869 995 4918 et
1037 4866 1187 4931 falsa
1216 4866 1381 4917 ratio.
1428 4860 1746 4931 Augustino
1775 4876 1873 4913 ne-

141 4953 273 5008 scio
307 4954 459 5025 quid
492 4970 555 5007 ex
581 4953 1084 5019 Academicorum,
1107 4969 1250 5024 quos
1280 4951 1527 5005 maxime
1549 4950 1875 5004 adolescens

138 5043 404 5096 miratus
426 5041 636 5105 fuerat,
668 5040 904 5112 ingenio
918 5041 1180 5107 adhaesit;
1207 5055 1589 5110 quacumque
1610 5037 1764 5091 enim
1784 5052 1876 5091 ve-

84 5165 91 5177 ι
136 5129 432 5185 risimilia
458 5130 653 5183 animo
685 5130 808 5199 ejus
839 5144 960 5183 esse
995 5128 1272 5199 objiciunt
1328 5127 1552 5199 arripit,
1585 5130 1874 5180 consecta-

136 5222 381 5275 riorum
443 5218 706 5273 omnium
749 5233 1062 5287 eorumque
1088 5234 1216 5289 quae
1247 5217 1383 5270 alibi
1427 5216 1570 5270 dixit
1623 5230 1871 5269 securus.

138 5308 324 5363 Sicse
362 5307 585 5373 Cicero,
641 5306 702 5360 in
750 5322 865 5376 quo
917 5306 1158 5376 legendo
1206 5311 1433 5359 tantum
1490 5308 1717 5373 tempus
1772 5301 1873 5355 tri-

142 5405 333 5467 verat,
388 5396 653 5468 gerebat.
715 5394 851 5449 Vide
902 5394 1136 5449 Joannis
1210 5394 1409 5449 Clerici
1482 5390 1875 5458 Quaestionum

144 5484 733 5555 Hieronynianarum
759 5486 1036 5537 octavam.
1796 5478 1805 5489 ’

215 5576 400 5648 Epist.
442 5574 569 5638 126,
605 5573 634 5638 §
688 5575 742 5627 7.
784 5573 899 5641 Ego
944 5572 1161 5641 quippe,
1242 5568 1534 5627 secundum
1584 5567 1875 5623 multorum

1981 4428 2039 4467 se
2069 4428 2187 4466 non
2213 4412 2533 4483 intelligere
2581 4428 2682 4465 cur
2712 4411 3095 4481 suspicaretur
3121 4410 3327 4465 Albina
3356 4427 3371 4477 ;
3403 4411 3501 4465 sed
3527 4428 3669 4482 pro-

1980 4502 2290 4573 pemodum
2340 4502 2550 4555 fatetur
2578 4501 2731 4555 hisce
2763 4500 2983 4554 verbis:
3016 4502 3085 4554 Et
3112 4503 3163 4554 si
3189 4502 3403 4566 fuerint
3424 4502 3510 4553 illi
3531 4502 3677 4555 mul-

1981 4589 2212 4645 titudini
2237 4593 2485 4659 permisti
2508 4592 2692 4659 inopes
2720 4591 2801 4644 vel
2828 4590 3083 4657 mendici,
3124 4592 3222 4657 qui
3258 4590 3423 4643 simul
3470 4590 3679 4643 clama-

1983 4679 2130 4746 bant,
2163 4684 2215 4733 et
2265 4679 2331 4732 de
2375 4683 2556 4732 vestra
2607 4678 2905 4731 venerabili
2951 4678 3318 4732 redundantia
3352 4678 3670 4745 indigentia

1980 4782 2089 4822 sua
2116 4768 2540 4835 supplementum
2570 4766 2882 4834 sperabant,
2919 4780 3011 4819 nec
3032 4768 3161 4831 ista,
3202 4770 3262 4819 ut
3289 4766 3547 4830 arbitror,
3584 4780 3678 4819 cu-

1974 4857 2190 4926 piditas
2220 4858 2397 4925 turpis
2416 4860 2511 4909 est.
2544 4856 2731 4924 Turpe
2761 4871 2878 4908 non
2916 4860 3000 4909 est
3025 4855 3276 4909 modeste
3324 4855 3675 4922 mendicare,

1982 4946 2029 4999 si
2056 4946 2221 4999 aliter
2243 4946 2413 4998 vitam
2435 4948 2751 4999 sustentare
2764 4960 3043 5014 nequeas;
3084 4945 3180 4997 sed
3200 4949 3369 5012 turpe
3382 4948 3466 4996 est
3484 4944 3675 4997 minas

1983 5034 2301 5100 intendere,
2336 5038 2399 5087 ut
2425 5049 2605 5104 genus
2634 5033 2765 5087 vita
2810 5032 3075 5103 imponas
3126 5032 3367 5091 homini,
3428 5048 3541 5101 quo
3572 5032 3679 5086 tibi

1982 5121 2274 5176 facultates
2299 5122 2599 5193 largiatur,
2627 5137 2732 5175 nec
2759 5121 2994 5175 ferenda
3018 5120 3079 5175 in
3104 5120 3336 5174 ecclesia
3366 5119 3493 5173 talis
3520 5135 3682 5175 men-

1984 5209 2213 5264 dicatio.

2054 5298 2220 5365 Ibid.,
2246 5297 2273 5368 §
2299 5302 2349 5353 8.
2370 5301 2556 5354 Restat
2583 5314 2726 5366 ergo,
2760 5298 2966 5369 inquit,
2996 5302 3056 5351 ut
3086 5299 3187 5351 iste
3202 5298 3444 5367 pecunia
3476 5302 3679 5368 turpis-

1982 5390 2151 5442 simus
2178 5391 2470 5458 appetitus,
2494 5404 2561 5441 ea
2582 5389 2799 5457 obliquo
2826 5389 2883 5439 in
2906 5387 3122 5440 clericos
3155 5391 3206 5441 et
3233 5389 3468 5440 maxime
3498 5390 3556 5441 in
3575 5391 3682 5457 epi-

1981 5491 2200 5547 scopum
2229 5478 2529 5547 dirigatur.
2559 5479 2669 5534 Nos
2698 5477 2839 5530 enim
2859 5474 3015 5529 rebus
3036 5476 3263 5531 ecclesia
3280 5476 3552 5531 dominari
3573 5479 3681 5531 eai-

1982 5568 2293 5638 stimamur,
2322 5582 2417 5623 nos
2440 5566 2630 5636 opibus
2658 5562 2950 5635 fruimur.]
2993 5566 3301 5635 Propterea
3347 5566 3679 5621 credibiliter
