3926 6192
284 315 389 367 263

1275 296 1835 360 SUPPLEMENTUM
1873 296 1964 352 AD
2000 294 2234 352 OPERA
2270 295 2326 351 S.
2366 293 2755 353 AUGUSTINI.

3678 293 3780 346 264

280 438 491 496 otuisse
518 437 628 492 hoc
675 435 736 490 in
778 433 1195 505 Hipponensem
1228 429 1441 484 clerum
1473 425 1585 480 dici
1622 424 1832 480 fatetur
1855 425 1971 478 Au-
2009 423 2052 478 A
2081 419 2582 487 verisimilitudine,
2613 434 2743 474 vera
2770 432 2880 472 esse
2896 431 3004 472 non
3024 420 3216 486 potest.
3260 417 3471 471 Rursus
3510 417 3563 470 si
3599 417 3785 470 mani-

281 527 542 602 gustinus
565 541 580 591 ;
608 522 765 595 quod
795 527 987 576 tamen
1013 533 1212 572 verum
1233 532 1355 571 esse
1383 517 1680 586 pernegat,
1705 513 1974 582 juratque

282 598 341 673 se
392 616 553 671 nulla
607 609 864 683 pecunia
915 605 1224 678 cupiditate
1281 603 1652 658 sordidatum.
1709 601 1870 665 Quod
1920 598 1976 653 ei

280 704 452 762 credo
478 702 546 756 de
576 699 722 769 ipso,
755 697 852 750 sed
881 695 1250 748 vehementer
1307 690 1566 762 suspicor
1621 706 1653 744 a
1682 687 1975 742 nonnullis

284 809 351 848 ex
380 791 532 846 clero
563 785 831 842 inferiore
848 782 1158 838 utilitatem
1187 778 1437 835 ecclesia
1464 780 1774 848 spectatam
1828 791 1971 842 esse,

283 896 412 953 qua
439 883 555 932 tam
587 875 819 930 divitem
846 872 1246 942 presbyterum
1277 867 1530 938 accipere
1582 880 1699 920 non
1751 867 1976 935 poterat

283 952 404 1025 sine
431 967 816 1022 emolumento
842 979 855 1028 ;
888 961 1038 1032 quod
1067 959 1260 1030 aliquo
1291 957 1460 1012 modo
1490 955 1662 1010 etiam
1691 952 1975 1007 redunda-

280 1055 497 1113 bantin
519 1051 848 1107 universum
862 1047 1138 1119 populum
1172 1045 1617 1116 Hipponensem,
1636 1057 1766 1096 cum
1794 1041 1978 1110 cujus-

283 1144 369 1206 vis
398 1141 565 1198 liberi
598 1145 655 1194 et
679 1137 934 1210 episcopi
963 1140 1019 1190 et
1044 1132 1358 1205 presbyteri
1389 1131 1515 1186 fieri
1557 1133 1806 1202 possent.
1841 1129 1979 1193 Qua

286 1232 524 1288 omnino
551 1227 742 1284 nescio
771 1242 873 1280 cur
897 1223 1217 1279 dissimulet
1243 1220 1618 1292 Augustinus,
1648 1234 1779 1273 cum
1817 1217 1978 1288 plebs

285 1337 404 1377 non
435 1319 649 1375 soleret
672 1312 1006 1370 tumultuati
1031 1315 1098 1365 ut
1134 1325 1355 1381 pauper
1383 1306 1670 1379 quispiam
1722 1304 1978 1376 peregri-

297 1425 407 1463 nus
436 1405 734 1478 presbyter
762 1402 942 1456 ﬁeret.
973 1399 1063 1453 Sic
1093 1398 1274 1452 multa
1303 1411 1508 1450 arcana
1535 1393 1673 1448 olim
1709 1392 1977 1447 dissimu-

285 1496 401 1551 lata
431 1497 565 1548 sunt
593 1493 654 1545 in
684 1491 960 1544 honorem
992 1486 1272 1554 Ecclesia,
1298 1500 1426 1556 qua
1481 1483 1528 1536 si
1581 1487 1718 1536 nota
1771 1485 1977 1548 essent,

286 1599 402 1638 non
433 1582 583 1636 ultra
613 1578 1002 1649 apostolorum
1030 1579 1294 1644 tempora
1347 1572 1606 1643 exempla
1636 1571 1767 1626 vita
1821 1569 1981 1626 Chri-

287 1669 488 1724 stiana
518 1666 784 1722 omnibus
813 1662 1069 1718 numeris
1099 1661 1359 1716 absoluta
1386 1660 1530 1714 forte
1569 1674 1979 1729 quareremus.

358 1756 536 1828 Epist.
593 1754 778 1819 l33,§
827 1755 875 1805 1.
927 1751 1078 1804 Mihi
1121 1748 1425 1804 sollicitudo
1483 1750 1732 1802 maxima
1765 1749 1984 1800 incussa

286 1850 386 1915 est,
415 1861 481 1899 ne
506 1846 650 1910 forte
687 1841 991 1896 sublimitas
1021 1844 1116 1893 tua
1141 1843 1351 1893 censeat
1386 1852 1470 1892 eos
1501 1841 1653 1891 tanta
1684 1836 1859 1904 legum
1894 1849 1984 1889 se-

239 1916 245 1931 ’
287 1936 512 1990 veritate
535 1929 862 2002 plectendas,
883 1933 944 1983 ut
974 1929 1165 1996 qualia
1200 1929 1443 1994 fecerunt
1479 1927 1615 1980 talia
1650 1922 1981 1994 patiantur]

287 2018 678 2076 Marcellinum
737 2017 861 2068 orat
909 2029 979 2066 ne
1018 2011 1516 2067 Circumcelliones
1565 2007 1984 2063 Donatistarum

289 2107 480 2173 cadis,
516 2110 579 2160 ut
609 2105 711 2172 ait,
743 2107 800 2157 et
828 2101 1068 2156 aliorum
1101 2100 1378 2154 scelerum
1409 2115 1535 2153 reos
1550 2097 1732 2167 capite
1751 2097 1980 2166 plectat,

289 2198 401 2253 Sed
430 2211 530 2250 cur
558 2209 676 2248 non
705 2189 1007 2245 intercedit
1034 2203 1138 2258 pro
1191 2188 1262 2242 iis
1315 2187 1416 2258 qui
1472 2184 1760 2257 opinionis
1810 2184 1984 2238 solius

290 2299 460 2339 causa
485 2283 634 2338 male
658 2278 1036 2344 habebantur,
1060 2292 1200 2348 quos
1220 2275 1448 2329 mollius
1471 2273 1666 2328 haberi
1683 2289 1788 2343 par
1817 2272 1986 2327 erat?

291 2376 528 2445 Nempe,
557 2372 791 2436 famam,
823 2373 887 2422 ut
908 2368 1030 2438 jam
1085 2365 1223 2421 alibi
1273 2364 1541 2426 diximus,
1574 2362 1983 2418 misericordia

289 2480 358 2518 ex
387 2461 702 2532 insignium
754 2472 990 2512 reorum
1035 2456 1216 2508 salute
1274 2452 1558 2525 captabat.
1619 2451 1758 2506 Vide
1809 2455 1867 2505 et
1895 2466 1982 2504 se-

287 2532 562 2622 queniem
595 2546 914 2618 epistolam.

360 2638 536 2709 Epist.
592 2637 774 2702 l38,§
833 2635 920 2700 19,
978 2632 1047 2686 de
1105 2627 1347 2700 Apuleio
1403 2627 1819 2684 Madaurense:
1877 2629 1984 2682 Pro

284 2731 469 2784 statua
514 2726 623 2781 sibi
665 2722 816 2794 apud
843 2724 1061 2779 Coenses
1102 2718 1349 2783 locanda,
1390 2733 1457 2772 ea:
1487 2732 1597 2786 qua
1624 2718 1841 2770 civitate
1891 2717 1984 2769 ha-

287 2817 443 2872 bebat
479 2829 722 2881 uxorem,
785 2812 1045 2866 adversus
1095 2807 1570 2864 contradictionem
1626 2805 1984 2874 quorumdam

285 2908 484 2962 civium
515 2898 808 2972 litigaret.]
851 2899 1144 2954 Adnotant
1171 2894 1522 2950 Benedictini
1548 2894 1814 2948 undecim
1844 2909 1978 2947 mss.

2082 513 2390 578 festissima
2416 513 2674 579 certaque
2697 509 2905 562 rationi
2943 507 3087 561 velut
3127 506 3543 574 Scripturarum
3572 508 3785 560 sancta-

2084 615 2204 656 rum
2223 601 2476 670 objicitur
2503 599 2819 664 auctoritas,
2851 611 2959 651 non
2987 595 3246 661 intelligit
3274 597 3373 664 qui
3400 595 3496 649 hoc
3527 597 3682 662 facit,
3729 598 3785 648 et

2082 706 2188 745 non
2226 691 2635 758 Scripturarum
2655 688 2877 741 illarum
2909 700 3145 750 sensum,
3178 684 3252 738 ad
3296 699 3454 752 quem
3504 688 3786 753 penetrare

2079 794 2186 834 non
2219 781 2416 848 patuit,
2446 776 2543 832 sed
2570 791 2731 831 suum
2761 777 2941 844 potius
2970 773 3158 842 objicit
3177 774 3401 826 veritati
3437 791 3458 838 ;
3508 786 3602 826 nec
3639 769 3789 842 quod

2082 871 2141 921 in
2179 869 2276 935 eis,
2295 865 2389 920 sed
2417 864 2562 935 quod
2581 865 2639 917 in
2658 865 2832 932 seipse
2859 863 3004 916 velut
3029 875 3131 930 pro
3159 861 3235 914 eis
3262 859 3478 915 invenit
3505 856 3779 927 opponit]

2084 958 2272 1010 Aurea
2296 955 2418 1010 hac
2449 957 2533 1008 est
2562 953 2775 1023 regula,
2810 968 2842 1005 a
2869 967 2983 1022 qua
3012 950 3060 1004 si
3091 965 3258 1004 nemo
3289 947 3493 1012 abiret,
3526 950 3583 1000 et
3635 944 3788 1001 Scri-

2085 1049 2269 1117 ptura
2300 1060 2402 1098 sua
2419 1041 2728 1097 auctoritas
2757 1039 3129 1110 legitimaque
3157 1035 3459 1096 sententia,
3493 1038 3550 1088 et
3577 1031 3793 1087 rationi

2086 1150 2189 1188 sua
2219 1131 2539 1188 indubitata
2557 1130 2766 1184 veritas
2790 1132 3094 1183 constaret.
3131 1127 3291 1181 Nunc
3319 1141 3474 1187 vero,
3526 1123 3663 1194 quia
3692 1137 3794 1176 ne-

2087 1222 2342 1294 gligitur,
2377 1219 2547 1275 modo
2571 1218 2879 1289 Scriptura
2922 1216 3082 1283 ﬁdes,
3117 1214 3289 1269 modo
3318 1212 3557 1268 rationis
3599 1212 3796 1266 lumen

2087 1311 2312 1366 vacillat
2347 1314 2447 1364 aut
2474 1308 2626 1363 inter
2671 1323 2729 1360 se
2782 1321 2912 1377 qua
2939 1303 3239 1360 dissentire
3278 1304 3578 1374 nequeunt
3604 1298 3797 1370 turpi-

2088 1404 2177 1455 ter
2204 1399 2635 1454 commituntur.
2669 1394 2996 1465 Optandum
3023 1398 3170 1447 esset
3197 1391 3435 1463 hujusce
3473 1407 3592 1445 sua
3621 1405 3796 1460 regu-

2089 1489 2160 1544 la
2188 1488 2247 1542 in
2277 1484 2676 1541 controversiis
2707 1482 3030 1553 Pelagianis
3059 1497 3380 1537 memorem
3438 1479 3613 1535 fuisse
3674 1481 3798 1533 An-

2092 1577 2408 1649 gustinum.
2438 1575 2574 1630 Vide
2601 1574 2673 1628 ad
2703 1589 2793 1644 ep.
2831 1574 2950 1626 120.

2164 1666 2338 1737 Epist.
2401 1667 2521 1730 149,
2554 1665 2581 1729 §
2615 1666 2664 1719 3.
2699 1664 2844 1717 Unus
2875 1660 3105 1715 habebat
3137 1658 3383 1730 (Gracus
3423 1657 3619 1727 codex)
3651 1656 3802 1726 quod

2091 1761 2142 1811 et
2168 1755 2549 1811 Latininostri
2569 1767 2590 1807 :
2622 1750 2879 1810 Domine,
2911 1749 3159 1820 perdens
3183 1748 3252 1803 de
3282 1753 3435 1802 terra
3487 1745 3801 1817 dispertire

2092 1861 2220 1910 eos;
2253 1845 2418 1910 alius,
2457 1845 2598 1897 sicut
2637 1842 2753 1910 ipse
2797 1840 3064 1904 posuisti:
3120 1854 3154 1891 a
3210 1836 3407 1908 paucis
3465 1835 3535 1890 de
3585 1833 3796 1908 terra.]

2096 1936 2274 1990 Locus
2303 1937 2486 1986 exstat
2513 1930 2658 2001 psal.
2719 1944 2832 1995 xvx,
2892 1929 2974 1992 l4,
3033 1942 3102 1980 ex
3149 1925 3425 1980 divisione
3460 1925 3583 1980 LXX
3613 1923 3801 1978 inter-

2090 2029 2318 2094 pretum
2371 2020 2792 2090 respondetque
2848 2015 3204 2086 Augustinus
3262 2014 3505 2070 Paulino
3562 2029 3803 2068 sensum

2091 2112 2299 2166 horum
2330 2108 2629 2181 quarenti.
2689 2106 2829 2161 Hinc
2857 2103 3184 2175 intelligere
3213 2103 3498 2174 potuisset
3525 2103 3802 2174 Augusti-

2091 2217 2218 2262 nus,
2243 2215 2418 2271 quam
2452 2193 2802 2252 necessarius
2831 2197 2951 2246 erat
2981 2191 3144 2246 labor
3199 2190 3552 2262 Hieronymi,
3608 2190 3804 2246 denuo

2090 2286 2460 2344 convertendi
2513 2285 2829 2356 Scripturas
2886 2281 3104 2335 Veteris
3158 2282 3507 2336 Testamenti
3563 2295 3627 2334 ex
3683 2279 3803 2336 He-

2090 2377 2298 2434 braicis
2325 2374 2598 2430 fontibus.
2630 2375 2772 2428 Cum
2801 2369 2959 2425 enim
3001 2370 3282 2426 haberent
3324 2369 3423 2424 alii
3453 2368 3588 2424 libri
3615 2369 3806 2424 Graci

2094 2476 2412 2522 AUOAAI‘QN
2463 2463 2715 2534 perdens,
2777 2461 2875 2518 alii
2925 2472 3002 2516 ΔΙ]
3037 2471 3255 2516 οΑιΓΩΝ
3315 2473 3560 2529 quorum
3634 2458 3807 2529 prius

2091 2559 2176 2609 est
2199 2555 2262 2608 in
2290 2553 2578 2618 Vaticano,
2621 2551 2986 2622 posteriusin
3025 2547 3412 2604 Alexandrino
3455 2546 3807 2617 exemplari,

2091 2649 2150 2700 et
2177 2643 2254 2698 sic
2284 2641 2466 2697 Latini
2495 2657 2729 2712 quoque
2757 2641 3043 2696 variarent
3080 2658 3096 2705 ;
3125 2641 3317 2691 utram
3357 2634 3657 2690 lectionem
3687 2636 3811 2690 eli-

2091 2749 2226 2805 gere
2257 2729 2468 2802 potuit,
2501 2746 2618 2784 non
2645 2729 2900 2801 inspecto
2943 2726 3256 2797 archetypo
3306 2724 3540 2780 codice?
3591 2723 3650 2780 Si
3702 2741 3814 2796 po—

2090 2823 2294 2876 tuisset
2343 2836 2478 2874 eum
2557 2819 2774 2890 legere,
2837 2818 3073 2873 vidisset
3122 2814 3268 2870 verti
3320 2829 3516 2868 vocem
3573 2823 3812 2875 Elan

2089 2909 2378 2971 mimthim,
2414 2905 2569 2977 quod
2599 2909 2683 2960 est
2711 2921 2746 2959 a
2765 2904 3086 2960 mortalibus
3106 2921 3127 2968 ;
3157 2901 3311 2957 unde
3340 2900 3662 2971 collegisset
3690 2901 3813 2971 pri'

284 2996 498 3050 habere
529 2993 772 3058 Ocenses,
843 2988 1099 3059 quinque
1156 2986 1396 3046 Oeenses,
1430 2984 1575 3039 duos
1627 2985 1864 3040 Coenses.
1913 2985 2050 3060 Atc
2091 3013 2254 3052 mum
2288 2995 2411 3050 Lxx
2457 2994 2799 3066 interpretes
2855 2993 3060 3064 legisse
3117 3001 3287 3052 Dyma
3342 2991 3582 3056 malum,
3649 2989 3810 3043 οοοί-

285 3099 457 3138 nemo
485 3078 770 3136 dubitabit
799 3077 941 3148 quin
970 3076 1225 3146 quinque
1264 3073 1344 3128 illi
1378 3073 1492 3127 sint
1543 3072 1984 3138 emendatiores,

285 3171 386 3244 qui
413 3167 644 3241 Apuleii
698 3165 1034 3237 Apologiam
1063 3161 1290 3233 legerit,
1340 3161 1441 3216 ubi
1472 3161 1667 3216 multis
1683 3161 1751 3216 de
1771 3160 1987 3232 nuptiis

287 3259 404 3315 suis
432 3273 565 3313 cum
596 3254 914 3311 Pudentilla
932 3251 1137 3308 Oeensi
1164 3250 1355 3305 vidua.
1390 3249 1779 3314 Quamobrem
1810 3249 1988 3304 miror

283 3365 402 3403 non
431 3346 739 3401 admissam
769 3343 916 3396 hanc
942 3341 1247 3395 lectionem
1267 3340 1326 3393 in
1355 3342 1700 3394 contextum.

357 3435 530 3508 Epist.
571 3435 692 3498 l4l,
740 3433 768 3498 §
826 3434 878 3485 5.
935 3430 1252 3484 Communia
1297 3427 1564 3482 malorum
1599 3442 1706 3481 non
1751 3428 1987 3482 maculat

285 3527 522 3596 aliquem
550 3522 974 3593 participatione
1001 3522 1480 3584 sacramentorum,
1511 3517 1606 3571 sed
1650 3519 1988 3572 consensione

284 3612 602 3684 factorum]
642 3608 790 3666 Nihil
812 3608 1037 3662 verius:
1069 3623 1202 3661 nam
1235 3605 1372 3661 dum
1404 3607 1594 3676 palam
1611 3605 1742 3660 licet
1769 3605 1984 3676 impro-

281 3705 416 3759 bare
446 3703 612 3764 facla,
643 3699 714 3754 iis
744 3697 982 3752 minime
1014 3697 1389 3750 maculamur.
1422 3694 1531 3750 Sed
1571 3710 1672 3749 cur
1726 3696 1836 3749 hoc
1866 3711 1986 3750 non

282 3792 622 3849 extendatur
650 3788 823 3843 etiam
854 3786 924 3842 ad
955 3785 1261 3856 dogmata?
1308 3787 1574 3839 Attamen
1629 3789 1865 3855 propter
1894 3800 1984 3838 er-

281 3897 442 3936 rores
471 3895 615 3951 quos
643 3877 916 3931 damnare
945 3873 1128 3936 licuit,
1153 3889 1255 3927 nec
1286 3889 1380 3928 eos
1430 3872 1628 3942 magni
1684 3873 1981 3939 momenti,

280 3966 746 4040 frequentissime
773 3965 1059 4030 homines,
1081 3961 1389 4034 cateroqui
1414 3961 1657 4016 minime
1686 3960 1824 4016 mali
1852 3965 1985 4016 sunt

281 4057 663 4115 ecclesiastica
693 4054 966 4108 societate
999 4052 1183 4123 ejecli.

353 4146 532 4218 Epist.
570 4142 737 4214 l43.§
777 4145 830 4197 2.
878 4145 1079 4198 Fateor
1129 4155 1214 4196 me
1252 4156 1321 4195 ea:
1373 4155 1553 4195 eorum
1598 4155 1819 4194 numero
1873 4153 1984 4194 esse

281 4237 469 4291 conari
487 4236 584 4304 qui
607 4232 934 4303 praflciendo
953 4231 1218 4298 scribunt,
1250 4235 1300 4284 et
1323 4228 1602 4284 scribendo
1657 4231 1974 4298 proﬁciunt.

285 4325 435 4380 Unde
467 4327 517 4378 si
536 4321 755 4391 aliquid
783 4322 1056 4374 incautius
1083 4321 1167 4374 vel
1208 4319 1479 4372 indoctius
1521 4333 1556 4370 a
1609 4333 1693 4371 me
1740 4320 1981 4387 positum

281 4417 380 4479 est,
407 4411 551 4480 quod
587 4426 694 4464 non
713 4411 884 4464 solum
911 4409 980 4462 ab
1036 4408 1162 4462 aliis
1219 4406 1353 4476 quid
1397 4406 1579 4461 videre
1630 4405 1692 4459 id
1734 4412 1981 4476 possunt,

282 4503 472 4556 merito
498 4497 950 4568 reprehendatur,
983 4511 1165 4549 verum
1211 4497 1425 4548 etiama
1449 4510 1532 4547 me
1578 4496 1718 4563 ipso,
1777 4498 1910 4564 quia
1933 4501 1985 4551 et

284 4604 380 4659 ego
417 4589 606 4643 saltem
633 4587 817 4641 videre
841 4585 1022 4646 debeo.
1045 4587 1096 4640 si
1122 4583 1386 4654 pro/icio;
1433 4599 1528 4638 nec
1565 4585 1877 4639 mirandum
1905 4590 1985 4640 est

285 4693 382 4733 nec
412 4675 726 4738 dolendum;
758 4675 853 4729 sed
875 4676 1056 4743 potius
1086 4671 1468 4740 ignoscendum
1507 4677 1670 4741 atque
1697 4674 1985 4740 gratulan-

288 4767 442 4831 dum,
473 4779 581 4819 non
619 4766 751 4835 quia
797 4768 1037 4818 erratum
1096 4767 1195 4825 est,
1235 4761 1331 4817 sed
1386 4762 1519 4830 quia
1571 4762 1982 4832 improbatum]

282 4857 414 4912 Hac
439 4854 612 4910 habet
637 4853 1014 4926 Augustinus,
1046 4852 1430 4924 explicaturos
1462 4850 1645 4904 locum
1675 4850 1984 4921 quemdam

285 4943 566 4999 librorum
597 4951 834 4998 su'orum
865 4943 936 4996 de
968 4941 1170 4997 Libero
1198 4939 1472 5008 Arbitrio,
1501 4954 1630 5010 qua
1661 4955 1796 4992 sane
1822 4956 1854 4992 a
1880 4955 1983 4994 ne-

285 5033 439 5087 mine
469 5031 570 5103 qui
601 5048 718 5087 non
757 5031 831 5086 sit
856 5047 1088 5102 prorsus
1118 5029 1350 5101 iniquus
1381 5026 1696 5098 improbari
1725 5029 1980 5098 possunt.

285 5119 390 5176 Sed
423 5122 605 5175 miror
632 5137 749 5176 non
776 5119 982 5189 attingi
1011 5119 1124 5173 alia
1149 5118 1406 5189 ejusdem
1436 5116 1626 5188 operis
1654 5117 1793 5181 loca,
1854 5131 1984 5186 qua

285 5207 534 5264 iudicavi
561 5209 620 5262 in
651 5207 1243 5264 animadversionibus
1276 5206 1347 5261 ad
1380 5207 1610 5260 tertium
1641 5205 1764 5275 ejus
1793 5203 1985 5275 operis

261 5295 518 5352 librum.
550 5297 722 5353 Miror
749 5303 806 5352 et
831 5296 1044 5352 similia
1071 5295 1383 5351 sentientes
1411 5299 1530 5349 tam
1567 5293 1768 5348 acerbe
1822 5292 1984 5347 dam-

288 5389 472 5442 natos.

355 5472 524 5541 lbid.,
559 5471 588 5545 §
620 5476 671 5528 7.
705 5475 768 5531 Si
791 5477 932 5530 enim
975 5477 1119 5530 ratio
1148 5477 1338 5529 contra
1365 5471 1680 5526 divinarum
1733 5471 1986 5541 Scriptu-

286 5576 478 5619 rarum
505 5565 882 5619 auctoritatem
904 5563 1176 5631 redditur,
1211 5560 1507 5631 quamlibet
1527 5565 1690 5616 acuta
1717 5561 1811 5629 sit,
1831 5561 1985 5627 fallit

2012 4294 2056 4348 D

2099 3087 2260 3152 deus,
2318 3083 2470 3156 quod
2501 3087 2584 3138 est
2642 3082 3011 3154 participium
3069 3079 3282 3151 hiphil;
3327 3077 3532 3134 deinde
3584 3081 3808 3134 rectam

2095 3189 2215 3228 non
2245 3187 2365 3226 esse
2408 3187 2535 3225 eam
2569 3171 2891 3226 versionem
2924 3211 2941 3241 ,
2971 3169 3123 3242 quod
3175 3167 3267 3223 hic
3315 3183 3434 3222 non
3474 3165 3804 3221 ostendam.

2098 3261 2481 3331 Hieronymus
2507 3263 2701 3314 tamen
2745 3259 2919 3314 etiam
2950 3259 3125 3314 habet
3151 3255 3245 3312 hic
3273 3257 3372 3325 qui
3426 3257 3627 3310 mortui
3647 3260 3806 3317 sunt,

2098 3346 2196 3400 sed
2237 3345 2470 3414 frustra,
2529 3349 2592 3399 ut
2637 3345 2983 3400 recentiores
3053 3343 3398 3414 interpretes
3446 3341 3580 3395 satis
3609 3345 3809 3396 osten-

2095 3434 2323 3490 derunt.

2165 3522 2334 3586 lbid.,
2368 3524 2396 3590 §
2434 3524 2486 3577 4.
2537 3522 2693 3588 Quod
2731 3537 2854 3576 vero
2891 3523 3167 3592 sequitur:
3209 3518 3459 3575 Saturati
3497 3521 3630 3572 sunt
3674 3535 3811 3590 por—

2094 3611 2240 3675 cina,
2260 3611 2382 3679 jam
2411 3609 2696 3678 quidmihi
2711 3626 2779 3664 etc
2799 3611 2895 3665 hoc
2919 3609 3196 3664 videretur
3236 3609 3449 3678 aperui.
3483 3605 3595 3661 Sed
3655 3608 3813 3677 quod

2093 3699 2196 3756 alii
2215 3699 2420 3755 codices
2447 3697 2644 3753 habent
2667 3702 2719 3752 et
2746 3702 2928 3754 verius
2959 3698 3155 3753 habere
3202 3696 3560 3768 perhibentur
3617 3696 3811 3766 (satu-

2091 3788 2198 3844 rati
2225 3793 2360 3842 sunt
2388 3787 2540 3857 filiis)
2585 3789 2720 3856 quia
2775 3787 3130 3853 diligentiam
3183 3785 3522 3854 exemplaria
3577 3798 3680 3852 per
3716 3799 3818 3838 ac-

2091 3883 2275 3932 centus
2295 3881 2480 3931 notam
2507 3876 2747 3946 ejusdem
2778 3877 2952 3932 Graeci
2973 3876 3126 3930 verbi
3162 3875 3573 3943 ambiguitatem
3611 3873 3818 3927 Graco

2090 3964 2361 4020 scribendi
2384 3980 2528 4019 mare
2572 3965 2894 4033 dissolvunt,
2955 3965 3233 4019 obscurius
3291 3968 3370 4018 est
3417 3961 3660 4032 quidem,
3710 3963 3826 4016 sed

2090 4055 2328 4108 electiori
2342 4055 2618 4108 sententia
2643 4053 2862 4114 videtur
2887 4055 3074 4122 aptius
3103 4047 3429 4122 convenire]
3460 4049 3568 4104 Alii
3591 4065 3822 4122 nempe

2091 4142 2310 4197 codices
2356 4141 2644 4196 habebant
2680 4149 2777 4196 ύῶν
2824 4155 3112 4211 porcorum
3143 4145 3242 4195 aut
3290 4141 3489 4210 porcis,
3523 4135 3620 4192 alii
3665 4143 3820 4206 υἱῶν,

2090 4232 2347 4301 filiorum,
2383 4236 2482 4285 aut
2508 4230 2665 4301 ﬁliis,
2696 4245 2826 4301 qua
2863 4230 3087 4300 putavit
3111 4229 3486 4300 Augustinus,
3534 4242 3639 4298 pro
3701 4243 3825 4280 sua

2093 4321 2307 4391 lingua
2337 4321 2544 4376 Graca
2585 4319 2808 4390 peritia,
2851 4318 3082 4373 difierre
3114 4323 3339 4373 tantum
3369 4321 3608 4380 accentu,
3668 4330 3824 4370 cum

2095 4408 2364 4465 dili‘erant
2395 4409 2580 4464 littera
2613 4410 2661 4464 Ῑ.
2699 4408 2809 4462 Alil
2840 4412 3034 4463 tamen
3071 4408 3286 4463 habent
3337 4412 3491 4461 nunc
3519 4411 3663 4460 ὑείων
3703 4419 3825 4476 por

2095 4500 2256 4553 cinis.
2291 4498 2494 4552 Veram
2529 4497 2764 4568 quidem
2819 4497 3126 4550 lectionem
3185 4493 3397 4566 partim
3451 4492 3612 4553 vidit.
3663 4507 3824 4547 nam

2100 4591 2186 4640 est
2269 4585 2538 4640 Hebraice
2567 4596 2712 4646 at):
2741 4584 2958 4651 banim,
3017 4585 3144 4654 ﬁlii,
3193 4582 3295 4638 sed
3324 4597 3456 4636 casu
3511 4596 3576 4634 ac
3622 4596 3827 4651 prava

2094 4675 2451 4746 conjectura,
2504 4690 2734 4730 sensum
2792 4673 2948 4728 enim
3001 4671 3176 4728 habet
3225 4671 3395 4743 plane
3443 4669 3706 4746 alienum
3739 4670 3826 4725 ab

2091 4744 2218 4818 hoc
2255 4764 2398 4820 loco.
2460 4765 2538 4818 De
2587 4761 2960 4834 sequentibus
3030 4744 3598 4832 interpretationibus
3655 4758 3831 4815 nihil

2095 4852 2327 4917 addam,
2358 4867 2494 4906 nam
2527 4851 2664 4906 satis
2697 4852 2882 4922 liquet
2899 4866 2964 4905 ex
2995 4847 3406 4904 recentioribus
3430 4846 3630 4919 quanti
3694 4847 3836 4904 sint

2095 4939 2394 4996 facienda.
2449 4940 2701 4995 Paucula
2753 4944 2981 4994 tantum
3026 4937 3380 4994 observanda
3436 4935 3593 5004 duxi,
3650 4940 3724 4989 ut
3753 4935 3836 4990 li-

2093 5033 2298 5101 queret
2334 5045 2432 5083 eos
2454 5029 2516 5083 in
2557 5028 2806 5084 tenebris
2846 5028 3143 5083 ambulare
3184 5027 3285 5099 qui
3324 5025 3461 5080 olim
3494 5025 3836 5080 voluerunt

2092 5119 2272 5172 Vetus
2328 5118 2760 5172 Testamentum
2815 5117 2938 5171 sine
2991 5115 3281 5172 Hebraica
3328 5114 3542 5186 lingua
3595 5113 3834 5184 cogni-

2092 5205 2248 5262 tione
2278 5205 2652 5277 inerpretari.
2704 5207 2880 5262 Multo
2909 5205 3140 5272 rectius,
3197 5203 3355 5276 quod
3402 5201 3687 5258 modestia
3713 5217 3840 5273 po—

2093 5295 2363 5362 stulabat,
2390 5295 2737 5363 tacuissent;
2788 5296 2887 5349 sed
2930 5293 3031 5366 qui
3080 5291 3441 5364 excogitandi
3477 5307 3542 5346 ac
3569 5289 3840 5348 dicendi

2095 5381 2428 5438 facultatem
2457 5383 2708 5454 aliquam
2739 5382 2892 5438 nacti
2916 5387 3081 5438 erant
3107 5381 3392 5454 putabant
3418 5395 3478 5436 se
3508 5379 3578 5436 de
3607 5380 3840 5435 omni-

2091 5469 2199 5526 bus
2229 5469 2418 5525 dicere
2447 5485 2632 5540 posse.

2173 5558 2352 5631 Epist.
2399 5563 2522 5627 157,
2576 5561 2605 5628 §
2644 5562 2702 5616 2.
2756 5561 2822 5618 Si
2843 5561 3044 5632 quaeris
3093 5563 3278 5617 utrum
3305 5558 3614 5615 inhacvita
3642 5559 3840 5626 quis-
