  <div class='ocr_page' id='page_1' title='image "/cluster/home/n/w/nwhite01/storage/ocr_20150623/47/hvd.32044096580683/138.png"; bbox 0 0 3922 6188; ppageno 0'>
   <div class='ocr_carea' id='block_1_1' title="bbox 102 257 2758 318">
    <p class='ocr_par' dir='ltr' id='par_1_1' title="bbox 102 257 2758 318">
     <span class='ocr_line' id='line_1_1' title="bbox 102 257 2758 318; baseline 0 -3"><span class='ocrx_word' id='word_1_1' title='bbox 102 267 181 315; x_wconf 75' lang='grc'><strong><em>265</em></strong></span> <span class='ocrx_word' id='word_1_2' title='bbox 852 257 1214 313; x_wconf 77' lang='lat' dir='ltr'><strong><em>VARIORUM</em></strong></span> <span class='ocrx_word' id='word_1_3' title='bbox 1258 259 1852 315; x_wconf 76' lang='lat' dir='ltr'><strong><em>EXERCITATIONES</em></strong></span> <span class='ocrx_word' id='word_1_4' title='bbox 1890 259 1960 315; x_wconf 89' lang='lat' dir='ltr'><strong>IN</strong></span> <span class='ocrx_word' id='word_1_5' title='bbox 2001 264 2054 316; x_wconf 77' lang='lat' dir='ltr'><strong><em>S.</em></strong></span> <span class='ocrx_word' id='word_1_6' title='bbox 2098 263 2462 318; x_wconf 81' lang='lat' dir='ltr'><strong>AUGUSTINI</strong></span> <span class='ocrx_word' id='word_1_7' title='bbox 2503 263 2758 318; x_wconf 82' lang='lat' dir='ltr'><strong><em>OPERA.</em></strong></span> 
     </span>
    </p>
   </div>
   <div class='ocr_carea' id='block_1_2' title="bbox 3454 273 3555 325">
    <p class='ocr_par' dir='ltr' id='par_1_2' title="bbox 3454 273 3555 325">
     <span class='ocr_line' id='line_1_2' title="bbox 3454 273 3555 325; baseline 0 -1"><span class='ocrx_word' id='word_1_8' title='bbox 3454 273 3555 325; x_wconf 84' lang='lat'><strong><em>266</em></strong></span> 
     </span>
    </p>
   </div>
   <div class='ocr_carea' id='block_1_3' title="bbox 100 380 3554 457">
    <p class='ocr_par' dir='ltr' id='par_1_3' title="bbox 100 380 3554 457">
     <span class='ocr_line' id='line_1_3' title="bbox 100 380 3554 457; baseline 0.004 -26"><span class='ocrx_word' id='word_1_9' title='bbox 100 399 229 452; x_wconf 74' lang='lat' dir='ltr'><strong><em>quam</em></strong></span> <span class='ocrx_word' id='word_1_10' title='bbox 254 384 328 434; x_wconf 87' lang='lat' dir='ltr'><strong><em>ita</em></strong></span> <span class='ocrx_word' id='word_1_11' title='bbox 348 380 576 448; x_wconf 64' lang='lat' dir='ltr'><strong><em>justitiw</em></strong></span> <span class='ocrx_word' id='word_1_12' title='bbox 604 381 931 447; x_wconf 78' lang='lat' dir='ltr'><strong><em>perfectione</em></strong></span> <span class='ocrx_word' id='word_1_13' title='bbox 959 383 1232 449; x_wconf 77' lang='lat' dir='ltr'><strong><em>proﬁciat,</em></strong></span> <span class='ocrx_word' id='word_1_14' title='bbox 1278 387 1339 435; x_wconf 87' lang='lat' dir='ltr'><strong><em>ut</em></strong></span> <span class='ocrx_word' id='word_1_15' title='bbox 1367 383 1451 436; x_wconf 89' lang='lat' dir='ltr'><strong><em>hic</em></strong></span> <span class='ocrx_word' id='word_1_16' title='bbox 1493 385 1610 437; x_wconf 85' lang='lat' dir='ltr'><strong><em>sine</em></strong></span> <span class='ocrx_word' id='word_1_17' title='bbox 1642 385 1748 438; x_wconf 90' lang='lat' dir='ltr'><strong><em>ullo</em></strong></span> <span class='ocrx_word' id='word_1_18' title='bbox 1787 383 1832 436; x_wconf 87' lang='lat' dir='ltr'><strong><em>A</em></strong></span> <span class='ocrx_word' id='word_1_19' title='bbox 1857 383 1963 437; x_wconf 90' lang='lat' dir='ltr'><strong><em>hoc</em></strong></span> <span class='ocrx_word' id='word_1_20' title='bbox 1994 384 2232 440; x_wconf 85' lang='lat' dir='ltr'><strong><em>minime</em></strong></span> <span class='ocrx_word' id='word_1_21' title='bbox 2266 386 2510 457; x_wconf 79' lang='lat' dir='ltr'><strong><em>negabat</em></strong></span> <span class='ocrx_word' id='word_1_22' title='bbox 2547 386 2833 456; x_wconf 79' lang='lat' dir='ltr'><strong><em>Pelagius,</em></strong></span> <span class='ocrx_word' id='word_1_23' title='bbox 2865 391 2926 439; x_wconf 89' lang='lat' dir='ltr'><strong><em>ut</em></strong></span> <span class='ocrx_word' id='word_1_24' title='bbox 2947 387 3141 442; x_wconf 89' lang='lat' dir='ltr'><strong><em>multis</em></strong></span> <span class='ocrx_word' id='word_1_25' title='bbox 3174 390 3424 444; x_wconf 80' lang='lat' dir='ltr'><strong><em>ostendit</em></strong></span> <span class='ocrx_word' id='word_1_26' title='bbox 3449 393 3554 446; x_wconf 90' lang='lat' dir='ltr'><strong><em>Pe-</em></strong></span> 
     </span>
    </p>
   </div>
   <div class='ocr_carea' id='block_1_4' title="bbox 105 469 1742 538">
    <p class='ocr_par' dir='ltr' id='par_1_4' title="bbox 105 469 1742 538">
     <span class='ocr_line' id='line_1_4' title="bbox 105 469 1742 538; baseline 0.001 -14"><span class='ocrx_word' id='word_1_27' title='bbox 105 475 215 525; x_wconf 76' lang='lat' dir='ltr'><strong><em>eicat</em></strong></span> <span class='ocrx_word' id='word_1_28' title='bbox 261 471 461 522; x_wconf 82' lang='lat' dir='ltr'><strong><em>omnino</em></strong></span> <span class='ocrx_word' id='word_1_29' title='bbox 513 473 761 536; x_wconf 82' lang='lat' dir='ltr'><strong><em>peccato;</em></strong></span> <span class='ocrx_word' id='word_1_30' title='bbox 810 469 1025 522; x_wconf 84' lang='lat' dir='ltr'><strong><em>attende</em></strong></span> <span class='ocrx_word' id='word_1_31' title='bbox 1077 469 1213 538; x_wconf 86' lang='lat' dir='ltr'><strong><em>quid</em></strong></span> <span class='ocrx_word' id='word_1_32' title='bbox 1264 471 1468 524; x_wconf 64' lang='lat' dir='ltr'><strong><em>dixerit</em></strong></span> <span class='ocrx_word' id='word_1_33' title='bbox 1511 474 1742 526; x_wconf 84' lang='lat' dir='ltr'><strong><em>Joannes</em></strong></span> 
     </span>
    </p>
   </div>
   <div class='ocr_carea' id='block_1_5' title="bbox 104 555 1743 628">
    <p class='ocr_par' dir='ltr' id='par_1_5' title="bbox 104 555 1743 628">
     <span class='ocr_line' id='line_1_5' title="bbox 104 555 1743 628; baseline 0.001 -18"><span class='ocrx_word' id='word_1_34' title='bbox 104 557 342 625; x_wconf 74' lang='lat' dir='ltr'><strong><em>apostolus,</em></strong></span> <span class='ocrx_word' id='word_1_35' title='bbox 389 570 541 624; x_wconf 87' lang='lat' dir='ltr'><strong><em>quem</em></strong></span> <span class='ocrx_word' id='word_1_36' title='bbox 604 555 872 608; x_wconf 83' lang='lat' dir='ltr'><strong><em>Dominus</em></strong></span> <span class='ocrx_word' id='word_1_37' title='bbox 929 555 1071 609; x_wconf 86' lang='lat' dir='ltr'><strong><em>inter</em></strong></span> <span class='ocrx_word' id='word_1_38' title='bbox 1125 555 1420 625; x_wconf 79' lang='lat' dir='ltr'><strong><em>discipulos</em></strong></span> <span class='ocrx_word' id='word_1_39' title='bbox 1474 560 1743 628; x_wconf 76' lang='lat' dir='ltr'><strong><em>praecipue</em></strong></span> 
     </span>
    </p>
   </div>
   <div class='ocr_carea' id='block_1_6' title="bbox 104 640 1742 715">
    <p class='ocr_par' dir='ltr' id='par_1_6' title="bbox 104 640 1742 715">
     <span class='ocr_line' id='line_1_6' title="bbox 104 640 1742 715; baseline 0.004 -20"><span class='ocrx_word' id='word_1_40' title='bbox 104 643 333 708; x_wconf 70' lang='lat' dir='ltr'><strong><em>diligebat:</em></strong></span> <span class='ocrx_word' id='word_1_41' title='bbox 390 641 448 695; x_wconf 98' lang='lat' dir='ltr'><strong><em>Si</em></strong></span> <span class='ocrx_word' id='word_1_42' title='bbox 500 640 831 706; x_wconf 82' lang='lat' dir='ltr'><strong><em>dixerimus,</em></strong></span> <span class='ocrx_word' id='word_1_43' title='bbox 884 645 1086 711; x_wconf 77' lang='lat' dir='ltr'><strong><em>inquit,</em></strong></span> <span class='ocrx_word' id='word_1_44' title='bbox 1134 644 1271 714; x_wconf 87' lang='lat' dir='ltr'><strong><em>quia</em></strong></span> <span class='ocrx_word' id='word_1_45' title='bbox 1299 651 1595 715; x_wconf 90' lang='lat' dir='ltr'><strong><em>peccatum</em></strong></span> <span class='ocrx_word' id='word_1_46' title='bbox 1627 664 1742 701; x_wconf 90' lang='lat' dir='ltr'><strong><em>non</em></strong></span> 
     </span>
    </p>
   </div>
   <div class='ocr_carea' id='block_1_7' title="bbox 100 729 1743 805">
    <p class='ocr_par' dir='ltr' id='par_1_7' title="bbox 100 729 1743 805">
     <span class='ocr_line' id='line_1_7' title="bbox 100 729 1743 805; baseline 0.004 -22"><span class='ocrx_word' id='word_1_47' title='bbox 100 732 341 798; x_wconf 83' lang='lat' dir='ltr'><strong><em>habemus,</em></strong></span> <span class='ocrx_word' id='word_1_48' title='bbox 382 746 487 783; x_wconf 92' lang='lat' dir='ltr'><strong><em>nos</em></strong></span> <span class='ocrx_word' id='word_1_49' title='bbox 523 729 675 801; x_wconf 88' lang='lat' dir='ltr'><strong><em>ipsos</em></strong></span> <span class='ocrx_word' id='word_1_50' title='bbox 719 729 1060 800; x_wconf 77' lang='lat' dir='ltr'><strong><em>decipimus,</em></strong></span> <span class='ocrx_word' id='word_1_51' title='bbox 1091 732 1217 805; x_wconf 56' lang='lat' dir='ltr'><strong><em>elo]</em></strong></span> <span class='ocrx_word' id='word_1_52' title='bbox 1266 735 1392 787; x_wconf 60' lang='lat' dir='ltr'><strong><em>Haec</em></strong></span> <span class='ocrx_word' id='word_1_53' title='bbox 1432 736 1743 805; x_wconf 89' lang='lat' dir='ltr'><strong><em>respondet</em></strong></span> 
     </span>
    </p>
   </div>
   <div class='ocr_carea' id='block_1_8' title="bbox 94 817 1742 893">
    <p class='ocr_par' dir='ltr' id='par_1_8' title="bbox 94 817 1742 893">
     <span class='ocr_line' id='line_1_8' title="bbox 94 817 1742 893; baseline 0.004 -23"><span class='ocrx_word' id='word_1_54' title='bbox 94 817 391 887; x_wconf 74' lang='lat' dir='ltr'><strong><em>Augustinus</em></strong></span> <span class='ocrx_word' id='word_1_55' title='bbox 433 818 735 888; x_wconf 71' lang='lat' dir='ltr'><strong><em>qumstioni</em></strong></span> <span class='ocrx_word' id='word_1_56' title='bbox 783 837 800 872; x_wconf 80' lang='grc' dir='ltr'>ι</span> <span class='ocrx_word' id='word_1_57' title='bbox 851 819 1050 874; x_wconf 82' lang='lat' dir='ltr'><strong><em>Hilarii</em></strong></span> <span class='ocrx_word' id='word_1_58' title='bbox 1102 820 1162 875; x_wconf 90' lang='lat' dir='ltr'><strong><em>in</em></strong></span> <span class='ocrx_word' id='word_1_59' title='bbox 1203 823 1573 878; x_wconf 84' lang='lat' dir='ltr'><strong><em>antecedente</em></strong></span> <span class='ocrx_word' id='word_1_60' title='bbox 1612 824 1742 893; x_wconf 88' lang='lat' dir='ltr'><strong><em>epi-</em></strong></span> 
     </span>
    </p>
   </div>
   <div class='ocr_carea' id='block_1_9' title="bbox 92 905 1742 980">
    <p class='ocr_par' dir='ltr' id='par_1_9' title="bbox 92 905 1742 980">
     <span class='ocr_line' id='line_1_9' title="bbox 92 905 1742 980; baseline 0.004 -23"><span class='ocrx_word' id='word_1_61' title='bbox 92 906 219 970; x_wconf 83' lang='lat' dir='ltr'><strong><em>stula,</em></strong></span> <span class='ocrx_word' id='word_1_62' title='bbox 247 905 338 958; x_wconf 89' lang='lat' dir='ltr'><strong><em>ubi</em></strong></span> <span class='ocrx_word' id='word_1_63' title='bbox 384 905 520 959; x_wconf 86' lang='lat' dir='ltr'><strong><em>dicit</em></strong></span> <span class='ocrx_word' id='word_1_64' title='bbox 549 906 827 976; x_wconf 88' lang='lat' dir='ltr'><strong><em>quosdam</em></strong></span> <span class='ocrx_word' id='word_1_65' title='bbox 865 906 1220 962; x_wconf 83' lang='lat' dir='ltr'><strong><em>Christianos</em></strong></span> <span class='ocrx_word' id='word_1_66' title='bbox 1258 909 1414 964; x_wconf 88' lang='lat' dir='ltr'><strong><em>varia</em></strong></span> <span class='ocrx_word' id='word_1_67' title='bbox 1455 910 1742 980; x_wconf 87' lang='lat' dir='ltr'><strong><em>Syracusis</em></strong></span> 
     </span>
    </p>
   </div>
   <div class='ocr_carea' id='block_1_10' title="bbox 90 993 1744 1064">
    <p class='ocr_par' dir='ltr' id='par_1_10' title="bbox 90 993 1744 1064">
     <span class='ocr_line' id='line_1_10' title="bbox 90 993 1744 1064; baseline 0.003 -16"><span class='ocrx_word' id='word_1_68' title='bbox 90 997 270 1058; x_wconf 86' lang='lat' dir='ltr'><strong><em>docere,</em></strong></span> <span class='ocrx_word' id='word_1_69' title='bbox 299 998 353 1046; x_wconf 89' lang='lat' dir='ltr'><strong><em>et</em></strong></span> <span class='ocrx_word' id='word_1_70' title='bbox 404 993 660 1062; x_wconf 89' lang='lat' dir='ltr'><strong><em>primum</em></strong></span> <span class='ocrx_word' id='word_1_71' title='bbox 689 993 916 1064; x_wconf 88' lang='lat' dir='ltr'><strong><em>quidem</em></strong></span> <span class='ocrx_word' id='word_1_72' title='bbox 949 1010 1105 1064; x_wconf 85' lang='lat' dir='ltr'><strong><em>posse</em></strong></span> <span class='ocrx_word' id='word_1_73' title='bbox 1153 1011 1264 1053; x_wconf 87' lang='lat' dir='ltr'><strong><em>esse</em></strong></span> <span class='ocrx_word' id='word_1_74' title='bbox 1314 999 1577 1053; x_wconf 87' lang='lat' dir='ltr'><strong><em>hominem</em></strong></span> <span class='ocrx_word' id='word_1_75' title='bbox 1628 1001 1744 1053; x_wconf 86' lang='lat' dir='ltr'><strong><em>sine</em></strong></span> 
     </span>
    </p>
   </div>
   <div class='ocr_carea' id='block_1_11' title="bbox 85 1082 1740 1154">
    <p class='ocr_par' dir='ltr' id='par_1_11' title="bbox 85 1082 1740 1154">
     <span class='ocr_line' id='line_1_11' title="bbox 85 1082 1740 1154; baseline 0.002 -16"><span class='ocrx_word' id='word_1_76' title='bbox 85 1087 274 1154; x_wconf 82' lang='lat' dir='ltr'><strong><em>peccato.</em></strong></span> <span class='ocrx_word' id='word_1_77' title='bbox 331 1082 502 1152; x_wconf 83' lang='lat' dir='ltr'><strong><em>Cujus</em></strong></span> <span class='ocrx_word' id='word_1_78' title='bbox 551 1083 834 1154; x_wconf 78' lang='lat' dir='ltr'><strong><em>dogmatis</em></strong></span> <span class='ocrx_word' id='word_1_79' title='bbox 897 1085 990 1139; x_wconf 90' lang='lat' dir='ltr'><strong><em>hic</em></strong></span> <span class='ocrx_word' id='word_1_80' title='bbox 1036 1090 1121 1140; x_wconf 90' lang='lat' dir='ltr'><strong><em>est</em></strong></span> <span class='ocrx_word' id='word_1_81' title='bbox 1179 1103 1396 1152; x_wconf 84' lang='lat' dir='ltr'><strong><em>sensus,</em></strong></span> <span class='ocrx_word' id='word_1_82' title='bbox 1444 1088 1740 1141; x_wconf 86' lang='lat' dir='ltr'><strong><em>hominem</em></strong></span> 
     </span>
    </p>
   </div>
   <div class='ocr_carea' id='block_1_12' title="bbox 87 1169 1742 1244">
    <p class='ocr_par' dir='ltr' id='par_1_12' title="bbox 87 1169 1742 1244">
     <span class='ocr_line' id='line_1_12' title="bbox 87 1169 1742 1244; baseline 0.004 -22"><span class='ocrx_word' id='word_1_83' title='bbox 87 1173 233 1224; x_wconf 81' lang='lat' dir='ltr'><strong><em>vivere</em></strong></span> <span class='ocrx_word' id='word_1_84' title='bbox 260 1169 374 1222; x_wconf 87' lang='lat' dir='ltr'><strong><em>sine</em></strong></span> <span class='ocrx_word' id='word_1_85' title='bbox 431 1175 664 1239; x_wconf 89' lang='lat' dir='ltr'><strong><em>peccato</em></strong></span> <span class='ocrx_word' id='word_1_86' title='bbox 694 1186 808 1223; x_wconf 90' lang='lat' dir='ltr'><strong><em>non</em></strong></span> <span class='ocrx_word' id='word_1_87' title='bbox 856 1175 1122 1240; x_wconf 83' lang='lat' dir='ltr'><strong><em>oportere</em></strong></span> <span class='ocrx_word' id='word_1_88' title='bbox 1169 1173 1320 1227; x_wconf 89' lang='lat' dir='ltr'><strong><em>inter</em></strong></span> <span class='ocrx_word' id='word_1_89' title='bbox 1367 1173 1742 1244; x_wconf 89' lang='lat' dir='ltr'><strong><em>impossibilia</em></strong></span> 
     </span>
    </p>
   </div>
   <div class='ocr_carea' id='block_1_13' title="bbox 85 1254 1742 1330">
    <p class='ocr_par' dir='ltr' id='par_1_13' title="bbox 85 1254 1742 1330">
     <span class='ocr_line' id='line_1_13' title="bbox 85 1254 1742 1330; baseline 0.002 -20"><span class='ocrx_word' id='word_1_90' title='bbox 85 1257 279 1318; x_wconf 85' lang='lat' dir='ltr'><strong><em>censeri,</em></strong></span> <span class='ocrx_word' id='word_1_91' title='bbox 311 1258 459 1327; x_wconf 88' lang='lat' dir='ltr'><strong><em>quod</em></strong></span> <span class='ocrx_word' id='word_1_92' title='bbox 489 1273 606 1311; x_wconf 91' lang='lat' dir='ltr'><strong><em>non</em></strong></span> <span class='ocrx_word' id='word_1_93' title='bbox 645 1262 830 1328; x_wconf 89' lang='lat' dir='ltr'><strong><em>potest</em></strong></span> <span class='ocrx_word' id='word_1_94' title='bbox 858 1259 1056 1330; x_wconf 89' lang='lat' dir='ltr'><strong><em>negari</em></strong></span> <span class='ocrx_word' id='word_1_95' title='bbox 1073 1254 1104 1328; x_wconf 81' lang='grc'><strong><em>;’</em></strong></span> <span class='ocrx_word' id='word_1_96' title='bbox 1131 1277 1260 1314; x_wconf 93' lang='lat' dir='ltr'><strong><em>cum</em></strong></span> <span class='ocrx_word' id='word_1_97' title='bbox 1291 1277 1382 1314; x_wconf 90' lang='lat' dir='ltr'><strong><em>res</em></strong></span> <span class='ocrx_word' id='word_1_98' title='bbox 1410 1277 1512 1315; x_wconf 89' lang='lat' dir='ltr'><strong><em>sua</em></strong></span> <span class='ocrx_word' id='word_1_99' title='bbox 1537 1265 1742 1314; x_wconf 87' lang='lat' dir='ltr'><strong><em>natura</em></strong></span> 
     </span>
    </p>
   </div>
   <div class='ocr_carea' id='block_1_14' title="bbox 83 1344 1740 1416">
    <p class='ocr_par' dir='ltr' id='par_1_14' title="bbox 83 1344 1740 1416">
     <span class='ocr_line' id='line_1_14' title="bbox 83 1344 1740 1416; baseline 0.004 -19"><span class='ocrx_word' id='word_1_100' title='bbox 83 1361 172 1398; x_wconf 84' lang='lat' dir='ltr'><strong><em>non</em></strong></span> <span class='ocrx_word' id='word_1_101' title='bbox 210 1344 275 1398; x_wconf 88' lang='lat' dir='ltr'><strong><em>sit</em></strong></span> <span class='ocrx_word' id='word_1_102' title='bbox 327 1344 717 1416; x_wconf 88' lang='lat' dir='ltr'><strong><em>impossibilis,</em></strong></span> <span class='ocrx_word' id='word_1_103' title='bbox 769 1350 844 1412; x_wconf 91' lang='lat' dir='ltr'><strong><em>et,</em></strong></span> <span class='ocrx_word' id='word_1_104' title='bbox 901 1346 948 1399; x_wconf 88' lang='lat' dir='ltr'><strong><em>si</em></strong></span> <span class='ocrx_word' id='word_1_105' title='bbox 999 1347 1069 1402; x_wconf 89' lang='lat' dir='ltr'><strong><em>ab</em></strong></span> <span class='ocrx_word' id='word_1_106' title='bbox 1113 1348 1444 1403; x_wconf 81' lang='lat' dir='ltr'><strong><em>hominibus</em></strong></span> <span class='ocrx_word' id='word_1_107' title='bbox 1501 1349 1740 1403; x_wconf 89' lang='lat' dir='ltr'><strong><em>minime</em></strong></span> 
     </span>
    </p>
   </div>
   <div class='ocr_carea' id='block_1_15' title="bbox 83 1434 1734 1509">
    <p class='ocr_par' dir='ltr' id='par_1_15' title="bbox 83 1434 1734 1509">
     <span class='ocr_line' id='line_1_15' title="bbox 83 1434 1734 1509; baseline 0.004 -24"><span class='ocrx_word' id='word_1_108' title='bbox 83 1437 354 1502; x_wconf 72' lang='lat' dir='ltr'><strong><em>praestetur,</em></strong></span> <span class='ocrx_word' id='word_1_109' title='bbox 426 1434 609 1502; x_wconf 89' lang='lat' dir='ltr'><strong><em>possit</em></strong></span> <span class='ocrx_word' id='word_1_110' title='bbox 671 1435 872 1488; x_wconf 90' lang='lat' dir='ltr'><strong><em>saltem</em></strong></span> <span class='ocrx_word' id='word_1_111' title='bbox 941 1435 1124 1506; x_wconf 90' lang='lat' dir='ltr'><strong><em>gratia</em></strong></span> <span class='ocrx_word' id='word_1_112' title='bbox 1199 1437 1390 1491; x_wconf 88' lang='lat' dir='ltr'><strong><em>divina</em></strong></span> <span class='ocrx_word' id='word_1_113' title='bbox 1459 1437 1734 1509; x_wconf 66' lang='lat' dir='ltr'><strong><em>prmstari.</em></strong></span> 
     </span>
    </p>
   </div>
   <div class='ocr_carea' id='block_1_16' title="bbox 83 1523 1735 1596">
    <p class='ocr_par' dir='ltr' id='par_1_16' title="bbox 83 1523 1735 1596">
     <span class='ocr_line' id='line_1_16' title="bbox 83 1523 1735 1596; baseline 0.001 -20"><span class='ocrx_word' id='word_1_114' title='bbox 83 1524 317 1576; x_wconf 75' lang='lat' dir='ltr'><strong><em>Praeterea</em></strong></span> <span class='ocrx_word' id='word_1_115' title='bbox 355 1523 666 1577; x_wconf 91' lang='lat' dir='ltr'><strong><em>videndum</em></strong></span> <span class='ocrx_word' id='word_1_116' title='bbox 713 1523 851 1593; x_wconf 91' lang='lat' dir='ltr'><strong><em>quid</em></strong></span> <span class='ocrx_word' id='word_1_117' title='bbox 891 1523 1247 1596; x_wconf 80' lang='lat' dir='ltr'><strong><em>intelligatur</em></strong></span> <span class='ocrx_word' id='word_1_118' title='bbox 1277 1542 1408 1579; x_wconf 90' lang='lat' dir='ltr'><strong><em>voce</em></strong></span> <span class='ocrx_word' id='word_1_119' title='bbox 1436 1531 1735 1594; x_wconf 87' lang='lat' dir='ltr'><strong><em>peccatum,</em></strong></span> 
     </span>
    </p>
   </div>
   <div class='ocr_carea' id='block_1_17' title="bbox 83 1611 1737 1682">
    <p class='ocr_par' dir='ltr' id='par_1_17' title="bbox 83 1611 1737 1682">
     <span class='ocr_line' id='line_1_17' title="bbox 83 1611 1737 1682; baseline 0.001 -18"><span class='ocrx_word' id='word_1_120' title='bbox 83 1628 185 1664; x_wconf 84' lang='lat' dir='ltr'><strong><em>nam</em></strong></span> <span class='ocrx_word' id='word_1_121' title='bbox 227 1611 361 1665; x_wconf 86' lang='lat' dir='ltr'><strong><em>forte</em></strong></span> <span class='ocrx_word' id='word_1_122' title='bbox 416 1611 686 1682; x_wconf 84' lang='lat' dir='ltr'><strong><em>Pelagius</em></strong></span> <span class='ocrx_word' id='word_1_123' title='bbox 747 1612 985 1682; x_wconf 88' lang='lat' dir='ltr'><strong><em>ejusque</em></strong></span> <span class='ocrx_word' id='word_1_124' title='bbox 1033 1611 1298 1681; x_wconf 90' lang='lat' dir='ltr'><strong><em>discipuli</em></strong></span> <span class='ocrx_word' id='word_1_125' title='bbox 1339 1611 1737 1682; x_wconf 89' lang='lat' dir='ltr'><strong><em>intelligebant</em></strong></span> 
     </span>
    </p>
   </div>
   <div class='ocr_carea' id='block_1_18' title="bbox 83 1699 1736 1770">
    <p class='ocr_par' dir='ltr' id='par_1_18' title="bbox 83 1699 1736 1770">
     <span class='ocr_line' id='line_1_18' title="bbox 83 1699 1736 1770; baseline 0.001 -18"><span class='ocrx_word' id='word_1_126' title='bbox 83 1716 169 1752; x_wconf 87' lang='lat' dir='ltr'><strong><em>non</em></strong></span> <span class='ocrx_word' id='word_1_127' title='bbox 197 1699 393 1753; x_wconf 79' lang='lat' dir='ltr'><strong><em>leviora</em></strong></span> <span class='ocrx_word' id='word_1_128' title='bbox 426 1700 635 1754; x_wconf 89' lang='lat' dir='ltr'><strong><em>delicta</em></strong></span> <span class='ocrx_word' id='word_1_129' title='bbox 675 1700 942 1754; x_wconf 71' lang='lat' dir='ltr'><strong><em>humana:</em></strong></span> <span class='ocrx_word' id='word_1_130' title='bbox 989 1699 1365 1766; x_wconf 88' lang='lat' dir='ltr'><strong><em>inﬁrmitatis,</em></strong></span> <span class='ocrx_word' id='word_1_131' title='bbox 1401 1717 1530 1770; x_wconf 71' lang='lat' dir='ltr'><strong><em>quae</em></strong></span> <span class='ocrx_word' id='word_1_132' title='bbox 1559 1718 1591 1754; x_wconf 89' lang='lat' dir='ltr'><strong><em>a</em></strong></span> <span class='ocrx_word' id='word_1_133' title='bbox 1624 1702 1736 1754; x_wconf 91' lang='lat' dir='ltr'><strong><em>Deo</em></strong></span> 
     </span>
    </p>
   </div>
   <div class='ocr_carea' id='block_1_19' title="bbox 84 1787 1738 1859">
    <p class='ocr_par' dir='ltr' id='par_1_19' title="bbox 84 1787 1738 1859">
     <span class='ocr_line' id='line_1_19' title="bbox 84 1787 1738 1859; baseline 0.001 -19"><span class='ocrx_word' id='word_1_134' title='bbox 84 1804 395 1858; x_wconf 85' lang='lat' dir='ltr'><strong><em>nequaquam</em></strong></span> <span class='ocrx_word' id='word_1_135' title='bbox 440 1787 824 1858; x_wconf 88' lang='lat' dir='ltr'><strong><em>imputantur,</em></strong></span> <span class='ocrx_word' id='word_1_136' title='bbox 877 1788 976 1842; x_wconf 90' lang='lat' dir='ltr'><strong><em>sed</em></strong></span> <span class='ocrx_word' id='word_1_137' title='bbox 1025 1804 1090 1842; x_wconf 89' lang='lat' dir='ltr'><strong><em>ea</em></strong></span> <span class='ocrx_word' id='word_1_138' title='bbox 1123 1805 1250 1859; x_wconf 68' lang='lat' dir='ltr'><strong><em>qum.</em></strong></span> <span class='ocrx_word' id='word_1_139' title='bbox 1278 1805 1390 1842; x_wconf 93' lang='lat' dir='ltr'><strong><em>non</em></strong></span> <span class='ocrx_word' id='word_1_140' title='bbox 1421 1788 1738 1843; x_wconf 91' lang='lat' dir='ltr'><strong><em>consistunt</em></strong></span> 
     </span>
    </p>
   </div>
   <div class='ocr_carea' id='block_1_20' title="bbox 83 1875 1732 1944">
    <p class='ocr_par' dir='ltr' id='par_1_20' title="bbox 83 1875 1732 1944">
     <span class='ocr_line' id='line_1_20' title="bbox 83 1875 1732 1944; baseline 0.001 -15"><span class='ocrx_word' id='word_1_141' title='bbox 83 1892 181 1929; x_wconf 88' lang='lat' dir='ltr'><strong><em>cum</em></strong></span> <span class='ocrx_word' id='word_1_142' title='bbox 225 1876 474 1930; x_wconf 90' lang='lat' dir='ltr'><strong><em>omnium</em></strong></span> <span class='ocrx_word' id='word_1_143' title='bbox 541 1876 814 1930; x_wconf 88' lang='lat' dir='ltr'><strong><em>virtutum</em></strong></span> <span class='ocrx_word' id='word_1_144' title='bbox 890 1875 1340 1932; x_wconf 85' lang='lat' dir='ltr'><strong><em>Christianarum</em></strong></span> <span class='ocrx_word' id='word_1_145' title='bbox 1408 1877 1732 1944; x_wconf 90' lang='lat' dir='ltr'><strong><em>habitibus;</em></strong></span> 
     </span>
    </p>
   </div>
   <div class='ocr_carea' id='block_1_21' title="bbox 82 1964 1735 2036">
    <p class='ocr_par' dir='ltr' id='par_1_21' title="bbox 82 1964 1735 2036">
     <span class='ocr_line' id='line_1_21' title="bbox 82 1964 1735 2036; baseline 0.001 -20"><span class='ocrx_word' id='word_1_146' title='bbox 82 1965 174 2019; x_wconf 82' lang='lat' dir='ltr'><strong><em>sine</em></strong></span> <span class='ocrx_word' id='word_1_147' title='bbox 197 1965 387 2035; x_wconf 89' lang='lat' dir='ltr'><strong><em>quibus</em></strong></span> <span class='ocrx_word' id='word_1_148' title='bbox 435 1964 690 2036; x_wconf 87' lang='lat' dir='ltr'><strong><em>peccatis</em></strong></span> <span class='ocrx_word' id='word_1_149' title='bbox 736 1965 977 2035; x_wconf 86' lang='lat' dir='ltr'><strong><em>apostoli</em></strong></span> <span class='ocrx_word' id='word_1_150' title='bbox 1020 1965 1231 2036; x_wconf 89' lang='lat' dir='ltr'><strong><em>aliique</em></strong></span> <span class='ocrx_word' id='word_1_151' title='bbox 1273 1965 1453 2019; x_wconf 86' lang='lat' dir='ltr'><strong><em>sancti</em></strong></span> <span class='ocrx_word' id='word_1_152' title='bbox 1481 1965 1587 2019; x_wconf 90' lang='lat' dir='ltr'><strong><em>viri</em></strong></span> <span class='ocrx_word' id='word_1_153' title='bbox 1633 1965 1735 2018; x_wconf 90' lang='lat' dir='ltr'><strong><em>ali-</em></strong></span> 
     </span>
    </p>
   </div>
   <div class='ocr_carea' id='block_1_22' title="bbox 83 2052 1740 2124">
    <p class='ocr_par' dir='ltr' id='par_1_22' title="bbox 83 2052 1740 2124">
     <span class='ocr_line' id='line_1_22' title="bbox 83 2052 1740 2124; baseline 0.002 -20"><span class='ocrx_word' id='word_1_154' title='bbox 83 2052 291 2121; x_wconf 86' lang='lat' dir='ltr'><strong><em>quandiu</em></strong></span> <span class='ocrx_word' id='word_1_155' title='bbox 344 2053 553 2107; x_wconf 85' lang='lat' dir='ltr'><strong><em>saltem</em></strong></span> <span class='ocrx_word' id='word_1_156' title='bbox 609 2053 808 2106; x_wconf 85' lang='lat' dir='ltr'><strong><em>vixisse</em></strong></span> <span class='ocrx_word' id='word_1_157' title='bbox 861 2052 1142 2107; x_wconf 85' lang='lat' dir='ltr'><strong><em>videntur.</em></strong></span> <span class='ocrx_word' id='word_1_158' title='bbox 1205 2052 1341 2107; x_wconf 90' lang='lat' dir='ltr'><strong><em>Vide</em></strong></span> <span class='ocrx_word' id='word_1_159' title='bbox 1391 2069 1519 2124; x_wconf 65' lang='lat' dir='ltr'><strong><em>quas</em></strong></span> <span class='ocrx_word' id='word_1_160' title='bbox 1569 2053 1740 2108; x_wconf 88' lang='lat' dir='ltr'><strong><em>habet</em></strong></span> 
     </span>
    </p>
   </div>
   <div class='ocr_carea' id='block_1_23' title="bbox 83 2141 1735 2212">
    <p class='ocr_par' dir='ltr' id='par_1_23' title="bbox 83 2141 1735 2212">
     <span class='ocr_line' id='line_1_23' title="bbox 83 2141 1735 2212; baseline 0.002 -19"><span class='ocrx_word' id='word_1_161' title='bbox 83 2142 206 2196; x_wconf 79' lang='lat' dir='ltr'><strong><em>toan.</em></strong></span> <span class='ocrx_word' id='word_1_162' title='bbox 250 2141 554 2196; x_wconf 87' lang='lat' dir='ltr'><strong><em>Garnerius</em></strong></span> <span class='ocrx_word' id='word_1_163' title='bbox 604 2157 670 2196; x_wconf 82' lang='lat' dir='ltr'><strong><em>ex</em></strong></span> <span class='ocrx_word' id='word_1_164' title='bbox 714 2141 811 2195; x_wconf 88' lang='lat' dir='ltr'><strong><em>lib.</em></strong></span> <span class='ocrx_word' id='word_1_165' title='bbox 866 2141 1081 2212; x_wconf 85' lang='lat' dir='ltr'><strong><em>Pelagii</em></strong></span> <span class='ocrx_word' id='word_1_166' title='bbox 1126 2141 1196 2195; x_wconf 89' lang='lat' dir='ltr'><strong><em>de</em></strong></span> <span class='ocrx_word' id='word_1_167' title='bbox 1247 2142 1476 2206; x_wconf 85' lang='lat' dir='ltr'><strong><em>Natura,</em></strong></span> <span class='ocrx_word' id='word_1_168' title='bbox 1525 2141 1587 2196; x_wconf 93' lang='lat' dir='ltr'><strong><em>in</em></strong></span> <span class='ocrx_word' id='word_1_169' title='bbox 1636 2160 1735 2212; x_wconf 90' lang='lat' dir='ltr'><strong><em>ap-</em></strong></span> 
     </span>
    </p>
   </div>
   <div class='ocr_carea' id='block_1_24' title="bbox 83 2229 1736 2300">
    <p class='ocr_par' dir='ltr' id='par_1_24' title="bbox 83 2229 1736 2300">
     <span class='ocr_line' id='line_1_24' title="bbox 83 2229 1736 2300; baseline 0.003 -21"><span class='ocrx_word' id='word_1_170' title='bbox 83 2229 273 2296; x_wconf 84' lang='lat' dir='ltr'><strong><em>pendice</em></strong></span> <span class='ocrx_word' id='word_1_171' title='bbox 301 2230 368 2284; x_wconf 88' lang='lat' dir='ltr'><strong><em>ad</em></strong></span> <span class='ocrx_word' id='word_1_172' title='bbox 396 2230 628 2284; x_wconf 89' lang='lat' dir='ltr'><strong><em>dissert.</em></strong></span> <span class='ocrx_word' id='word_1_173' title='bbox 663 2232 717 2298; x_wconf 88' lang='lat'><strong><em>6,</em></strong></span> <span class='ocrx_word' id='word_1_174' title='bbox 752 2233 806 2284; x_wconf 91' lang='lat' dir='ltr'><strong><em>et</em></strong></span> <span class='ocrx_word' id='word_1_175' title='bbox 855 2229 1067 2283; x_wconf 89' lang='lat' dir='ltr'><strong><em>ibidem</em></strong></span> <span class='ocrx_word' id='word_1_176' title='bbox 1122 2229 1441 2300; x_wconf 82' lang='lat' dir='ltr'><strong><em>fragmenta</em></strong></span> <span class='ocrx_word' id='word_1_177' title='bbox 1472 2230 1736 2285; x_wconf 85' lang='lat' dir='ltr'><strong><em>Coelestii.</em></strong></span> 
     </span>
    </p>
   </div>
   <div class='ocr_carea' id='block_1_25' title="bbox 86 2317 1739 2389">
    <p class='ocr_par' dir='ltr' id='par_1_25' title="bbox 86 2317 1739 2389">
     <span class='ocr_line' id='line_1_25' title="bbox 86 2317 1739 2389; baseline 0.002 -19"><span class='ocrx_word' id='word_1_178' title='bbox 86 2318 180 2370; x_wconf 67' lang='lat' dir='ltr'><strong><em>Haec</em></strong></span> <span class='ocrx_word' id='word_1_179' title='bbox 213 2335 329 2372; x_wconf 92' lang='lat' dir='ltr'><strong><em>cum</em></strong></span> <span class='ocrx_word' id='word_1_180' title='bbox 374 2319 672 2389; x_wconf 86' lang='lat' dir='ltr'><strong><em>pensitare</em></strong></span> <span class='ocrx_word' id='word_1_181' title='bbox 717 2317 1006 2372; x_wconf 88' lang='lat' dir='ltr'><strong><em>debuisset</em></strong></span> <span class='ocrx_word' id='word_1_182' title='bbox 1042 2317 1417 2388; x_wconf 70' lang='lat' dir='ltr'><strong><em>Augustinus,</em></strong></span> <span class='ocrx_word' id='word_1_183' title='bbox 1463 2318 1739 2373; x_wconf 86' lang='lat' dir='ltr'><strong><em>invidiose</em></strong></span> 
     </span>
    </p>
   </div>
   <div class='ocr_carea' id='block_1_26' title="bbox 86 2404 1740 2477">
    <p class='ocr_par' dir='ltr' id='par_1_26' title="bbox 86 2404 1740 2477">
     <span class='ocr_line' id='line_1_26' title="bbox 86 2404 1740 2477; baseline 0.002 -22"><span class='ocrx_word' id='word_1_184' title='bbox 86 2404 198 2458; x_wconf 87' lang='lat' dir='ltr'><strong><em>illico</em></strong></span> <span class='ocrx_word' id='word_1_185' title='bbox 219 2405 627 2477; x_wconf 82' lang='lat' dir='ltr'><strong><em>interpretatur</em></strong></span> <span class='ocrx_word' id='word_1_186' title='bbox 655 2405 1113 2460; x_wconf 87' lang='lat' dir='ltr'><strong><em>enuntiationem</em></strong></span> <span class='ocrx_word' id='word_1_187' title='bbox 1147 2405 1546 2476; x_wconf 85' lang='lat' dir='ltr'><strong><em>Pelagianam;</em></strong></span> <span class='ocrx_word' id='word_1_188' title='bbox 1576 2406 1740 2475; x_wconf 88' lang='lat' dir='ltr'><strong><em>quasi</em></strong></span> 
     </span>
    </p>
   </div>
   <div class='ocr_carea' id='block_1_27' title="bbox 88 2490 1742 2562">
    <p class='ocr_par' dir='ltr' id='par_1_27' title="bbox 88 2490 1742 2562">
     <span class='ocr_line' id='line_1_27' title="bbox 88 2490 1742 2562; baseline 0.001 -20"><span class='ocrx_word' id='word_1_189' title='bbox 88 2490 360 2562; x_wconf 75' lang='lat' dir='ltr'><strong><em>simpliciter</em></strong></span> <span class='ocrx_word' id='word_1_190' title='bbox 414 2493 684 2562; x_wconf 83' lang='lat' dir='ltr'><strong><em>dixisset,</em></strong></span> <span class='ocrx_word' id='word_1_191' title='bbox 741 2509 862 2547; x_wconf 90' lang='lat' dir='ltr'><strong><em>esse</em></strong></span> <span class='ocrx_word' id='word_1_192' title='bbox 901 2492 1168 2546; x_wconf 90' lang='lat' dir='ltr'><strong><em>homines</em></strong></span> <span class='ocrx_word' id='word_1_193' title='bbox 1231 2491 1331 2562; x_wconf 90' lang='lat' dir='ltr'><strong><em>qui</em></strong></span> <span class='ocrx_word' id='word_1_194' title='bbox 1391 2508 1505 2544; x_wconf 91' lang='lat' dir='ltr'><strong><em>non</em></strong></span> <span class='ocrx_word' id='word_1_195' title='bbox 1551 2509 1742 2562; x_wconf 87' lang='lat' dir='ltr'><strong><em>pecca-</em></strong></span> 
     </span>
    </p>
   </div>
   <div class='ocr_carea' id='block_1_28' title="bbox 88 2580 1738 2652">
    <p class='ocr_par' dir='ltr' id='par_1_28' title="bbox 88 2580 1738 2652">
     <span class='ocr_line' id='line_1_28' title="bbox 88 2580 1738 2652; baseline 0.002 -21"><span class='ocrx_word' id='word_1_196' title='bbox 88 2585 203 2648; x_wconf 82' lang='lat' dir='ltr'><strong><em>rent;</em></strong></span> <span class='ocrx_word' id='word_1_197' title='bbox 240 2598 360 2635; x_wconf 88' lang='lat' dir='ltr'><strong><em>cum</em></strong></span> <span class='ocrx_word' id='word_1_198' title='bbox 392 2583 462 2637; x_wconf 92' lang='lat' dir='ltr'><strong><em>de</em></strong></span> <span class='ocrx_word' id='word_1_199' title='bbox 505 2583 875 2652; x_wconf 79' lang='lat' dir='ltr'><strong><em>possibilitate</em></strong></span> <span class='ocrx_word' id='word_1_200' title='bbox 913 2586 1158 2647; x_wconf 88' lang='lat' dir='ltr'><strong><em>tantum,</em></strong></span> <span class='ocrx_word' id='word_1_201' title='bbox 1191 2585 1255 2634; x_wconf 92' lang='lat' dir='ltr'><strong><em>ut</em></strong></span> <span class='ocrx_word' id='word_1_202' title='bbox 1304 2580 1622 2634; x_wconf 85' lang='lat' dir='ltr'><strong><em>scholastici</em></strong></span> <span class='ocrx_word' id='word_1_203' title='bbox 1653 2581 1738 2634; x_wconf 89' lang='lat' dir='ltr'><strong><em>lo-</em></strong></span> 
     </span>
    </p>
   </div>
   <div class='ocr_carea' id='block_1_29' title="bbox 88 2669 1742 2742">
    <p class='ocr_par' dir='ltr' id='par_1_29' title="bbox 88 2669 1742 2742">
     <span class='ocr_line' id='line_1_29' title="bbox 88 2669 1742 2742; baseline 0.001 -22"><span class='ocrx_word' id='word_1_204' title='bbox 88 2673 304 2737; x_wconf 85' lang='lat' dir='ltr'><strong><em>quuntur,</em></strong></span> <span class='ocrx_word' id='word_1_205' title='bbox 361 2676 528 2741; x_wconf 86' lang='lat' dir='ltr'><strong><em>agat.</em></strong></span> <span class='ocrx_word' id='word_1_206' title='bbox 585 2671 753 2725; x_wconf 85' lang='lat' dir='ltr'><strong><em>Aliud</em></strong></span> <span class='ocrx_word' id='word_1_207' title='bbox 806 2671 972 2742; x_wconf 88' lang='lat' dir='ltr'><strong><em>plane</em></strong></span> <span class='ocrx_word' id='word_1_208' title='bbox 1028 2674 1112 2724; x_wconf 92' lang='lat' dir='ltr'><strong><em>est</em></strong></span> <span class='ocrx_word' id='word_1_209' title='bbox 1170 2669 1357 2723; x_wconf 89' lang='lat' dir='ltr'><strong><em>dicere</em></strong></span> <span class='ocrx_word' id='word_1_210' title='bbox 1409 2684 1566 2738; x_wconf 85' lang='lat' dir='ltr'><strong><em>posse</em></strong></span> <span class='ocrx_word' id='word_1_211' title='bbox 1617 2670 1742 2740; x_wconf 82' lang='lat' dir='ltr'><strong><em>ﬁeri</em></strong></span> 
     </span>
    </p>
   </div>
   <div class='ocr_carea' id='block_1_30' title="bbox 91 2754 1742 2830">
    <p class='ocr_par' dir='ltr' id='par_1_30' title="bbox 91 2754 1742 2830">
     <span class='ocr_line' id='line_1_30' title="bbox 91 2754 1742 2830; baseline 0 -22"><span class='ocrx_word' id='word_1_212' title='bbox 91 2756 346 2827; x_wconf 76' lang='lat' dir='ltr'><strong><em>quidpiam,</em></strong></span> <span class='ocrx_word' id='word_1_213' title='bbox 410 2759 580 2813; x_wconf 86' lang='lat' dir='ltr'><strong><em>aliud</em></strong></span> <span class='ocrx_word' id='word_1_214' title='bbox 634 2759 758 2830; x_wconf 79' lang='lat' dir='ltr'><strong><em>ﬁeri</em></strong></span> <span class='ocrx_word' id='word_1_215' title='bbox 812 2774 1015 2812; x_wconf 80' lang='lat' dir='ltr'><strong><em>revera.</em></strong></span> <span class='ocrx_word' id='word_1_216' title='bbox 1099 2759 1260 2811; x_wconf 83' lang='lat' dir='ltr'><strong><em>Forte</em></strong></span> <span class='ocrx_word' id='word_1_217' title='bbox 1326 2772 1398 2810; x_wconf 92' lang='lat' dir='ltr'><strong><em>ne</em></strong></span> <span class='ocrx_word' id='word_1_218' title='bbox 1457 2756 1526 2810; x_wconf 92' lang='lat' dir='ltr'><strong><em>de</em></strong></span> <span class='ocrx_word' id='word_1_219' title='bbox 1583 2754 1742 2809; x_wconf 90' lang='lat' dir='ltr'><strong><em>omni</em></strong></span> 
     </span>
    </p>
   </div>
   <div class='ocr_carea' id='block_1_31' title="bbox 97 2845 1744 2919">
    <p class='ocr_par' dir='ltr' id='par_1_31' title="bbox 97 2845 1744 2919">
     <span class='ocr_line' id='line_1_31' title="bbox 97 2845 1744 2919; baseline 0.001 -23"><span class='ocrx_word' id='word_1_220' title='bbox 97 2845 266 2913; x_wconf 83' lang='lat' dir='ltr'><strong><em>quidem</em></strong></span> <span class='ocrx_word' id='word_1_221' title='bbox 342 2851 715 2918; x_wconf 81' lang='lat' dir='ltr'><strong><em>peccatorum</em></strong></span> <span class='ocrx_word' id='word_1_222' title='bbox 815 2863 1024 2919; x_wconf 91' lang='lat' dir='ltr'><strong><em>genere</em></strong></span> <span class='ocrx_word' id='word_1_223' title='bbox 1115 2846 1501 2918; x_wconf 87' lang='lat' dir='ltr'><strong><em>loquebantur</em></strong></span> <span class='ocrx_word' id='word_1_224' title='bbox 1581 2846 1744 2899; x_wconf 88' lang='lat' dir='ltr'><strong><em>Pela-</em></strong></span> 
     </span>
    </p>
   </div>
   <div class='ocr_carea' id='block_1_32' title="bbox 100 2933 216 3000">
    <p class='ocr_par' dir='ltr' id='par_1_32' title="bbox 100 2933 216 3000">
     <span class='ocr_line' id='line_1_32' title="bbox 100 2933 216 3000; baseline 0.026 -13"><span class='ocrx_word' id='word_1_225' title='bbox 100 2933 216 3000; x_wconf 74' lang='lat' dir='ltr'><strong><em>giani.</em></strong></span> 
     </span>
    </p>
   </div>
   <div class='ocr_carea' id='block_1_33' title="bbox 141 3021 1745 3096">
    <p class='ocr_par' dir='ltr' id='par_1_33' title="bbox 141 3021 1745 3096">
     <span class='ocr_line' id='line_1_33' title="bbox 141 3021 1745 3096; baseline -0.001 -20"><span class='ocrx_word' id='word_1_226' title='bbox 141 3023 326 3096; x_wconf 80' lang='lat' dir='ltr'><strong><em>lbid.,§</em></strong></span> <span class='ocrx_word' id='word_1_227' title='bbox 377 3030 428 3080; x_wconf 86' lang='grc'><strong>4.</strong></span> <span class='ocrx_word' id='word_1_228' title='bbox 499 3025 615 3081; x_wconf 86' lang='lat' dir='ltr'><strong><em>Sed</em></strong></span> <span class='ocrx_word' id='word_1_229' title='bbox 683 3027 795 3091; x_wconf 83' lang='lat' dir='ltr'><strong><em>isti,</em></strong></span> <span class='ocrx_word' id='word_1_230' title='bbox 877 3024 1085 3096; x_wconf 90' lang='lat' dir='ltr'><strong><em>inquit,</em></strong></span> <span class='ocrx_word' id='word_1_231' title='bbox 1144 3029 1415 3094; x_wconf 83' lang='lat' dir='ltr'><strong><em>utcunque</em></strong></span> <span class='ocrx_word' id='word_1_232' title='bbox 1477 3021 1745 3076; x_wconf 84' lang='lat' dir='ltr'><strong><em>tolerandi</em></strong></span> 
     </span>
    </p>
   </div>
   <div class='ocr_carea' id='block_1_34' title="bbox 93 3113 1738 3182">
    <p class='ocr_par' dir='ltr' id='par_1_34' title="bbox 93 3113 1738 3182">
     <span class='ocr_line' id='line_1_34' title="bbox 93 3113 1738 3182; baseline -0.001 -18"><span class='ocrx_word' id='word_1_233' title='bbox 93 3118 193 3179; x_wconf 81' lang='lat' dir='ltr'><strong><em>sunt,</em></strong></span> <span class='ocrx_word' id='word_1_234' title='bbox 237 3116 444 3182; x_wconf 81' lang='lat' dir='ltr'><strong><em>quando</em></strong></span> <span class='ocrx_word' id='word_1_235' title='bbox 504 3115 702 3169; x_wconf 84' lang='lat' dir='ltr'><strong><em>dicunt</em></strong></span> <span class='ocrx_word' id='word_1_236' title='bbox 749 3115 832 3168; x_wconf 81' lang='lat' dir='ltr'><strong><em>vel</em></strong></span> <span class='ocrx_word' id='word_1_237' title='bbox 879 3130 990 3168; x_wconf 90' lang='lat' dir='ltr'><strong><em>esse</em></strong></span> <span class='ocrx_word' id='word_1_238' title='bbox 1016 3114 1098 3168; x_wconf 85' lang='lat' dir='ltr'><strong><em>vel</em></strong></span> <span class='ocrx_word' id='word_1_239' title='bbox 1148 3116 1321 3180; x_wconf 83' lang='lat' dir='ltr'><strong><em>fuisse</em></strong></span> <span class='ocrx_word' id='word_1_240' title='bbox 1349 3114 1445 3166; x_wconf 88' lang='lat' dir='ltr'><strong><em>hic</em></strong></span> <span class='ocrx_word' id='word_1_241' title='bbox 1483 3113 1738 3179; x_wconf 86' lang='lat' dir='ltr'><strong><em>aliquem,</em></strong></span> 
     </span>
    </p>
   </div>
   <div class='ocr_carea' id='block_1_35' title="bbox 90 3199 1743 3271">
    <p class='ocr_par' dir='ltr' id='par_1_35' title="bbox 90 3199 1743 3271">
     <span class='ocr_line' id='line_1_35' title="bbox 90 3199 1743 3271; baseline 0.001 -23"><span class='ocrx_word' id='word_1_242' title='bbox 90 3207 236 3265; x_wconf 67' lang='lat' dir='ltr'><strong><em>prater</em></strong></span> <span class='ocrx_word' id='word_1_243' title='bbox 258 3219 412 3257; x_wconf 88' lang='lat' dir='ltr'><strong><em>unum</em></strong></span> <span class='ocrx_word' id='word_1_244' title='bbox 443 3208 703 3257; x_wconf 83' lang='lat' dir='ltr'><strong><em>sanctum</em></strong></span> <span class='ocrx_word' id='word_1_245' title='bbox 731 3207 1058 3271; x_wconf 88' lang='lat' dir='ltr'><strong><em>sanctorum,</em></strong></span> <span class='ocrx_word' id='word_1_246' title='bbox 1118 3204 1215 3271; x_wconf 85' lang='lat' dir='ltr'><strong><em>qui</em></strong></span> <span class='ocrx_word' id='word_1_247' title='bbox 1263 3202 1470 3254; x_wconf 89' lang='lat' dir='ltr'><strong><em>nullum</em></strong></span> <span class='ocrx_word' id='word_1_248' title='bbox 1527 3199 1743 3252; x_wconf 86' lang='lat' dir='ltr'><strong><em>haberet</em></strong></span> 
     </span>
    </p>
   </div>
   <div class='ocr_carea' id='block_1_36' title="bbox 91 3286 1742 3361">
    <p class='ocr_par' dir='ltr' id='par_1_36' title="bbox 91 3286 1742 3361">
     <span class='ocr_line' id='line_1_36' title="bbox 91 3286 1742 3361; baseline 0.001 -24"><span class='ocrx_word' id='word_1_249' title='bbox 91 3292 251 3344; x_wconf 73' lang='grc' dir='ltr'><strong><em>ωηιιίηο</em></strong></span> <span class='ocrx_word' id='word_1_250' title='bbox 276 3298 576 3360; x_wconf 84' lang='lat' dir='ltr'><strong><em>peccatum.</em></strong></span> <span class='ocrx_word' id='word_1_251' title='bbox 605 3291 777 3361; x_wconf 83' lang='lat' dir='ltr'><strong><em>Atqui</em></strong></span> <span class='ocrx_word' id='word_1_252' title='bbox 798 3290 905 3344; x_wconf 91' lang='lat' dir='ltr'><strong><em>hoc</em></strong></span> <span class='ocrx_word' id='word_1_253' title='bbox 934 3307 1051 3344; x_wconf 90' lang='lat' dir='ltr'><strong><em>non</em></strong></span> <span class='ocrx_word' id='word_1_254' title='bbox 1089 3289 1373 3355; x_wconf 83' lang='lat' dir='ltr'><strong><em>dicebant,</em></strong></span> <span class='ocrx_word' id='word_1_255' title='bbox 1406 3292 1470 3341; x_wconf 91' lang='lat' dir='ltr'><strong><em>ut</em></strong></span> <span class='ocrx_word' id='word_1_256' title='bbox 1499 3286 1742 3340; x_wconf 86' lang='lat' dir='ltr'><strong><em>vidimus</em></strong></span> 
     </span>
    </p>
   </div>
   <div class='ocr_carea' id='block_1_37' title="bbox 91 3374 1743 3450">
    <p class='ocr_par' dir='ltr' id='par_1_37' title="bbox 91 3374 1743 3450">
     <span class='ocr_line' id='line_1_37' title="bbox 91 3374 1743 3450; baseline 0 -22"><span class='ocrx_word' id='word_1_257' title='bbox 91 3376 139 3428; x_wconf 87' lang='lat' dir='ltr'><strong><em>ad</em></strong></span> <span class='ocrx_word' id='word_1_258' title='bbox 179 3380 522 3450; x_wconf 85' lang='lat' dir='ltr'><strong><em>superiorem</em></strong></span> <span class='ocrx_word' id='word_1_259' title='bbox 581 3379 975 3450; x_wconf 66' lang='lat' dir='ltr'><strong><em>qumstionem.</em></strong></span> <span class='ocrx_word' id='word_1_260' title='bbox 1010 3378 1152 3433; x_wconf 81' lang='lat' dir='ltr'><strong><em>Illud</em></strong></span> <span class='ocrx_word' id='word_1_261' title='bbox 1181 3394 1322 3445; x_wconf 81' lang='lat' dir='ltr'><strong><em>vero,</em></strong></span> <span class='ocrx_word' id='word_1_262' title='bbox 1366 3375 1555 3446; x_wconf 88' lang='lat' dir='ltr'><strong><em>pergit</em></strong></span> <span class='ocrx_word' id='word_1_263' title='bbox 1613 3374 1743 3444; x_wconf 76' lang='lat' dir='ltr'><strong><em>Hip~</em></strong></span> 
     </span>
    </p>
   </div>
   <div class='ocr_carea' id='block_1_38' title="bbox 89 3462 1741 3538">
    <p class='ocr_par' dir='ltr' id='par_1_38' title="bbox 89 3462 1741 3538">
     <span class='ocr_line' id='line_1_38' title="bbox 89 3462 1741 3538; baseline 0.001 -25"><span class='ocrx_word' id='word_1_264' title='bbox 89 3467 302 3531; x_wconf 83' lang='lat' dir='ltr'><strong><em>ponensis</em></strong></span> <span class='ocrx_word' id='word_1_265' title='bbox 333 3469 666 3538; x_wconf 89' lang='lat' dir='ltr'><strong><em>episcopus,</em></strong></span> <span class='ocrx_word' id='word_1_266' title='bbox 698 3467 841 3534; x_wconf 90' lang='lat' dir='ltr'><strong><em>quod</em></strong></span> <span class='ocrx_word' id='word_1_267' title='bbox 873 3468 1059 3520; x_wconf 86' lang='lat' dir='ltr'><strong><em>dicunt</em></strong></span> <span class='ocrx_word' id='word_1_268' title='bbox 1088 3468 1336 3534; x_wconf 81' lang='lat' dir='ltr'><strong><em>sufﬁcere</em></strong></span> <span class='ocrx_word' id='word_1_269' title='bbox 1366 3465 1572 3518; x_wconf 82' lang='lat' dir='ltr'><strong><em>homini</em></strong></span> <span class='ocrx_word' id='word_1_270' title='bbox 1610 3462 1741 3516; x_wconf 88' lang='lat' dir='ltr'><strong><em>libe-</em></strong></span> 
     </span>
    </p>
   </div>
   <div class='ocr_carea' id='block_1_39' title="bbox 91 3549 1745 3620">
    <p class='ocr_par' dir='ltr' id='par_1_39' title="bbox 91 3549 1745 3620">
     <span class='ocr_line' id='line_1_39' title="bbox 91 3549 1745 3620; baseline 0.001 -22"><span class='ocrx_word' id='word_1_271' title='bbox 91 3565 178 3602; x_wconf 82' lang='lat' dir='ltr'><strong><em>rum</em></strong></span> <span class='ocrx_word' id='word_1_272' title='bbox 201 3554 471 3608; x_wconf 83' lang='lat' dir='ltr'><strong><em>arbitrium</em></strong></span> <span class='ocrx_word' id='word_1_273' title='bbox 508 3554 587 3606; x_wconf 84' lang='lat' dir='ltr'><strong><em>ad</em></strong></span> <span class='ocrx_word' id='word_1_274' title='bbox 617 3553 885 3607; x_wconf 87' lang='lat' dir='ltr'><strong><em>dominica</em></strong></span> <span class='ocrx_word' id='word_1_275' title='bbox 912 3556 1178 3620; x_wconf 72' lang='lat' dir='ltr'><strong><em>praecepta</em></strong></span> <span class='ocrx_word' id='word_1_276' title='bbox 1208 3549 1504 3619; x_wconf 85' lang='lat' dir='ltr'><strong><em>implenda,</em></strong></span> <span class='ocrx_word' id='word_1_277' title='bbox 1532 3549 1745 3602; x_wconf 87' lang='lat' dir='ltr'><strong><em>etiamsi</em></strong></span> 
     </span>
    </p>
   </div>
   <div class='ocr_carea' id='block_1_40' title="bbox 94 3637 1745 3710">
    <p class='ocr_par' dir='ltr' id='par_1_40' title="bbox 94 3637 1745 3710">
     <span class='ocr_line' id='line_1_40' title="bbox 94 3637 1745 3710; baseline -0.001 -21"><span class='ocrx_word' id='word_1_278' title='bbox 94 3638 171 3690; x_wconf 82' lang='lat' dir='ltr'><strong><em>Dei</em></strong></span> <span class='ocrx_word' id='word_1_279' title='bbox 196 3645 363 3708; x_wconf 83' lang='lat' dir='ltr'><strong><em>gratia</em></strong></span> <span class='ocrx_word' id='word_1_280' title='bbox 390 3648 439 3698; x_wconf 90' lang='lat' dir='ltr'><strong><em>et</em></strong></span> <span class='ocrx_word' id='word_1_281' title='bbox 478 3643 730 3710; x_wconf 84' lang='lat' dir='ltr'><strong><em>Spiritus</em></strong></span> <span class='ocrx_word' id='word_1_282' title='bbox 781 3642 958 3696; x_wconf 83' lang='lat' dir='ltr'><strong><em>sancti</em></strong></span> <span class='ocrx_word' id='word_1_283' title='bbox 989 3641 1125 3694; x_wconf 90' lang='lat' dir='ltr'><strong><em>dono</em></strong></span> <span class='ocrx_word' id='word_1_284' title='bbox 1163 3639 1236 3693; x_wconf 89' lang='lat' dir='ltr'><strong><em>ad</em></strong></span> <span class='ocrx_word' id='word_1_285' title='bbox 1273 3654 1435 3707; x_wconf 83' lang='lat' dir='ltr'><strong><em>opera</em></strong></span> <span class='ocrx_word' id='word_1_286' title='bbox 1474 3637 1610 3690; x_wconf 83' lang='lat' dir='ltr'><strong><em>bona</em></strong></span> <span class='ocrx_word' id='word_1_287' title='bbox 1639 3651 1745 3690; x_wconf 87' lang='lat' dir='ltr'><strong><em>non</em></strong></span> 
     </span>
    </p>
   </div>
   <div class='ocr_carea' id='block_1_41' title="bbox 90 3725 1744 3798">
    <p class='ocr_par' dir='ltr' id='par_1_41' title="bbox 90 3725 1744 3798">
     <span class='ocr_line' id='line_1_41' title="bbox 90 3725 1744 3798; baseline -0.001 -22"><span class='ocrx_word' id='word_1_288' title='bbox 90 3726 343 3798; x_wconf 76' lang='lat' dir='ltr'><strong><em>adjuvetur,</em></strong></span> <span class='ocrx_word' id='word_1_289' title='bbox 397 3733 623 3786; x_wconf 82' lang='lat' dir='ltr'><strong><em>omnino</em></strong></span> <span class='ocrx_word' id='word_1_290' title='bbox 674 3726 1247 3782; x_wconf 78' lang='lat' dir='ltr'><strong><em>anathematizandum</em></strong></span> <span class='ocrx_word' id='word_1_291' title='bbox 1274 3730 1352 3780; x_wconf 90' lang='lat' dir='ltr'><strong><em>est</em></strong></span> <span class='ocrx_word' id='word_1_292' title='bbox 1403 3729 1451 3778; x_wconf 92' lang='lat' dir='ltr'><strong><em>et</em></strong></span> <span class='ocrx_word' id='word_1_293' title='bbox 1500 3725 1744 3778; x_wconf 87' lang='lat' dir='ltr'><strong><em>omnibus</em></strong></span> 
     </span>
    </p>
   </div>
   <div class='ocr_carea' id='block_1_42' title="bbox 90 3812 1742 3882">
    <p class='ocr_par' dir='ltr' id='par_1_42' title="bbox 90 3812 1742 3882">
     <span class='ocr_line' id='line_1_42' title="bbox 90 3812 1742 3882; baseline 0.001 -19"><span class='ocrx_word' id='word_1_294' title='bbox 90 3819 493 3874; x_wconf 68' lang='lat' dir='ltr'><strong><em>exsecrationibus</em></strong></span> <span class='ocrx_word' id='word_1_295' title='bbox 542 3817 932 3872; x_wconf 84' lang='lat' dir='ltr'><strong><em>detestandum.</em></strong></span> <span class='ocrx_word' id='word_1_296' title='bbox 971 3818 1097 3870; x_wconf 83' lang='lat' dir='ltr'><strong><em>llaec</em></strong></span> <span class='ocrx_word' id='word_1_297' title='bbox 1138 3816 1310 3869; x_wconf 89' lang='lat' dir='ltr'><strong><em>habet</em></strong></span> <span class='ocrx_word' id='word_1_298' title='bbox 1349 3814 1418 3868; x_wconf 88' lang='lat' dir='ltr'><strong><em>de</em></strong></span> <span class='ocrx_word' id='word_1_299' title='bbox 1461 3813 1568 3866; x_wconf 91' lang='lat' dir='ltr'><strong><em>hoc</em></strong></span> <span class='ocrx_word' id='word_1_300' title='bbox 1597 3812 1742 3882; x_wconf 90' lang='lat' dir='ltr'><strong><em>dog-</em></strong></span> 
     </span>
    </p>
   </div>
   <div class='ocr_carea' id='block_1_43' title="bbox 90 3902 1745 3970">
    <p class='ocr_par' dir='ltr' id='par_1_43' title="bbox 90 3902 1745 3970">
     <span class='ocr_line' id='line_1_43' title="bbox 90 3902 1745 3970; baseline -0.002 -14"><span class='ocrx_word' id='word_1_301' title='bbox 90 3908 222 3970; x_wconf 86' lang='lat' dir='ltr'><strong><em>mate,</em></strong></span> <span class='ocrx_word' id='word_1_302' title='bbox 252 3906 547 3961; x_wconf 88' lang='lat' dir='ltr'><strong><em>hominem</em></strong></span> <span class='ocrx_word' id='word_1_303' title='bbox 599 3906 860 3960; x_wconf 86' lang='lat' dir='ltr'><strong><em>mandata</em></strong></span> <span class='ocrx_word' id='word_1_304' title='bbox 903 3906 1009 3958; x_wconf 85' lang='lat' dir='ltr'><strong><em>Dei</em></strong></span> <span class='ocrx_word' id='word_1_305' title='bbox 1035 3906 1200 3970; x_wconf 85' lang='lat' dir='ltr'><strong><em>facile</em></strong></span> <span class='ocrx_word' id='word_1_306' title='bbox 1229 3902 1519 3965; x_wconf 85' lang='lat' dir='ltr'><strong><em>custodire,</em></strong></span> <span class='ocrx_word' id='word_1_307' title='bbox 1551 3903 1601 3954; x_wconf 90' lang='lat' dir='ltr'><strong><em>si</em></strong></span> <span class='ocrx_word' id='word_1_308' title='bbox 1649 3915 1745 3953; x_wconf 82' lang='grc' dir='ltr'><strong><em>υθ-</em></strong></span> 
     </span>
    </p>
   </div>
   <div class='ocr_carea' id='block_1_44' title="bbox 90 3989 1743 4066">
    <p class='ocr_par' dir='ltr' id='par_1_44' title="bbox 90 3989 1743 4066">
     <span class='ocr_line' id='line_1_44' title="bbox 90 3989 1743 4066; baseline 0.001 -28"><span class='ocrx_word' id='word_1_309' title='bbox 90 3989 160 4053; x_wconf 80' lang='lat' dir='ltr'><strong><em>lil;</em></strong></span> <span class='ocrx_word' id='word_1_310' title='bbox 181 4009 280 4063; x_wconf 89' lang='lat' dir='ltr'><strong><em>quo</em></strong></span> <span class='ocrx_word' id='word_1_311' title='bbox 309 3995 672 4066; x_wconf 79' lang='lat' dir='ltr'><strong><em>signiﬁcatur</em></strong></span> <span class='ocrx_word' id='word_1_312' title='bbox 702 3994 874 4048; x_wconf 88' lang='lat' dir='ltr'><strong><em>homo</em></strong></span> <span class='ocrx_word' id='word_1_313' title='bbox 906 3993 1006 4064; x_wconf 85' lang='lat' dir='ltr'><strong><em>qui</em></strong></span> <span class='ocrx_word' id='word_1_314' title='bbox 1036 3993 1108 4046; x_wconf 89' lang='lat' dir='ltr'><strong><em>ad</em></strong></span> <span class='ocrx_word' id='word_1_315' title='bbox 1147 3992 1433 4046; x_wconf 88' lang='lat' dir='ltr'><strong><em>saniorem</em></strong></span> <span class='ocrx_word' id='word_1_316' title='bbox 1490 3993 1743 4043; x_wconf 87' lang='lat' dir='ltr'><strong><em>mentem</em></strong></span> 
     </span>
    </p>
   </div>
   <div class='ocr_carea' id='block_1_45' title="bbox 88 4080 1743 4155">
    <p class='ocr_par' dir='ltr' id='par_1_45' title="bbox 88 4080 1743 4155">
     <span class='ocr_line' id='line_1_45' title="bbox 88 4080 1743 4155; baseline -0.001 -24"><span class='ocrx_word' id='word_1_317' title='bbox 88 4080 233 4135; x_wconf 80' lang='lat' dir='ltr'><strong><em>redire</em></strong></span> <span class='ocrx_word' id='word_1_318' title='bbox 260 4084 402 4152; x_wconf 83' lang='lat' dir='ltr'><strong><em>velit,</em></strong></span> <span class='ocrx_word' id='word_1_319' title='bbox 433 4101 607 4155; x_wconf 87' lang='lat' dir='ltr'><strong><em>posse</em></strong></span> <span class='ocrx_word' id='word_1_320' title='bbox 633 4083 939 4138; x_wconf 88' lang='lat' dir='ltr'><strong><em>emendare</em></strong></span> <span class='ocrx_word' id='word_1_321' title='bbox 965 4097 1154 4135; x_wconf 89' lang='lat' dir='ltr'><strong><em>mores</em></strong></span> <span class='ocrx_word' id='word_1_322' title='bbox 1201 4097 1352 4146; x_wconf 91' lang='lat' dir='ltr'><strong><em>suos,</em></strong></span> <span class='ocrx_word' id='word_1_323' title='bbox 1411 4085 1466 4132; x_wconf 91' lang='lat' dir='ltr'><strong><em>et</em></strong></span> <span class='ocrx_word' id='word_1_324' title='bbox 1517 4081 1743 4132; x_wconf 88' lang='lat' dir='ltr'><strong><em>contra-</em></strong></span> 
     </span>
    </p>
   </div>
   <div class='ocr_carea' id='block_1_46' title="bbox 90 4164 1747 4239">
    <p class='ocr_par' dir='ltr' id='par_1_46' title="bbox 90 4164 1747 4239">
     <span class='ocr_line' id='line_1_46' title="bbox 90 4164 1747 4239; baseline 0 -22"><span class='ocrx_word' id='word_1_325' title='bbox 90 4167 174 4221; x_wconf 84' lang='lat' dir='ltr'><strong><em>rios</em></strong></span> <span class='ocrx_word' id='word_1_326' title='bbox 215 4172 474 4227; x_wconf 84' lang='lat' dir='ltr'><strong><em>virtutum</em></strong></span> <span class='ocrx_word' id='word_1_327' title='bbox 539 4172 764 4226; x_wconf 90' lang='lat' dir='ltr'><strong><em>habitus</em></strong></span> <span class='ocrx_word' id='word_1_328' title='bbox 817 4169 1169 4235; x_wconf 87' lang='lat' dir='ltr'><strong><em>contrahere,</em></strong></span> <span class='ocrx_word' id='word_1_329' title='bbox 1203 4185 1316 4239; x_wconf 89' lang='lat' dir='ltr'><strong><em>quo</em></strong></span> <span class='ocrx_word' id='word_1_330' title='bbox 1373 4168 1517 4221; x_wconf 85' lang='lat' dir='ltr'><strong><em>facto</em></strong></span> <span class='ocrx_word' id='word_1_331' title='bbox 1567 4164 1747 4219; x_wconf 88' lang='lat' dir='ltr'><strong><em>facilis</em></strong></span> 
     </span>
    </p>
   </div>
   <div class='ocr_carea' id='block_1_47' title="bbox 90 4253 1745 4324">
    <p class='ocr_par' dir='ltr' id='par_1_47' title="bbox 90 4253 1745 4324">
     <span class='ocr_line' id='line_1_47' title="bbox 90 4253 1745 4324; baseline -0.001 -17"><span class='ocrx_word' id='word_1_332' title='bbox 90 4257 173 4312; x_wconf 79' lang='lat' dir='ltr'><strong><em>erit</em></strong></span> <span class='ocrx_word' id='word_1_333' title='bbox 209 4262 605 4316; x_wconf 88' lang='lat' dir='ltr'><strong><em>mandatorum</em></strong></span> <span class='ocrx_word' id='word_1_334' title='bbox 638 4260 735 4314; x_wconf 90' lang='lat' dir='ltr'><strong><em>Dei</em></strong></span> <span class='ocrx_word' id='word_1_335' title='bbox 757 4258 1106 4324; x_wconf 86' lang='lat' dir='ltr'><strong><em>observatio;</em></strong></span> <span class='ocrx_word' id='word_1_336' title='bbox 1147 4263 1205 4311; x_wconf 90' lang='lat' dir='ltr'><strong><em>at</em></strong></span> <span class='ocrx_word' id='word_1_337' title='bbox 1241 4273 1357 4310; x_wconf 91' lang='lat' dir='ltr'><strong><em>non</em></strong></span> <span class='ocrx_word' id='word_1_338' title='bbox 1410 4255 1576 4308; x_wconf 91' lang='lat' dir='ltr'><strong><em>unico</em></strong></span> <span class='ocrx_word' id='word_1_339' title='bbox 1618 4253 1745 4323; x_wconf 90' lang='lat' dir='ltr'><strong><em>qui-</em></strong></span> 
     </span>
    </p>
   </div>
   <div class='ocr_carea' id='block_1_48' title="bbox 91 4340 1749 4420">
    <p class='ocr_par' dir='ltr' id='par_1_48' title="bbox 91 4340 1749 4420">
     <span class='ocr_line' id='line_1_48' title="bbox 91 4340 1749 4420; baseline -0.005 -19"><span class='ocrx_word' id='word_1_340' title='bbox 91 4345 192 4400; x_wconf 86' lang='lat' dir='ltr'><strong><em>dem</em></strong></span> <span class='ocrx_word' id='word_1_341' title='bbox 219 4357 518 4411; x_wconf 89' lang='lat' dir='ltr'><strong><em>momento,</em></strong></span> <span class='ocrx_word' id='word_1_342' title='bbox 559 4348 723 4420; x_wconf 90' lang='lat' dir='ltr'><strong><em>quasi</em></strong></span> <span class='ocrx_word' id='word_1_343' title='bbox 759 4347 959 4401; x_wconf 90' lang='lat' dir='ltr'><strong><em>sceleri</em></strong></span> <span class='ocrx_word' id='word_1_344' title='bbox 1005 4345 1102 4400; x_wconf 91' lang='lat' dir='ltr'><strong><em>diu</em></strong></span> <span class='ocrx_word' id='word_1_345' title='bbox 1149 4348 1422 4408; x_wconf 89' lang='lat' dir='ltr'><strong><em>assuetus,</em></strong></span> <span class='ocrx_word' id='word_1_346' title='bbox 1481 4342 1630 4395; x_wconf 89' lang='lat' dir='ltr'><strong><em>illico</em></strong></span> <span class='ocrx_word' id='word_1_347' title='bbox 1679 4340 1749 4394; x_wconf 91' lang='lat' dir='ltr'><strong><em>ad</em></strong></span> 
     </span>
    </p>
   </div>
   <div class='ocr_carea' id='block_1_49' title="bbox 91 4432 1750 4508">
    <p class='ocr_par' dir='ltr' id='par_1_49' title="bbox 91 4432 1750 4508">
     <span class='ocr_line' id='line_1_49' title="bbox 91 4432 1750 4508; baseline -0.001 -22"><span class='ocrx_word' id='word_1_348' title='bbox 91 4450 336 4493; x_wconf 86' lang='lat' dir='ltr'><strong><em>summum</em></strong></span> <span class='ocrx_word' id='word_1_349' title='bbox 362 4439 593 4494; x_wconf 85' lang='lat' dir='ltr'><strong><em>virtutis</em></strong></span> <span class='ocrx_word' id='word_1_350' title='bbox 622 4438 864 4508; x_wconf 88' lang='lat' dir='ltr'><strong><em>gradum</em></strong></span> <span class='ocrx_word' id='word_1_351' title='bbox 897 4433 1220 4504; x_wconf 85' lang='lat' dir='ltr'><strong><em>transgredi</em></strong></span> <span class='ocrx_word' id='word_1_352' title='bbox 1248 4437 1457 4502; x_wconf 89' lang='lat' dir='ltr'><strong><em>posset,</em></strong></span> <span class='ocrx_word' id='word_1_353' title='bbox 1481 4432 1580 4484; x_wconf 90' lang='lat' dir='ltr'><strong><em>sed</em></strong></span> <span class='ocrx_word' id='word_1_354' title='bbox 1630 4445 1750 4484; x_wconf 88' lang='lat' dir='ltr'><strong><em>sen-</em></strong></span> 
     </span>
    </p>
   </div>
   <div class='ocr_carea' id='block_1_50' title="bbox 93 4517 1750 4590">
    <p class='ocr_par' dir='ltr' id='par_1_50' title="bbox 93 4517 1750 4590">
     <span class='ocr_line' id='line_1_50' title="bbox 93 4517 1750 4590; baseline -0.002 -16"><span class='ocrx_word' id='word_1_355' title='bbox 93 4522 192 4577; x_wconf 85' lang='lat' dir='ltr'><strong><em>sim.</em></strong></span> <span class='ocrx_word' id='word_1_356' title='bbox 223 4526 374 4590; x_wconf 86' lang='lat' dir='ltr'><strong><em>Quod</em></strong></span> <span class='ocrx_word' id='word_1_357' title='bbox 404 4527 640 4582; x_wconf 88' lang='lat' dir='ltr'><strong><em>additur</em></strong></span> <span class='ocrx_word' id='word_1_358' title='bbox 685 4529 797 4580; x_wconf 89' lang='lat' dir='ltr'><strong><em>sine</em></strong></span> <span class='ocrx_word' id='word_1_359' title='bbox 824 4525 1010 4590; x_wconf 86' lang='lat' dir='ltr'><strong><em>gratia</em></strong></span> <span class='ocrx_word' id='word_1_360' title='bbox 1051 4523 1172 4589; x_wconf 88' lang='lat' dir='ltr'><strong><em>Dei,</em></strong></span> <span class='ocrx_word' id='word_1_361' title='bbox 1203 4521 1360 4574; x_wconf 88' lang='lat' dir='ltr'><strong><em>nulla</em></strong></span> <span class='ocrx_word' id='word_1_362' title='bbox 1386 4517 1750 4573; x_wconf 78' lang='lat' dir='ltr'><strong><em>distinctione</em></strong></span> 
     </span>
    </p>
   </div>
   <div class='ocr_carea' id='block_1_51' title="bbox 93 4605 1750 4687">
    <p class='ocr_par' dir='ltr' id='par_1_51' title="bbox 93 4605 1750 4687">
     <span class='ocr_line' id='line_1_51' title="bbox 93 4605 1750 4687; baseline -0.002 -27"><span class='ocrx_word' id='word_1_363' title='bbox 93 4609 325 4684; x_wconf 86' lang='lat' dir='ltr'><strong><em>adhibita,</em></strong></span> <span class='ocrx_word' id='word_1_364' title='bbox 365 4616 425 4671; x_wconf 90' lang='lat' dir='ltr'><strong><em>id</em></strong></span> <span class='ocrx_word' id='word_1_365' title='bbox 480 4615 833 4687; x_wconf 87' lang='lat' dir='ltr'><strong><em>pernegabat</em></strong></span> <span class='ocrx_word' id='word_1_366' title='bbox 886 4611 1168 4681; x_wconf 88' lang='lat' dir='ltr'><strong><em>Pelagius,</em></strong></span> <span class='ocrx_word' id='word_1_367' title='bbox 1232 4609 1331 4680; x_wconf 89' lang='lat' dir='ltr'><strong><em>qui</em></strong></span> <span class='ocrx_word' id='word_1_368' title='bbox 1371 4605 1750 4676; x_wconf 89' lang='lat' dir='ltr'><strong><em>multiplicem</em></strong></span> 
     </span>
    </p>
   </div>
   <div class='ocr_carea' id='block_1_52' title="bbox 94 4692 1750 4774">
    <p class='ocr_par' dir='ltr' id='par_1_52' title="bbox 94 4692 1750 4774">
     <span class='ocr_line' id='line_1_52' title="bbox 94 4692 1750 4774; baseline -0.005 -22"><span class='ocrx_word' id='word_1_369' title='bbox 94 4703 294 4763; x_wconf 75' lang='lat' dir='ltr'><strong><em>gratiam</em></strong></span> <span class='ocrx_word' id='word_1_370' title='bbox 323 4703 422 4758; x_wconf 89' lang='lat' dir='ltr'><strong><em>Dei</em></strong></span> <span class='ocrx_word' id='word_1_371' title='bbox 447 4702 811 4774; x_wconf 88' lang='lat' dir='ltr'><strong><em>agnoscebat,</em></strong></span> <span class='ocrx_word' id='word_1_372' title='bbox 855 4703 919 4754; x_wconf 88' lang='lat' dir='ltr'><strong><em>ut</em></strong></span> <span class='ocrx_word' id='word_1_373' title='bbox 948 4697 1197 4753; x_wconf 88' lang='lat' dir='ltr'><strong><em>ostendit</em></strong></span> <span class='ocrx_word' id='word_1_374' title='bbox 1227 4696 1455 4765; x_wconf 79' lang='lat' dir='ltr'><strong><em>Dionys.</em></strong></span> <span class='ocrx_word' id='word_1_375' title='bbox 1489 4692 1750 4772; x_wconf 84' lang='lat' dir='ltr'><strong><em>Petavius</em></strong></span> 
     </span>
    </p>
   </div>
   <div class='ocr_carea' id='block_1_53' title="bbox 96 4783 1752 4858">
    <p class='ocr_par' dir='ltr' id='par_1_53' title="bbox 96 4783 1752 4858">
     <span class='ocr_line' id='line_1_53' title="bbox 96 4783 1752 4858; baseline -0.007 -12"><span class='ocrx_word' id='word_1_376' title='bbox 96 4786 260 4858; x_wconf 80' lang='lat' dir='ltr'><strong><em>Dogm.</em></strong></span> <span class='ocrx_word' id='word_1_377' title='bbox 287 4793 509 4855; x_wconf 84' lang='lat' dir='ltr'><strong><em>Theol.,</em></strong></span> <span class='ocrx_word' id='word_1_378' title='bbox 542 4797 681 4846; x_wconf 86' lang='lat' dir='ltr'><strong><em>tom.</em></strong></span> <span class='ocrx_word' id='word_1_379' title='bbox 715 4791 806 4851; x_wconf 87' lang='lat' dir='ltr'><strong><em>Ill,</em></strong></span> <span class='ocrx_word' id='word_1_380' title='bbox 833 4789 929 4843; x_wconf 91' lang='lat' dir='ltr'><strong><em>lib.</em></strong></span> <span class='ocrx_word' id='word_1_381' title='bbox 954 4789 1023 4842; x_wconf 89' lang='lat' dir='ltr'><strong><em>de</em></strong></span> <span class='ocrx_word' id='word_1_382' title='bbox 1051 4785 1259 4840; x_wconf 70' lang='lat' dir='ltr'><strong><em>llmresi</em></strong></span> <span class='ocrx_word' id='word_1_383' title='bbox 1292 4784 1506 4854; x_wconf 74' lang='lat' dir='ltr'><strong><em>Pelag,</em></strong></span> <span class='ocrx_word' id='word_1_384' title='bbox 1529 4798 1658 4851; x_wconf 90' lang='lat' dir='ltr'><strong><em>cap.</em></strong></span> <span class='ocrx_word' id='word_1_385' title='bbox 1697 4783 1752 4834; x_wconf 82' lang='lat'><strong><em>2.</em></strong></span> 
     </span>
    </p>
   </div>
   <div class='ocr_carea' id='block_1_54' title="bbox 95 4871 1750 4947">
    <p class='ocr_par' dir='ltr' id='par_1_54' title="bbox 95 4871 1750 4947">
     <span class='ocr_line' id='line_1_54' title="bbox 95 4871 1750 4947; baseline -0.004 -20"><span class='ocrx_word' id='word_1_386' title='bbox 95 4879 145 4929; x_wconf 73' lang='lat' dir='ltr'><strong><em>At</em></strong></span> <span class='ocrx_word' id='word_1_387' title='bbox 178 4880 394 4935; x_wconf 88' lang='lat' dir='ltr'><strong><em>nolebat</em></strong></span> <span class='ocrx_word' id='word_1_388' title='bbox 450 4881 750 4934; x_wconf 89' lang='lat' dir='ltr'><strong><em>admittere</em></strong></span> <span class='ocrx_word' id='word_1_389' title='bbox 795 4893 921 4932; x_wconf 90' lang='lat' dir='ltr'><strong><em>eam</em></strong></span> <span class='ocrx_word' id='word_1_390' title='bbox 978 4874 1222 4947; x_wconf 88' lang='lat' dir='ltr'><strong><em>gratiam</em></strong></span> <span class='ocrx_word' id='word_1_391' title='bbox 1271 4871 1554 4926; x_wconf 90' lang='lat' dir='ltr'><strong><em>internam</em></strong></span> <span class='ocrx_word' id='word_1_392' title='bbox 1615 4885 1750 4939; x_wconf 86' lang='lat' dir='ltr'><strong><em>qua,</em></strong></span> 
     </span>
    </p>
   </div>
   <div class='ocr_carea' id='block_1_55' title="bbox 93 4958 1756 5040">
    <p class='ocr_par' dir='ltr' id='par_1_55' title="bbox 93 4958 1756 5040">
     <span class='ocr_line' id='line_1_55' title="bbox 93 4958 1756 5040; baseline -0.005 -23"><span class='ocrx_word' id='word_1_393' title='bbox 93 4965 235 5020; x_wconf 75' lang='lat' dir='ltr'><strong><em>veluti</em></strong></span> <span class='ocrx_word' id='word_1_394' title='bbox 273 4969 466 5024; x_wconf 78' lang='lat' dir='ltr'><strong><em>afﬂatu</em></strong></span> <span class='ocrx_word' id='word_1_395' title='bbox 504 4969 753 5040; x_wconf 90' lang='lat' dir='ltr'><strong><em>quodam</em></strong></span> <span class='ocrx_word' id='word_1_396' title='bbox 802 4963 1177 5027; x_wconf 87' lang='lat' dir='ltr'><strong><em>ineluctabili,</em></strong></span> <span class='ocrx_word' id='word_1_397' title='bbox 1232 4977 1329 5014; x_wconf 91' lang='lat' dir='ltr'><strong><em>seu</em></strong></span> <span class='ocrx_word' id='word_1_398' title='bbox 1371 4959 1464 5013; x_wconf 88' lang='lat' dir='ltr'><strong><em>cui</em></strong></span> <span class='ocrx_word' id='word_1_399' title='bbox 1494 4958 1756 5012; x_wconf 89' lang='lat' dir='ltr'><strong><em>resistere</em></strong></span> 
     </span>
    </p>
   </div>
   <div class='ocr_carea' id='block_1_56' title="bbox 96 5047 1756 5128">
    <p class='ocr_par' dir='ltr' id='par_1_56' title="bbox 96 5047 1756 5128">
     <span class='ocr_line' id='line_1_56' title="bbox 96 5047 1756 5128; baseline -0.002 -25"><span class='ocrx_word' id='word_1_400' title='bbox 96 5067 182 5107; x_wconf 88' lang='lat' dir='ltr'><strong><em>non</em></strong></span> <span class='ocrx_word' id='word_1_401' title='bbox 208 5056 424 5124; x_wconf 88' lang='lat' dir='ltr'><strong><em>licebat,</em></strong></span> <span class='ocrx_word' id='word_1_402' title='bbox 476 5057 645 5128; x_wconf 87' lang='lat' dir='ltr'><strong><em>pauci</em></strong></span> <span class='ocrx_word' id='word_1_403' title='bbox 697 5055 932 5127; x_wconf 89' lang='lat' dir='ltr'><strong><em>quidam</em></strong></span> <span class='ocrx_word' id='word_1_404' title='bbox 976 5052 1140 5106; x_wconf 90' lang='lat' dir='ltr'><strong><em>electi</em></strong></span> <span class='ocrx_word' id='word_1_405' title='bbox 1187 5051 1258 5104; x_wconf 90' lang='lat' dir='ltr'><strong><em>ad</em></strong></span> <span class='ocrx_word' id='word_1_406' title='bbox 1305 5050 1476 5103; x_wconf 87' lang='lat' dir='ltr'><strong><em>ﬁdem</em></strong></span> <span class='ocrx_word' id='word_1_407' title='bbox 1513 5047 1756 5102; x_wconf 87' lang='lat' dir='ltr'><strong><em>adduce-</em></strong></span> 
     </span>
    </p>
   </div>
   <div class='ocr_carea' id='block_1_57' title="bbox 96 5128 1759 5214">
    <p class='ocr_par' dir='ltr' id='par_1_57' title="bbox 96 5128 1759 5214">
     <span class='ocr_line' id='line_1_57' title="bbox 96 5128 1759 5214; baseline -0.002 -23"><span class='ocrx_word' id='word_1_408' title='bbox 96 5138 285 5199; x_wconf 82' lang='lat' dir='ltr'><strong><em>bantur.</em></strong></span> <span class='ocrx_word' id='word_1_409' title='bbox 321 5145 482 5210; x_wconf 85' lang='lat' dir='ltr'><strong><em>Quod</em></strong></span> <span class='ocrx_word' id='word_1_410' title='bbox 524 5161 589 5200; x_wconf 76' lang='lat' dir='ltr'><strong><em>ex</em></strong></span> <span class='ocrx_word' id='word_1_411' title='bbox 619 5145 922 5214; x_wconf 87' lang='lat' dir='ltr'><strong><em>scriptura,</em></strong></span> <span class='ocrx_word' id='word_1_412' title='bbox 957 5158 1068 5196; x_wconf 88' lang='lat' dir='ltr'><strong><em>non</em></strong></span> <span class='ocrx_word' id='word_1_413' title='bbox 1119 5137 1405 5208; x_wconf 87' lang='lat' dir='ltr'><strong><em>ambiguis</em></strong></span> <span class='ocrx_word' id='word_1_414' title='bbox 1441 5128 1600 5200; x_wconf 79' lang='lat' dir='ltr'><strong><em>locis,</em></strong></span> <span class='ocrx_word' id='word_1_415' title='bbox 1630 5151 1759 5204; x_wconf 87' lang='lat' dir='ltr'><strong><em>pro-</em></strong></span> 
     </span>
    </p>
   </div>
   <div class='ocr_carea' id='block_1_58' title="bbox 95 5226 1760 5304">
    <p class='ocr_par' dir='ltr' id='par_1_58' title="bbox 95 5226 1760 5304">
     <span class='ocr_line' id='line_1_58' title="bbox 95 5226 1760 5304; baseline -0.004 -22"><span class='ocrx_word' id='word_1_416' title='bbox 95 5226 309 5287; x_wconf 82' lang='lat' dir='ltr'><strong><em>bandum</em></strong></span> <span class='ocrx_word' id='word_1_417' title='bbox 339 5234 449 5288; x_wconf 88' lang='lat' dir='ltr'><strong><em>fuit</em></strong></span> <span class='ocrx_word' id='word_1_418' title='bbox 470 5233 808 5304; x_wconf 85' lang='lat' dir='ltr'><strong><em>Augustino,</em></strong></span> <span class='ocrx_word' id='word_1_419' title='bbox 840 5226 1573 5300; x_wconf 87' lang='lat' dir='ltr'><strong><em>antequamincenderetur</em></strong></span> <span class='ocrx_word' id='word_1_420' title='bbox 1602 5228 1760 5277; x_wconf 89' lang='lat' dir='ltr'><strong><em>tanto</em></strong></span> 
     </span>
    </p>
   </div>
   <div class='ocr_carea' id='block_1_59' title="bbox 99 5311 1761 5393">
    <p class='ocr_par' dir='ltr' id='par_1_59' title="bbox 99 5311 1761 5393">
     <span class='ocr_line' id='line_1_59' title="bbox 99 5311 1761 5393; baseline -0.009 -14"><span class='ocrx_word' id='word_1_421' title='bbox 99 5318 207 5385; x_wconf 68' lang='lat'><strong><em>1010,</em></strong></span> <span class='ocrx_word' id='word_1_422' title='bbox 242 5323 336 5393; x_wconf 89' lang='lat' dir='ltr'><strong><em>qui</em></strong></span> <span class='ocrx_word' id='word_1_423' title='bbox 367 5322 491 5376; x_wconf 89' lang='lat' dir='ltr'><strong><em>sine</em></strong></span> <span class='ocrx_word' id='word_1_424' title='bbox 529 5338 785 5376; x_wconf 86' lang='lat' dir='ltr'><strong><em>amarore</em></strong></span> <span class='ocrx_word' id='word_1_425' title='bbox 832 5337 952 5374; x_wconf 90' lang='lat' dir='ltr'><strong><em>non</em></strong></span> <span class='ocrx_word' id='word_1_426' title='bbox 995 5318 1118 5373; x_wconf 84' lang='lat' dir='ltr'><strong><em>fuit.</em></strong></span> <span class='ocrx_word' id='word_1_427' title='bbox 1156 5317 1296 5370; x_wconf 89' lang='lat' dir='ltr'><strong><em>Nam</em></strong></span> <span class='ocrx_word' id='word_1_428' title='bbox 1350 5314 1505 5386; x_wconf 88' lang='lat' dir='ltr'><strong><em>quod</em></strong></span> <span class='ocrx_word' id='word_1_429' title='bbox 1555 5311 1761 5382; x_wconf 87' lang='lat' dir='ltr'><strong><em>probat</em></strong></span> 
     </span>
    </p>
   </div>
   <div class='ocr_carea' id='block_1_60' title="bbox 100 5401 1762 5478">
    <p class='ocr_par' dir='ltr' id='par_1_60' title="bbox 100 5401 1762 5478">
     <span class='ocr_line' id='line_1_60' title="bbox 100 5401 1762 5478; baseline -0.004 -20"><span class='ocrx_word' id='word_1_430' title='bbox 100 5403 316 5478; x_wconf 82' lang='lat' dir='ltr'><strong><em>indigere</em></strong></span> <span class='ocrx_word' id='word_1_431' title='bbox 345 5410 605 5466; x_wconf 89' lang='lat' dir='ltr'><strong><em>homines</em></strong></span> <span class='ocrx_word' id='word_1_432' title='bbox 629 5427 742 5465; x_wconf 90' lang='lat' dir='ltr'><strong><em>non</em></strong></span> <span class='ocrx_word' id='word_1_433' title='bbox 769 5413 991 5463; x_wconf 87' lang='lat' dir='ltr'><strong><em>tantum</em></strong></span> <span class='ocrx_word' id='word_1_434' title='bbox 1022 5403 1324 5477; x_wconf 73' lang='lat' dir='ltr'><strong><em>praeceptis</em></strong></span> <span class='ocrx_word' id='word_1_435' title='bbox 1374 5401 1495 5468; x_wconf 89' lang='lat' dir='ltr'><strong><em>Dei,</em></strong></span> <span class='ocrx_word' id='word_1_436' title='bbox 1529 5405 1592 5454; x_wconf 90' lang='lat' dir='ltr'><strong><em>ut</em></strong></span> <span class='ocrx_word' id='word_1_437' title='bbox 1615 5405 1762 5453; x_wconf 88' lang='lat' dir='ltr'><strong><em>recte</em></strong></span> 
     </span>
    </p>
   </div>
   <div class='ocr_carea' id='block_1_61' title="bbox 103 5489 1760 5572">
    <p class='ocr_par' dir='ltr' id='par_1_61' title="bbox 103 5489 1760 5572">
     <span class='ocr_line' id='line_1_61' title="bbox 103 5489 1760 5572; baseline -0.005 -22"><span class='ocrx_word' id='word_1_438' title='bbox 103 5492 275 5565; x_wconf 67' lang='lat' dir='ltr'><strong><em>Vivent,</em></strong></span> <span class='ocrx_word' id='word_1_439' title='bbox 305 5500 401 5555; x_wconf 88' lang='lat' dir='ltr'><strong><em>sed</em></strong></span> <span class='ocrx_word' id='word_1_440' title='bbox 442 5504 501 5554; x_wconf 88' lang='lat' dir='ltr'><strong><em>et</em></strong></span> <span class='ocrx_word' id='word_1_441' title='bbox 539 5499 821 5572; x_wconf 88' lang='lat' dir='ltr'><strong><em>adjutorio</em></strong></span> <span class='ocrx_word' id='word_1_442' title='bbox 848 5497 908 5552; x_wconf 90' lang='lat' dir='ltr'><strong><em>in</em></strong></span> <span class='ocrx_word' id='word_1_443' title='bbox 960 5496 1185 5569; x_wconf 89' lang='lat' dir='ltr'><strong><em>legibus</em></strong></span> <span class='ocrx_word' id='word_1_444' title='bbox 1229 5505 1596 5564; x_wconf 87' lang='lat' dir='ltr'><strong><em>nequaquam</em></strong></span> <span class='ocrx_word' id='word_1_445' title='bbox 1629 5489 1760 5554; x_wconf 91' lang='lat' dir='ltr'><strong><em>sito,</em></strong></span> 
     </span>
    </p>
   </div>
   <div class='ocr_carea' id='block_1_62' title="bbox 424 5603 996 5673">
    <p class='ocr_par' dir='ltr' id='par_1_62' title="bbox 424 5603 996 5673">
     <span class='ocr_line' id='line_1_62' title="bbox 424 5603 996 5673; baseline -0.01 -1"><span class='ocrx_word' id='word_1_446' title='bbox 424 5605 694 5673; x_wconf 76' lang='lat' dir='ltr'><strong><em>PATROL.</em></strong></span> <span class='ocrx_word' id='word_1_447' title='bbox 748 5603 996 5671; x_wconf 80' lang='lat' dir='ltr'><strong><em>XLVII.</em></strong></span> 
     </span>
    </p>
   </div>
   <div class='ocr_carea' id='block_1_63' title="bbox 1849 471 2567 528">
    <p class='ocr_par' dir='ltr' id='par_1_63' title="bbox 1849 471 2567 528">
     <span class='ocr_line' id='line_1_63' title="bbox 1849 471 2567 528; baseline 0.006 -4"><span class='ocrx_word' id='word_1_448' title='bbox 1849 471 2034 525; x_wconf 89' lang='lat' dir='ltr'><strong><em>tavius</em></strong></span> <span class='ocrx_word' id='word_1_449' title='bbox 2054 473 2180 526; x_wconf 92' lang='lat' dir='ltr'><strong><em>loco</em></strong></span> <span class='ocrx_word' id='word_1_450' title='bbox 2224 479 2567 528; x_wconf 89' lang='lat' dir='ltr'><strong><em>memorato.</em></strong></span> 
     </span>
    </p>
   </div>
   <div class='ocr_carea' id='block_1_64' title="bbox 1921 559 3553 636">
    <p class='ocr_par' dir='ltr' id='par_1_64' title="bbox 1921 559 3553 636">
     <span class='ocr_line' id='line_1_64' title="bbox 1921 559 3553 636; baseline 0.005 -24"><span class='ocrx_word' id='word_1_451' title='bbox 1921 559 2087 626; x_wconf 89' lang='lat' dir='ltr'><strong><em>Ibid.,</em></strong></span> <span class='ocrx_word' id='word_1_452' title='bbox 2121 564 2148 626; x_wconf 63' lang='grc' dir='ltr'><strong>ἓ</strong></span> <span class='ocrx_word' id='word_1_453' title='bbox 2186 565 2266 614; x_wconf 86' lang='lat' dir='ltr'><strong><em>ll.</em></strong></span> <span class='ocrx_word' id='word_1_454' title='bbox 2297 563 2449 627; x_wconf 85' lang='lat' dir='ltr'><strong><em>Quod</em></strong></span> <span class='ocrx_word' id='word_1_455' title='bbox 2477 567 2654 616; x_wconf 89' lang='lat' dir='ltr'><strong><em>autem</em></strong></span> <span class='ocrx_word' id='word_1_456' title='bbox 2683 564 2869 616; x_wconf 87' lang='lat' dir='ltr'><strong><em>dicunt</em></strong></span> <span class='ocrx_word' id='word_1_457' title='bbox 2895 565 3159 628; x_wconf 82' lang='lat' dir='ltr'><strong><em>infantem</em></strong></span> <span class='ocrx_word' id='word_1_458' title='bbox 3199 570 3366 619; x_wconf 89' lang='lat' dir='ltr'><strong><em>morte</em></strong></span> <span class='ocrx_word' id='word_1_459' title='bbox 3409 583 3553 636; x_wconf 65' lang='lat' dir='ltr'><strong><em>pra-</em></strong></span> 
     </span>
    </p>
   </div>
   <div class='ocr_carea' id='block_1_65' title="bbox 1849 651 3556 720">
    <p class='ocr_par' dir='ltr' id='par_1_65' title="bbox 1849 651 3556 720">
     <span class='ocr_line' id='line_1_65' title="bbox 1849 651 3556 720; baseline 0.005 -20"><span class='ocrx_word' id='word_1_460' title='bbox 1849 653 2063 702; x_wconf 72' lang='lat' dir='ltr'><strong><em>venlum</em></strong></span> <span class='ocrx_word' id='word_1_461' title='bbox 2094 664 2199 702; x_wconf 88' lang='lat' dir='ltr'><strong><em>non</em></strong></span> <span class='ocrx_word' id='word_1_462' title='bbox 2230 651 2567 719; x_wconf 79' lang='lat' dir='ltr'><strong><em>baptizatum</em></strong></span> <span class='ocrx_word' id='word_1_463' title='bbox 2583 655 2764 720; x_wconf 88' lang='lat' dir='ltr'><strong><em>perire</em></strong></span> <span class='ocrx_word' id='word_1_464' title='bbox 2790 669 2893 705; x_wconf 88' lang='lat' dir='ltr'><strong><em>non</em></strong></span> <span class='ocrx_word' id='word_1_465' title='bbox 2914 667 3088 720; x_wconf 89' lang='lat' dir='ltr'><strong><em>posse,</em></strong></span> <span class='ocrx_word' id='word_1_466' title='bbox 3132 657 3388 720; x_wconf 87' lang='lat' dir='ltr'><strong><em>quoniam</em></strong></span> <span class='ocrx_word' id='word_1_467' title='bbox 3441 657 3556 710; x_wconf 86' lang='lat' dir='ltr'><strong><em>sine</em></strong></span> 
     </span>
    </p>
   </div>
   <div class='ocr_carea' id='block_1_66' title="bbox 1849 740 3552 814">
    <p class='ocr_par' dir='ltr' id='par_1_66' title="bbox 1849 740 3552 814">
     <span class='ocr_line' id='line_1_66' title="bbox 1849 740 3552 814; baseline 0.006 -26"><span class='ocrx_word' id='word_1_468' title='bbox 1849 741 2064 803; x_wconf 87' lang='lat' dir='ltr'><strong><em>peccato</em></strong></span> <span class='ocrx_word' id='word_1_469' title='bbox 2114 740 2378 814; x_wconf 85' lang='lat' dir='ltr'><strong><em>nascitur,</em></strong></span> <span class='ocrx_word' id='word_1_470' title='bbox 2435 754 2542 792; x_wconf 84' lang='lat' dir='ltr'><strong><em>non</em></strong></span> <span class='ocrx_word' id='word_1_471' title='bbox 2599 741 2691 793; x_wconf 87' lang='lat' dir='ltr'><strong><em>hoc</em></strong></span> <span class='ocrx_word' id='word_1_472' title='bbox 2739 740 2874 794; x_wconf 85' lang='lat' dir='ltr'><strong><em>dicit</em></strong></span> <span class='ocrx_word' id='word_1_473' title='bbox 2929 741 3360 808; x_wconf 84' lang='lat' dir='ltr'><strong><em>Apostolus.</em></strong></span> <span class='ocrx_word' id='word_1_474' title='bbox 3418 744 3552 800; x_wconf 86' lang='lat' dir='ltr'><strong><em>dicit</em></strong></span> 
     </span>
    </p>
   </div>
   <div class='ocr_carea' id='block_1_67' title="bbox 1849 826 3549 901">
    <p class='ocr_par' dir='ltr' id='par_1_67' title="bbox 1849 826 3549 901">
     <span class='ocr_line' id='line_1_67' title="bbox 1849 826 3549 901; baseline 0.005 -25"><span class='ocrx_word' id='word_1_475' title='bbox 1849 826 1993 877; x_wconf 86' lang='lat' dir='ltr'><strong><em>enim</em></strong></span> <span class='ocrx_word' id='word_1_476' title='bbox 2040 827 2128 880; x_wconf 87' lang='lat' dir='ltr'><strong><em>ille</em></strong></span> <span class='ocrx_word' id='word_1_477' title='bbox 2174 827 2356 881; x_wconf 88' lang='lat' dir='ltr'><strong><em>doctor</em></strong></span> <span class='ocrx_word' id='word_1_478' title='bbox 2407 831 2674 896; x_wconf 89' lang='lat' dir='ltr'><strong><em>gentium:</em></strong></span> <span class='ocrx_word' id='word_1_479' title='bbox 2723 831 2830 882; x_wconf 88' lang='lat' dir='ltr'><strong><em>Per</em></strong></span> <span class='ocrx_word' id='word_1_480' title='bbox 2870 845 3050 882; x_wconf 90' lang='lat' dir='ltr'><strong><em>unum</em></strong></span> <span class='ocrx_word' id='word_1_481' title='bbox 3078 829 3372 883; x_wconf 90' lang='lat' dir='ltr'><strong><em>hominem</em></strong></span> <span class='ocrx_word' id='word_1_482' title='bbox 3419 848 3549 901; x_wconf 90' lang='lat' dir='ltr'><strong><em>pec-</em></strong></span> 
     </span>
    </p>
   </div>
   <div class='ocr_carea' id='block_1_68' title="bbox 1849 912 3551 984">
    <p class='ocr_par' dir='ltr' id='par_1_68' title="bbox 1849 912 3551 984">
     <span class='ocr_line' id='line_1_68' title="bbox 1849 912 3551 984; baseline 0.005 -21"><span class='ocrx_word' id='word_1_483' title='bbox 1849 915 2037 964; x_wconf 87' lang='lat' dir='ltr'><strong><em>catum</em></strong></span> <span class='ocrx_word' id='word_1_484' title='bbox 2069 912 2304 968; x_wconf 87' lang='lat' dir='ltr'><strong><em>intravit</em></strong></span> <span class='ocrx_word' id='word_1_485' title='bbox 2333 914 2392 968; x_wconf 92' lang='lat' dir='ltr'><strong><em>in</em></strong></span> <span class='ocrx_word' id='word_1_486' title='bbox 2423 915 2706 968; x_wconf 89' lang='lat' dir='ltr'><strong><em>mundum</em></strong></span> <span class='ocrx_word' id='word_1_487' title='bbox 2733 921 2790 968; x_wconf 90' lang='lat' dir='ltr'><strong><em>et</em></strong></span> <span class='ocrx_word' id='word_1_488' title='bbox 2819 930 2922 984; x_wconf 89' lang='lat' dir='ltr'><strong><em>per</em></strong></span> <span class='ocrx_word' id='word_1_489' title='bbox 2951 920 3246 984; x_wconf 84' lang='lat' dir='ltr'><strong><em>peccatum</em></strong></span> <span class='ocrx_word' id='word_1_490' title='bbox 3286 933 3461 980; x_wconf 87' lang='lat' dir='ltr'><strong><em>mors,</em></strong></span> <span class='ocrx_word' id='word_1_491' title='bbox 3495 924 3551 972; x_wconf 90' lang='lat' dir='ltr'><strong><em>et</em></strong></span> 
     </span>
    </p>
   </div>
   <div class='ocr_carea' id='block_1_69' title="bbox 1849 996 3548 1073">
    <p class='ocr_par' dir='ltr' id='par_1_69' title="bbox 1849 996 3548 1073">
     <span class='ocr_line' id='line_1_69' title="bbox 1849 996 3548 1073; baseline 0.006 -24"><span class='ocrx_word' id='word_1_492' title='bbox 1849 996 1928 1050; x_wconf 87' lang='lat' dir='ltr'><strong><em>ita</em></strong></span> <span class='ocrx_word' id='word_1_493' title='bbox 1953 997 2013 1050; x_wconf 91' lang='lat' dir='ltr'><strong><em>in</em></strong></span> <span class='ocrx_word' id='word_1_494' title='bbox 2041 1015 2240 1053; x_wconf 91' lang='lat' dir='ltr'><strong><em>omnes</em></strong></span> <span class='ocrx_word' id='word_1_495' title='bbox 2265 1000 2527 1055; x_wconf 91' lang='lat' dir='ltr'><strong><em>homines</em></strong></span> <span class='ocrx_word' id='word_1_496' title='bbox 2556 1001 2908 1070; x_wconf 85' lang='lat' dir='ltr'><strong><em>pertransiit,</em></strong></span> <span class='ocrx_word' id='word_1_497' title='bbox 2944 1001 3007 1054; x_wconf 89' lang='lat' dir='ltr'><strong><em>in</em></strong></span> <span class='ocrx_word' id='word_1_498' title='bbox 3037 1019 3148 1072; x_wconf 92' lang='lat' dir='ltr'><strong><em>quo</em></strong></span> <span class='ocrx_word' id='word_1_499' title='bbox 3178 1019 3374 1058; x_wconf 91' lang='lat' dir='ltr'><strong><em>omnes</em></strong></span> <span class='ocrx_word' id='word_1_500' title='bbox 3414 1021 3548 1073; x_wconf 89' lang='lat' dir='ltr'><strong><em>pec-</em></strong></span> 
     </span>
    </p>
   </div>
   <div class='ocr_carea' id='block_1_70' title="bbox 1849 1086 3548 1159">
    <p class='ocr_par' dir='ltr' id='par_1_70' title="bbox 1849 1086 3548 1159">
     <span class='ocr_line' id='line_1_70' title="bbox 1849 1086 3548 1159; baseline 0.005 -20"><span class='ocrx_word' id='word_1_501' title='bbox 1849 1086 2166 1158; x_wconf 64' lang='lat' dir='ltr'><strong><em>caverunt.)</em></strong></span> <span class='ocrx_word' id='word_1_502' title='bbox 2197 1089 2307 1142; x_wconf 91' lang='lat' dir='ltr'><strong><em>Sed</em></strong></span> <span class='ocrx_word' id='word_1_503' title='bbox 2337 1090 2488 1143; x_wconf 91' lang='lat' dir='ltr'><strong><em>hunc</em></strong></span> <span class='ocrx_word' id='word_1_504' title='bbox 2521 1091 2709 1144; x_wconf 90' lang='lat' dir='ltr'><strong><em>locum</em></strong></span> <span class='ocrx_word' id='word_1_505' title='bbox 2742 1090 2900 1144; x_wconf 82' lang='lat' dir='ltr'><strong><em>Pauli</em></strong></span> <span class='ocrx_word' id='word_1_506' title='bbox 2946 1090 3232 1159; x_wconf 88' lang='lat' dir='ltr'><strong><em>pertinere</em></strong></span> <span class='ocrx_word' id='word_1_507' title='bbox 3281 1092 3350 1146; x_wconf 89' lang='lat' dir='ltr'><strong><em>ad</em></strong></span> <span class='ocrx_word' id='word_1_508' title='bbox 3380 1093 3548 1147; x_wconf 75' lang='lat' dir='ltr'><strong><em>adul-</em></strong></span> 
     </span>
    </p>
   </div>
   <div class='ocr_carea' id='block_1_71' title="bbox 1848 1175 3547 1246">
    <p class='ocr_par' dir='ltr' id='par_1_71' title="bbox 1848 1175 3547 1246">
     <span class='ocr_line' id='line_1_71' title="bbox 1848 1175 3547 1246; baseline 0.004 -19"><span class='ocrx_word' id='word_1_509' title='bbox 1848 1179 1936 1227; x_wconf 89' lang='lat' dir='ltr'><strong><em>tos</em></strong></span> <span class='ocrx_word' id='word_1_510' title='bbox 1963 1179 2186 1229; x_wconf 89' lang='lat' dir='ltr'><strong><em>tantum</em></strong></span> <span class='ocrx_word' id='word_1_511' title='bbox 2211 1175 2312 1246; x_wconf 90' lang='lat' dir='ltr'><strong><em>qui</em></strong></span> <span class='ocrx_word' id='word_1_512' title='bbox 2337 1181 2634 1246; x_wconf 89' lang='lat' dir='ltr'><strong><em>peccatum</em></strong></span> <span class='ocrx_word' id='word_1_513' title='bbox 2676 1176 2879 1231; x_wconf 89' lang='lat' dir='ltr'><strong><em>Adami</em></strong></span> <span class='ocrx_word' id='word_1_514' title='bbox 2936 1176 3254 1243; x_wconf 84' lang='lat' dir='ltr'><strong><em>imitantur,</em></strong></span> <span class='ocrx_word' id='word_1_515' title='bbox 3289 1180 3547 1234; x_wconf 87' lang='lat' dir='ltr'><strong><em>ostende-</em></strong></span> 
     </span>
    </p>
   </div>
   <div class='ocr_carea' id='block_1_72' title="bbox 1847 1261 3546 1336">
    <p class='ocr_par' dir='ltr' id='par_1_72' title="bbox 1847 1261 3546 1336">
     <span class='ocr_line' id='line_1_72' title="bbox 1847 1261 3546 1336; baseline 0.005 -24"><span class='ocrx_word' id='word_1_516' title='bbox 1847 1267 1983 1314; x_wconf 87' lang='lat' dir='ltr'><strong><em>runt</em></strong></span> <span class='ocrx_word' id='word_1_517' title='bbox 2015 1262 2233 1316; x_wconf 92' lang='lat' dir='ltr'><strong><em>dudum</em></strong></span> <span class='ocrx_word' id='word_1_518' title='bbox 2257 1261 2363 1314; x_wconf 89' lang='lat' dir='ltr'><strong><em>viri</em></strong></span> <span class='ocrx_word' id='word_1_519' title='bbox 2391 1262 2726 1327; x_wconf 89' lang='lat' dir='ltr'><strong><em>doctissimi,</em></strong></span> <span class='ocrx_word' id='word_1_520' title='bbox 2759 1278 2864 1315; x_wconf 89' lang='lat' dir='ltr'><strong><em>nec</em></strong></span> <span class='ocrx_word' id='word_1_521' title='bbox 2906 1264 3260 1333; x_wconf 88' lang='lat' dir='ltr'><strong><em>Augustinus</em></strong></span> <span class='ocrx_word' id='word_1_522' title='bbox 3291 1282 3546 1336; x_wconf 90' lang='lat' dir='ltr'><strong><em>unquam</em></strong></span> 
     </span>
    </p>
   </div>
   <div class='ocr_carea' id='block_1_73' title="bbox 1847 1349 3540 1420">
    <p class='ocr_par' dir='ltr' id='par_1_73' title="bbox 1847 1349 3540 1420">
     <span class='ocr_line' id='line_1_73' title="bbox 1847 1349 3540 1420; baseline 0.004 -18"><span class='ocrx_word' id='word_1_523' title='bbox 1847 1349 2110 1418; x_wconf 86' lang='lat' dir='ltr'><strong><em>probavit</em></strong></span> <span class='ocrx_word' id='word_1_524' title='bbox 2155 1349 2467 1404; x_wconf 82' lang='lat' dir='ltr'><strong><em>infantibus</em></strong></span> <span class='ocrx_word' id='word_1_525' title='bbox 2522 1349 2872 1420; x_wconf 86' lang='lat' dir='ltr'><strong><em>baptismum</em></strong></span> <span class='ocrx_word' id='word_1_526' title='bbox 2932 1351 3288 1420; x_wconf 67' lang='lat' dir='ltr'><strong><em>praescribis.</em></strong></span> <span class='ocrx_word' id='word_1_527' title='bbox 3318 1353 3540 1408; x_wconf 89' lang='lat' dir='ltr'><strong><em>Christo</em></strong></span> 
     </span>
    </p>
   </div>
   <div class='ocr_carea' id='block_1_74' title="bbox 1848 1437 3546 1508">
    <p class='ocr_par' dir='ltr' id='par_1_74' title="bbox 1848 1437 3546 1508">
     <span class='ocr_line' id='line_1_74' title="bbox 1848 1437 3546 1508; baseline 0.002 -19"><span class='ocrx_word' id='word_1_528' title='bbox 1848 1441 1947 1489; x_wconf 91' lang='lat' dir='ltr'><strong><em>aut</em></strong></span> <span class='ocrx_word' id='word_1_529' title='bbox 1977 1437 2264 1506; x_wconf 89' lang='lat' dir='ltr'><strong><em>apostolis,</em></strong></span> <span class='ocrx_word' id='word_1_530' title='bbox 2300 1454 2371 1490; x_wconf 92' lang='lat' dir='ltr'><strong><em>ne</em></strong></span> <span class='ocrx_word' id='word_1_531' title='bbox 2404 1442 2657 1507; x_wconf 88' lang='lat' dir='ltr'><strong><em>pereant.</em></strong></span> <span class='ocrx_word' id='word_1_532' title='bbox 2718 1437 2842 1490; x_wconf 88' lang='lat' dir='ltr'><strong><em>Alia</em></strong></span> <span class='ocrx_word' id='word_1_533' title='bbox 2871 1453 2989 1490; x_wconf 90' lang='lat' dir='ltr'><strong><em>non</em></strong></span> <span class='ocrx_word' id='word_1_534' title='bbox 3039 1437 3219 1491; x_wconf 89' lang='lat' dir='ltr'><strong><em>dicam</em></strong></span> <span class='ocrx_word' id='word_1_535' title='bbox 3270 1455 3398 1508; x_wconf 64' lang='lat' dir='ltr'><strong><em>quae</em></strong></span> <span class='ocrx_word' id='word_1_536' title='bbox 3443 1440 3546 1494; x_wconf 90' lang='lat' dir='ltr'><strong><em>hac</em></strong></span> 
     </span>
    </p>
   </div>
   <div class='ocr_carea' id='block_1_75' title="bbox 1848 1525 3548 1597">
    <p class='ocr_par' dir='ltr' id='par_1_75' title="bbox 1848 1525 3548 1597">
     <span class='ocr_line' id='line_1_75' title="bbox 1848 1525 3548 1597; baseline 0.002 -19"><span class='ocrx_word' id='word_1_537' title='bbox 1848 1525 1918 1578; x_wconf 91' lang='lat' dir='ltr'><strong><em>de</em></strong></span> <span class='ocrx_word' id='word_1_538' title='bbox 1943 1542 2004 1578; x_wconf 91' lang='lat' dir='ltr'><strong><em>re</em></strong></span> <span class='ocrx_word' id='word_1_539' title='bbox 2035 1525 2184 1580; x_wconf 88' lang='lat' dir='ltr'><strong><em>dicta</em></strong></span> <span class='ocrx_word' id='word_1_540' title='bbox 2213 1531 2346 1580; x_wconf 89' lang='lat' dir='ltr'><strong><em>sunt</em></strong></span> <span class='ocrx_word' id='word_1_541' title='bbox 2396 1543 2430 1580; x_wconf 90' lang='lat' dir='ltr'><strong><em>a</em></strong></span> <span class='ocrx_word' id='word_1_542' title='bbox 2460 1525 2592 1579; x_wconf 90' lang='lat' dir='ltr'><strong><em>viris</em></strong></span> <span class='ocrx_word' id='word_1_543' title='bbox 2645 1525 3071 1591; x_wconf 80' lang='lat' dir='ltr'><strong><em>eruditissimis;</em></strong></span> <span class='ocrx_word' id='word_1_544' title='bbox 3131 1543 3319 1597; x_wconf 91' lang='lat' dir='ltr'><strong><em>neque</em></strong></span> <span class='ocrx_word' id='word_1_545' title='bbox 3393 1528 3548 1582; x_wconf 90' lang='lat' dir='ltr'><strong><em>enim</em></strong></span> 
     </span>
    </p>
   </div>
   <div class='ocr_carea' id='block_1_76' title="bbox 1847 1613 3549 1684">
    <p class='ocr_par' dir='ltr' id='par_1_76' title="bbox 1847 1613 3549 1684">
     <span class='ocr_line' id='line_1_76' title="bbox 1847 1613 3549 1684; baseline 0.002 -18"><span class='ocrx_word' id='word_1_546' title='bbox 1847 1613 2031 1667; x_wconf 88' lang='lat' dir='ltr'><strong><em>scribo</em></strong></span> <span class='ocrx_word' id='word_1_547' title='bbox 2091 1615 2310 1668; x_wconf 88' lang='lat' dir='ltr'><strong><em>scholas</em></strong></span> <span class='ocrx_word' id='word_1_548' title='bbox 2363 1613 2730 1684; x_wconf 88' lang='lat' dir='ltr'><strong><em>theologicas,</em></strong></span> <span class='ocrx_word' id='word_1_549' title='bbox 2781 1614 2877 1667; x_wconf 92' lang='lat' dir='ltr'><strong><em>sed</em></strong></span> <span class='ocrx_word' id='word_1_550' title='bbox 2939 1613 3138 1668; x_wconf 88' lang='lat' dir='ltr'><strong><em>breves</em></strong></span> <span class='ocrx_word' id='word_1_551' title='bbox 3197 1615 3549 1670; x_wconf 89' lang='lat' dir='ltr'><strong><em>animadver-</em></strong></span> 
     </span>
    </p>
   </div>
   <div class='ocr_carea' id='block_1_77' title="bbox 1847 1700 3543 1773">
    <p class='ocr_par' dir='ltr' id='par_1_77' title="bbox 1847 1700 3543 1773">
     <span class='ocr_line' id='line_1_77' title="bbox 1847 1700 3543 1773; baseline 0.001 -18"><span class='ocrx_word' id='word_1_552' title='bbox 1847 1702 2054 1756; x_wconf 88' lang='lat' dir='ltr'><strong><em>siones.</em></strong></span> <span class='ocrx_word' id='word_1_553' title='bbox 2092 1703 2205 1756; x_wconf 87' lang='lat' dir='ltr'><strong><em>Hoc</em></strong></span> <span class='ocrx_word' id='word_1_554' title='bbox 2235 1717 2412 1754; x_wconf 91' lang='lat' dir='ltr'><strong><em>unum</em></strong></span> <span class='ocrx_word' id='word_1_555' title='bbox 2461 1700 2646 1755; x_wconf 89' lang='lat' dir='ltr'><strong><em>dicam</em></strong></span> <span class='ocrx_word' id='word_1_556' title='bbox 2691 1717 2758 1754; x_wconf 90' lang='lat' dir='ltr'><strong><em>eo</em></strong></span> <span class='ocrx_word' id='word_1_557' title='bbox 2807 1701 3187 1755; x_wconf 89' lang='lat' dir='ltr'><strong><em>conﬁdentius</em></strong></span> <span class='ocrx_word' id='word_1_558' title='bbox 3243 1703 3334 1756; x_wconf 91' lang='lat' dir='ltr'><strong><em>hic</em></strong></span> <span class='ocrx_word' id='word_1_559' title='bbox 3383 1703 3543 1773; x_wconf 89' lang='lat' dir='ltr'><strong><em>loqui</em></strong></span> 
     </span>
    </p>
   </div>
   <div class='ocr_carea' id='block_1_78' title="bbox 1842 1789 3546 1863">
    <p class='ocr_par' dir='ltr' id='par_1_78' title="bbox 1842 1789 3546 1863">
     <span class='ocr_line' id='line_1_78' title="bbox 1842 1789 3546 1863; baseline -0.001 -18"><span class='ocrx_word' id='word_1_560' title='bbox 1842 1790 2244 1863; x_wconf 89' lang='lat' dir='ltr'><strong><em>Augustinum,</em></strong></span> <span class='ocrx_word' id='word_1_561' title='bbox 2281 1790 2589 1860; x_wconf 89' lang='lat' dir='ltr'><strong><em>quominus</em></strong></span> <span class='ocrx_word' id='word_1_562' title='bbox 2611 1789 2856 1860; x_wconf 89' lang='lat' dir='ltr'><strong><em>probare</em></strong></span> <span class='ocrx_word' id='word_1_563' title='bbox 2887 1794 3112 1860; x_wconf 89' lang='lat' dir='ltr'><strong><em>poterat</em></strong></span> <span class='ocrx_word' id='word_1_564' title='bbox 3143 1806 3271 1860; x_wconf 74' lang='lat' dir='ltr'><strong><em>quae</em></strong></span> <span class='ocrx_word' id='word_1_565' title='bbox 3303 1790 3396 1844; x_wconf 92' lang='lat' dir='ltr'><strong><em>hic</em></strong></span> <span class='ocrx_word' id='word_1_566' title='bbox 3444 1791 3546 1844; x_wconf 89' lang='lat' dir='ltr'><strong><em>ha-</em></strong></span> 
     </span>
    </p>
   </div>
   <div class='ocr_carea' id='block_1_79' title="bbox 1842 1875 3548 1946">
    <p class='ocr_par' dir='ltr' id='par_1_79' title="bbox 1842 1875 3548 1946">
     <span class='ocr_line' id='line_1_79' title="bbox 1842 1875 3548 1946; baseline -0.002 -14"><span class='ocrx_word' id='word_1_567' title='bbox 1842 1878 1957 1933; x_wconf 88' lang='lat' dir='ltr'><strong><em>bet.</em></strong></span> <span class='ocrx_word' id='word_1_568' title='bbox 1988 1879 2170 1932; x_wconf 88' lang='lat' dir='ltr'><strong><em>Locus</em></strong></span> <span class='ocrx_word' id='word_1_569' title='bbox 2228 1877 2390 1930; x_wconf 90' lang='lat' dir='ltr'><strong><em>Pauli</em></strong></span> <span class='ocrx_word' id='word_1_570' title='bbox 2444 1878 2606 1930; x_wconf 84' lang='lat' dir='ltr'><strong><em>Rom.</em></strong></span> <span class='ocrx_word' id='word_1_571' title='bbox 2664 1892 2698 1929; x_wconf 90' lang='lat' dir='ltr'><strong><em>v</em></strong></span> <span class='ocrx_word' id='word_1_572' title='bbox 2745 1875 3040 1929; x_wconf 89' lang='lat' dir='ltr'><strong><em>obscurior</em></strong></span> <span class='ocrx_word' id='word_1_573' title='bbox 3089 1881 3175 1930; x_wconf 91' lang='lat' dir='ltr'><strong><em>est</em></strong></span> <span class='ocrx_word' id='word_1_574' title='bbox 3204 1892 3379 1946; x_wconf 90' lang='lat' dir='ltr'><strong><em>quam</em></strong></span> <span class='ocrx_word' id='word_1_575' title='bbox 3431 1881 3548 1929; x_wconf 86' lang='lat' dir='ltr'><strong><em>uta</em></strong></span> 
     </span>
    </p>
   </div>
   <div class='ocr_carea' id='block_1_80' title="bbox 1843 1963 3546 2037">
    <p class='ocr_par' dir='ltr' id='par_1_80' title="bbox 1843 1963 3546 2037">
     <span class='ocr_line' id='line_1_80' title="bbox 1843 1963 3546 2037; baseline -0.002 -17"><span class='ocrx_word' id='word_1_576' title='bbox 1843 1971 1959 2020; x_wconf 90' lang='lat' dir='ltr'><strong><em>tam</em></strong></span> <span class='ocrx_word' id='word_1_577' title='bbox 1988 1965 2294 2037; x_wconf 87' lang='lat' dir='ltr'><strong><em>proletario</em></strong></span> <span class='ocrx_word' id='word_1_578' title='bbox 2321 1965 2632 2034; x_wconf 88' lang='lat' dir='ltr'><strong><em>interprete</em></strong></span> <span class='ocrx_word' id='word_1_579' title='bbox 2663 1963 2934 2034; x_wconf 81' lang='lat' dir='ltr'><strong><em>explicari</em></strong></span> <span class='ocrx_word' id='word_1_580' title='bbox 2984 1965 3194 2034; x_wconf 86' lang='lat' dir='ltr'><strong><em>possit;</em></strong></span> <span class='ocrx_word' id='word_1_581' title='bbox 3247 1965 3402 2034; x_wconf 92' lang='lat' dir='ltr'><strong><em>quod</em></strong></span> <span class='ocrx_word' id='word_1_582' title='bbox 3459 1965 3546 2017; x_wconf 91' lang='lat' dir='ltr'><strong><em>vel</em></strong></span> 
     </span>
    </p>
   </div>
   <div class='ocr_carea' id='block_1_81' title="bbox 1847 2051 3029 2124">
    <p class='ocr_par' dir='ltr' id='par_1_81' title="bbox 1847 2051 3029 2124">
     <span class='ocr_line' id='line_1_81' title="bbox 1847 2051 3029 2124; baseline -0.003 -15"><span class='ocrx_word' id='word_1_583' title='bbox 1847 2070 1910 2108; x_wconf 83' lang='lat' dir='ltr'><strong><em>ex</em></strong></span> <span class='ocrx_word' id='word_1_584' title='bbox 1934 2057 2210 2124; x_wconf 89' lang='lat' dir='ltr'><strong><em>sequente</em></strong></span> <span class='ocrx_word' id='word_1_585' title='bbox 2243 2051 2740 2106; x_wconf 84' lang='lat' dir='ltr'><strong><em>animadversione</em></strong></span> <span class='ocrx_word' id='word_1_586' title='bbox 2771 2051 3029 2122; x_wconf 88' lang='lat' dir='ltr'><strong><em>liquebit.</em></strong></span> 
     </span>
    </p>
   </div>
   <div class='ocr_carea' id='block_1_82' title="bbox 1918 2141 3543 2213">
    <p class='ocr_par' dir='ltr' id='par_1_82' title="bbox 1918 2141 3543 2213">
     <span class='ocr_line' id='line_1_82' title="bbox 1918 2141 3543 2213; baseline -0.001 -17"><span class='ocrx_word' id='word_1_587' title='bbox 1918 2143 2168 2213; x_wconf 85' lang='lat' dir='ltr'><strong><em>Epistola</em></strong></span> <span class='ocrx_word' id='word_1_588' title='bbox 2204 2143 2324 2196; x_wconf 75' lang='grc'><strong>164.</strong></span> <span class='ocrx_word' id='word_1_589' title='bbox 2354 2143 2433 2195; x_wconf 88' lang='lat' dir='ltr'><strong><em>Et</em></strong></span> <span class='ocrx_word' id='word_1_590' title='bbox 2463 2142 2751 2194; x_wconf 87' lang='lat' dir='ltr'><strong><em>Dominum</em></strong></span> <span class='ocrx_word' id='word_1_591' title='bbox 2781 2141 2999 2208; x_wconf 86' lang='lat' dir='ltr'><strong><em>quidem</em></strong></span> <span class='ocrx_word' id='word_1_592' title='bbox 3028 2155 3188 2194; x_wconf 92' lang='lat' dir='ltr'><strong><em>carne</em></strong></span> <span class='ocrx_word' id='word_1_593' title='bbox 3241 2142 3543 2209; x_wconf 81' lang='lat' dir='ltr'><strong><em>mortifica-</em></strong></span> 
     </span>
    </p>
   </div>
   <div class='ocr_carea' id='block_1_83' title="bbox 1847 2230 3546 2297">
    <p class='ocr_par' dir='ltr' id='par_1_83' title="bbox 1847 2230 3546 2297">
     <span class='ocr_line' id='line_1_83' title="bbox 1847 2230 3546 2297; baseline -0.001 -12"><span class='ocrx_word' id='word_1_594' title='bbox 1847 2237 1959 2285; x_wconf 90' lang='lat' dir='ltr'><strong><em>tum</em></strong></span> <span class='ocrx_word' id='word_1_595' title='bbox 1987 2234 2192 2285; x_wconf 79' lang='lat' dir='ltr'><strong><em>venisse</em></strong></span> <span class='ocrx_word' id='word_1_596' title='bbox 2219 2232 2276 2283; x_wconf 90' lang='lat' dir='ltr'><strong><em>in</em></strong></span> <span class='ocrx_word' id='word_1_597' title='bbox 2297 2231 2571 2296; x_wconf 84' lang='lat' dir='ltr'><strong><em>infernum</em></strong></span> <span class='ocrx_word' id='word_1_598' title='bbox 2601 2231 2737 2282; x_wconf 89' lang='lat' dir='ltr'><strong><em>satis</em></strong></span> <span class='ocrx_word' id='word_1_599' title='bbox 2767 2233 2994 2283; x_wconf 87' lang='lat' dir='ltr'><strong><em>constat.</em></strong></span> <span class='ocrx_word' id='word_1_600' title='bbox 3037 2230 3220 2297; x_wconf 86' lang='lat' dir='ltr'><strong><em>Neque</em></strong></span> <span class='ocrx_word' id='word_1_601' title='bbox 3249 2231 3391 2282; x_wconf 88' lang='lat' dir='ltr'><strong><em>enim</em></strong></span> <span class='ocrx_word' id='word_1_602' title='bbox 3421 2244 3546 2283; x_wconf 89' lang='lat' dir='ltr'><strong><em>con-</em></strong></span> 
     </span>
    </p>
   </div>
   <div class='ocr_carea' id='block_1_84' title="bbox 1846 2314 3549 2387">
    <p class='ocr_par' dir='ltr' id='par_1_84' title="bbox 1846 2314 3549 2387">
     <span class='ocr_line' id='line_1_84' title="bbox 1846 2314 3549 2387; baseline -0.003 -14"><span class='ocrx_word' id='word_1_603' title='bbox 1846 2319 2048 2373; x_wconf 85' lang='lat' dir='ltr'><strong><em>tradici</em></strong></span> <span class='ocrx_word' id='word_1_604' title='bbox 2076 2323 2270 2387; x_wconf 89' lang='lat' dir='ltr'><strong><em>potest,</em></strong></span> <span class='ocrx_word' id='word_1_605' title='bbox 2315 2318 2398 2370; x_wconf 86' lang='lat' dir='ltr'><strong><em>vel</em></strong></span> <span class='ocrx_word' id='word_1_606' title='bbox 2422 2318 2720 2386; x_wconf 70' lang='lat' dir='ltr'><strong><em>prophetiae</em></strong></span> <span class='ocrx_word' id='word_1_607' title='bbox 2752 2331 2871 2385; x_wconf 75' lang='lat' dir='ltr'><strong><em>quae</em></strong></span> <span class='ocrx_word' id='word_1_608' title='bbox 2905 2315 3054 2369; x_wconf 67' lang='lat' dir='ltr'><strong><em>ducit</em></strong></span> <span class='ocrx_word' id='word_1_609' title='bbox 3087 2332 3098 2369; x_wconf 93' lang='lat'>:</span> <span class='ocrx_word' id='word_1_610' title='bbox 3128 2314 3403 2386; x_wconf 88' lang='lat' dir='ltr'><strong><em>quoniam</em></strong></span> <span class='ocrx_word' id='word_1_611' title='bbox 3432 2331 3549 2368; x_wconf 92' lang='lat' dir='ltr'><strong><em>non</em></strong></span> 
     </span>
    </p>
   </div>
   <div class='ocr_carea' id='block_1_85' title="bbox 1847 2402 3550 2476">
    <p class='ocr_par' dir='ltr' id='par_1_85' title="bbox 1847 2402 3550 2476">
     <span class='ocr_line' id='line_1_85' title="bbox 1847 2402 3550 2476; baseline -0.003 -15"><span class='ocrx_word' id='word_1_612' title='bbox 1847 2406 2212 2476; x_wconf 75' lang='lat' dir='ltr'><strong><em>derelinquas</em></strong></span> <span class='ocrx_word' id='word_1_613' title='bbox 2233 2405 2485 2458; x_wconf 87' lang='lat' dir='ltr'><strong><em>animam</em></strong></span> <span class='ocrx_word' id='word_1_614' title='bbox 2517 2420 2705 2457; x_wconf 90' lang='lat' dir='ltr'><strong><em>meam</em></strong></span> <span class='ocrx_word' id='word_1_615' title='bbox 2736 2402 2798 2456; x_wconf 91' lang='lat' dir='ltr'><strong><em>in</em></strong></span> <span class='ocrx_word' id='word_1_616' title='bbox 2826 2403 3084 2469; x_wconf 83' lang='lat' dir='ltr'><strong><em>inferno;</em></strong></span> <span class='ocrx_word' id='word_1_617' title='bbox 3119 2403 3263 2470; x_wconf 87' lang='lat' dir='ltr'><strong><em>quod</em></strong></span> <span class='ocrx_word' id='word_1_618' title='bbox 3294 2418 3360 2456; x_wconf 87' lang='lat' dir='ltr'><strong><em>ne</em></strong></span> <span class='ocrx_word' id='word_1_619' title='bbox 3390 2404 3550 2456; x_wconf 88' lang='lat' dir='ltr'><strong><em>aliter</em></strong></span> 
     </span>
    </p>
   </div>
   <div class='ocr_carea' id='block_1_86' title="bbox 1848 2491 3546 2562">
    <p class='ocr_par' dir='ltr' id='par_1_86' title="bbox 1848 2491 3546 2562">
     <span class='ocr_line' id='line_1_86' title="bbox 1848 2491 3546 2562; baseline -0.001 -16"><span class='ocrx_word' id='word_1_620' title='bbox 1848 2497 2138 2562; x_wconf 87' lang='lat' dir='ltr'><strong><em>quisquam</em></strong></span> <span class='ocrx_word' id='word_1_621' title='bbox 2165 2508 2352 2561; x_wconf 83' lang='lat' dir='ltr'><strong><em>sapere</em></strong></span> <span class='ocrx_word' id='word_1_622' title='bbox 2376 2492 2616 2558; x_wconf 75' lang='lat' dir='ltr'><strong><em>auderet,</em></strong></span> <span class='ocrx_word' id='word_1_623' title='bbox 2653 2495 2710 2544; x_wconf 83' lang='lat' dir='ltr'><strong><em>in</em></strong></span> <span class='ocrx_word' id='word_1_624' title='bbox 2758 2491 2984 2544; x_wconf 83' lang='lat' dir='ltr'><strong><em>Actibus</em></strong></span> <span class='ocrx_word' id='word_1_625' title='bbox 3015 2491 3378 2558; x_wconf 87' lang='lat' dir='ltr'><strong><em>apostolorum</em></strong></span> <span class='ocrx_word' id='word_1_626' title='bbox 3407 2491 3546 2544; x_wconf 87' lang='lat' dir='ltr'><strong><em>idem</em></strong></span> 
     </span>
    </p>
   </div>
   <div class='ocr_carea' id='block_1_87' title="bbox 1847 2577 3547 2649">
    <p class='ocr_par' dir='ltr' id='par_1_87' title="bbox 1847 2577 3547 2649">
     <span class='ocr_line' id='line_1_87' title="bbox 1847 2577 3547 2649; baseline -0.004 -13"><span class='ocrx_word' id='word_1_627' title='bbox 1847 2585 2036 2636; x_wconf 89' lang='lat' dir='ltr'><strong><em>Petrus</em></strong></span> <span class='ocrx_word' id='word_1_628' title='bbox 2061 2583 2322 2649; x_wconf 71' lang='lat' dir='ltr'><strong><em>emponit;</em></strong></span> <span class='ocrx_word' id='word_1_629' title='bbox 2357 2582 2437 2633; x_wconf 84' lang='lat' dir='ltr'><strong><em>vel</em></strong></span> <span class='ocrx_word' id='word_1_630' title='bbox 2485 2578 2725 2646; x_wconf 78' lang='lat' dir='ltr'><strong><em>eiusdem</em></strong></span> <span class='ocrx_word' id='word_1_631' title='bbox 2779 2579 2926 2631; x_wconf 88' lang='lat' dir='ltr'><strong><em>Petri</em></strong></span> <span class='ocrx_word' id='word_1_632' title='bbox 2975 2579 3084 2630; x_wconf 82' lang='lat' dir='ltr'><strong><em>illis</em></strong></span> <span class='ocrx_word' id='word_1_633' title='bbox 3135 2577 3314 2630; x_wconf 81' lang='lat' dir='ltr'><strong><em>verbis</em></strong></span> <span class='ocrx_word' id='word_1_634' title='bbox 3355 2577 3547 2645; x_wconf 89' lang='lat' dir='ltr'><strong><em>quibus</em></strong></span> 
     </span>
    </p>
   </div>
   <div class='ocr_carea' id='block_1_88' title="bbox 1849 2661 3547 2733">
    <p class='ocr_par' dir='ltr' id='par_1_88' title="bbox 1849 2661 3547 2733">
     <span class='ocr_line' id='line_1_88' title="bbox 1849 2661 3547 2733; baseline -0.004 -12"><span class='ocrx_word' id='word_1_635' title='bbox 1849 2683 1968 2721; x_wconf 87' lang='lat' dir='ltr'><strong><em>eum</em></strong></span> <span class='ocrx_word' id='word_1_636' title='bbox 1995 2669 2208 2733; x_wconf 86' lang='lat' dir='ltr'><strong><em>asserit,</em></strong></span> <span class='ocrx_word' id='word_1_637' title='bbox 2257 2665 2488 2720; x_wconf 86' lang='lat' dir='ltr'><strong><em>solvisse</em></strong></span> <span class='ocrx_word' id='word_1_638' title='bbox 2529 2664 2735 2718; x_wconf 83' lang='lat' dir='ltr'><strong><em>inferni</em></strong></span> <span class='ocrx_word' id='word_1_639' title='bbox 2779 2664 3027 2730; x_wconf 89' lang='lat' dir='ltr'><strong><em>dolores,</em></strong></span> <span class='ocrx_word' id='word_1_640' title='bbox 3065 2662 3125 2716; x_wconf 88' lang='lat' dir='ltr'><strong><em>in</em></strong></span> <span class='ocrx_word' id='word_1_641' title='bbox 3181 2663 3390 2732; x_wconf 89' lang='lat' dir='ltr'><strong><em>quibus</em></strong></span> <span class='ocrx_word' id='word_1_642' title='bbox 3441 2661 3547 2715; x_wconf 89' lang='lat' dir='ltr'><strong><em>im-</em></strong></span> 
     </span>
    </p>
   </div>
   <div class='ocr_carea' id='block_1_89' title="bbox 1850 2750 3545 2826">
    <p class='ocr_par' dir='ltr' id='par_1_89' title="bbox 1850 2750 3545 2826">
     <span class='ocr_line' id='line_1_89' title="bbox 1850 2750 3545 2826; baseline -0.004 -16"><span class='ocrx_word' id='word_1_643' title='bbox 1850 2755 2120 2826; x_wconf 88' lang='lat' dir='ltr'><strong><em>possibile</em></strong></span> <span class='ocrx_word' id='word_1_644' title='bbox 2147 2759 2269 2808; x_wconf 84' lang='lat' dir='ltr'><strong><em>erat</em></strong></span> <span class='ocrx_word' id='word_1_645' title='bbox 2320 2769 2452 2807; x_wconf 88' lang='lat' dir='ltr'><strong><em>eum</em></strong></span> <span class='ocrx_word' id='word_1_646' title='bbox 2506 2752 2710 2806; x_wconf 86' lang='lat' dir='ltr'><strong><em>teneri.</em></strong></span> <span class='ocrx_word' id='word_1_647' title='bbox 2747 2753 2882 2816; x_wconf 86' lang='lat' dir='ltr'><strong><em>Quis</em></strong></span> <span class='ocrx_word' id='word_1_648' title='bbox 2927 2766 3073 2817; x_wconf 85' lang='lat' dir='ltr'><strong><em>ergo,</em></strong></span> <span class='ocrx_word' id='word_1_649' title='bbox 3131 2753 3242 2804; x_wconf 87' lang='lat' dir='ltr'><strong><em>nisi</em></strong></span> <span class='ocrx_word' id='word_1_650' title='bbox 3289 2750 3545 2817; x_wconf 82' lang='lat' dir='ltr'><strong><em>inﬁdelis,</em></strong></span> 
     </span>
    </p>
   </div>
   <div class='ocr_carea' id='block_1_90' title="bbox 1851 2836 3546 2912">
    <p class='ocr_par' dir='ltr' id='par_1_90' title="bbox 1851 2836 3546 2912">
     <span class='ocr_line' id='line_1_90' title="bbox 1851 2836 3546 2912; baseline -0.006 -13"><span class='ocrx_word' id='word_1_651' title='bbox 1851 2845 2125 2912; x_wconf 79' lang='lat' dir='ltr'><strong><em>negaverit</em></strong></span> <span class='ocrx_word' id='word_1_652' title='bbox 2153 2844 2326 2908; x_wconf 84' lang='lat' dir='ltr'><strong><em>fuisse</em></strong></span> <span class='ocrx_word' id='word_1_653' title='bbox 2351 2841 2501 2910; x_wconf 83' lang='lat' dir='ltr'><strong><em>apud</em></strong></span> <span class='ocrx_word' id='word_1_654' title='bbox 2533 2843 2735 2906; x_wconf 83' lang='lat' dir='ltr'><strong><em>inferos</em></strong></span> <span class='ocrx_word' id='word_1_655' title='bbox 2757 2841 3030 2895; x_wconf 82' lang='lat' dir='ltr'><strong><em>Christum</em></strong></span> <span class='ocrx_word' id='word_1_656' title='bbox 3045 2839 3092 2906; x_wconf 62' lang='grc' dir='ltr'><strong>ἠ</strong></span> <span class='ocrx_word' id='word_1_657' title='bbox 3147 2838 3245 2890; x_wconf 86' lang='lat' dir='ltr'><strong><em>Vel</em></strong></span> <span class='ocrx_word' id='word_1_658' title='bbox 3289 2836 3422 2890; x_wconf 92' lang='lat' dir='ltr'><strong><em>hinc</em></strong></span> <span class='ocrx_word' id='word_1_659' title='bbox 3460 2836 3546 2890; x_wconf 89' lang='lat' dir='ltr'><strong><em>in-</em></strong></span> 
     </span>
    </p>
   </div>
   <div class='ocr_carea' id='block_1_91' title="bbox 1772 2924 3548 3002">
    <p class='ocr_par' dir='ltr' id='par_1_91' title="bbox 1772 2924 3548 3002">
     <span class='ocr_line' id='line_1_91' title="bbox 1772 2924 3548 3002; baseline -0.005 -16"><span class='ocrx_word' id='word_1_660' title='bbox 1772 2945 1812 3000; x_wconf 81' lang='lat' dir='ltr'>c</span> <span class='ocrx_word' id='word_1_661' title='bbox 1853 2932 2107 3002; x_wconf 87' lang='lat' dir='ltr'><strong><em>telligere</em></strong></span> <span class='ocrx_word' id='word_1_662' title='bbox 2130 2929 2262 2982; x_wconf 90' lang='lat' dir='ltr'><strong><em>licet</em></strong></span> <span class='ocrx_word' id='word_1_663' title='bbox 2289 2943 2463 2998; x_wconf 90' lang='lat' dir='ltr'><strong><em>quam</em></strong></span> <span class='ocrx_word' id='word_1_664' title='bbox 2491 2927 2878 2998; x_wconf 90' lang='lat' dir='ltr'><strong><em>periculosum</em></strong></span> <span class='ocrx_word' id='word_1_665' title='bbox 2907 2925 2980 2978; x_wconf 86' lang='lat' dir='ltr'><strong><em>sit</em></strong></span> <span class='ocrx_word' id='word_1_666' title='bbox 3009 2924 3358 2994; x_wconf 90' lang='lat' dir='ltr'><strong><em>Scripturam</em></strong></span> <span class='ocrx_word' id='word_1_667' title='bbox 3407 2924 3548 2978; x_wconf 88' lang='lat' dir='ltr'><strong><em>velle</em></strong></span> 
     </span>
    </p>
   </div>
   <div class='ocr_carea' id='block_1_92' title="bbox 1853 3010 3544 3088">
    <p class='ocr_par' dir='ltr' id='par_1_92' title="bbox 1853 3010 3544 3088">
     <span class='ocr_line' id='line_1_92' title="bbox 1853 3010 3544 3088; baseline -0.006 -15"><span class='ocrx_word' id='word_1_668' title='bbox 1853 3015 2239 3088; x_wconf 87' lang='lat' dir='ltr'><strong><em>interpretari,</em></strong></span> <span class='ocrx_word' id='word_1_669' title='bbox 2268 3015 2315 3068; x_wconf 91' lang='lat' dir='ltr'><strong><em>si</em></strong></span> <span class='ocrx_word' id='word_1_670' title='bbox 2363 3013 2695 3068; x_wconf 86' lang='lat' dir='ltr'><strong><em>necessariis</em></strong></span> <span class='ocrx_word' id='word_1_671' title='bbox 2753 3011 3018 3066; x_wconf 87' lang='lat' dir='ltr'><strong><em>subsidiis</em></strong></span> <span class='ocrx_word' id='word_1_672' title='bbox 3069 3010 3373 3064; x_wconf 89' lang='lat' dir='ltr'><strong><em>destitutus</em></strong></span> <span class='ocrx_word' id='word_1_673' title='bbox 3432 3010 3544 3076; x_wconf 89' lang='lat' dir='ltr'><strong><em>sis;</em></strong></span> 
     </span>
    </p>
   </div>
   <div class='ocr_carea' id='block_1_93' title="bbox 1852 3098 3549 3178">
    <p class='ocr_par' dir='ltr' id='par_1_93' title="bbox 1852 3098 3549 3178">
     <span class='ocr_line' id='line_1_93' title="bbox 1852 3098 3549 3178; baseline -0.005 -17"><span class='ocrx_word' id='word_1_674' title='bbox 1852 3107 2106 3178; x_wconf 90' lang='lat' dir='ltr'><strong><em>primum</em></strong></span> <span class='ocrx_word' id='word_1_675' title='bbox 2132 3103 2286 3158; x_wconf 90' lang='lat' dir='ltr'><strong><em>enim</em></strong></span> <span class='ocrx_word' id='word_1_676' title='bbox 2325 3102 2386 3156; x_wconf 90' lang='lat' dir='ltr'><strong><em>in</em></strong></span> <span class='ocrx_word' id='word_1_677' title='bbox 2417 3120 2483 3156; x_wconf 86' lang='lat' dir='ltr'><strong><em>ea</em></strong></span> <span class='ocrx_word' id='word_1_678' title='bbox 2514 3100 2805 3155; x_wconf 87' lang='lat' dir='ltr'><strong><em>invenitur</em></strong></span> <span class='ocrx_word' id='word_1_679' title='bbox 2843 3101 2994 3170; x_wconf 89' lang='lat' dir='ltr'><strong><em>quod</em></strong></span> <span class='ocrx_word' id='word_1_680' title='bbox 3028 3115 3145 3153; x_wconf 92' lang='lat' dir='ltr'><strong><em>non</em></strong></span> <span class='ocrx_word' id='word_1_681' title='bbox 3191 3103 3290 3159; x_wconf 84' lang='lat' dir='ltr'><strong><em>est,</em></strong></span> <span class='ocrx_word' id='word_1_682' title='bbox 3344 3098 3549 3153; x_wconf 90' lang='lat' dir='ltr'><strong><em>deinde</em></strong></span> 
     </span>
    </p>
   </div>
   <div class='ocr_carea' id='block_1_94' title="bbox 1853 3185 3547 3260">
    <p class='ocr_par' dir='ltr' id='par_1_94' title="bbox 1853 3185 3547 3260">
     <span class='ocr_line' id='line_1_94' title="bbox 1853 3185 3547 3260; baseline -0.006 -11"><span class='ocrx_word' id='word_1_683' title='bbox 1853 3194 2052 3249; x_wconf 90' lang='lat' dir='ltr'><strong><em>acerbe</em></strong></span> <span class='ocrx_word' id='word_1_684' title='bbox 2085 3193 2432 3246; x_wconf 88' lang='lat' dir='ltr'><strong><em>damnantur</em></strong></span> <span class='ocrx_word' id='word_1_685' title='bbox 2459 3189 2559 3260; x_wconf 88' lang='lat' dir='ltr'><strong><em>qui</em></strong></span> <span class='ocrx_word' id='word_1_686' title='bbox 2589 3204 2717 3242; x_wconf 90' lang='lat' dir='ltr'><strong><em>eam</em></strong></span> <span class='ocrx_word' id='word_1_687' title='bbox 2749 3186 2954 3240; x_wconf 89' lang='lat' dir='ltr'><strong><em>melius</em></strong></span> <span class='ocrx_word' id='word_1_688' title='bbox 2997 3185 3346 3257; x_wconf 88' lang='lat' dir='ltr'><strong><em>intelligunt.</em></strong></span> <span class='ocrx_word' id='word_1_689' title='bbox 3389 3187 3547 3240; x_wconf 87' lang='lat' dir='ltr'><strong><em>Post-</em></strong></span> 
     </span>
    </p>
   </div>
   <div class='ocr_carea' id='block_1_95' title="bbox 1853 3271 3549 3354">
    <p class='ocr_par' dir='ltr' id='par_1_95' title="bbox 1853 3271 3549 3354">
     <span class='ocr_line' id='line_1_95' title="bbox 1853 3271 3549 3354; baseline -0.007 -17"><span class='ocrx_word' id='word_1_690' title='bbox 1853 3299 2027 3354; x_wconf 87' lang='lat' dir='ltr'><strong><em>quam</em></strong></span> <span class='ocrx_word' id='word_1_691' title='bbox 2075 3281 2230 3334; x_wconf 91' lang='lat' dir='ltr'><strong><em>enim</em></strong></span> <span class='ocrx_word' id='word_1_692' title='bbox 2269 3285 2486 3333; x_wconf 87' lang='lat' dir='ltr'><strong><em>temere</em></strong></span> <span class='ocrx_word' id='word_1_693' title='bbox 2527 3275 2817 3347; x_wconf 88' lang='lat' dir='ltr'><strong><em>quispiam</em></strong></span> <span class='ocrx_word' id='word_1_694' title='bbox 2853 3273 3095 3328; x_wconf 90' lang='lat' dir='ltr'><strong><em>credidit</em></strong></span> <span class='ocrx_word' id='word_1_695' title='bbox 3142 3272 3201 3326; x_wconf 92' lang='lat' dir='ltr'><strong><em>id</em></strong></span> <span class='ocrx_word' id='word_1_696' title='bbox 3254 3271 3549 3344; x_wconf 88' lang='lat' dir='ltr'><strong><em>perspicue</em></strong></span> 
     </span>
    </p>
   </div>
   <div class='ocr_carea' id='block_1_96' title="bbox 1853 3361 3550 3437">
    <p class='ocr_par' dir='ltr' id='par_1_96' title="bbox 1853 3361 3550 3437">
     <span class='ocr_line' id='line_1_96' title="bbox 1853 3361 3550 3437; baseline -0.006 -12"><span class='ocrx_word' id='word_1_697' title='bbox 1853 3387 1972 3426; x_wconf 87' lang='lat' dir='ltr'><strong><em>esse</em></strong></span> <span class='ocrx_word' id='word_1_698' title='bbox 2003 3371 2063 3423; x_wconf 93' lang='lat' dir='ltr'><strong><em>in</em></strong></span> <span class='ocrx_word' id='word_1_699' title='bbox 2084 3367 2375 3437; x_wconf 87' lang='lat' dir='ltr'><strong><em>Scriptura</em></strong></span> <span class='ocrx_word' id='word_1_700' title='bbox 2418 3364 2571 3436; x_wconf 91' lang='lat' dir='ltr'><strong><em>quod</em></strong></span> <span class='ocrx_word' id='word_1_701' title='bbox 2617 3380 2735 3417; x_wconf 93' lang='lat' dir='ltr'><strong><em>non</em></strong></span> <span class='ocrx_word' id='word_1_702' title='bbox 2785 3367 2887 3427; x_wconf 91' lang='lat' dir='ltr'><strong><em>est,</em></strong></span> <span class='ocrx_word' id='word_1_703' title='bbox 2946 3361 3112 3416; x_wconf 81' lang='lat' dir='ltr'><strong><em>facile</em></strong></span> <span class='ocrx_word' id='word_1_704' title='bbox 3162 3361 3397 3416; x_wconf 87' lang='lat' dir='ltr'><strong><em>damnat</em></strong></span> <span class='ocrx_word' id='word_1_705' title='bbox 3455 3377 3550 3415; x_wconf 87' lang='lat' dir='ltr'><strong><em>eos</em></strong></span> 
     </span>
    </p>
   </div>
   <div class='ocr_carea' id='block_1_97' title="bbox 1852 3447 3551 3529">
    <p class='ocr_par' dir='ltr' id='par_1_97' title="bbox 1852 3447 3551 3529">
     <span class='ocr_line' id='line_1_97' title="bbox 1852 3447 3551 3529; baseline -0.006 -17"><span class='ocrx_word' id='word_1_706' title='bbox 1852 3459 1952 3529; x_wconf 88' lang='lat' dir='ltr'><strong><em>qui</em></strong></span> <span class='ocrx_word' id='word_1_707' title='bbox 1981 3474 2096 3512; x_wconf 92' lang='lat' dir='ltr'><strong><em>non</em></strong></span> <span class='ocrx_word' id='word_1_708' title='bbox 2131 3472 2251 3510; x_wconf 90' lang='lat' dir='ltr'><strong><em>esse</em></strong></span> <span class='ocrx_word' id='word_1_709' title='bbox 2307 3459 2532 3525; x_wconf 86' lang='lat' dir='ltr'><strong><em>putant.</em></strong></span> <span class='ocrx_word' id='word_1_710' title='bbox 2571 3452 2660 3506; x_wconf 90' lang='lat' dir='ltr'><strong><em>Sic</em></strong></span> <span class='ocrx_word' id='word_1_711' title='bbox 2689 3450 3040 3521; x_wconf 90' lang='lat' dir='ltr'><strong><em>Augustinus</em></strong></span> <span class='ocrx_word' id='word_1_712' title='bbox 3070 3467 3128 3502; x_wconf 91' lang='lat' dir='ltr'><strong><em>se</em></strong></span> <span class='ocrx_word' id='word_1_713' title='bbox 3155 3447 3330 3519; x_wconf 89' lang='lat' dir='ltr'><strong><em>gessit</em></strong></span> <span class='ocrx_word' id='word_1_714' title='bbox 3357 3449 3463 3503; x_wconf 91' lang='lat' dir='ltr'><strong><em>hoc</em></strong></span> <span class='ocrx_word' id='word_1_715' title='bbox 3491 3449 3551 3503; x_wconf 91' lang='lat' dir='ltr'><strong><em>in</em></strong></span> 
     </span>
    </p>
   </div>
   <div class='ocr_carea' id='block_1_98' title="bbox 1852 3536 3550 3599">
    <p class='ocr_par' dir='ltr' id='par_1_98' title="bbox 1852 3536 3550 3599">
     <span class='ocr_line' id='line_1_98' title="bbox 1852 3536 3550 3599; baseline -0.006 0"><span class='ocrx_word' id='word_1_716' title='bbox 1852 3547 1992 3599; x_wconf 92' lang='lat' dir='ltr'><strong><em>loco.</em></strong></span> <span class='ocrx_word' id='word_1_717' title='bbox 2052 3545 2194 3599; x_wconf 91' lang='lat' dir='ltr'><strong><em>Cum</em></strong></span> <span class='ocrx_word' id='word_1_718' title='bbox 2251 3542 2404 3596; x_wconf 90' lang='lat' dir='ltr'><strong><em>enim</em></strong></span> <span class='ocrx_word' id='word_1_719' title='bbox 2467 3541 2528 3594; x_wconf 91' lang='lat' dir='ltr'><strong><em>in</em></strong></span> <span class='ocrx_word' id='word_1_720' title='bbox 2575 3554 2838 3593; x_wconf 90' lang='lat' dir='ltr'><strong><em>sermone</em></strong></span> <span class='ocrx_word' id='word_1_721' title='bbox 2893 3536 3346 3592; x_wconf 89' lang='lat' dir='ltr'><strong><em>Christianorum</em></strong></span> <span class='ocrx_word' id='word_1_722' title='bbox 3399 3536 3550 3590; x_wconf 88' lang='lat' dir='ltr'><strong><em>illius</em></strong></span> 
     </span>
    </p>
   </div>
   <div class='ocr_carea' id='block_1_99' title="bbox 1853 3624 3554 3700">
    <p class='ocr_par' dir='ltr' id='par_1_99' title="bbox 1853 3624 3554 3700">
     <span class='ocr_line' id='line_1_99' title="bbox 1853 3624 3554 3700; baseline -0.005 -13"><span class='ocrx_word' id='word_1_723' title='bbox 1853 3633 1958 3687; x_wconf 64' lang='lat' dir='ltr'><strong><em>aevi</em></strong></span> <span class='ocrx_word' id='word_1_724' title='bbox 1989 3631 2183 3687; x_wconf 88' lang='lat' dir='ltr'><strong><em>Latine</em></strong></span> <span class='ocrx_word' id='word_1_725' title='bbox 2222 3628 2585 3700; x_wconf 88' lang='lat' dir='ltr'><strong><em>loquentium</em></strong></span> <span class='ocrx_word' id='word_1_726' title='bbox 2620 3629 2900 3692; x_wconf 80' lang='lat' dir='ltr'><strong><em>infernum</em></strong></span> <span class='ocrx_word' id='word_1_727' title='bbox 2929 3629 2978 3678; x_wconf 88' lang='lat' dir='ltr'><strong><em>et</em></strong></span> <span class='ocrx_word' id='word_1_728' title='bbox 3006 3627 3176 3691; x_wconf 79' lang='lat' dir='ltr'><strong><em>inferi</em></strong></span> <span class='ocrx_word' id='word_1_729' title='bbox 3206 3624 3554 3695; x_wconf 89' lang='lat' dir='ltr'><strong><em>signiﬁcaret</em></strong></span> 
     </span>
    </p>
   </div>
   <div class='ocr_carea' id='block_1_100' title="bbox 1853 3712 3552 3790">
    <p class='ocr_par' dir='ltr' id='par_1_100' title="bbox 1853 3712 3552 3790">
     <span class='ocr_line' id='line_1_100' title="bbox 1853 3712 3552 3790; baseline -0.007 -14"><span class='ocrx_word' id='word_1_730' title='bbox 1853 3722 2044 3776; x_wconf 89' lang='lat' dir='ltr'><strong><em>locum</em></strong></span> <span class='ocrx_word' id='word_1_731' title='bbox 2069 3721 2130 3774; x_wconf 93' lang='lat' dir='ltr'><strong><em>in</em></strong></span> <span class='ocrx_word' id='word_1_732' title='bbox 2159 3734 2273 3790; x_wconf 90' lang='lat' dir='ltr'><strong><em>quo</em></strong></span> <span class='ocrx_word' id='word_1_733' title='bbox 2296 3719 2699 3772; x_wconf 88' lang='lat' dir='ltr'><strong><em>damnatorum</em></strong></span> <span class='ocrx_word' id='word_1_734' title='bbox 2737 3712 3059 3766; x_wconf 90' lang='lat' dir='ltr'><strong><em>-hominum</em></strong></span> <span class='ocrx_word' id='word_1_735' title='bbox 3114 3712 3295 3765; x_wconf 92' lang='lat' dir='ltr'><strong><em>animi</em></strong></span> <span class='ocrx_word' id='word_1_736' title='bbox 3352 3728 3552 3781; x_wconf 64' lang='lat' dir='ltr'><strong><em>plenas</em></strong></span> 
     </span>
    </p>
   </div>
   <div class='ocr_carea' id='block_1_101' title="bbox 1853 3799 3552 3879">
    <p class='ocr_par' dir='ltr' id='par_1_101' title="bbox 1853 3799 3552 3879">
     <span class='ocr_line' id='line_1_101' title="bbox 1853 3799 3552 3879; baseline -0.006 -15"><span class='ocrx_word' id='word_1_737' title='bbox 1853 3811 2020 3876; x_wconf 85' lang='lat' dir='ltr'><strong><em>dant;</em></strong></span> <span class='ocrx_word' id='word_1_738' title='bbox 2069 3807 2204 3879; x_wconf 90' lang='lat' dir='ltr'><strong><em>quia</em></strong></span> <span class='ocrx_word' id='word_1_739' title='bbox 2235 3804 2451 3859; x_wconf 83' lang='lat' dir='ltr'><strong><em>invenit</em></strong></span> <span class='ocrx_word' id='word_1_740' title='bbox 2493 3804 2712 3872; x_wconf 88' lang='lat' dir='ltr'><strong><em>psalmo</em></strong></span> <span class='ocrx_word' id='word_1_741' title='bbox 2757 3817 2848 3866; x_wconf 84' lang='lat' dir='ltr'><strong><em>xv,</em></strong></span> <span class='ocrx_word' id='word_1_742' title='bbox 2907 3801 2991 3865; x_wconf 86' lang='lat' dir='ltr'><strong><em>l0,</em></strong></span> <span class='ocrx_word' id='word_1_743' title='bbox 3042 3801 3160 3854; x_wconf 84' lang='lat' dir='ltr'><strong><em>Non</em></strong></span> <span class='ocrx_word' id='word_1_744' title='bbox 3216 3799 3552 3868; x_wconf 83' lang='lat' dir='ltr'><strong><em>derelinques</em></strong></span> 
     </span>
    </p>
   </div>
   <div class='ocr_carea' id='block_1_102' title="bbox 1854 3886 3550 3958">
    <p class='ocr_par' dir='ltr' id='par_1_102' title="bbox 1854 3886 3550 3958">
     <span class='ocr_line' id='line_1_102' title="bbox 1854 3886 3550 3958; baseline -0.006 -7"><span class='ocrx_word' id='word_1_745' title='bbox 1854 3899 2093 3952; x_wconf 85' lang='lat' dir='ltr'><strong><em>animum</em></strong></span> <span class='ocrx_word' id='word_1_746' title='bbox 2130 3910 2301 3948; x_wconf 89' lang='lat' dir='ltr'><strong><em>meam</em></strong></span> <span class='ocrx_word' id='word_1_747' title='bbox 2342 3895 2400 3946; x_wconf 87' lang='lat' dir='ltr'><strong><em>in</em></strong></span> <span class='ocrx_word' id='word_1_748' title='bbox 2439 3894 2672 3956; x_wconf 80' lang='lat' dir='ltr'><strong><em>inferno,</em></strong></span> <span class='ocrx_word' id='word_1_749' title='bbox 2720 3888 2820 3958; x_wconf 91' lang='lat' dir='ltr'><strong><em>qui</em></strong></span> <span class='ocrx_word' id='word_1_750' title='bbox 2849 3888 3005 3941; x_wconf 91' lang='lat' dir='ltr'><strong><em>locus</em></strong></span> <span class='ocrx_word' id='word_1_751' title='bbox 3043 3886 3267 3943; x_wconf 88' lang='lat' dir='ltr'><strong><em>Christo</em></strong></span> <span class='ocrx_word' id='word_1_752' title='bbox 3295 3904 3327 3940; x_wconf 89' lang='lat' dir='ltr'><strong><em>a</em></strong></span> <span class='ocrx_word' id='word_1_753' title='bbox 3388 3888 3550 3940; x_wconf 87' lang='lat' dir='ltr'><strong><em>Petro</em></strong></span> 
     </span>
    </p>
   </div>
   <div class='ocr_carea' id='block_1_103' title="bbox 1855 3974 3554 4056">
    <p class='ocr_par' dir='ltr' id='par_1_103' title="bbox 1855 3974 3554 4056">
     <span class='ocr_line' id='line_1_103' title="bbox 1855 3974 3554 4056; baseline -0.006 -17"><span class='ocrx_word' id='word_1_754' title='bbox 1855 3989 2102 4056; x_wconf 87' lang='lat' dir='ltr'><strong><em>aptatur,</em></strong></span> <span class='ocrx_word' id='word_1_755' title='bbox 2162 3982 2435 4036; x_wconf 88' lang='lat' dir='ltr'><strong><em>continuo</em></strong></span> <span class='ocrx_word' id='word_1_756' title='bbox 2493 3976 2839 4031; x_wconf 84' lang='lat' dir='ltr'><strong><em>existimavit</em></strong></span> <span class='ocrx_word' id='word_1_757' title='bbox 2893 3975 3017 4045; x_wconf 89' lang='lat' dir='ltr'><strong><em>(nec</em></strong></span> <span class='ocrx_word' id='word_1_758' title='bbox 3068 3975 3242 4038; x_wconf 90' lang='lat' dir='ltr'><strong><em>solus,</em></strong></span> <span class='ocrx_word' id='word_1_759' title='bbox 3294 3990 3364 4028; x_wconf 91' lang='lat' dir='ltr'><strong><em>ne</em></strong></span> <span class='ocrx_word' id='word_1_760' title='bbox 3416 3974 3554 4044; x_wconf 90' lang='lat' dir='ltr'><strong><em>quid</em></strong></span> 
     </span>
    </p>
   </div>
   <div class='ocr_carea' id='block_1_104' title="bbox 1856 4061 3556 4136">
    <p class='ocr_par' dir='ltr' id='par_1_104' title="bbox 1856 4061 3556 4136">
     <span class='ocr_line' id='line_1_104' title="bbox 1856 4061 3556 4136; baseline -0.008 -9"><span class='ocrx_word' id='word_1_761' title='bbox 1856 4071 2234 4136; x_wconf 85' lang='lat' dir='ltr'><strong><em>dissimulem,</em></strong></span> <span class='ocrx_word' id='word_1_762' title='bbox 2285 4068 2381 4122; x_wconf 92' lang='lat' dir='ltr'><strong><em>sed</em></strong></span> <span class='ocrx_word' id='word_1_763' title='bbox 2432 4083 2545 4119; x_wconf 89' lang='lat' dir='ltr'><strong><em>una</em></strong></span> <span class='ocrx_word' id='word_1_764' title='bbox 2592 4079 2722 4117; x_wconf 90' lang='lat' dir='ltr'><strong><em>cum</em></strong></span> <span class='ocrx_word' id='word_1_765' title='bbox 2777 4061 3094 4116; x_wconf 90' lang='lat' dir='ltr'><strong><em>innumeris</em></strong></span> <span class='ocrx_word' id='word_1_766' title='bbox 3143 4061 3289 4130; x_wconf 89' lang='lat' dir='ltr'><strong><em>aliis)</em></strong></span> <span class='ocrx_word' id='word_1_767' title='bbox 3349 4061 3556 4116; x_wconf 89' lang='lat' dir='ltr'><strong><em>Christi</em></strong></span> 
     </span>
    </p>
   </div>
   <div class='ocr_carea' id='block_1_105' title="bbox 1859 4148 3551 4223">
    <p class='ocr_par' dir='ltr' id='par_1_105' title="bbox 1859 4148 3551 4223">
     <span class='ocr_line' id='line_1_105' title="bbox 1859 4148 3551 4223; baseline -0.007 -8"><span class='ocrx_word' id='word_1_768' title='bbox 1859 4161 2118 4215; x_wconf 90' lang='lat' dir='ltr'><strong><em>animum</em></strong></span> <span class='ocrx_word' id='word_1_769' title='bbox 2166 4159 2226 4210; x_wconf 89' lang='lat' dir='ltr'><strong><em>in</em></strong></span> <span class='ocrx_word' id='word_1_770' title='bbox 2273 4157 2464 4209; x_wconf 89' lang='lat' dir='ltr'><strong><em>locum</em></strong></span> <span class='ocrx_word' id='word_1_771' title='bbox 2521 4151 2934 4223; x_wconf 86' lang='lat' dir='ltr'><strong><em>suppliciorum</em></strong></span> <span class='ocrx_word' id='word_1_772' title='bbox 2987 4148 3361 4216; x_wconf 89' lang='lat' dir='ltr'><strong><em>descendisse,</em></strong></span> <span class='ocrx_word' id='word_1_773' title='bbox 3415 4149 3551 4205; x_wconf 91' lang='lat' dir='ltr'><strong><em>dum</em></strong></span> 
     </span>
    </p>
   </div>
   <div class='ocr_carea' id='block_1_106' title="bbox 1859 4236 3551 4320">
    <p class='ocr_par' dir='ltr' id='par_1_106' title="bbox 1859 4236 3551 4320">
     <span class='ocr_line' id='line_1_106' title="bbox 1859 4236 3551 4320; baseline -0.009 -15"><span class='ocrx_word' id='word_1_774' title='bbox 1859 4266 2064 4320; x_wconf 88' lang='lat' dir='ltr'><strong><em>corpus</em></strong></span> <span class='ocrx_word' id='word_1_775' title='bbox 2094 4247 2216 4318; x_wconf 87' lang='lat' dir='ltr'><strong><em>ejus</em></strong></span> <span class='ocrx_word' id='word_1_776' title='bbox 2246 4245 2305 4299; x_wconf 90' lang='lat' dir='ltr'><strong><em>in</em></strong></span> <span class='ocrx_word' id='word_1_777' title='bbox 2339 4243 2600 4313; x_wconf 91' lang='lat' dir='ltr'><strong><em>sepulcro</em></strong></span> <span class='ocrx_word' id='word_1_778' title='bbox 2619 4243 2850 4310; x_wconf 87' lang='lat' dir='ltr'><strong><em>jaceret.</em></strong></span> <span class='ocrx_word' id='word_1_779' title='bbox 2888 4237 3101 4293; x_wconf 91' lang='lat' dir='ltr'><strong><em>Deinde</em></strong></span> <span class='ocrx_word' id='word_1_780' title='bbox 3133 4236 3295 4308; x_wconf 89' lang='lat' dir='ltr'><strong><em>quasi</em></strong></span> <span class='ocrx_word' id='word_1_781' title='bbox 3323 4237 3551 4308; x_wconf 86' lang='lat' dir='ltr'><strong><em>impios,</em></strong></span> 
     </span>
    </p>
   </div>
   <div class='ocr_carea' id='block_1_107' title="bbox 1860 4326 3556 4411">
    <p class='ocr_par' dir='ltr' id='par_1_107' title="bbox 1860 4326 3556 4411">
     <span class='ocr_line' id='line_1_107' title="bbox 1860 4326 3556 4411; baseline -0.009 -17"><span class='ocrx_word' id='word_1_782' title='bbox 1860 4339 1960 4411; x_wconf 88' lang='lat' dir='ltr'><strong><em>qui</em></strong></span> <span class='ocrx_word' id='word_1_783' title='bbox 1993 4338 2156 4392; x_wconf 89' lang='lat' dir='ltr'><strong><em>aliter</em></strong></span> <span class='ocrx_word' id='word_1_784' title='bbox 2191 4333 2486 4398; x_wconf 90' lang='lat' dir='ltr'><strong><em>sentirent,</em></strong></span> <span class='ocrx_word' id='word_1_785' title='bbox 2519 4329 2791 4385; x_wconf 84' lang='lat' dir='ltr'><strong><em>traduxit.</em></strong></span> <span class='ocrx_word' id='word_1_786' title='bbox 2825 4329 3034 4382; x_wconf 90' lang='lat' dir='ltr'><strong><em>Verum</em></strong></span> <span class='ocrx_word' id='word_1_787' title='bbox 3061 4331 3193 4381; x_wconf 91' lang='lat' dir='ltr'><strong><em>ante</em></strong></span> <span class='ocrx_word' id='word_1_788' title='bbox 3227 4326 3422 4380; x_wconf 90' lang='lat' dir='ltr'><strong><em>omnia</em></strong></span> <span class='ocrx_word' id='word_1_789' title='bbox 3449 4331 3556 4380; x_wconf 89' lang='lat' dir='ltr'><strong><em>sta-</em></strong></span> 
     </span>
    </p>
   </div>
   <div class='ocr_carea' id='block_1_108' title="bbox 1858 4414 3556 4490">
    <p class='ocr_par' dir='ltr' id='par_1_108' title="bbox 1858 4414 3556 4490">
     <span class='ocr_line' id='line_1_108' title="bbox 1858 4414 3556 4490; baseline -0.008 -7"><span class='ocrx_word' id='word_1_790' title='bbox 1858 4427 2138 4483; x_wconf 89' lang='lat' dir='ltr'><strong><em>tuendum</em></strong></span> <span class='ocrx_word' id='word_1_791' title='bbox 2160 4427 2393 4480; x_wconf 91' lang='lat' dir='ltr'><strong><em>Petrum</em></strong></span> <span class='ocrx_word' id='word_1_792' title='bbox 2441 4437 2560 4474; x_wconf 92' lang='lat' dir='ltr'><strong><em>non</em></strong></span> <span class='ocrx_word' id='word_1_793' title='bbox 2604 4416 2932 4490; x_wconf 65' lang='lat' dir='ltr'><strong><em>quaesivisse</em></strong></span> <span class='ocrx_word' id='word_1_794' title='bbox 2989 4416 3049 4469; x_wconf 93' lang='lat' dir='ltr'><strong><em>in</em></strong></span> <span class='ocrx_word' id='word_1_795' title='bbox 3098 4415 3218 4470; x_wconf 89' lang='lat' dir='ltr'><strong><em>loco</em></strong></span> <span class='ocrx_word' id='word_1_796' title='bbox 3264 4414 3473 4484; x_wconf 88' lang='lat' dir='ltr'><strong><em>psalmi</em></strong></span> <span class='ocrx_word' id='word_1_797' title='bbox 3500 4414 3556 4470; x_wconf 92' lang='lat' dir='ltr'><strong><em>id</em></strong></span> 
     </span>
    </p>
   </div>
   <div class='ocr_carea' id='block_1_109' title="bbox 1859 4503 3556 4590">
    <p class='ocr_par' dir='ltr' id='par_1_109' title="bbox 1859 4503 3556 4590">
     <span class='ocr_line' id='line_1_109' title="bbox 1859 4503 3556 4590; baseline -0.009 -18"><span class='ocrx_word' id='word_1_798' title='bbox 1859 4517 2013 4590; x_wconf 92' lang='lat' dir='ltr'><strong><em>quod</em></strong></span> <span class='ocrx_word' id='word_1_799' title='bbox 2040 4514 2276 4569; x_wconf 90' lang='lat' dir='ltr'><strong><em>minime</em></strong></span> <span class='ocrx_word' id='word_1_800' title='bbox 2300 4516 2421 4577; x_wconf 89' lang='lat' dir='ltr'><strong><em>est;</em></strong></span> <span class='ocrx_word' id='word_1_801' title='bbox 2473 4509 2717 4578; x_wconf 90' lang='lat' dir='ltr'><strong><em>ideoque</em></strong></span> <span class='ocrx_word' id='word_1_802' title='bbox 2760 4523 2824 4561; x_wconf 85' lang='lat' dir='ltr'><strong><em>ex</em></strong></span> <span class='ocrx_word' id='word_1_803' title='bbox 2849 4506 2971 4560; x_wconf 90' lang='lat' dir='ltr'><strong><em>loco</em></strong></span> <span class='ocrx_word' id='word_1_804' title='bbox 3009 4505 3208 4575; x_wconf 66' lang='lat' dir='ltr'><strong><em>psaltes</em></strong></span> <span class='ocrx_word' id='word_1_805' title='bbox 3231 4503 3556 4575; x_wconf 90' lang='lat' dir='ltr'><strong><em>intelligen-</em></strong></span> 
     </span>
    </p>
   </div>
   <div class='ocr_carea' id='block_1_110' title="bbox 1862 4591 3558 4669">
    <p class='ocr_par' dir='ltr' id='par_1_110' title="bbox 1862 4591 3558 4669">
     <span class='ocr_line' id='line_1_110' title="bbox 1862 4591 3558 4669; baseline -0.012 -8"><span class='ocrx_word' id='word_1_806' title='bbox 1862 4608 1967 4661; x_wconf 88' lang='lat' dir='ltr'><strong><em>dus</em></strong></span> <span class='ocrx_word' id='word_1_807' title='bbox 1993 4607 2212 4669; x_wconf 87' lang='lat' dir='ltr'><strong><em>Petrus,</em></strong></span> <span class='ocrx_word' id='word_1_808' title='bbox 2247 4614 2408 4669; x_wconf 71' lang='lat' dir='ltr'><strong><em>mque</em></strong></span> <span class='ocrx_word' id='word_1_809' title='bbox 2458 4614 2520 4650; x_wconf 89' lang='lat' dir='ltr'><strong><em>ac</em></strong></span> <span class='ocrx_word' id='word_1_810' title='bbox 2568 4596 2778 4665; x_wconf 87' lang='lat' dir='ltr'><strong><em>psaltes</em></strong></span> <span class='ocrx_word' id='word_1_811' title='bbox 2831 4609 2895 4646; x_wconf 84' lang='lat' dir='ltr'><strong><em>ex</em></strong></span> <span class='ocrx_word' id='word_1_812' title='bbox 2943 4608 3203 4646; x_wconf 88' lang='lat' dir='ltr'><strong><em>sermone</em></strong></span> <span class='ocrx_word' id='word_1_813' title='bbox 3237 4591 3419 4657; x_wconf 90' lang='lat' dir='ltr'><strong><em>Petri;</em></strong></span> <span class='ocrx_word' id='word_1_814' title='bbox 3455 4608 3558 4645; x_wconf 91' lang='lat' dir='ltr'><strong><em>nec</em></strong></span> 
     </span>
    </p>
   </div>
   <div class='ocr_carea' id='block_1_111' title="bbox 1862 4678 3557 4750">
    <p class='ocr_par' dir='ltr' id='par_1_111' title="bbox 1862 4678 3557 4750">
     <span class='ocr_line' id='line_1_111' title="bbox 1862 4678 3557 4750; baseline -0.01 -2"><span class='ocrx_word' id='word_1_815' title='bbox 1862 4695 2012 4749; x_wconf 89' lang='lat' dir='ltr'><strong><em>ullus</em></strong></span> <span class='ocrx_word' id='word_1_816' title='bbox 2037 4695 2123 4746; x_wconf 88' lang='lat' dir='ltr'><strong><em>est</em></strong></span> <span class='ocrx_word' id='word_1_817' title='bbox 2151 4690 2301 4742; x_wconf 90' lang='lat' dir='ltr'><strong><em>inter</em></strong></span> <span class='ocrx_word' id='word_1_818' title='bbox 2322 4701 2416 4740; x_wconf 88' lang='lat' dir='ltr'><strong><em>eos</em></strong></span> <span class='ocrx_word' id='word_1_819' title='bbox 2449 4683 2756 4746; x_wconf 89' lang='lat' dir='ltr'><strong><em>dissensus,</em></strong></span> <span class='ocrx_word' id='word_1_820' title='bbox 2790 4679 3049 4750; x_wconf 85' lang='lat' dir='ltr'><strong><em>quamvis</em></strong></span> <span class='ocrx_word' id='word_1_821' title='bbox 3080 4696 3211 4732; x_wconf 90' lang='lat' dir='ltr'><strong><em>cum</em></strong></span> <span class='ocrx_word' id='word_1_822' title='bbox 3236 4678 3557 4748; x_wconf 90' lang='lat' dir='ltr'><strong><em>Augustino</em></strong></span> 
     </span>
    </p>
   </div>
   <div class='ocr_carea' id='block_1_112' title="bbox 1863 4765 3559 4836">
    <p class='ocr_par' dir='ltr' id='par_1_112' title="bbox 1863 4765 3559 4836">
     <span class='ocr_line' id='line_1_112' title="bbox 1863 4765 3559 4836; baseline -0.012 0"><span class='ocrx_word' id='word_1_823' title='bbox 1863 4781 2021 4835; x_wconf 91' lang='lat' dir='ltr'><strong><em>nullo</em></strong></span> <span class='ocrx_word' id='word_1_824' title='bbox 2054 4777 2223 4832; x_wconf 92' lang='lat' dir='ltr'><strong><em>modo</em></strong></span> <span class='ocrx_word' id='word_1_825' title='bbox 2257 4773 2524 4827; x_wconf 89' lang='lat' dir='ltr'><strong><em>sentiant.</em></strong></span> <span class='ocrx_word' id='word_1_826' title='bbox 2563 4772 2674 4824; x_wconf 85' lang='lat' dir='ltr'><strong><em>Nec</em></strong></span> <span class='ocrx_word' id='word_1_827' title='bbox 2727 4768 2965 4822; x_wconf 88' lang='lat' dir='ltr'><strong><em>dubium</em></strong></span> <span class='ocrx_word' id='word_1_828' title='bbox 3025 4771 3108 4819; x_wconf 91' lang='lat' dir='ltr'><strong><em>est</em></strong></span> <span class='ocrx_word' id='word_1_829' title='bbox 3165 4765 3305 4836; x_wconf 90' lang='lat' dir='ltr'><strong><em>quin</em></strong></span> <span class='ocrx_word' id='word_1_830' title='bbox 3361 4767 3559 4818; x_wconf 90' lang='lat' dir='ltr'><strong><em>Petrus</em></strong></span> 
     </span>
    </p>
   </div>
   <div class='ocr_carea' id='block_1_113' title="bbox 1866 4851 3558 4922">
    <p class='ocr_par' dir='ltr' id='par_1_113' title="bbox 1866 4851 3558 4922">
     <span class='ocr_line' id='line_1_113' title="bbox 1866 4851 3558 4922; baseline -0.012 1"><span class='ocrx_word' id='word_1_831' title='bbox 1866 4865 2186 4922; x_wconf 88' lang='lat' dir='ltr'><strong><em>recitaverit</em></strong></span> <span class='ocrx_word' id='word_1_832' title='bbox 2214 4863 2401 4916; x_wconf 91' lang='lat' dir='ltr'><strong><em>locum</em></strong></span> <span class='ocrx_word' id='word_1_833' title='bbox 2435 4857 2706 4912; x_wconf 84' lang='lat' dir='ltr'><strong><em>Hebraice</em></strong></span> <span class='ocrx_word' id='word_1_834' title='bbox 2738 4859 2837 4908; x_wconf 88' lang='lat' dir='ltr'><strong><em>aut</em></strong></span> <span class='ocrx_word' id='word_1_835' title='bbox 2868 4853 3184 4917; x_wconf 90' lang='lat' dir='ltr'><strong><em>Chaldaice,</em></strong></span> <span class='ocrx_word' id='word_1_836' title='bbox 3221 4868 3333 4922; x_wconf 88' lang='lat' dir='ltr'><strong><em>qua</em></strong></span> <span class='ocrx_word' id='word_1_837' title='bbox 3363 4851 3558 4921; x_wconf 87' lang='lat' dir='ltr'><strong><em>lingua</em></strong></span> 
     </span>
    </p>
   </div>
   <div class='ocr_carea' id='block_1_114' title="bbox 1865 4936 3556 5010">
    <p class='ocr_par' dir='ltr' id='par_1_114' title="bbox 1865 4936 3556 5010">
     <span class='ocr_line' id='line_1_114' title="bbox 1865 4936 3556 5010; baseline -0.013 -1"><span class='ocrx_word' id='word_1_838' title='bbox 1865 4955 2150 5010; x_wconf 89' lang='lat' dir='ltr'><strong><em>utebatur.</em></strong></span> <span class='ocrx_word' id='word_1_839' title='bbox 2182 4949 2272 5004; x_wconf 90' lang='lat' dir='ltr'><strong><em>Sic</em></strong></span> <span class='ocrx_word' id='word_1_840' title='bbox 2300 4951 2491 5002; x_wconf 83' lang='lat' dir='ltr'><strong><em>autem</em></strong></span> <span class='ocrx_word' id='word_1_841' title='bbox 2522 4944 2735 4998; x_wconf 86' lang='lat' dir='ltr'><strong><em>habent</em></strong></span> <span class='ocrx_word' id='word_1_842' title='bbox 2754 4941 2926 4994; x_wconf 89' lang='lat' dir='ltr'><strong><em>verba</em></strong></span> <span class='ocrx_word' id='word_1_843' title='bbox 2948 4941 3146 5010; x_wconf 74' lang='lat' dir='ltr'><strong><em>psaltae</em></strong></span> <span class='ocrx_word' id='word_1_844' title='bbox 3191 4937 3248 4990; x_wconf 91' lang='lat' dir='ltr'><strong><em>in</em></strong></span> <span class='ocrx_word' id='word_1_845' title='bbox 3284 4936 3556 5010; x_wconf 86' lang='lat' dir='ltr'><strong><em>llebraico</em></strong></span> 
     </span>
    </p>
   </div>
   <div class='ocr_carea' id='block_1_115' title="bbox 1865 5009 3560 5103">
    <p class='ocr_par' dir='ltr' id='par_1_115' title="bbox 1865 5009 3560 5103">
     <span class='ocr_line' id='line_1_115' title="bbox 1865 5009 3560 5103; baseline -0.017 -4"><span class='ocrx_word' id='word_1_846' title='bbox 1865 5042 2088 5099; x_wconf 88' lang='lat' dir='ltr'><strong><em>codice:</em></strong></span> <span class='ocrx_word' id='word_1_847' title='bbox 2122 5041 2240 5095; x_wconf 88' lang='lat' dir='ltr'><strong><em>Non</em></strong></span> <span class='ocrx_word' id='word_1_848' title='bbox 2283 5037 2555 5103; x_wconf 85' lang='lat' dir='ltr'><strong><em>relinques</em></strong></span> <span class='ocrx_word' id='word_1_849' title='bbox 2579 5033 2818 5085; x_wconf 87' lang='lat' dir='ltr'><strong><em>animam</em></strong></span> <span class='ocrx_word' id='word_1_850' title='bbox 2858 5044 3028 5082; x_wconf 88' lang='lat' dir='ltr'><strong><em>meam</em></strong></span> <span class='ocrx_word' id='word_1_851' title='bbox 3078 5026 3321 5094; x_wconf 88' lang='lat' dir='ltr'><strong><em>sepulcro</em></strong></span> <span class='ocrx_word' id='word_1_852' title='bbox 3372 5009 3560 5095; x_wconf 52' lang='lat' dir='ltr'><strong><em>(Bm-:8</em></strong></span> 
     </span>
    </p>
   </div>
   <div class='ocr_carea' id='block_1_116' title="bbox 1869 5116 3558 5200">
    <p class='ocr_par' dir='ltr' id='par_1_116' title="bbox 1869 5116 3558 5200">
     <span class='ocr_line' id='line_1_116' title="bbox 1869 5116 3558 5200; baseline -0.01 -13"><span class='ocrx_word' id='word_1_853' title='bbox 1869 5131 2098 5200; x_wconf 85' lang='lat' dir='ltr'><strong><em>lischol),</em></strong></span> <span class='ocrx_word' id='word_1_854' title='bbox 2132 5143 2223 5182; x_wconf 87' lang='lat' dir='ltr'><strong><em>nec</em></strong></span> <span class='ocrx_word' id='word_1_855' title='bbox 2242 5126 2466 5197; x_wconf 85' lang='lat' dir='ltr'><strong><em>patieris</em></strong></span> <span class='ocrx_word' id='word_1_856' title='bbox 2479 5127 2722 5178; x_wconf 87' lang='lat' dir='ltr'><strong><em>sanctum</em></strong></span> <span class='ocrx_word' id='word_1_857' title='bbox 2752 5124 2901 5174; x_wconf 89' lang='lat' dir='ltr'><strong><em>tuum</em></strong></span> <span class='ocrx_word' id='word_1_858' title='bbox 2926 5116 3109 5170; x_wconf 84' lang='lat' dir='ltr'><strong><em>videre</em></strong></span> <span class='ocrx_word' id='word_1_859' title='bbox 3140 5118 3558 5182; x_wconf 81' lang='lat' dir='ltr'><strong><em>corruptionem.</em></strong></span> 
     </span>
    </p>
   </div>
   <div class='ocr_carea' id='block_1_117' title="bbox 1869 5203 3562 5290">
    <p class='ocr_par' dir='ltr' id='par_1_117' title="bbox 1869 5203 3562 5290">
     <span class='ocr_line' id='line_1_117' title="bbox 1869 5203 3562 5290; baseline -0.013 -12"><span class='ocrx_word' id='word_1_860' title='bbox 1869 5225 2042 5278; x_wconf 89' lang='lat' dir='ltr'><strong><em>Voces</em></strong></span> <span class='ocrx_word' id='word_1_861' title='bbox 2073 5217 2305 5290; x_wconf 88' lang='lat' dir='ltr'><strong><em>quidem</em></strong></span> <span class='ocrx_word' id='word_1_862' title='bbox 2343 5215 2528 5268; x_wconf 87' lang='lat' dir='ltr'><strong><em>anima</em></strong></span> <span class='ocrx_word' id='word_1_863' title='bbox 2554 5227 2673 5266; x_wconf 86' lang='lat' dir='ltr'><strong><em>mea</em></strong></span> <span class='ocrx_word' id='word_1_864' title='bbox 2703 5208 2938 5279; x_wconf 89' lang='lat' dir='ltr'><strong><em>perinde</em></strong></span> <span class='ocrx_word' id='word_1_865' title='bbox 2967 5209 3101 5258; x_wconf 88' lang='lat' dir='ltr'><strong><em>sunt</em></strong></span> <span class='ocrx_word' id='word_1_866' title='bbox 3140 5219 3203 5256; x_wconf 86' lang='lat' dir='ltr'><strong><em>ac</em></strong></span> <span class='ocrx_word' id='word_1_867' title='bbox 3233 5218 3346 5269; x_wconf 81' lang='lat' dir='ltr'><strong><em>ego,</em></strong></span> <span class='ocrx_word' id='word_1_868' title='bbox 3381 5203 3562 5257; x_wconf 87' lang='lat' dir='ltr'><strong><em>idem-</em></strong></span> 
     </span>
    </p>
   </div>
   <div class='ocr_carea' id='block_1_118' title="bbox 1871 5291 3568 5381">
    <p class='ocr_par' dir='ltr' id='par_1_118' title="bbox 1871 5291 3568 5381">
     <span class='ocr_line' id='line_1_118' title="bbox 1871 5291 3568 5381; baseline -0.012 -17"><span class='ocrx_word' id='word_1_869' title='bbox 1871 5326 1982 5381; x_wconf 90' lang='lat' dir='ltr'><strong><em>que</em></strong></span> <span class='ocrx_word' id='word_1_870' title='bbox 2014 5309 2218 5362; x_wconf 88' lang='lat' dir='ltr'><strong><em>sonant</em></strong></span> <span class='ocrx_word' id='word_1_871' title='bbox 2262 5319 2326 5356; x_wconf 87' lang='lat' dir='ltr'><strong><em>ac</em></strong></span> <span class='ocrx_word' id='word_1_872' title='bbox 2366 5300 2424 5353; x_wconf 90' lang='lat' dir='ltr'><strong><em>in</em></strong></span> <span class='ocrx_word' id='word_1_873' title='bbox 2478 5300 2651 5352; x_wconf 88' lang='lat' dir='ltr'><strong><em>altero</em></strong></span> <span class='ocrx_word' id='word_1_874' title='bbox 2707 5293 2961 5348; x_wconf 90' lang='lat' dir='ltr'><strong><em>membro</em></strong></span> <span class='ocrx_word' id='word_1_875' title='bbox 3008 5294 3228 5381; x_wconf 84' lang='lat' dir='ltr'><strong><em>sanctus</em></strong></span> <span class='ocrx_word' id='word_1_876' title='bbox 3273 5295 3430 5381; x_wconf 63' lang='lat' dir='ltr'><strong><em>tuus.</em></strong></span> <span class='ocrx_word' id='word_1_877' title='bbox 3488 5291 3568 5344; x_wconf 88' lang='lat' dir='ltr'><strong><em>lta</em></strong></span> 
     </span>
    </p>
   </div>
   <div class='ocr_carea' id='block_1_119' title="bbox 1872 5377 3567 5461">
    <p class='ocr_par' dir='ltr' id='par_1_119' title="bbox 1872 5377 3567 5461">
     <span class='ocr_line' id='line_1_119' title="bbox 1872 5377 3567 5461; baseline -0.01 -10"><span class='ocrx_word' id='word_1_878' title='bbox 1872 5377 2075 5461; x_wconf 71' lang='lat' dir='ltr'><strong><em>solent,</em></strong></span> <span class='ocrx_word' id='word_1_879' title='bbox 2131 5397 2195 5446; x_wconf 91' lang='lat' dir='ltr'><strong><em>ut</em></strong></span> <span class='ocrx_word' id='word_1_880' title='bbox 2255 5404 2454 5444; x_wconf 88' lang='lat' dir='ltr'><strong><em>omnes</em></strong></span> <span class='ocrx_word' id='word_1_881' title='bbox 2522 5387 2752 5447; x_wconf 88' lang='lat' dir='ltr'><strong><em>norunt,</em></strong></span> <span class='ocrx_word' id='word_1_882' title='bbox 2786 5379 2942 5450; x_wconf 85' lang='lat' dir='ltr'><strong><em>loqui</em></strong></span> <span class='ocrx_word' id='word_1_883' title='bbox 2977 5377 3217 5432; x_wconf 74' lang='lat' dir='ltr'><strong><em>llebrmi.</em></strong></span> <span class='ocrx_word' id='word_1_884' title='bbox 3273 5377 3386 5432; x_wconf 81' lang='lat' dir='ltr'><strong><em>Vox</em></strong></span> <span class='ocrx_word' id='word_1_885' title='bbox 3433 5396 3567 5434; x_wconf 85' lang='lat' dir='ltr'><strong><em>vero</em></strong></span> 
     </span>
    </p>
   </div>
   <div class='ocr_carea' id='block_1_120' title="bbox 1869 5464 3570 5551">
    <p class='ocr_par' dir='ltr' id='par_1_120' title="bbox 1869 5464 3570 5551">
     <span class='ocr_line' id='line_1_120' title="bbox 1869 5464 3570 5551; baseline -0.007 -19"><span class='ocrx_word' id='word_1_886' title='bbox 1869 5471 2023 5544; x_wconf 52' lang='lat' dir='ltr'><strong><em>Bst-3,</em></strong></span> <span class='ocrx_word' id='word_1_887' title='bbox 2056 5483 2336 5551; x_wconf 87' lang='lat' dir='ltr'><strong><em>perpetuo</em></strong></span> <span class='ocrx_word' id='word_1_888' title='bbox 2386 5475 2594 5543; x_wconf 58' lang='lat' dir='ltr'><strong><em>lingula</em></strong></span> <span class='ocrx_word' id='word_1_889' title='bbox 2651 5465 2936 5522; x_wconf 67' lang='lat' dir='ltr'><strong><em>llebraicm</em></strong></span> <span class='ocrx_word' id='word_1_890' title='bbox 2986 5482 3114 5526; x_wconf 85' lang='lat' dir='ltr'><strong><em>usu,</em></strong></span> <span class='ocrx_word' id='word_1_891' title='bbox 3160 5464 3443 5534; x_wconf 89' lang='lat' dir='ltr'><strong><em>signiﬁcat</em></strong></span> <span class='ocrx_word' id='word_1_892' title='bbox 3472 5472 3570 5520; x_wconf 88' lang='lat' dir='ltr'><strong><em>aut</em></strong></span> 
     </span>
    </p>
   </div>
   <div class='ocr_carea' id='block_1_121' title="bbox 3179 5575 3217 5634">
    <p class='ocr_par' dir='ltr' id='par_1_121' title="bbox 3179 5575 3217 5634">
     <span class='ocr_line' id='line_1_121' title="bbox 3179 5575 3217 5634; baseline 0 0"><span class='ocrx_word' id='word_1_893' title='bbox 3179 5575 3217 5634; x_wconf 88' lang='lat'><strong>9</strong></span> 
     </span>
    </p>
   </div>
  </div>
