3922 6188
346 275 444 324 267

1366 267 1921 323 SUPPLEMENTUM
1961 267 2052 320 AD
2090 265 2324 320 OPERA
2361 267 2415 319 S.
2458 265 2842 320 AUGUSTINI.

3677 286 3751 337 268

344 389 693 458 sepulcrum,
721 393 822 441 aut
853 387 1040 440 locum
1081 385 1329 456 aliquem
1359 386 1463 440 sub
1494 390 1659 441 terra:
1713 386 2033 458 superﬁcie,
2073 387 2118 441 A
2151 385 2303 440 Petri
2347 401 2552 455 parum
2600 385 2925 450 attendisse,
2953 403 3021 440 ex
3051 403 3161 457 qua
3208 389 3502 461 intelligere
3540 399 3758 465 potuisset

344 482 444 531 aut
467 480 618 530 certe
639 480 849 529 statum
871 491 934 528 ac
954 473 1344 528 conditionem
1367 479 1749 545 mortuorum,
1773 492 2035 547 quascun-

343 580 453 636 que
484 563 574 630 sit,
604 579 901 634 nunquam
929 562 1116 616 locum
1166 563 1512 632 peculiarem
1555 565 1841 618 malorum
1893 581 2032 635 sup—

342 652 502 724 plicis
547 652 884 706 attributum
924 667 936 715 ;
983 655 1048 704 ut
1103 651 1364 705 examine
1412 653 1664 706 locorum
1713 653 1774 706 in
1826 653 2032 723 quibus

342 742 586 796 occurrit
609 739 868 810 liquebit.
909 739 1088 794 Graeci
1121 756 1252 793 vero
1283 740 1622 810 interpretes
1653 741 1753 812 qui
1793 743 2031 812 Septua-

339 830 499 901 ginta
529 829 813 894 dicuntur,
848 832 904 880 et
933 827 1242 898 gentilibus
1277 843 1393 882 non
1453 845 1567 882 una
1595 829 1657 884 in
1712 845 1772 883 re
1803 846 1924 884 sese
1955 833 2034 883 at-

336 920 748 987 temperarunt,
828 919 1123 969 verterunt
1172 931 1398 985 semper
1445 923 1580 986 eam,
1641 921 1738 971 aut
1801 925 2028 986 Θὰνατον,

335 1021 628 1078 nunquam
656 1014 809 1075 τάφον
843 1004 1164 1071 sepulcrum,
1209 1019 1339 1074 quae
1390 1009 1586 1058 tamen
1641 1005 1879 1076 propria
1911 1010 2034 1060 erat

329 1095 478 1148 vocis
505 1092 865 1164 significatio.
917 1093 1113 1162 Itaque
1166 1091 1260 1145 hic
1324 1092 1498 1147 etiam
1528 1097 1855 1147 verterunt:
1919 1100 2034 1148 Ὀυγ.

334 1189 693 1253 ἐγκαταλείψεις
745 1191 836 1245 τὴν
888 1186 1056 1251 ψυχήν
1107 1203 1198 1248 μου
1247 1187 1310 1242 εἰς
1358 1187 1509 1250 ᾅδην,
1567 1188 1677 1236 οὐδέ
1731 1189 1893 1244 δώσεις
1948 1191 2032 1236 τὸν

333 1280 463 1327 ὅσιόν
496 1295 580 1326 σου
614 1278 726 1325 ἰδεῖν
753 1276 1030 1339 διαφθοράν.
1093 1268 1229 1331 Quae
1286 1269 1468 1323 versio
1516 1269 1882 1324 incommoda
1928 1274 2029 1336 est,

333 1377 470 1414 nam
498 1360 681 1428 liquet
697 1359 802 1411 hoc
815 1357 958 1411 velle
977 1358 1220 1427 psalten,
1267 1374 1438 1411 sensu
1457 1358 1827 1427 translatitio,
1849 1359 2032 1413 Deum

332 1465 446 1502 non
475 1463 774 1519 passurum
801 1449 862 1500 ut
889 1445 1260 1512 occideretur,
1302 1462 1435 1500 nam
1487 1449 1788 1516 relinquere
1843 1449 2030 1515 sepul-

335 1554 441 1601 cro,
475 1541 574 1590 aut
609 1537 734 1604 pati
761 1535 941 1588 videre
970 1536 1384 1602 corruptionem,
1413 1539 1498 1588 est
1528 1534 1712 1589 sinere
1773 1536 2033 1590 vulnera-

332 1630 458 1680 tum
488 1623 838 1696 quempiam,
874 1626 972 1676 aut
999 1623 1146 1676 male
1187 1623 1448 1676 affectum
1478 1623 1642 1677 mori.
1685 1625 1811 1678 Haec
1839 1629 2032 1678 tamen

334 1714 523 1778 verba,
547 1728 719 1765 sensu
747 1710 1001 1781 proprio,
1032 1709 1238 1763 melius
1287 1710 1348 1764 in
1387 1711 1674 1765 Christum
1724 1713 2026 1783 quad-rant,

334 1817 507 1872 quem
535 1802 682 1854 Deus
729 1814 932 1869 passus
978 1814 1093 1852 non
1133 1802 1217 1852 est
1254 1797 1314 1852 in
1371 1799 1630 1869 sepulcro
1669 1800 1768 1854 diu
1825 1801 2028 1871 jacere,

333 1904 519 1959 neque
547 1887 608 1940 in
637 1903 703 1940 eo
733 1885 1043 1955 corrumpi.
1082 1885 1465 1950 Quamobrem
1514 1889 1712 1942 Petrus
1749 1891 1934 1945 Actor.
1969 1906 2030 1957 ιι,

328 1982 418 2045 27,
460 1992 593 2029 eum
625 1976 823 2028 locum
880 1975 950 2028 de
1009 1973 1428 2028 resurrectione
1462 1974 1668 2029 Christi
1709 1991 1739 2030 e
1770 1977 2030 2046 sepulcro

334 2081 506 2135 agere
537 2062 805 2118 ostendit.
829 2061 919 2116 Sic
948 2061 1204 2132 loquitur
1223 2063 1530 2132 Apostolus
1558 2080 1700 2121 vers.
1734 2064 1840 2118 24:
1871 2067 2034 2131 Quem

330 2157 466 2209 Deus
521 2154 821 2218 suscitavit,
875 2151 1062 2205 solutis
1123 2151 1396 2206 doloribus
1475 2152 1681 2219 inferni
1735 2154 1839 2224 (τοῦ
1869 2153 2029 2223 ἅδον),

325 2243 493 2310 juncta
521 2239 665 2308 quod
691 2238 1022 2307 impossibile
1077 2243 1195 2292 erat
1222 2241 1391 2292 teneri
1438 2241 1592 2294 illum
1654 2241 1722 2294 ab
1778 2257 1854 2296 eo.
1898 2243 2035 2306 Quae

331 2327 546 2383 locutio
593 2327 895 2396 desumpta
943 2329 1026 2380 est
1054 2342 1122 2380 ex
1152 2327 1546 2396 psalm.xvuu,
1587 2331 1638 2396 5,
1671 2328 1769 2383 ubi
1811 2328 1889 2382 sic
1935 2331 2035 2383 Da-

332 2417 465 2470 vid:
510 2416 733 2469 Dolores
771 2416 976 2481 inferni
1030 2398 1178 2484 (Enr:
1235 2400 1371 2475 #5311
1454 2416 1605 2485 quod
1655 2423 1842 2487 potest
1897 2418 2036 2472 verti

335 2504 541 2558 dolores
578 2506 634 2556 et
685 2505 843 2568 funes
884 2503 1138 2572 sepulcri)
1189 2503 1656 2559 circumdederunt
1712 2523 1811 2574 me,
1839 2522 2037 2576 praeco.

334 2595 669 2662 cupaverunt
715 2607 815 2645 me.
877 2590 1019 2644 Cum
1060 2593 1264 2645 Petrus
1319 2592 1686 2664 Jerosolymae
1739 2595 2036 2650 Chaldaice

331 2681 688 2751 loqueretur,
719 2693 893 2748 quam
917 2677 1173 2748 linguam
1203 2679 1386 2733 Judaei
1418 2695 1636 2747 omnes,
1669 2687 1879 2753 praeter
1907 2685 2036 2737 Hel-

331 2771 584 2834 lenistas,
637 2766 1056 2836 intelligebant,
1109 2767 1308 2821 eadem
1353 2768 1476 2822 haec
1529 2770 1699 2824 verba
1752 2771 2034 2841 protulit;

333 2874 397 2912 ac
423 2856 662 2928 proinde
704 2853 985 2908 intellexit
1049 2856 1268 2909 vincula
1319 2859 1528 2924 mortis,
1573 2873 1702 2921 quae
1748 2863 1881 2912 sunt
1913 2858 2036 2912 sine

330 2947 502 3001 dubio
555 2942 947 3013 intelligenda.
1011 2943 1154 2996 Nam
1211 2944 1471 3013 quamvis
1521 2931 1702 3006 οηθΞΠ
1747 2946 2030 3017 signiﬁcet
2060 2957 2100 3013 α

333 3038 504 3090 etiam
531 3035 757 3101 dolores,
790 3037 1043 3086 attamen
1070 3033 1244 3086 verba
1273 3035 1482 3088 solve-re
1539 3039 1595 3088 et
1643 3040 1812 3090 teneri
1842 3042 2032 3092 osten-

333 3125 477 3179 dunt
504 3121 572 3175 de
598 3119 838 3173 vinculis
877 3118 998 3188 agi;
1059 3118 1220 3190 isque
1276 3123 1359 3173 est
1405 3120 1588 3175 etiam
1644 3124 1844 3193 psaltae
1909 3141 2035 3180 sen-

332 3225 445 3275 sus,
480 3213 544 3262 ut
574 3222 816 3276 sequens
847 3205 1172 3259 membrum
1203 3205 1470 3261 ostendit.
1527 3208 1635 3262 Sed
1684 3210 1859 3265 Lucas
1903 3232 2029 3268 ver—

333 3296 485 3350 sioni
510 3296 718 3372 Crmcaz
747 3297 1023 3360 assuetus,
1059 3297 1117 3347 et
1149 3293 1399 3347 scribens
1443 3293 1501 3347 in
1531 3296 1773 3365 gratiam
1819 3302 2035 3357 Greece-

333 3401 482 3450 rum,
516 3381 775 3436 adhibuit
799 3381 1150 3434 locutionem
1192 3382 1316 3436 LXX
1371 3381 1782 3454 interpretum.
1847 3391 2035 3446 Voluit

333 3489 468 3542 ergo
499 3474 701 3527 Petrus
749 3471 931 3523 Deum
990 3469 1220 3524 solvisse
1272 3471 1498 3525 vincula
1543 3474 1762 3542 mortis,
1819 3479 2027 3548 quibus

331 3558 513 3614 teneri
537 3557 822 3612 Christum
864 3573 968 3627 par
996 3574 1114 3611 non
1153 3561 1296 3612 erat.
1358 3559 1483 3614 Scio
1522 3552 1890 3628 Augustinum
1944 3567 2031 3622 di-

333 3664 461 3703 cere
490 3647 551 3700 in
591 3645 997 3716 sequentibus:
1032 3647 1196 3712 facile
1225 3662 1335 3700 esse
1383 3650 1653 3704 intellectu
1694 3655 1771 3706 sic
1823 3655 2030 3712 dolores

336 3735 544 3801 inferni
571 3733 770 3788 solutos
791 3747 918 3799 esse,
949 3734 1399 3802 quemadmodum
1427 3739 1563 3791 solvi
1584 3745 1812 3806 possunt
1851 3743 2032 3813 laquei

330 3823 662 3890 venantium,
685 3837 749 3874 ne
789 3825 1019 3889 teneant,
1049 3838 1156 3877 non
1176 3825 1308 3902 quia
1347 3829 1646 3882 tenuerunt.
1691 3828 1801 3884 Sed
1841 3832 2028 3902 primo

329 3909 699 3964 falsissimum
744 3911 828 3961 est
883 3925 1123 3979 usquam
1354 3911 1675 3983 significare
1731 3897 2024 3986 infernum,

329 4001 437 4054 hoc
483 4002 567 4053 est
621 3998 809 4051 locum
863 3997 1291 4068 suppliciorum,
1325 4006 1381 4054 et
1432 4001 1556 4072 ipsa
1604 4003 1803 4074 psaltes
1859 4007 2030 4062 verba

330 4089 636 4143 ostendunt
679 4087 897 4140 vincula
952 4089 1140 4141 mortis
1193 4104 1313 4142 esse
1357 4089 1766 4162 intelligenda;
1820 4095 2028 4151 deinde

329 4179 427 4235 ubi
457 4180 605 4233 Deus
645 4175 852 4230 dicitur
881 4179 1100 4232 solvisse
1144 4178 1347 4233 dolores
1403 4182 1626 4248 inferni,
1689 4198 1760 4236 ne
1815 4184 2022 4239 Christi

329 4269 521 4322 anima
550 4282 646 4320 eos
679 4264 952 4319 sentiret?
1011 4266 1322 4337 Nusquam.
1376 4269 1575 4322 Petrus
1624 4271 1876 4342 loquitur
1929 4274 2023 4330 hic

330 4371 444 4408 non
491 4355 559 4408 de
610 4353 728 4405 ulla
781 4352 1060 4422 ejusmodi
1110 4353 1334 4407 actione
1386 4355 1505 4421 Dei,
1558 4358 1926 4428 impedientis
1957 4379 2028 4418 ne
2057 4353 2078 4374 ³

331 4443 586 4499 Christus
633 4440 912 4510 supplicia
951 4441 1357 4495 damnatorum
1405 4449 1719 4513 pateretur,
1804 4449 1902 4503 sed
1959 4451 2027 4505 de

331 4532 449 4586 sola
477 4526 892 4584 resurrectione
927 4526 1170 4594 Christi;
1204 4545 1378 4596 quem,
1410 4529 1619 4602 inquit,
1663 4537 1802 4590 Deus
1851 4541 2028 4593 susci-

333 4623 490 4688 tavit,
519 4616 758 4675 ἀνέσττισε
821 4619 1031 4683 solutis,
1065 4626 1192 4685 etc.,
1228 4621 1398 4688 atque
1439 4618 1516 4673 ita
1562 4623 1788 4694 pergit:
1839 4627 2030 4683 David

331 4711 472 4764 enim
501 4707 634 4761 dicit
660 4707 720 4760 in
741 4704 1041 4775 eumf(psal.
1075 4721 1185 4771 xvr,
1215 4709 1266 4775 8,
1299 4722 1368 4760 ex
1393 4707 1667 4764 divisione
1697 4711 1986 4782 Hebraica)
2012 4729 2024 4768 :

330 4796 684 4854 Providebam
721 4796 1007 4849 Dominum
1058 4795 1120 4848 in
1155 4800 1436 4864 conspectu
1480 4813 1592 4851 meo
1631 4814 1853 4870 semper,
1907 4819 2030 4871 quo-

325 4891 475 4942 niam
502 4903 536 4940 a
569 4885 776 4939 dextris
813 4883 953 4937 mihi
980 4888 1076 4949 est,
1135 4899 1199 4938 ne
1250 4900 1712 4943 commovear......
1756 4890 2028 4955 Quoniam

326 4993 432 5032 non
481 4975 819 5044 derelinques
867 4972 1107 5024 animam
1164 4977 1468 5038 meam,etc.
1522 4975 1688 5042 Tum,
1745 4993 1889 5032 vers.
1923 4983 2022 5034 3t:

326 5061 616 5114 Providens
649 5061 854 5114 locutus
885 5061 963 5112 est
992 5058 1057 5111 de
1081 5060 1471 5116 resurrectione
1517 5061 1744 5129 Christi,
1778 5068 1911 5134 quia
1939 5083 2026 5122 ne-

329 5164 430 5216 que
459 5149 740 5202 derelictus
761 5151 839 5201 est
862 5149 921 5200 in
948 5148 1184 5213 inferno,
1215 5162 1385 5215 neque
1406 5165 1530 5202 caro
1579 5151 1695 5218 ejus
1728 5154 1870 5208 vidit
1902 5171 2022 5210 cor-

328 5235 649 5301 ruptionem.
704 5237 858 5289 Hunc
900 5237 1080 5289 Jesum
1127 5237 1411 5290 suscitavit
1465 5238 1633 5306 Deus,
1715 5243 1820 5293 etc.
1884 5241 2025 5295 Hinc

331 5320 630 5374 manifesto
662 5321 840 5392 liquet
865 5321 1248 5393 Augustinum
1279 5338 1394 5376 non
1423 5327 1648 5378 tantum
1696 5325 2022 5396 ignorantia

325 5408 539 5480 linguai
566 5408 852 5464 Hebrajcae
882 5409 1092 5482 dogma
1143 5427 1208 5465 ex
1237 5411 1527 5482 Scriptura
1581 5411 1837 5468 hausisse
1869 5415 2022 5485 quod

322 5495 384 5550 in
412 5510 481 5552 ea
519 5510 888 5567 nequaquam
945 5501 1047 5558 est,
1114 5497 1211 5552 sed
1266 5497 1436 5554 etiam
1489 5498 1698 5554 seriem
1743 5499 2018 5557 orationis

2141 473 2450 528 locutionis
2481 476 2604 544 ejus
2635 491 2891 529 sensum.
2951 476 3074 528 Non
3116 491 3258 546 nego
3299 477 3430 532 alios
3473 483 3620 552 vulgo
3649 489 3756 542 scri-

2142 567 2332 634 ptores
2382 563 2796 617 Ecclesiasticos
2825 563 2932 617 hoc
2980 563 3041 616 in
3086 565 3311 633 negotio
3359 567 3593 623 similiter
3630 573 3758 627 aber-

2140 667 2315 718 rasse,
2371 651 2440 705 de
2487 667 2600 721 quo
2643 651 2887 721 symboli
2944 653 3243 721 apostolici
3314 655 3618 726 interpretes
3662 667 3759 717 sunt

2141 739 2493 803 consulendi,
2556 738 2708 792 inter
2770 755 2914 810 quos
2970 738 3183 793 eminet
3236 741 3392 796 Joan.
3455 745 3757 814 Pearsonius;

2141 827 2242 881 sed
2301 843 2418 881 non
2467 828 2657 881 minus
2703 832 2787 882 est
2840 828 3047 881 falsum
3098 827 3207 882 hoc
3265 827 3761 900 interpretamentum

2141 916 2294 986 quod
2348 919 2467 969 tam
2505 919 2898 969 asseveranter
2935 917 3154 986 profert
3197 916 3551 986 Hipponensis
3597 921 3762 990 episco-

2137 1018 2266 1073 pus,
2304 1003 2406 1074 qui
2436 1003 2558 1057 haec
2604 1003 2774 1057 habet
2827 1003 2900 1058 ad
2955 1003 3346 1074 explicandum
3396 1007 3663 1062 obscurum
3699 1010 3763 1063 lo-

2140 1107 2270 1145 cum
2297 1091 2319 1144 Ι
2349 1093 2466 1146 Pet.
2517 1109 2598 1159 Ill,
2636 1095 2720 1148 18.
2769 1091 2878 1157 Qui
2929 1092 3002 1146 ad
3047 1109 3178 1146 eum
3228 1093 3605 1164 confugiebant
3643 1099 3764 1168 quasi

2141 1179 2210 1232 ad
2239 1181 2553 1245 oraculum,
2590 1180 2690 1234 ubi
2718 1179 2998 1249 agebatur
3022 1180 3407 1250 interpretatio
3435 1182 3711 1252 Scriptum,
3735 1184 3763 1237 ii

2138 1267 2393 1336 profecto
2446 1269 2777 1322 nesciebant
2806 1269 2945 1339 quid
2977 1269 3049 1322 sit
3077 1269 3416 1339 Scripturam
3444 1269 3762 1340 interpretari.

2211 1354 2415 1426 Ibid.§
2470 1361 2522 1410 7.
2583 1358 2660 1413 Ne
2716 1359 2860 1426 ipsos
2915 1359 3130 1425 quidem
3181 1360 3382 1425 inferos
3434 1361 3626 1428 uspiam
3656 1361 3765 1412 Scri-

2139 1448 2429 1511 pturarum
2475 1446 2533 1498 in
2574 1445 2704 1499 bono
2734 1447 3033 1515 appellatos
3072 1449 3230 1515 potui
3265 1445 3530 1517 invenire]
3562 1448 3764 1517 AtHugo

2140 1532 2389 1602 Grotius,
2437 1531 2522 1586 vir
2552 1533 2704 1588 haud
2734 1535 2905 1604 paulo
2936 1534 3172 1602 doctior,
3218 1535 3522 1605 meliorque
3548 1534 3768 1604 interpres

2141 1620 2468 1690 Scriptum,
2500 1619 2722 1675 nullum
2764 1622 2953 1676 locum
2992 1621 3251 1676 invenire
3282 1622 3459 1693 potuit
3487 1621 3576 1675 ubi
3614 1621 3664 1674 in
3687 1637 3768 1673 ma-

2141 1711 2256 1764 lam
2288 1714 2508 1780 partem
2546 1714 2823 1773 sumatur,
2881 1727 2984 1764 nec
3007 1714 3131 1765 lnos
3161 1711 3355 1765 etiam.
3403 1709 3529 1764 Vide
3570 1709 3769 1764 Grotium

2143 1797 2212 1851 ad
2238 1797 2432 1852 Matth.
2464 1813 2576 1867 xvr,
2614 1801 2700 1860 18,
2733 1802 2788 1852 et
2818 1799 2947 1852 Luc.
2980 1815 3094 1868 xvr,
3117 1801 3207 1853 23.

2215 1885 2466 1955 Epistula
2499 1889 2616 1952 l66,
2651 1885 2678 1956 ἓ
2713 1891 2765 1941 5.
2803 1889 2986 1944 Certus
3033 1890 3200 1940 etiam
3237 1901 3360 1941 sum
3401 1888 3620 1941 animam
3663 1886 3772 1938 nulla

2142 1975 2241 2028 Dei
2285 1975 2465 2041 culpa,
2510 1975 2663 2028 nulla
2703 1977 2800 2029 Dei
2852 1977 3184 2042 necessitate,
3227 1977 3309 2029 vel
3347 1989 3444 2029 sua
3476 1974 3563 2029 sed
3596 1976 3772 2045 propria

2142 2063 2415 2116 voluntate
2452 2065 2511 2116 in
2527 2067 2807 2131 peccatum
2856 2079 2967 2119 esse
3007 2066 3324 2134 collapsam,
3383 2065 3507 2132 etc.j
3536 2061 3772 2127 Quomodo

2143 2150 2266 2204 haec
2285 2149 2508 2221 possint
2537 2167 2666 2205 cum
2687 2157 2918 2221 peccato
2950 2151 3244 2223 originali,
3273 2156 3339 2207 ut
3368 2167 3512 2205 nunc
3541 2168 3568 2204 a
3601 2149 3770 2204 theolo-

2144 2238 2230 2308 gis
2285 2238 2622 2308 explicatur,
2680 2239 2989 2294 consistere
3062 2239 3276 2307 nescio,
3359 2254 3490 2293 nam
3545 2235 3693 2291 animi
3728 2250 3773 2287 co

2143 2323 2338 2378 infecti
2384 2341 2500 2379 non
2563 2330 2804 2395 possunt
2860 2326 2973 2381 dici
3014 2330 3250 2397 propria
3309 2328 3572 2382 voluntate
3608 2341 3664 2379 eo
3689 2338 3775 2377 esse

2145 2413 2456 2484 inquinati,
2507 2431 2600 2468 nec
2657 2416 2772 2469 ulla
2826 2418 3140 2470 necessitate
3162 2415 3228 2469 in
3273 2415 3331 2470 id
3383 2418 3651 2485 peccatum
3689 2426 3775 2464 esse

2143 2502 2412 2572 prolapsi.
2437 2502 2496 2556 Si
2550 2501 2758 2556 dixeris
2797 2502 2890 2556 hic
2910 2503 2979 2557 de
3009 2504 3222 2558 actuali
3250 2509 3481 2574 peccato
3508 2501 3610 2572 agi,
3631 2505 3777 2554 osten-

2147 2590 2398 2645 dendum
2428 2590 2536 2644 erit
2564 2606 2666 2644 cur
2694 2590 2960 2662 iniquum
2985 2593 3076 2660 sit,
3105 2594 3180 2647 ad
3213 2594 3324 2648 hoc
3353 2597 3632 2664 peccatum
3668 2587 3778 2659 quod

2147 2680 2372 2745 attinet,
2404 2684 2700 2749 peccatum
2731 2679 2792 2734 id
2817 2679 3018 2735 haberi
3048 2682 3206 2752 quod
3237 2698 3357 2736 non
3398 2679 3618 2751 propria
3638 2677 3783 2732 volun-

2146 2772 2282 2835 tate,
2311 2767 2410 2822 sed
2442 2768 2772 2822 necessitate
2818 2767 3088 2837 imposita
3119 2767 3448 2823 admittitur
3474 2783 3487 2832 ;
3517 2765 3583 2820 ad
3631 2779 3781 2834 pecca-

2146 2859 2270 2909 tum
2294 2870 2426 2908 vero
2456 2853 2695 2924 originis
2725 2855 2878 2925 quod
2917 2859 3153 2926 spectat,
3190 2872 3311 2911 non
3358 2856 3511 2909 item.
3563 2853 3658 2908 Sed
3703 2855 3780 2906 Au-

2147 2945 2429 3014 gustinus,
2478 2948 2540 2997 ut
2565 2946 2800 3012 propria
2849 2944 3143 3011 voluntate,
3216 2960 3324 2998 nec
3380 2943 3497 2998 ulla
3539 2943 3786 2996 necessitate

2140 3046 2402 3100 peccasse
2436 3029 2700 3084 homines
2728 3029 3213 3100 intelligerentur,
3262 3047 3331 3084 eo
3369 3028 3722 3101 propendebat
3744 3030 3786 3077 ut

2141 3122 2398 3176 crederet
2428 3121 2647 3175 animas
2673 3137 2872 3176 omnes
2900 3121 3075 3175 fuisse
3104 3121 3164 3176 in
3196 3121 3396 3176 anima
3424 3120 3631 3182 Adami,
3656 3125 3785 3187 atque

2141 3226 2208 3263 ex
2247 3225 2313 3263 ea
2342 3213 2705 3280 propagatas,
2757 3213 2820 3263 ut
2858 3209 2979 3279 jam
3009 3208 3146 3263 alibi
3197 3209 3630 3272 observavimus,
3671 3202 3785 3275 quod

2141 3295 2275 3350 satis
2294 3300 2490 3365 aperte
2522 3298 2548 3362 ἓ
2585 3299 2649 3349 lO
2679 3296 2928 3351 ostendit
2957 3313 2969 3350 :
3001 3299 3095 3350 Dic
3125 3299 3290 3361 mihi,
3321 3296 3527 3368 inquit,
3553 3299 3598 3350 si
3641 3297 3786 3347 anima

2139 3385 2463 3450 singillatim
2499 3386 2732 3450 singulis
2771 3384 3032 3453 hodieque
3069 3387 3425 3441 nascentibus
3466 3389 3612 3454 ﬁunt,
3651 3382 3725 3435 ubi
3747 3382 3785 3431 iu

2137 3473 2385 3541 parvulis
2414 3477 2647 3541 peccent,
2681 3477 2740 3527 ut
2788 3474 3073 3540 indigeant
3119 3477 3177 3528 in
3232 3479 3566 3530 sacramento
3625 3469 3784 3528 Christi

2137 3561 2449 3614 remissione
2494 3562 2741 3628 peccatir.
2767 3567 3044 3629 peccantes
3092 3564 3150 3615 in
3198 3563 3409 3628 Adam,
3465 3579 3530 3616 ex
3567 3575 3659 3630 quo
3697 3570 3787 3610 caro

2132 3655 2444 3718 propagata
2471 3652 2799 3719 estpeccati;
2830 3653 2927 3703 aut
2950 3653 3001 3704 si
3028 3665 3134 3704 non
3183 3656 3435 3720 peccant,
3485 3666 3586 3720 qua
3616 3646 3789 3720 justitia

2137 3739 2407 3794 Creatoris
2447 3738 2529 3791 ita
2586 3743 2806 3807 peccato
2852 3738 3168 3806 obligantur
3224 3741 3429 3808 alieno,
3488 3755 3598 3794 cum
3635 3733 3787 3791 exinde

2131 3827 2456 3895 propagatis
2482 3826 2733 3880 membris
2768 3827 3088 3882 mortalibus
3137 3829 3483 3898 inseruntur,
3511 3832 3568 3882 ut
3593 3840 3688 3891 eas,
3713 3823 3792 3876 nisi

2130 3929 2232 3984 per
2252 3916 2546 3969 Ecclesiam
2574 3915 2892 3969 subventum
2918 3917 3111 3982 fuerit,
3135 3916 3428 3972 damnatio
3460 3917 3791 3983 consequatw';

2135 4019 2254 4057 cum
2291 4005 2350 4057 in
2405 4019 2592 4058 earum
2627 4009 2894 4072 potestate
2937 4021 3042 4059 non
3082 4007 3177 4073 sit,
3232 4013 3296 4060 ut
3349 4009 3426 4061 eis
3465 4007 3630 4076 possit
3653 4000 3792 4070 gratia

2137 4090 2394 4160 baptismi
2421 4092 2714 4160 subveniri,
2748 4096 2852 4147 etc.
2902 4093 3010 4148 Sed
3037 4093 3137 4164 qui
3165 4094 3384 4149 animae
3439 4093 3678 4149 omnium
3719 4087 3791 4140 h0-

2136 4178 2358 4232 minum
2389 4179 2603 4234 fuerint
2631 4179 2692 4233 in
2715 4180 2919 4235 Adami
2944 4181 3154 4247 anima,
3175 4187 3241 4236 ut
3273 4199 3409 4238 cum
3443 4199 3508 4238 ea
3536 4175 3790 4252 peccarint,

2137 4283 2254 4320 non
2283 4266 2503 4322 facilius
2535 4268 2902 4339 intelligitur,
2935 4270 3538 4342 absurdissimumque
3561 4274 3650 4339 ;est
3673 4277 3795 4319 com-

2140 4357 2417 4408 mentum.
2454 4355 2652 4425 Itaque
2684 4355 2857 4409 satius
2915 4357 3098 4412 multo
3151 4358 3359 4413 fuisset
3417 4359 3700 4429 diligenter
3725 4363 3791 4402 ex-

2137 4443 2388 4512 pendere
2421 4443 2544 4497 loca
2578 4444 2908 4514 Scripturze,
2941 4462 3007 4499 ex
3057 4446 3273 4516 quibus
3311 4445 3596 4519 ejusmodi
3622 4438 3797 4514 opinio.

2135 4545 2236 4583 nes
2265 4531 2493 4585 fluxisse
2515 4532 2912 4599 censebantur,
2945 4537 3002 4586 et
3045 4534 3221 4587 ﬁnem
3270 4552 3337 4590 ac
3368 4540 3631 4589 naturam
3660 4524 3799 4596 bapﬁ'

2137 4618 2286 4688 smi;
2321 4619 2474 4690 quod
2516 4619 2563 4673 si
2614 4620 2866 4690 penitius
2897 4621 3111 4675 factum
3150 4622 3380 4690 fuisset,
3434 4616 3797 4676 intellexissent

2135 4705 2274 4760 boni
2336 4707 2445 4761 viri
2495 4723 2574 4775 se,
2624 4713 2930 4779 postquam
2979 4708 3039 4762 in
3093 4709 3398 4780 Scriptura
3457 4703 3800 4780 quaesivissent

2136 4795 2292 4866 quod
2340 4795 2400 4849 in
2448 4812 2514 4850 ea
2562 4812 2681 4850 non
2737 4801 2841 4866 est,
2895 4797 3401 4868 inexplicabilibus
3452 4796 3800 4855 difﬁcultatum

2135 4884 2440 4939 maeandris
2483 4884 2774 4939 intricatos
2824 4885 3028 4954 fuisse;
3083 4902 3186 4941 nec
3234 4888 3515 4943 articulos
3559 4883 3683 4941 ﬁdei
3709 4892 3801 4934 esse

2133 4976 2251 5027 tam
2297 4973 2460 5027 facile
2507 4991 2574 5027 ex
2615 4974 2753 5028 locis
2804 4974 3059 5029 obscuris
3089 4975 3427 5045 eliciendos,
3472 4982 3640 5047 atque
3662 4972 3804 5040 impo-

2135 5062 2352 5116 nendos
2396 5063 2729 5118 Christianis
2783 5067 2998 5119 terrore
3058 5065 3507 5121 anathematum
3558 5069 3612 5119 et
3657 5055 3806 5115 omnis

2133 5150 2358 5220 generis
2409 5167 2744 5220 poenarum:
2807 5152 3302 5222 quemadmodum
3362 5155 3578 5210 factum
3635 5153 3709 5205 est
3749 5158 3800 5198 eo

2133 5243 2392 5309 tempore
2425 5240 2495 5294 ab
2533 5238 2790 5293 Ecclesiis
2820 5233 3122 5296 Africanis.

2201 5327 2378 5394 Ibid.,
2412 5329 2439 5395 §
2476 5329 2557 5382 l0.
2592 5330 2859 5397 Quoniam
2883 5329 3063 5398 igitur
3091 5347 3262 5400 neque
3295 5331 3366 5387 de
3416 5333 3534 5387 Deo
3556 5335 3805 5402 possumus

2129 5414 2305 5470 dicere
2333 5415 2478 5485 quod
2497 5417 2579 5471 vel
2605 5422 2762 5484 cogat
2787 5420 3000 5474 animas
3023 5421 3151 5489 ﬁere
3165 5423 3524 5490 peccatrices,
3550 5420 3629 5475 vel
3645 5413 3812 5487 puniat

2129 5506 2464 5572 innocentes;
2515 5520 2684 5576 neque
2719 5521 2918 5575 negare
2945 5509 3037 5575 fas
3086 5508 3238 5564 nobis
3298 5513 3383 5565 est
3433 5524 3524 5564 eas
3562 5522 3674 5577 quae
3713 5503 3807 5557 sine
