3922 6188
124 334 201 385 269
850 329 1209 386 VARIORUM
1252 332 1847 391 EXERCITATIONES
1886 337 1952 392 IN
1992 341 2046 394 S.
2090 340 2455 397 AUGUSTINI
2495 342 2744 397 OPERA.

3445 349 3549 401 270

124 455 283 512 Christi
325 454 640 505 sacramento
687 449 753 503 de
799 452 1111 520 corporibus
1140 443 1392 522 exierint,
1425 459 1588 511 etiam
1605 474 1738 526 par—
1778 464 1822 516 A
1851 461 2246 529 custodiuntur,
2277 467 2566 532 patiuntur
2599 469 2754 519 tanta
2792 482 2910 534 quae
2937 469 3144 534 nolunt,
3169 468 3331 522 donec
3352 472 3423 524 iis
3455 471 3551 524 ad-

127 546 332 601 vulorum,
382 540 591 592 nonnisi
636 541 693 592 in
736 539 1140 597 damnationem
1188 547 1378 612 trahi;
1420 546 1630 600 obsecro
1679 551 1748 616 te,

125 629 325 699 quomodo
367 628 467 680 hac
502 628 684 694 opinio
733 627 1049 694 defenditur
1091 632 1528 698 qua-creduntur
1557 637 1751 688 anima

123 734 195 771 non
227 731 283 770 ea:
326 717 417 768 illa
451 731 559 768 una
607 717 778 784 primi
825 717 1058 772 hominis
1108 721 1231 787 ﬁeri
1253 735 1448 789 omnes,
1491 721 1585 776 sed
1612 724 1752 776 sicut

117 805 186 857 illa
207 818 299 855 una
337 803 444 867 uni,
495 803 579 854 ita
628 803 858 869 singulis
887 805 1116 872 singulae
1136 805 1164 859 ?
1193 803 1214 877 ]
1253 806 1643 862 Certissimum
1667 812 1751 862 est

115 910 138 945 a
160 892 248 944 Deo
271 905 443 961 neque
491 889 712 944 animas
761 891 887 962 cogi
928 896 991 946 ut
1023 891 1138 947 sint
1162 895 1526 964 peccatrices,
1562 912 1748 967 neque

110 977 241 1048 plecti
280 976 632 1043 innocentes;
687 979 838 1033 Deus
889 978 1046 1034 enim
1101 985 1204 1045 est,
1257 981 1378 1036 sine
1436 983 1632 1050 dubio,
1695 989 1750 1040 et

110 1064 365 1119 sanctitatis
385 1080 579 1118 amans
602 1071 659 1119 et
673 1066 860 1136 justus
887 1087 901 1134 ;
921 1071 980 1122 at
1003 1069 1387 1138 Augustinum
1409 1071 1750 1141 oportuisset

106 1155 314 1226 proferre
331 1154 516 1208 locum
538 1154 799 1226 aliquem.
814 1156 1125 1227 Scripturee
1152 1174 1219 1212 ex
1248 1175 1363 1230 quo
1381 1159 1598 1230 liquido
1619 1177 1749 1215 con—

105 1248 187 1296 stet
209 1242 500 1297 infantibus
527 1243 848 1299 necessario
878 1245 1214 1316 impositum
1246 1263 1366 1302 esse
1395 1248 1745 1319 baptismum

103 1331 162 1384 ita
186 1335 238 1384 ut
265 1331 373 1384 sine
403 1348 468 1385 eo
493 1332 860 1402 damnentur,
901 1335 1084 1405 qualis
1109 1337 1264 1389 locus
1308 1335 1499 1390 nullus
1546 1343 1648 1391 est.
1679 1339 1748 1392 Ut

102 1419 221 1473 enim
247 1420 540 1474 concedam
561 1421 768 1475 adultis
791 1423 1155 1478 credentibus
1178 1424 1527 1494 baptismum
1551 1442 1747 1480 neces-

101 1507 215 1560 sario
235 1507 460 1578 imponi,
481 1508 647 1579 quasi
665 1509 1108 1564 Christianitatis
1131 1512 1416 1582 publicam
1438 1514 1744 1583 professio-

101 1613 201 1649 nem
227 1612 282 1649 ac
309 1601 607 1664 tesseram;
639 1615 754 1652 non
776 1598 906 1652 ideo
937 1600 1197 1671 sequitur
1225 1601 1397 1655 etiam
1418 1601 1744 1672 imponiiu-

99 1684 316 1738 fantibus.
338 1685 477 1739 Nam
503 1689 585 1753 ut,
604 1686 862 1756 quamvis
881 1687 1019 1741 ﬁdes
1036 1688 1358 1757 promiscue
1373 1690 1440 1744 ab
1479 1690 1744 1745 omnibus

99 1772 327 1844 exigatur,
342 1772 419 1827 ita
431 1790 505 1828 ea
533 1775 654 1828 loca
675 1773 1100 1846 intelliguntur,
1125 1781 1187 1830 ut
1206 1779 1561 1848 explicentur
1585 1779 1654 1833 de
1671 1778 1743 1834 iis

99 1862 172 1931 qui
195 1867 310 1916 sunt
335 1861 466 1916 ﬁdei
503 1879 758 1934 capaces,
783 1879 901 1918 nou
932 1865 1001 1918 de
1031 1863 1366 1933 infantibus,
1391 1866 1491 1936 qui
1512 1867 1742 1923 credere

95 1966 180 2003 non
205 1955 423 2020 possunt
440 1955 576 2004 ante
619 1949 856 2004 rationis
889 1967 1102 2006 usum:
1148 1952 1225 2006 sic
1265 1955 1526 2024 quamvis
1556 1957 1744 2009 essent

96 2039 332 2108 generalia
373 2043 668 2110 praecepta
715 2039 784 2093 de
827 2038 1188 2111 suscipiendo
1221 2041 1290 2095 ab
1343 2041 1610 2097 omnibus
1641 2042 1743 2098 ba-

93 2127 276 2195 ptismo,
324 2133 516 2183 essent
562 2143 788 2199 semper
819 2144 948 2182 cum
995 2127 1327 2199 exceptione
1368 2128 1743 2200 intelligenda

93 2215 145 2268 de
168 2216 225 2268 iis
250 2216 306 2269 in
332 2233 586 2288 quorum
615 2221 898 2287 potestate
941 2220 1025 2271 est
1069 2217 1386 2288 baptizari;
1435 2234 1553 2272 non
1581 2219 1650 2273 de
1671 2217 1742 2272 iis

93 2301 135 2355 in
156 2319 373 2373 quorum
417 2308 708 2375 potestate
750 2321 869 2358 non
909 2309 1012 2359 est.
1043 2308 1115 2359 At
1139 2305 1492 2376 Augustinus
1521 2322 1743 2360 morem

92 2391 302 2446 Ecclesiae
354 2391 633 2463 profert§
671 2396 760 2460 2t,
809 2393 905 2447 ubi
935 2398 1224 2463 propterea
1246 2410 1365 2448 cum
1392 2395 1742 2464 baptizandis

89 2483 288 2547 parvulis
313 2483 617 2548 festinatur
641 2486 692 2536 et
719 2483 982 2548 cur-ritur,
1016 2484 1147 2551 quia
1174 2485 1290 2537 sine
1310 2483 1472 2537 dubio
1503 2484 1743 2538 creditur

93 2571 214 2622 aliter
235 2585 312 2624 eos
339 2573 397 2625 in
419 2572 656 2625 Christo
674 2572 946 2640 viuiﬁcari
960 2573 1173 2625 omnino
1200 2586 1306 2624 non
1329 2586 1510 2640 posse.
1530 2571 1742 2624 Verum

93 2672 164 2708 cur
184 2658 232 2711 id
277 2659 584 2714 crederent
634 2659 944 2714 Christiani
991 2659 1213 2713 nullam
1262 2659 1322 2713 in
1349 2661 1742 2730 apostolorum

93 2745 261 2816 scriptis
280 2751 499 2801 certam
536 2747 818 2801 rationem
849 2746 1107 2801 invenire
1151 2763 1495 2817 possumus;
1536 2763 1641 2802 nec
1674 2763 1743 2802 ex

95 2835 470 2904 consuetudine,
508 2840 606 2890 aut
633 2835 927 2906 opinione,
979 2851 1108 2906 quae
1146 2835 1433 2905 imperitis
1481 2852 1642 2906 aeque
1673 2852 1738 2889 ac

99 2921 239 2989 peritis
265 2927 448 2978 ortum
481 2939 659 2977 suum
691 2922 897 2977 debere
925 2922 1133 2993 potuit,
1162 2922 1293 2976 licet
1335 2923 1542 2993 dogma
1576 2921 1742 2976 Chri—

1857 551 1930 603 sit
1976 552 2224 606 voluntas
2249 554 2583 622 suscipiendi
2620 556 2796 623 operis
2849 555 2991 609 boni.
3035 555 3143 610 Sed
3186 556 3286 626 qui
3333 557 3412 611 ita
3457 575 3548 611 co-

1858 642 2074 708 guntur
2099 640 2186 705 (ut
2211 656 2489 710 ponamus
2519 657 2639 696 esse
2658 642 2756 714 qui
2779 659 2908 698 vere
2931 647 3214 714 coguntur
3239 644 3550 716 dignitates

1858 730 1914 780 et
1950 742 2086 797 opes
2128 729 2532 784 ecclesiasticas
2579 731 2853 801 accipere,
2899 749 3029 786 cum
3089 737 3254 787 antea
3300 735 3550 805 nollent)

1855 819 2062 884 putant
2083 816 2256 870 etiam
2285 816 2396 887 ipsi
2422 817 2815 888 episcopatum
2845 836 2964 874 esse
2995 835 3134 890 opus
3173 821 3398 889 bonum;
3446 838 3552 876 nec

1857 919 1988 957 eum
2043 905 2356 976 refugiunt,
2404 906 2566 976 quasi
2615 908 2830 961 malum
2853 908 3168 978 quidpiam,
3202 909 3297 962 sed
3320 914 3546 964 tantum

1857 992 2013 1062 quod
2049 991 2102 1046 ei
2155 993 2317 1047 oneri
2354 998 2504 1047 recte
2533 994 2766 1048 ferendo
2789 996 3035 1066 impares
3065 1013 3123 1051 se
3163 997 3444 1068 judicent.
3479 1002 3551 1053 At

1857 1079 2165 1135 Donatistae
2209 1081 2426 1135 malum
2479 1097 2582 1151 per
2626 1098 2683 1136 se
2727 1098 2867 1145 esse,
2924 1100 2988 1137 ac
3042 1085 3156 1138 Deo
3217 1085 3540 1155 displicere,

1857 1166 2116 1236 quamvis
2167 1182 2234 1221 ea
2276 1167 2337 1221 in
2367 1182 2428 1221 re
2476 1172 2751 1235 errarent,
2779 1169 3060 1238 putabant
3085 1170 3145 1224 id
3179 1173 3332 1240 quod
3361 1171 3547 1226 facere

1856 1255 2236 1324 cogebantur;
2287 1271 2392 1308 nec
2436 1255 2833 1310 vexationibus
2870 1257 3034 1310 aliter
3062 1261 3128 1311 ut
3157 1259 3428 1314 sentirent
3460 1261 3554 1314 ad-

1857 1342 1988 1396 duci
2036 1346 2318 1413 poterant.
2373 1344 2573 1413 Itaque
2620 1343 2762 1397 nihil
2811 1344 2881 1397 ad
2931 1360 3053 1398 rem
3085 1345 3192 1398 hoc
3224 1349 3549 1417 exemplum

1855 1430 2004 1497 facit,
2050 1447 2153 1484 nec
2196 1431 2502 1485 adhibetur
2541 1432 2611 1485 ab
2654 1431 2992 1502 Augustino,
3026 1433 3134 1487 nisi
3174 1451 3331 1488 more
3355 1452 3552 1489 eorum

1854 1519 2154 1573 rhetorum
2179 1519 2384 1590 quibus
2416 1520 2550 1573 satis
2577 1523 2660 1574 est
2697 1521 2786 1574 vel
2827 1521 3112 1575 levissima
3166 1523 3551 1577 verisimilitu—

1854 1606 2003 1661 dinis
2032 1607 2237 1661 umbra
2281 1612 2346 1661 ut
2398 1607 2504 1661 sibi
2547 1612 2696 1662 recte
2729 1608 3059 1663 ratiocinari
3085 1609 3416 1680 videantur;
3459 1629 3552 1665 cu-

1783 1695 2104 1798 Bjusmodi
2151 1695 2480 1749 hominibus
2532 1696 2701 1750 nimis
2744 1701 3071 1752 scatuerunt
3120 1715 3225 1768 per
3254 1699 3434 1753 multa
3455 1717 3553 1754 sm-

1852 1786 1979 1839 cula
2031 1783 2368 1839 Christianae
2412 1785 2692 1853 Ecclesiae,
2742 1786 2841 1840 sed
2875 1785 3198 1856 praesertim
3249 1786 3346 1856 illo
3407 1804 3546 1841 aevo.

1852 1873 2181 1944 Optandum
2212 1877 2359 1928 esset
2381 1888 2477 1927 eos
2509 1873 2608 1944 qui
2637 1873 2864 1944 publice
2894 1891 3124 1929 causam
3169 1875 3550 1930 Ecclesiarum

1848 1960 2188 2033 suscipiunt,
2241 1961 2416 2030 paulo
2465 1961 2771 2014 studiosius
2815 1961 3124 2016 dialectica:
3160 1965 3217 2016 et
3245 1963 3548 2017 rhetoricae

1853 2048 2124 2104 severiori
2145 2065 2376 2120 operam
2403 2049 2560 2116 dare,
2593 2065 2664 2102 ne
2720 2053 2804 2103 tot
2848 2049 3198 2122 sophismata
3241 2067 3303 2105 ac
3347 2051 3550 2107 inanes

1851 2137 2118 2210 phaleras
2150 2136 2464 2208 plebeculee
2489 2137 2868 2192 venditarent.

2011 2252 2301 2308 HENRICI
2342 2253 2431 2307 DE
2472 2252 2680 2307 NORIS
2717 2253 3394 2310 AMIMADVERSIONES.

2455 2373 2510 2410 IN
2548 2372 2712 2412 EPIST.
2757 2372 2946 2412 CLXXV.

1851 2472 1929 2529 Cl.
1963 2485 2024 2525 ac
2044 2470 2351 2525 doctissimo
2375 2473 2492 2524 viro
2517 2471 2753 2525 Antonio
2782 2471 3110 2537 Magliabeco
3146 2471 3454 2526 Florentino
3480 2472 3545 2527 F.

1993 2561 2258 2615 Henricus
2289 2560 2354 2615 de
2375 2560 2558 2626 Noris,
2592 2561 2908 2615 Veronensis
2931 2561 3406 2627 Augustinianus.

1916 2666 2066 2732 Cum
2125 2666 2279 2720 Pisas
2347 2659 2586 2738 pergere
2637 2665 3032 2733 destinassem,
3095 2669 3152 2720 et
3206 2667 3330 2736 jam
3393 2666 3554 2720 sche-

1852 2753 1952 2808 das
2007 2770 2072 2808 ac
2117 2754 2461 2809 litterarium
2512 2757 2964 2808 instrumentum
3003 2752 3393 2823 collegissem;
3459 2753 3550 2806 in-

1851 2842 2113 2896 stitutum
2187 2847 2425 2912 repente
2488 2842 2622 2908 iter,
2688 2842 2775 2895 vir
2822 2841 3154 2908 clarissime,
3215 2840 3548 2908 remoraris,

1851 2929 2136 3000 simulque
2212 2928 2607 3000 longissimam
2674 2929 3202 2999 peregrinationem
3274 2927 3552 2998 injungis,

101 3008 240 3064 stiauze
269 3012 396 3066 ﬁdei
427 3011 750 3082 colligere;
782 3010 1106 3081 praesertim
1138 3026 1269 3064 cum
1307 3010 1743 3065 difficultatibus
1773 3026 1813 3083 ο
1848 3018 2057 3088 jubens
2110 3023 2173 3071 ut
2220 3017 2280 3071 in
2332 3017 2578 3071 Africam
2637 3017 2896 3072 ocissime
2965 3016 3377 3084 transmittam,
3447 3015 3554 3069 ibi-

95 3111 181 3166 quae
207 3101 332 3154 solvi
367 3105 675 3172 nequeunt
707 3100 948 3155 laboret.
999 3099 1265 3164 Quamvis
1316 3115 1435 3153 non
1478 3099 1626 3153 male
1654 3098 1750 3152 ba-

91 3186 322 3252 ptizentur
358 3189 638 3255 infantes,
694 3193 946 3243 attamen
994 3187 1051 3242 id
1089 3187 1160 3243 ab
1208 3186 1479 3257 apostolis
1507 3187 1740 3252 factum,

91 3277 126 3324 et
163 3276 367 3345 quidem
415 3294 494 3331 ne
524 3275 806 3346 baptismo
838 3275 1549 3344 destitutidamnarentur,
1584 3275 1743 3330 nullo

90 3361 150 3413 vel
175 3363 390 3418 minimo
423 3363 646 3418 indicio
679 3367 914 3417 constat.

138 3450 278 3519 Ibid.,
309 3451 334 3521 ξ
364 3457 453 3507 21.
494 3453 759 3519 Quisquis
788 3452 937 3506 nobis
969 3451 1176 3506 dimerit
1208 3467 1531 3521 quemquam
1568 3454 1627 3505 in
1653 3468 1743 3506 re-

88 3544 359 3595 surrectione
409 3546 755 3595 mortuorum
775 3543 1048 3609 viviﬁcari
1075 3555 1234 3609 posse
1265 3542 1376 3594 nisi
1420 3543 1478 3594 in
1508 3541 1742 3607 Christo,

89 3630 298 3696 tanquam
332 3632 516 3698 pestis
560 3630 850 3683 communis
906 3627 1036 3696 ﬁdei
1083 3627 1432 3683 detestandus
1462 3633 1559 3683 est.
1586 3627 1607 3700 ]
1636 3629 1745 3684 Sed

86 3714 189 3782 quid
215 3716 312 3772 sibi
340 3719 464 3771 vult
495 3719 554 3769 in
584 3716 796 3772 Christo
814 3715 841 3768 ‘l
866 3715 924 3770 Si
950 3721 1176 3786 propter
1205 3721 1303 3769 aut
1327 3733 1427 3786 per
1472 3718 1745 3773 Christum

87 3801 336 3876 intelligas,
372 3821 584 3860 verum
610 3809 724 3871 est;
755 3804 854 3858 sed
898 3804 1024 3875 quis
1071 3805 1180 3858 hoc
1210 3805 1484 3874 negavit?
1511 3805 1740 3876 Pergit:

83 3890 181 3944 Item
208 3897 443 3964 quisquis
502 3894 708 3947 dixerit
752 3893 896 3962 quod
943 3896 1001 3947 in
1039 3894 1261 3947 Christo
1320 3893 1745 3961 viviﬁcabuntur

82 3983 207 4034 etiam
229 3986 446 4051 parvuli
473 3985 579 4053 qui
604 3985 719 4037 sine
734 3985 1062 4037 sacramenti
1090 3983 1206 4051 ejus
1231 3983 1660 4052 participatione
1681 3981 1745 4034 de

81 4069 168 4120 rita
203 4077 406 4140 creant,
458 4074 551 4126 hic
585 4075 828 4141 profecto
868 4075 917 4124 et
948 4076 1134 4125 contra
1165 4073 1518 4139 apostolicam
1540 4069 1746 4139 praedi-

77 4158 292 4212 cationem
335 4163 508 4223 venit,
551 4163 602 4212 et
646 4163 812 4212 totam
859 4158 1174 4212 condemnat
1233 4157 1556 4222 Ecclesium,
1635 4160 1738 4208 etc.

81 4243 161 4296 L'bi
188 4248 415 4317 apostoli
457 4249 532 4302 de
585 4247 902 4302 infantibus
948 4247 1058 4300 hoc
1113 4244 1544 4316 praedicarunt?
1594 4246 1742 4298 Nus-

1853 3122 1965 3177 que
2016 3105 2402 3176 plurimarum
2464 3104 2715 3173 urbium,
2791 3122 2932 3176 quas
2976 3109 3201 3175 tempus
3268 3104 3426 3170 edax,
3491 3119 3554 3157 ac

1851 3195 2226 3250 barbarorum
2264 3195 2400 3249 olim
2450 3193 2578 3248 fuor
2627 3195 2850 3261 evertit,
2921 3193 3223 3248 ruderibus
3283 3192 3552 3246 eruendis

1850 3283 2143 3339 insudem.
2178 3281 2387 3337 Scribis
2415 3281 2568 3336 enim
2599 3287 2653 3336 te
2685 3297 2871 3352 nuper
2898 3281 3177 3351 Lugduno
3211 3280 3370 3336 Marii
3412 3281 3552 3335 Mer-

1852 3370 2058 3426 catoris
2108 3371 2333 3425 libellos
2376 3370 2745 3441 amplissimis
2794 3369 2940 3424 notis
2965 3386 2998 3422 a
3030 3371 3248 3423 Joanne
3279 3370 3551 3423 Garnerio

1850 3461 2166 3515 illustratos
2199 3458 2502 3530 accepisse,
2536 3476 2600 3513 ac
2625 3459 2903 3530 gratulari
2933 3463 2986 3512 te
3034 3457 3184 3512 felici
3231 3458 3552 3512 Mercatoris

1853 3549 2012 3618 sorti,
2063 3549 2162 3620 qui
2212 3565 2342 3603 cum
2391 3565 2494 3618 per
2528 3548 2826 3602 duodecim
2867 3546 3070 3602 saecula
3123 3545 3401 3614 latuisset,
3443 3548 3552 3602 hoc

1851 3653 2002 3692 anno
2025 3637 2151 3691 orbi
2174 3634 2453 3690 litterario
2482 3633 3026 3706 primuminnotuit,
3059 3633 3316 3704 ejusdem
3345 3635 3551 3689 libellis

1852 3724 2100 3788 Parisiis,
2131 3723 2431 3792 Bruxellis,
2465 3728 2522 3777 et
2550 3722 2765 3792 partim
2795 3721 2968 3776 etiam
2996 3722 3214 3776 Patavii
3244 3740 3358 3778 una
3380 3723 3548 3777 simul

1851 3812 1912 3865 in
1959 3813 2150 3867 lucem
2185 3811 2425 3866 emissis.
2475 3811 2718 3865 Videsne
2771 3826 2956 3864 seram
3000 3812 3397 3881 posteritatem
3447 3813 3546 3868 do-

1851 3899 2232 3953 ctissimorum
2275 3898 2532 3952 virorum
2576 3913 2771 3951 curam
2820 3914 3042 3968 gerere,
3073 3915 3216 3969 quos
3246 3915 3349 3952 nec
3378 3899 3549 3970 longa

1853 3993 1990 4041 aetas
2027 4002 2287 4056 unquam
2330 3984 2542 4050 obruit,
2598 3986 2690 4039 sed
2741 4001 2771 4038 e
2810 3985 3290 4040 bibliothecarum
3326 3987 3548 4056 angulis

1851 4076 1914 4129 in
1940 4090 2146 4128 manus
2173 4079 2346 4143 atque
2380 4089 2480 4126 ora
2508 4072 2805 4126 hominum
2829 4072 3155 4142 posliminio
3185 4074 3319 4128 licet
3355 4091 3547 4128 erum-

1855 4163 2042 4235 punt?
2074 4162 2247 4216 Addis
2268 4160 2472 4231 legisse
2505 4165 2558 4213 te
2587 4161 2649 4214 in
2678 4162 2932 4231 ejusdem
2965 4162 3221 4216 Garnerii
3251 4179 3420 4232 opere
3451 4181 3550 4218 no-

1853 4256 1963 4320 tas,
1996 4265 2136 4320 quas
2163 4250 2544 4303 dissertatione
2570 4253 2603 4302 2
2627 4249 2692 4303 de
2737 4251 2970 4318 Synodis
3009 4252 3068 4304 in
3105 4265 3271 4304 causa
3299 4253 3544 4318 Pelagia-

77 4316 238 4400 quami
267 4338 342 4389 De
373 4335 639 4391 Ecclesia?
669 4335 1078 4389 consuetudine
1102 4335 1220 4405 jam
1247 4333 1514 4388 diximus.
1542 4334 1739 4403 Itaque
1777 4316 1820 4370 D
1855 4316 2047 4393 norum
2069 4337 2270 4391 habitis
2318 4338 2527 4390 vivente
2547 4335 2608 4390 S.
2635 4316 2942 4404 Augustino
2972 4336 3033 4391 in
3071 4341 3376 4410 utramque
3425 4316 3546 4409 epi-

80 4423 170 4472 tam
196 4423 345 4477 facile
369 4431 552 4494 pestes
583 4426 874 4478 communis
902 4425 1032 4493 ﬁdei
1056 4439 1171 4477 non
1199 4426 1332 4476 sunt
1363 4421 1612 4476 habendi
1643 4420 1744 4492 qui

77 4515 240 4565 contra
267 4514 544 4568 sentiunt.
579 4515 755 4566 Atrox
783 4513 892 4566 hoc
931 4517 1017 4566 est
1047 4511 1368 4566 convicium
1408 4510 1469 4564 in
1517 4527 1612 4564 eos
1643 4509 1744 4580 qui

77 4597 341 4669 Scripturis
374 4602 640 4658 convinci
670 4607 987 4674 nequeunt.

132 4688 360 4757 Epistola
407 4691 590 4760 t73,§
648 4693 698 4745 2.
759 4691 864 4746 Sed
921 4706 1088 4760 neque
1127 4693 1222 4744 hoc
1253 4695 1415 4760 putas
1467 4689 1570 4743 tibi
1620 4689 1746 4758 fieri

78 4773 301 4845 debuisse,
359 4781 498 4846 quia
542 4781 804 4832 neminem
849 4781 1135 4832 existimas
1183 4777 1475 4845 cogendum
1525 4792 1635 4830 esse
1671 4777 1746 4830 ad

77 4860 253 4919 bonum.
285 4867 306 4937 j
357 4867 573 4933 Recte;
620 4884 755 4920 nam
781 4867 999 4921 bonum
1048 4869 1170 4920 es'se
1226 4883 1342 4920 non
1372 4870 1560 4934 potest
1588 4865 1746 4936 quod

76 4949 593 5020 ﬁtacoacto;l)eus
641 4955 794 5010 enim
836 4972 953 5010 non
1004 4954 1208 5025 accipit
1256 4955 1406 5009 dicta
1448 4959 1548 5007 aut
1597 4954 1746 5007 facta

75 5038 248 5107 quibus
276 5045 509 5098 animus
541 5061 656 5098 non
679 5045 856 5099 adest.
881 5043 1018 5110 Quis
1039 5044 1457 5113 eleemosynam
1486 5042 1581 5096 dat
1607 5041 1746 5095 invi-

75 5129 164 5197 1115,
201 5131 312 5186 Deo
341 5133 534 5203 magis
573 5149 687 5187 non
718 5133 901 5204 placet
928 5147 1102 5203 quam
1134 5130 1234 5202 qui
1276 5147 1404 5184 eam
1447 5130 1744 5200 przefracte

76 5223 234 5288 negat.
281 5224 558 5276 Attamen
610 5227 808 5276 contra
854 5225 1044 5276 censet
1092 5220 1468 5290 Augustinus,
1520 5219 1616 5290 qui
1667 5218 1745 5272 sic

75 5313 237 5362 contra
292 5310 654 5365 Donatistam
705 5308 1118 5365 ratiocinatur:
1168 5309 1402 5364 Attende
1432 5307 1567 5376 quid
1594 5308 1745 5375 Apo-

75 5396 208 5449 stolus
259 5398 503 5453 dixerit:
550 5399 656 5464 Qui
710 5399 1104 5469 episcopatum
1155 5397 1458 5457 desiderat,
1530 5394 1747 5448 bonum

75 5497 188 5551 opus
214 5487 583 5558 concupiscit,
617 5492 664 5544 et
694 5493 871 5542 tamen
905 5493 1014 5542 tam
1045 5487 1224 5552 multi,
1275 5491 1335 5538 ut
1381 5486 1749 5552 episcopatum

74 5574 339 5642 suscipiant
401 5579 650 5631 tenentur
695 5576 878 5639 inviti,
921 5574 1310 5645 perducuntur,
1368 5570 1746 5636 includuntur,

1850 4427 2110 4499 graphen
2161 4425 2482 4479 litterarum
2527 4424 2728 4496 synodi
2780 4424 3239 4495 Carthaginensis
3280 4431 3336 4480 et
3385 4427 3544 4482 Mile-

1851 4515 2056 4570 vitana:
2110 4529 2259 4567 anno
2313 4514 2417 4566 416
2464 4518 2663 4566 contra
2711 4511 3044 4584 Pelagianos
3111 4513 3545 4583 celebratarum,

1852 4601 2122 4656 exaravit.
2159 4600 2264 4654 Ubi
2320 4615 2449 4671 quae
2500 4615 2591 4652 me
2640 4601 2864 4670 assequi
2905 4600 3229 4654 nullatenus
3257 4618 3419 4672 posse
3447 4603 3546 4657 du-

1851 4691 1990 4745 dum
2019 4689 2126 4744 tibi
2163 4704 2266 4758 per
2293 4689 2511 4742 litteras
2541 4687 3016 4758 signiticaveram,
3049 4705 3166 4742 non
3195 4689 3365 4743 modo
3394 4689 3548 4743 idem

1853 4779 2092 4848 scriptor
2137 4776 2396 4845 tentavit,
2453 4776 2553 4830 sed
2592 4775 2785 4845 etiam,
2819 4779 2881 4828 ut
2909 4775 3017 4829 sibi
3045 4776 3347 4846 persuasit,
3379 4777 3546 4847 plane

1852 4864 2112 4920 confecit.
2171 4863 2394 4918 Etenim
2441 4880 2572 4918 cum
2624 4863 2913 4934 synodica:
2957 4863 3162 4917 littera:
3183 4864 3254 4917 ad
3285 4864 3338 4918 S.
3373 4865 3544 4918 Inno-

1851 4953 2101 5008 centium
2128 4952 2461 5022 pontificem
2493 4951 2554 5005 in
2584 4951 2892 5022 epigraphe
2925 4950 3159 5005 nomina
3178 4955 3404 5004 tantum
3434 4951 3547 5021 epi-

1852 5055 2173 5112 scoporum,
2231 5055 2348 5094 non
2389 5054 2521 5092 vero
2567 5039 2741 5092 etiam
2790 5038 3120 5093 earumdem
3152 5038 3311 5092 sedes
3350 5039 3551 5106 praefe-

1851 5135 2001 5196 rant,
2061 5133 2126 5183 ut
2175 5145 2242 5183 ex
2293 5127 2548 5198 epistolis
2588 5130 2656 5182 90
2703 5131 2758 5181 et
2807 5130 2880 5181 92
2925 5127 3075 5181 inter
3102 5125 3547 5196 Augustinianas

1851 5222 2029 5288 patet,
2076 5216 2414 5270 Garnerium
2468 5215 2660 5286 inquis
2708 5214 2966 5269 animum
2999 5231 3115 5269 non
3154 5214 3544 5285 despondisse,

1852 5306 1950 5359 sed
1994 5321 2062 5358 ex
2116 5304 2414 5358 collatione
2445 5302 2880 5374 Carthaginensi
2919 5307 3047 5357 ante
3086 5303 3548 5375 quinquennium

1853 5409 2062 5462 nempe
2121 5409 2270 5447 anno
2311 5393 2407 5446 411
2446 5397 2656 5455 coacta,
2693 5391 2954 5445 omnium
2983 5392 3098 5445 fere
3130 5391 3360 5447 illorum
3394 5409 3548 5462 pree—

1855 5482 2043 5535 sulum
2065 5481 2256 5550 urbes,
2304 5496 2549 5551 quarum
2597 5479 2767 5534 sacris
2814 5479 2872 5534 id
2918 5481 3191 5552 temporis
3239 5485 3545 5551 praeerant,

1854 5569 2206 5640 designasse.
2263 5569 2481 5635 Fateor,
2538 5567 2625 5621 vir
2670 5567 3018 5636 doctissime,
3068 5569 3128 5623 in
3168 5585 3296 5623 eam
3329 5585 3420 5624 me
3445 5585 3546 5638 pa.
