  <div class='ocr_page' id='page_1' title='image "/cluster/home/n/w/nwhite01/storage/ocr_20150623/47/hvd.32044096580683/141.png"; bbox 0 0 3922 6188; ppageno 0'>
   <div class='ocr_carea' id='block_1_1' title="bbox 363 222 3741 328">
    <p class='ocr_par' dir='ltr' id='par_1_1' title="bbox 363 222 3741 328">
     <span class='ocr_line' id='line_1_1' title="bbox 363 222 3741 328; baseline 0.004 -17"><span class='ocrx_word' id='word_1_1' title='bbox 363 277 424 328; x_wconf 66' lang='grc' dir='ltr'>τί</span> <span class='ocrx_word' id='word_1_2' title='bbox 850 250 859 258; x_wconf 81' lang='lat'><strong>‘</strong></span> <span class='ocrx_word' id='word_1_3' title='bbox 1342 264 1902 321; x_wconf 80' lang='lat' dir='ltr'>SUPPLEMENTUM</span> <span class='ocrx_word' id='word_1_4' title='bbox 1941 263 2033 318; x_wconf 90' lang='lat' dir='ltr'>AD</span> <span class='ocrx_word' id='word_1_5' title='bbox 2068 244 2302 319; x_wconf 60' lang='lat' dir='ltr'>ornas</span> <span class='ocrx_word' id='word_1_6' title='bbox 2339 263 2395 319; x_wconf 94' lang='lat' dir='ltr'>s.</span> <span class='ocrx_word' id='word_1_7' title='bbox 2435 259 2824 317; x_wconf 69' lang='lat' dir='ltr'>mensum.</span> <span class='ocrx_word' id='word_1_8' title='bbox 3172 222 3183 233; x_wconf 74' lang='grc'><strong>’</strong></span> <span class='ocrx_word' id='word_1_9' title='bbox 3663 273 3741 326; x_wconf 71' lang='lat'>272</span> 
     </span>
    </p>
   </div>
   <div class='ocr_carea' id='block_1_2' title="bbox 334 377 3742 467">
    <p class='ocr_par' dir='ltr' id='par_1_2' title="bbox 334 377 3742 467">
     <span class='ocr_line' id='line_1_2' title="bbox 334 377 3742 467; baseline -0.004 -14"><span class='ocrx_word' id='word_1_10' title='bbox 334 398 476 453; x_wconf 87' lang='lat' dir='ltr'>riter</span> <span class='ocrx_word' id='word_1_11' title='bbox 528 393 957 467; x_wconf 78' lang='lat' dir='ltr'>cogitationem,</span> <span class='ocrx_word' id='word_1_12' title='bbox 997 397 1063 446; x_wconf 89' lang='lat' dir='ltr'>ut</span> <span class='ocrx_word' id='word_1_13' title='bbox 1103 390 1283 461; x_wconf 87' lang='lat' dir='ltr'>probe</span> <span class='ocrx_word' id='word_1_14' title='bbox 1308 388 1484 455; x_wconf 90' lang='lat' dir='ltr'>noris,</span> <span class='ocrx_word' id='word_1_15' title='bbox 1517 388 1656 443; x_wconf 91' lang='lat' dir='ltr'>olim</span> <span class='ocrx_word' id='word_1_16' title='bbox 1687 386 1910 455; x_wconf 84' lang='lat' dir='ltr'>abiisse,</span> <span class='ocrx_word' id='word_1_17' title='bbox 1946 390 2032 441; x_wconf 90' lang='lat' dir='ltr'>at-</span> <span class='ocrx_word' id='word_1_18' title='bbox 2063 387 2109 442; x_wconf 85' lang='lat' dir='ltr'>A</span> <span class='ocrx_word' id='word_1_19' title='bbox 2142 386 2302 439; x_wconf 87' lang='lat' dir='ltr'>stolae</span> <span class='ocrx_word' id='word_1_20' title='bbox 2366 382 2612 439; x_wconf 80' lang='lat' dir='ltr'>brevitas</span> <span class='ocrx_word' id='word_1_21' title='bbox 2683 380 2901 453; x_wconf 90' lang='lat' dir='ltr'>patitur</span> <span class='ocrx_word' id='word_1_22' title='bbox 2968 384 3029 434; x_wconf 91' lang='lat' dir='ltr'>ut</span> <span class='ocrx_word' id='word_1_23' title='bbox 3096 393 3199 449; x_wconf 87' lang='lat' dir='ltr'>per</span> <span class='ocrx_word' id='word_1_24' title='bbox 3252 377 3432 434; x_wconf 88' lang='lat' dir='ltr'>inania</span> <span class='ocrx_word' id='word_1_25' title='bbox 3504 386 3742 454; x_wconf 87' lang='lat' dir='ltr'>exspatier.</span> 
     </span>
    </p>
   </div>
   <div class='ocr_carea' id='block_1_3' title="bbox 332 476 2028 558">
    <p class='ocr_par' dir='ltr' id='par_1_3' title="bbox 332 476 2028 558">
     <span class='ocr_line' id='line_1_3' title="bbox 332 476 2028 558; baseline -0.007 -18"><span class='ocrx_word' id='word_1_26' title='bbox 332 503 444 558; x_wconf 91' lang='lat' dir='ltr'>que</span> <span class='ocrx_word' id='word_1_27' title='bbox 470 484 659 541; x_wconf 90' lang='lat' dir='ltr'>eidem</span> <span class='ocrx_word' id='word_1_28' title='bbox 704 482 864 554; x_wconf 89' lang='lat' dir='ltr'>operi</span> <span class='ocrx_word' id='word_1_29' title='bbox 913 480 1118 535; x_wconf 80' lang='lat' dir='ltr'>acriter</span> <span class='ocrx_word' id='word_1_30' title='bbox 1165 480 1375 550; x_wconf 89' lang='lat' dir='ltr'>stylum</span> <span class='ocrx_word' id='word_1_31' title='bbox 1404 476 1735 545; x_wconf 83' lang='lat' dir='ltr'>intendisse,</span> <span class='ocrx_word' id='word_1_32' title='bbox 1768 492 1899 530; x_wconf 91' lang='lat' dir='ltr'>cum</span> <span class='ocrx_word' id='word_1_33' title='bbox 1929 476 2028 530; x_wconf 90' lang='lat' dir='ltr'>Pe-</span> 
     </span>
    </p>
   </div>
   <div class='ocr_carea' id='block_1_4' title="bbox 332 564 2027 645">
    <p class='ocr_par' dir='ltr' id='par_1_4' title="bbox 332 564 2027 645">
     <span class='ocr_line' id='line_1_4' title="bbox 332 564 2027 645; baseline -0.008 -15"><span class='ocrx_word' id='word_1_34' title='bbox 332 574 619 645; x_wconf 87' lang='lat' dir='ltr'>lagianam</span> <span class='ocrx_word' id='word_1_35' title='bbox 664 570 962 627; x_wconf 80' lang='lat' dir='ltr'>historiam</span> <span class='ocrx_word' id='word_1_36' title='bbox 1015 568 1437 623; x_wconf 88' lang='lat' dir='ltr'>concinnarem.</span> <span class='ocrx_word' id='word_1_37' title='bbox 1493 566 1701 619; x_wconf 83' lang='lat' dir='ltr'>Verum</span> <span class='ocrx_word' id='word_1_38' title='bbox 1742 564 1871 619; x_wconf 90' lang='lat' dir='ltr'>licet</span> <span class='ocrx_word' id='word_1_39' title='bbox 1906 564 2027 635; x_wconf 89' lang='lat' dir='ltr'>plu-</span> 
     </span>
    </p>
   </div>
   <div class='ocr_carea' id='block_1_5' title="bbox 2201 465 3738 541">
    <p class='ocr_par' dir='ltr' id='par_1_5' title="bbox 2201 465 3738 541">
     <span class='ocr_line' id='line_1_5' title="bbox 2201 465 3738 541; baseline 0 -13"><span class='ocrx_word' id='word_1_40' title='bbox 2201 478 2478 529; x_wconf 76' lang='lat' dir='ltr'>Avaeuus</span> <span class='ocrx_word' id='word_1_41' title='bbox 2569 472 3063 527; x_wconf 75' lang='lat' dir='ltr'>CARTHAGINENSIS.</span> <span class='ocrx_word' id='word_1_42' title='bbox 3157 465 3409 523; x_wconf 78' lang='lat' dir='ltr'>Successit</span> <span class='ocrx_word' id='word_1_43' title='bbox 3502 471 3738 541; x_wconf 82' lang='lat' dir='ltr'>Genethlio,</span> 
     </span>
    </p>
   </div>
   <div class='ocr_carea' id='block_1_6' title="bbox 2133 558 3748 631">
    <p class='ocr_par' dir='ltr' id='par_1_6' title="bbox 2133 558 3748 631">
     <span class='ocr_line' id='line_1_6' title="bbox 2133 558 3748 631; baseline -0.002 -13"><span class='ocrx_word' id='word_1_44' title='bbox 2133 578 2227 618; x_wconf 88' lang='lat' dir='ltr'>seu</span> <span class='ocrx_word' id='word_1_45' title='bbox 2251 560 2507 629; x_wconf 87' lang='lat' dir='ltr'>Genedio,</span> <span class='ocrx_word' id='word_1_46' title='bbox 2534 564 2595 615; x_wconf 91' lang='lat' dir='ltr'>ut</span> <span class='ocrx_word' id='word_1_47' title='bbox 2620 563 2828 631; x_wconf 84' lang='lat' dir='ltr'>constat</span> <span class='ocrx_word' id='word_1_48' title='bbox 2855 574 2923 612; x_wconf 76' lang='lat' dir='ltr'>ea:</span> <span class='ocrx_word' id='word_1_49' title='bbox 2950 558 3254 628; x_wconf 74' lang='lat' dir='ltr'>Augustini</span> <span class='ocrx_word' id='word_1_50' title='bbox 3279 558 3488 625; x_wconf 85' lang='lat' dir='ltr'>epistola</span> <span class='ocrx_word' id='word_1_51' title='bbox 3517 562 3619 626; x_wconf 84' lang='grc'>163,</span> <span class='ocrx_word' id='word_1_52' title='bbox 3642 566 3748 615; x_wconf 84' lang='lat' dir='ltr'>scri-</span> 
     </span>
    </p>
   </div>
   <div class='ocr_carea' id='block_1_7' title="bbox 330 644 3746 730">
    <p class='ocr_par' dir='ltr' id='par_1_7' title="bbox 330 644 3746 730">
     <span class='ocr_line' id='line_1_7' title="bbox 330 644 3746 730; baseline -0.003 -15"><span class='ocrx_word' id='word_1_53' title='bbox 330 644 612 715; x_wconf 90' lang='lat' dir='ltr'>rimorum</span> <span class='ocrx_word' id='word_1_54' title='bbox 638 658 1039 730; x_wconf 89' lang='lat' dir='ltr'>episcoporum</span> <span class='ocrx_word' id='word_1_55' title='bbox 1069 656 1229 710; x_wconf 84' lang='lat' dir='ltr'>sedes</span> <span class='ocrx_word' id='word_1_56' title='bbox 1254 671 1322 708; x_wconf 82' lang='lat' dir='ltr'>ex</span> <span class='ocrx_word' id='word_1_57' title='bbox 1342 653 1572 707; x_wconf 89' lang='lat' dir='ltr'>laudata</span> <span class='ocrx_word' id='word_1_58' title='bbox 1596 651 1903 705; x_wconf 83' lang='lat' dir='ltr'>collatione</span> <span class='ocrx_word' id='word_1_59' title='bbox 1934 650 2029 704; x_wconf 90' lang='lat' dir='ltr'>de-</span> <span class='ocrx_word' id='word_1_60' title='bbox 2129 657 2231 720; x_wconf 86' lang='lat' dir='ltr'>pta</span> <span class='ocrx_word' id='word_1_61' title='bbox 2284 666 2374 705; x_wconf 91' lang='lat' dir='ltr'>an.</span> <span class='ocrx_word' id='word_1_62' title='bbox 2418 652 2557 714; x_wconf 66' lang='lat'>412,-</span> <span class='ocrx_word' id='word_1_63' title='bbox 2596 650 2655 701; x_wconf 90' lang='lat' dir='ltr'>in</span> <span class='ocrx_word' id='word_1_64' title='bbox 2697 663 2807 717; x_wconf 90' lang='lat' dir='ltr'>qua</span> <span class='ocrx_word' id='word_1_65' title='bbox 2859 651 3040 700; x_wconf 88' lang='lat' dir='ltr'>tamen</span> <span class='ocrx_word' id='word_1_66' title='bbox 3072 644 3375 699; x_wconf 83' lang='lat' dir='ltr'>Genethlius</span> <span class='ocrx_word' id='word_1_67' title='bbox 3404 645 3584 701; x_wconf 89' lang='lat' dir='ltr'>dicitur</span> <span class='ocrx_word' id='word_1_68' title='bbox 3606 648 3746 705; x_wconf 78' lang='lat' dir='ltr'>beatae</span> 
     </span>
    </p>
   </div>
   <div class='ocr_carea' id='block_1_8' title="bbox 332 739 2023 815">
    <p class='ocr_par' dir='ltr' id='par_1_8' title="bbox 332 739 2023 815">
     <span class='ocr_line' id='line_1_8' title="bbox 332 739 2023 815; baseline -0.007 -11"><span class='ocrx_word' id='word_1_69' title='bbox 332 750 621 814; x_wconf 81' lang='lat' dir='ltr'>ducerem,</span> <span class='ocrx_word' id='word_1_70' title='bbox 680 762 812 801; x_wconf 91' lang='lat' dir='ltr'>cum</span> <span class='ocrx_word' id='word_1_71' title='bbox 877 745 1050 815; x_wconf 91' lang='lat' dir='ltr'>longe</span> <span class='ocrx_word' id='word_1_72' title='bbox 1108 742 1369 814; x_wconf 89' lang='lat' dir='ltr'>plurium</span> <span class='ocrx_word' id='word_1_73' title='bbox 1422 741 1589 795; x_wconf 91' lang='lat' dir='ltr'>urbes</span> <span class='ocrx_word' id='word_1_74' title='bbox 1636 740 1852 810; x_wconf 69' lang='lat' dir='ltr'>ignotas</span> <span class='ocrx_word' id='word_1_75' title='bbox 1877 739 2023 793; x_wconf 89' lang='lat' dir='ltr'>mihi</span> 
     </span>
    </p>
   </div>
   <div class='ocr_carea' id='block_1_9' title="bbox 330 825 2027 909">
    <p class='ocr_par' dir='ltr' id='par_1_9' title="bbox 330 825 2027 909">
     <span class='ocr_line' id='line_1_9' title="bbox 330 825 2027 909; baseline -0.007 -18"><span class='ocrx_word' id='word_1_76' title='bbox 330 852 563 909; x_wconf 82' lang='lat' dir='ltr'>prorsus</span> <span class='ocrx_word' id='word_1_77' title='bbox 594 834 922 899; x_wconf 84' lang='lat' dir='ltr'>evaderent,</span> <span class='ocrx_word' id='word_1_78' title='bbox 957 847 1197 886; x_wconf 88' lang='lat' dir='ltr'>manum</span> <span class='ocrx_word' id='word_1_79' title='bbox 1227 847 1258 884; x_wconf 94' lang='lat' dir='ltr'>e</span> <span class='ocrx_word' id='word_1_80' title='bbox 1287 828 1483 885; x_wconf 83' lang='lat' dir='ltr'>tabula</span> <span class='ocrx_word' id='word_1_81' title='bbox 1512 826 1721 896; x_wconf 90' lang='lat' dir='ltr'>amovi,</span> <span class='ocrx_word' id='word_1_82' title='bbox 1754 827 1893 882; x_wconf 90' lang='lat' dir='ltr'>dum</span> <span class='ocrx_word' id='word_1_83' title='bbox 1942 825 2027 880; x_wconf 89' lang='lat' dir='ltr'>di-</span> 
     </span>
    </p>
   </div>
   <div class='ocr_carea' id='block_1_10' title="bbox 332 912 2028 991">
    <p class='ocr_par' dir='ltr' id='par_1_10' title="bbox 332 912 2028 991">
     <span class='ocr_line' id='line_1_10' title="bbox 332 912 2028 991; baseline -0.007 -13"><span class='ocrx_word' id='word_1_84' title='bbox 332 922 527 978; x_wconf 89' lang='lat' dir='ltr'>vinare</span> <span class='ocrx_word' id='word_1_85' title='bbox 551 919 744 991; x_wconf 85' lang='lat' dir='ltr'>potius</span> <span class='ocrx_word' id='word_1_86' title='bbox 775 934 951 990; x_wconf 93' lang='lat' dir='ltr'>quam</span> <span class='ocrx_word' id='word_1_87' title='bbox 980 916 1279 989; x_wconf 83' lang='lat' dir='ltr'>quidpiam</span> <span class='ocrx_word' id='word_1_88' title='bbox 1310 931 1405 970; x_wconf 91' lang='lat' dir='ltr'>me</span> <span class='ocrx_word' id='word_1_89' title='bbox 1432 914 1552 970; x_wconf 86' lang='lat' dir='ltr'>veri</span> <span class='ocrx_word' id='word_1_90' title='bbox 1580 914 1826 969; x_wconf 86' lang='lat' dir='ltr'>scribere</span> <span class='ocrx_word' id='word_1_91' title='bbox 1854 912 2028 967; x_wconf 88' lang='lat' dir='ltr'>intel-</span> 
     </span>
    </p>
   </div>
   <div class='ocr_carea' id='block_1_11' title="bbox 334 1002 2031 1080">
    <p class='ocr_par' dir='ltr' id='par_1_11' title="bbox 334 1002 2031 1080">
     <span class='ocr_line' id='line_1_11' title="bbox 334 1002 2031 1080; baseline -0.004 -17"><span class='ocrx_word' id='word_1_92' title='bbox 334 1010 595 1080; x_wconf 89' lang='lat' dir='ltr'>ligerem.</span> <span class='ocrx_word' id='word_1_93' title='bbox 628 1006 793 1072; x_wconf 86' lang='lat' dir='ltr'>Quod</span> <span class='ocrx_word' id='word_1_94' title='bbox 822 1021 958 1060; x_wconf 89' lang='lat' dir='ltr'>vero</span> <span class='ocrx_word' id='word_1_95' title='bbox 987 1020 1183 1059; x_wconf 89' lang='lat' dir='ltr'>meum</span> <span class='ocrx_word' id='word_1_96' title='bbox 1214 1020 1440 1075; x_wconf 90' lang='lat' dir='ltr'>quoque</span> <span class='ocrx_word' id='word_1_97' title='bbox 1471 1019 1539 1057; x_wconf 92' lang='lat' dir='ltr'>ea</span> <span class='ocrx_word' id='word_1_98' title='bbox 1566 1003 1633 1058; x_wconf 94' lang='lat' dir='ltr'>de</span> <span class='ocrx_word' id='word_1_99' title='bbox 1656 1019 1717 1057; x_wconf 91' lang='lat' dir='ltr'>re</span> <span class='ocrx_word' id='word_1_100' title='bbox 1748 1002 2031 1074; x_wconf 87' lang='lat' dir='ltr'>judicium</span> 
     </span>
    </p>
   </div>
   <div class='ocr_carea' id='block_1_12' title="bbox 332 1089 2029 1168">
    <p class='ocr_par' dir='ltr' id='par_1_12' title="bbox 332 1089 2029 1168">
     <span class='ocr_line' id='line_1_12' title="bbox 332 1089 2029 1168; baseline -0.004 -17"><span class='ocrx_word' id='word_1_101' title='bbox 332 1095 607 1168; x_wconf 83' lang='lat' dir='ltr'>postulas,</span> <span class='ocrx_word' id='word_1_102' title='bbox 657 1094 919 1165; x_wconf 85' lang='lat' dir='ltr'>quamvis</span> <span class='ocrx_word' id='word_1_103' title='bbox 963 1092 1321 1163; x_wconf 79' lang='lat' dir='ltr'>gravioribus</span> <span class='ocrx_word' id='word_1_104' title='bbox 1368 1090 1518 1146; x_wconf 88' lang='lat' dir='ltr'>curis</span> <span class='ocrx_word' id='word_1_105' title='bbox 1577 1090 1855 1147; x_wconf 83' lang='lat' dir='ltr'>distentus</span> <span class='ocrx_word' id='word_1_106' title='bbox 1898 1089 2029 1158; x_wconf 92' lang='lat' dir='ltr'>sim,</span> 
     </span>
    </p>
   </div>
   <div class='ocr_carea' id='block_1_13' title="bbox 332 1178 2032 1251">
    <p class='ocr_par' dir='ltr' id='par_1_13' title="bbox 332 1178 2032 1251">
     <span class='ocr_line' id='line_1_13' title="bbox 332 1178 2032 1251; baseline -0.004 -12"><span class='ocrx_word' id='word_1_107' title='bbox 332 1190 398 1239; x_wconf 89' lang='lat' dir='ltr'>ut</span> <span class='ocrx_word' id='word_1_108' title='bbox 426 1200 530 1238; x_wconf 93' lang='lat' dir='ltr'>nec</span> <span class='ocrx_word' id='word_1_109' title='bbox 557 1182 693 1237; x_wconf 91' lang='lat' dir='ltr'>inde</span> <span class='ocrx_word' id='word_1_110' title='bbox 724 1179 1005 1236; x_wconf 83' lang='lat' dir='ltr'>machinis</span> <span class='ocrx_word' id='word_1_111' title='bbox 1030 1197 1063 1234; x_wconf 91' lang='lat' dir='ltr'>a</span> <span class='ocrx_word' id='word_1_112' title='bbox 1087 1196 1378 1251; x_wconf 89' lang='lat' dir='ltr'>quoquam</span> <span class='ocrx_word' id='word_1_113' title='bbox 1428 1178 1594 1235; x_wconf 86' lang='lat' dir='ltr'>evelli</span> <span class='ocrx_word' id='word_1_114' title='bbox 1644 1178 1878 1251; x_wconf 88' lang='lat' dir='ltr'>possim,</span> <span class='ocrx_word' id='word_1_115' title='bbox 1909 1178 2032 1232; x_wconf 86' lang='lat' dir='ltr'>ani-</span> 
     </span>
    </p>
   </div>
   <div class='ocr_carea' id='block_1_14' title="bbox 332 1266 2032 1337">
    <p class='ocr_par' dir='ltr' id='par_1_14' title="bbox 332 1266 2032 1337">
     <span class='ocr_line' id='line_1_14' title="bbox 332 1266 2032 1337; baseline -0.002 -13"><span class='ocrx_word' id='word_1_116' title='bbox 332 1268 757 1325; x_wconf 84' lang='lat' dir='ltr'>madversiones</span> <span class='ocrx_word' id='word_1_117' title='bbox 785 1267 848 1321; x_wconf 92' lang='lat' dir='ltr'>in</span> <span class='ocrx_word' id='word_1_118' title='bbox 873 1266 1131 1322; x_wconf 90' lang='lat' dir='ltr'>Garnerii</span> <span class='ocrx_word' id='word_1_119' title='bbox 1156 1272 1320 1322; x_wconf 90' lang='lat' dir='ltr'>notas</span> <span class='ocrx_word' id='word_1_120' title='bbox 1339 1266 1557 1321; x_wconf 87' lang='lat' dir='ltr'>calamo</span> <span class='ocrx_word' id='word_1_121' title='bbox 1590 1266 1662 1321; x_wconf 90' lang='lat' dir='ltr'>ad</span> <span class='ocrx_word' id='word_1_122' title='bbox 1673 1266 1785 1321; x_wconf 89' lang='lat' dir='ltr'>alia</span> <span class='ocrx_word' id='word_1_123' title='bbox 1813 1282 2032 1337; x_wconf 89' lang='lat' dir='ltr'>prope-</span> 
     </span>
    </p>
   </div>
   <div class='ocr_carea' id='block_1_15' title="bbox 331 1353 2032 1426">
    <p class='ocr_par' dir='ltr' id='par_1_15' title="bbox 331 1353 2032 1426">
     <span class='ocr_line' id='line_1_15' title="bbox 331 1353 2032 1426; baseline -0.002 -15"><span class='ocrx_word' id='word_1_124' title='bbox 331 1360 496 1411; x_wconf 87' lang='lat' dir='ltr'>rante</span> <span class='ocrx_word' id='word_1_125' title='bbox 545 1353 893 1425; x_wconf 87' lang='lat' dir='ltr'>scriptitavi:</span> <span class='ocrx_word' id='word_1_126' title='bbox 947 1369 1135 1424; x_wconf 89' lang='lat' dir='ltr'>neque</span> <span class='ocrx_word' id='word_1_127' title='bbox 1174 1354 1329 1408; x_wconf 88' lang='lat' dir='ltr'>enim</span> <span class='ocrx_word' id='word_1_128' title='bbox 1353 1354 1597 1426; x_wconf 88' lang='lat' dir='ltr'>jubenti,</span> <span class='ocrx_word' id='word_1_129' title='bbox 1629 1354 1753 1421; x_wconf 86' lang='lat' dir='ltr'>tibi,</span> <span class='ocrx_word' id='word_1_130' title='bbox 1783 1354 1875 1408; x_wconf 91' lang='lat' dir='ltr'>cui</span> <span class='ocrx_word' id='word_1_131' title='bbox 1902 1355 2032 1425; x_wconf 88' lang='lat' dir='ltr'>plu-</span> 
     </span>
    </p>
   </div>
   <div class='ocr_carea' id='block_1_16' title="bbox 336 1439 2033 1511">
    <p class='ocr_par' dir='ltr' id='par_1_16' title="bbox 336 1439 2033 1511">
     <span class='ocr_line' id='line_1_16' title="bbox 336 1439 2033 1511; baseline -0.002 -13"><span class='ocrx_word' id='word_1_132' title='bbox 336 1444 552 1498; x_wconf 89' lang='lat' dir='ltr'>rimum</span> <span class='ocrx_word' id='word_1_133' title='bbox 581 1442 784 1510; x_wconf 89' lang='lat' dir='ltr'>debeo,</span> <span class='ocrx_word' id='word_1_134' title='bbox 824 1439 1097 1511; x_wconf 83' lang='lat' dir='ltr'>refragari</span> <span class='ocrx_word' id='word_1_135' title='bbox 1127 1455 1382 1511; x_wconf 89' lang='lat' dir='ltr'>possum.</span> <span class='ocrx_word' id='word_1_136' title='bbox 1416 1442 1548 1496; x_wconf 87' lang='lat' dir='ltr'>Erat</span> <span class='ocrx_word' id='word_1_137' title='bbox 1567 1441 1628 1496; x_wconf 91' lang='lat' dir='ltr'>id</span> <span class='ocrx_word' id='word_1_138' title='bbox 1654 1457 1863 1495; x_wconf 85' lang='lat' dir='ltr'>novum</span> <span class='ocrx_word' id='word_1_139' title='bbox 1890 1456 2033 1495; x_wconf 71' lang='lat' dir='ltr'>meas</span> 
     </span>
    </p>
   </div>
   <div class='ocr_carea' id='block_1_17' title="bbox 336 1527 2034 1601">
    <p class='ocr_par' dir='ltr' id='par_1_17' title="bbox 336 1527 2034 1601">
     <span class='ocr_line' id='line_1_17' title="bbox 336 1527 2034 1601; baseline -0.002 -16"><span class='ocrx_word' id='word_1_140' title='bbox 336 1547 474 1601; x_wconf 87' lang='lat' dir='ltr'>erga</span> <span class='ocrx_word' id='word_1_141' title='bbox 502 1536 556 1584; x_wconf 88' lang='lat' dir='ltr'>te</span> <span class='ocrx_word' id='word_1_142' title='bbox 586 1527 961 1583; x_wconf 70' lang='lat' dir='ltr'>observantia:</span> <span class='ocrx_word' id='word_1_143' title='bbox 991 1535 1418 1598; x_wconf 80' lang='lat' dir='ltr'>argumentum,</span> <span class='ocrx_word' id='word_1_144' title='bbox 1452 1529 1667 1600; x_wconf 86' lang='lat' dir='ltr'>quippe</span> <span class='ocrx_word' id='word_1_145' title='bbox 1701 1528 1802 1600; x_wconf 88' lang='lat' dir='ltr'>qui</span> <span class='ocrx_word' id='word_1_146' title='bbox 1837 1528 2034 1583; x_wconf 87' lang='lat' dir='ltr'>volens</span> 
     </span>
    </p>
   </div>
   <div class='ocr_carea' id='block_1_18' title="bbox 337 1614 2037 1687">
    <p class='ocr_par' dir='ltr' id='par_1_18' title="bbox 337 1614 2037 1687">
     <span class='ocr_line' id='line_1_18' title="bbox 337 1614 2037 1687; baseline -0.002 -15"><span class='ocrx_word' id='word_1_147' title='bbox 337 1635 405 1672; x_wconf 91' lang='lat' dir='ltr'>ea</span> <span class='ocrx_word' id='word_1_148' title='bbox 444 1632 729 1687; x_wconf 79' lang='lat' dir='ltr'>exsequor</span> <span class='ocrx_word' id='word_1_149' title='bbox 785 1631 915 1686; x_wconf 70' lang='lat' dir='ltr'>quae</span> <span class='ocrx_word' id='word_1_150' title='bbox 960 1614 1071 1669; x_wconf 89' lang='lat' dir='ltr'>alio</span> <span class='ocrx_word' id='word_1_151' title='bbox 1117 1614 1457 1687; x_wconf 89' lang='lat' dir='ltr'>imperante,</span> <span class='ocrx_word' id='word_1_152' title='bbox 1496 1632 1613 1670; x_wconf 90' lang='lat' dir='ltr'>non</span> <span class='ocrx_word' id='word_1_153' title='bbox 1655 1615 1842 1671; x_wconf 90' lang='lat' dir='ltr'>dicam</span> <span class='ocrx_word' id='word_1_154' title='bbox 1894 1615 2037 1669; x_wconf 86' lang='lat' dir='ltr'>invi-</span> 
     </span>
    </p>
   </div>
   <div class='ocr_carea' id='block_1_19' title="bbox 333 1700 2033 1774">
    <p class='ocr_par' dir='ltr' id='par_1_19' title="bbox 333 1700 2033 1774">
     <span class='ocr_line' id='line_1_19' title="bbox 333 1700 2033 1774; baseline -0.002 -15"><span class='ocrx_word' id='word_1_155' title='bbox 333 1709 446 1771; x_wconf 88' lang='lat' dir='ltr'>tus,</span> <span class='ocrx_word' id='word_1_156' title='bbox 479 1705 577 1759; x_wconf 91' lang='lat' dir='ltr'>sed</span> <span class='ocrx_word' id='word_1_157' title='bbox 602 1703 762 1757; x_wconf 89' lang='lat' dir='ltr'>nulla</span> <span class='ocrx_word' id='word_1_158' title='bbox 792 1703 963 1773; x_wconf 90' lang='lat' dir='ltr'>plane</span> <span class='ocrx_word' id='word_1_159' title='bbox 993 1702 1216 1757; x_wconf 89' lang='lat' dir='ltr'>ratione</span> <span class='ocrx_word' id='word_1_160' title='bbox 1245 1708 1600 1774; x_wconf 65' lang='lat' dir='ltr'>praestarem.</span> <span class='ocrx_word' id='word_1_161' title='bbox 1648 1704 1714 1757; x_wconf 87' lang='lat' dir='ltr'>Et</span> <span class='ocrx_word' id='word_1_162' title='bbox 1744 1707 1810 1758; x_wconf 89' lang='lat' dir='ltr'>ut</span> <span class='ocrx_word' id='word_1_163' title='bbox 1838 1700 2033 1773; x_wconf 88' lang='lat' dir='ltr'>magni</span> 
     </span>
    </p>
   </div>
   <div class='ocr_carea' id='block_1_20' title="bbox 333 1789 2032 1860">
    <p class='ocr_par' dir='ltr' id='par_1_20' title="bbox 333 1789 2032 1860">
     <span class='ocr_line' id='line_1_20' title="bbox 333 1789 2032 1860; baseline -0.001 -14"><span class='ocrx_word' id='word_1_164' title='bbox 333 1789 637 1847; x_wconf 87' lang='lat' dir='ltr'>voluminis</span> <span class='ocrx_word' id='word_1_165' title='bbox 656 1789 719 1844; x_wconf 92' lang='lat' dir='ltr'>in</span> <span class='ocrx_word' id='word_1_166' title='bbox 743 1805 948 1843; x_wconf 90' lang='lat' dir='ltr'>manus</span> <span class='ocrx_word' id='word_1_167' title='bbox 978 1789 1223 1845; x_wconf 89' lang='lat' dir='ltr'>subinde</span> <span class='ocrx_word' id='word_1_168' title='bbox 1245 1789 1561 1860; x_wconf 89' lang='lat' dir='ltr'>recipiendi</span> <span class='ocrx_word' id='word_1_169' title='bbox 1588 1789 1869 1845; x_wconf 69' lang='lat' dir='ltr'>molestia:</span> <span class='ocrx_word' id='word_1_170' title='bbox 1917 1790 2032 1844; x_wconf 86' lang='lat' dir='ltr'>exi-</span> 
     </span>
    </p>
   </div>
   <div class='ocr_carea' id='block_1_21' title="bbox 334 1875 2036 1949">
    <p class='ocr_par' dir='ltr' id='par_1_21' title="bbox 334 1875 2036 1949">
     <span class='ocr_line' id='line_1_21' title="bbox 334 1875 2036 1949; baseline -0.002 -15"><span class='ocrx_word' id='word_1_171' title='bbox 334 1879 528 1944; x_wconf 88' lang='lat' dir='ltr'>maris,</span> <span class='ocrx_word' id='word_1_172' title='bbox 581 1878 707 1949; x_wconf 89' lang='lat' dir='ltr'>ipsa</span> <span class='ocrx_word' id='word_1_173' title='bbox 755 1875 1014 1933; x_wconf 89' lang='lat' dir='ltr'>Garnerii</span> <span class='ocrx_word' id='word_1_174' title='bbox 1057 1876 1230 1930; x_wconf 83' lang='lat' dir='ltr'>verba</span> <span class='ocrx_word' id='word_1_175' title='bbox 1279 1875 1591 1946; x_wconf 67' lang='lat' dir='ltr'>praemitto,</span> <span class='ocrx_word' id='word_1_176' title='bbox 1636 1876 1845 1947; x_wconf 88' lang='lat' dir='ltr'>quibus</span> <span class='ocrx_word' id='word_1_177' title='bbox 1884 1881 2036 1931; x_wconf 91' lang='lat' dir='ltr'>nota-</span> 
     </span>
    </p>
   </div>
   <div class='ocr_carea' id='block_1_22' title="bbox 334 1964 2033 2038">
    <p class='ocr_par' dir='ltr' id='par_1_22' title="bbox 334 1964 2033 2038">
     <span class='ocr_line' id='line_1_22' title="bbox 334 1964 2033 2038; baseline -0.001 -16"><span class='ocrx_word' id='word_1_178' title='bbox 334 1967 518 2024; x_wconf 89' lang='lat' dir='ltr'>tiones</span> <span class='ocrx_word' id='word_1_179' title='bbox 570 1966 855 2022; x_wconf 88' lang='lat' dir='ltr'>censorias</span> <span class='ocrx_word' id='word_1_180' title='bbox 904 1964 1226 2037; x_wconf 90' lang='lat' dir='ltr'>suppositas</span> <span class='ocrx_word' id='word_1_181' title='bbox 1283 1965 1456 2036; x_wconf 90' lang='lat' dir='ltr'>leges.</span> <span class='ocrx_word' id='word_1_182' title='bbox 1518 1966 1799 2020; x_wconf 57' lang='lat' dir='ltr'>Craterum</span> <span class='ocrx_word' id='word_1_183' title='bbox 1844 1982 2033 2038; x_wconf 65' lang='lat' dir='ltr'>operas</span> 
     </span>
    </p>
   </div>
   <div class='ocr_carea' id='block_1_23' title="bbox 331 2051 2033 2127">
    <p class='ocr_par' dir='ltr' id='par_1_23' title="bbox 331 2051 2033 2127">
     <span class='ocr_line' id='line_1_23' title="bbox 331 2051 2033 2127; baseline -0.002 -17"><span class='ocrx_word' id='word_1_184' title='bbox 331 2056 583 2127; x_wconf 87' lang='lat' dir='ltr'>pretium</span> <span class='ocrx_word' id='word_1_185' title='bbox 626 2053 761 2110; x_wconf 83' lang='lat' dir='ltr'>duxi</span> <span class='ocrx_word' id='word_1_186' title='bbox 802 2051 1161 2124; x_wconf 87' lang='lat' dir='ltr'>epigraphen</span> <span class='ocrx_word' id='word_1_187' title='bbox 1193 2051 1458 2123; x_wconf 63' lang='lat' dir='ltr'>Epistolw</span> <span class='ocrx_word' id='word_1_188' title='bbox 1487 2051 1771 2123; x_wconf 74' lang='lat' dir='ltr'>synodicae</span> <span class='ocrx_word' id='word_1_189' title='bbox 1799 2054 2033 2108; x_wconf 81' lang='lat' dir='ltr'>Patrum</span> 
     </span>
    </p>
   </div>
   <div class='ocr_carea' id='block_1_24' title="bbox 331 2138 2029 2214">
    <p class='ocr_par' dir='ltr' id='par_1_24' title="bbox 331 2138 2029 2214">
     <span class='ocr_line' id='line_1_24' title="bbox 331 2138 2029 2214; baseline -0.001 -17"><span class='ocrx_word' id='word_1_190' title='bbox 331 2139 835 2214; x_wconf 86' lang='lat' dir='ltr'>proconsularium</span> <span class='ocrx_word' id='word_1_191' title='bbox 864 2155 933 2192; x_wconf 82' lang='lat' dir='ltr'>ex</span> <span class='ocrx_word' id='word_1_192' title='bbox 958 2138 1128 2193; x_wconf 89' lang='lat' dir='ltr'>titulo</span> <span class='ocrx_word' id='word_1_193' title='bbox 1156 2138 1324 2209; x_wconf 89' lang='lat' dir='ltr'>epist.</span> <span class='ocrx_word' id='word_1_194' title='bbox 1357 2140 1425 2194; x_wconf 85' lang='lat'><strong>90</strong></span> <span class='ocrx_word' id='word_1_195' title='bbox 1455 2138 1610 2211; x_wconf 91' lang='lat' dir='ltr'>apud</span> <span class='ocrx_word' id='word_1_196' title='bbox 1644 2141 2029 2212; x_wconf 82' lang='lat' dir='ltr'>Augustinum</span> 
     </span>
    </p>
   </div>
   <div class='ocr_carea' id='block_1_25' title="bbox 335 2227 973 2299">
    <p class='ocr_par' dir='ltr' id='par_1_25' title="bbox 335 2227 973 2299">
     <span class='ocr_line' id='line_1_25' title="bbox 335 2227 973 2299; baseline -0.005 -16"><span class='ocrx_word' id='word_1_197' title='bbox 335 2229 674 2299; x_wconf 88' lang='lat' dir='ltr'>exscriptam</span> <span class='ocrx_word' id='word_1_198' title='bbox 702 2227 973 2281; x_wconf 89' lang='lat' dir='ltr'>inserere.</span> 
     </span>
    </p>
   </div>
   <div class='ocr_carea' id='block_1_26' title="bbox 407 2315 2034 2384">
    <p class='ocr_par' dir='ltr' id='par_1_26' title="bbox 407 2315 2034 2384">
     <span class='ocr_line' id='line_1_26' title="bbox 407 2315 2034 2384; baseline -0.001 -10"><span class='ocrx_word' id='word_1_199' title='bbox 407 2320 641 2374; x_wconf 89' lang='lat' dir='ltr'>Domino</span> <span class='ocrx_word' id='word_1_200' title='bbox 678 2318 984 2372; x_wconf 86' lang='lat' dir='ltr'>beatissimo</span> <span class='ocrx_word' id='word_1_201' title='bbox 1047 2319 1097 2370; x_wconf 92' lang='lat' dir='ltr'>et</span> <span class='ocrx_word' id='word_1_202' title='bbox 1135 2315 1598 2370; x_wconf 86' lang='lat' dir='ltr'>honorandissimo</span> <span class='ocrx_word' id='word_1_203' title='bbox 1641 2318 1815 2384; x_wconf 78' lang='lat' dir='ltr'>fratri</span> <span class='ocrx_word' id='word_1_204' title='bbox 1849 2321 2034 2372; x_wconf 89' lang='lat' dir='ltr'>sancto</span> 
     </span>
    </p>
   </div>
   <div class='ocr_carea' id='block_1_27' title="bbox 332 2405 2035 2476">
    <p class='ocr_par' dir='ltr' id='par_1_27' title="bbox 332 2405 2035 2476">
     <span class='ocr_line' id='line_1_27' title="bbox 332 2405 2035 2476; baseline -0.002 -13"><span class='ocrx_word' id='word_1_205' title='bbox 332 2409 649 2463; x_wconf 79' lang='lat' dir='ltr'>Innocentio</span> <span class='ocrx_word' id='word_1_206' title='bbox 693 2406 882 2475; x_wconf 58' lang='lat' dir='ltr'>Papa,</span> <span class='ocrx_word' id='word_1_207' title='bbox 923 2405 1205 2473; x_wconf 77' lang='lat' dir='ltr'>Aurelius,</span> <span class='ocrx_word' id='word_1_208' title='bbox 1244 2405 1521 2465; x_wconf 84' lang='lat' dir='ltr'>Mundius,</span> <span class='ocrx_word' id='word_1_209' title='bbox 1559 2405 1915 2476; x_wconf 86' lang='lat' dir='ltr'>Rusticanus,</span> <span class='ocrx_word' id='word_1_210' title='bbox 1935 2408 2035 2460; x_wconf 86' lang='lat' dir='ltr'>Fi-</span> 
     </span>
    </p>
   </div>
   <div class='ocr_carea' id='block_1_28' title="bbox 336 2492 2030 2562">
    <p class='ocr_par' dir='ltr' id='par_1_28' title="bbox 336 2492 2030 2562">
     <span class='ocr_line' id='line_1_28' title="bbox 336 2492 2030 2562; baseline -0.001 -13"><span class='ocrx_word' id='word_1_211' title='bbox 336 2496 572 2562; x_wconf 87' lang='lat' dir='ltr'>dentius,</span> <span class='ocrx_word' id='word_1_212' title='bbox 632 2494 922 2562; x_wconf 82' lang='lat' dir='ltr'>Eugarius,</span> <span class='ocrx_word' id='word_1_213' title='bbox 980 2493 1273 2561; x_wconf 85' lang='lat' dir='ltr'>Antonius,</span> <span class='ocrx_word' id='word_1_214' title='bbox 1336 2493 1646 2562; x_wconf 87' lang='lat' dir='ltr'>Palatinus,</span> <span class='ocrx_word' id='word_1_215' title='bbox 1693 2492 2030 2561; x_wconf 89' lang='lat' dir='ltr'>Adeodatus,</span> 
     </span>
    </p>
   </div>
   <div class='ocr_carea' id='block_1_29' title="bbox 344 2581 2030 2650">
    <p class='ocr_par' dir='ltr' id='par_1_29' title="bbox 344 2581 2030 2650">
     <span class='ocr_line' id='line_1_29' title="bbox 344 2581 2030 2650; baseline -0.001 -12"><span class='ocrx_word' id='word_1_216' title='bbox 344 2585 680 2650; x_wconf 80' lang='lat' dir='ltr'>Vincentius,</span> <span class='ocrx_word' id='word_1_217' title='bbox 720 2581 1040 2644; x_wconf 85' lang='lat' dir='ltr'>Publianus,</span> <span class='ocrx_word' id='word_1_218' title='bbox 1099 2581 1377 2648; x_wconf 84' lang='lat' dir='ltr'>Theasius,</span> <span class='ocrx_word' id='word_1_219' title='bbox 1438 2582 1626 2647; x_wconf 88' lang='lat' dir='ltr'>Tutus,</span> <span class='ocrx_word' id='word_1_220' title='bbox 1673 2582 2030 2650; x_wconf 88' lang='lat' dir='ltr'>Panthonius,</span> 
     </span>
    </p>
   </div>
   <div class='ocr_carea' id='block_1_30' title="bbox 340 2671 2032 2741">
    <p class='ocr_par' dir='ltr' id='par_1_30' title="bbox 340 2671 2032 2741">
     <span class='ocr_line' id='line_1_30' title="bbox 340 2671 2032 2741; baseline -0.002 -12"><span class='ocrx_word' id='word_1_221' title='bbox 340 2675 549 2741; x_wconf 85' lang='lat' dir='ltr'>Victor,</span> <span class='ocrx_word' id='word_1_222' title='bbox 579 2673 893 2736; x_wconf 82' lang='lat' dir='ltr'>Restitutus,</span> <span class='ocrx_word' id='word_1_223' title='bbox 926 2671 1201 2738; x_wconf 75' lang='lat' dir='ltr'>Rusticus,</span> <span class='ocrx_word' id='word_1_224' title='bbox 1231 2671 1680 2740; x_wconf 86' lang='lat' dir='ltr'>Fortunatianus,</span> <span class='ocrx_word' id='word_1_225' title='bbox 1735 2672 1876 2726; x_wconf 87' lang='lat' dir='ltr'>alius</span> <span class='ocrx_word' id='word_1_226' title='bbox 1921 2672 2032 2726; x_wconf 87' lang='lat' dir='ltr'>Re-</span> 
     </span>
    </p>
   </div>
   <div class='ocr_carea' id='block_1_31' title="bbox 329 2758 2030 2834">
    <p class='ocr_par' dir='ltr' id='par_1_31' title="bbox 329 2758 2030 2834">
     <span class='ocr_line' id='line_1_31' title="bbox 329 2758 2030 2834; baseline 0 -15"><span class='ocrx_word' id='word_1_227' title='bbox 329 2765 575 2830; x_wconf 79' lang='lat' dir='ltr'>stitutus,</span> <span class='ocrx_word' id='word_1_228' title='bbox 661 2760 959 2830; x_wconf 83' lang='lat' dir='ltr'>Ampelius,</span> <span class='ocrx_word' id='word_1_229' title='bbox 1050 2760 1311 2827; x_wconf 87' lang='lat' dir='ltr'>Animus,</span> <span class='ocrx_word' id='word_1_230' title='bbox 1407 2758 1587 2828; x_wconf 69' lang='lat' dir='ltr'>Felix,</span> <span class='ocrx_word' id='word_1_231' title='bbox 1669 2762 2030 2834; x_wconf 89' lang='lat' dir='ltr'>Donatianus,</span> 
     </span>
    </p>
   </div>
   <div class='ocr_carea' id='block_1_32' title="bbox 328 2847 2032 2916">
    <p class='ocr_par' dir='ltr' id='par_1_32' title="bbox 328 2847 2032 2916">
     <span class='ocr_line' id='line_1_32' title="bbox 328 2847 2032 2916; baseline -0.001 -10"><span class='ocrx_word' id='word_1_232' title='bbox 328 2851 670 2915; x_wconf 73' lang='lat' dir='ltr'>Adeodatus,</span> <span class='ocrx_word' id='word_1_233' title='bbox 722 2849 997 2913; x_wconf 87' lang='lat' dir='ltr'>Octavius,</span> <span class='ocrx_word' id='word_1_234' title='bbox 1040 2847 1339 2915; x_wconf 88' lang='lat' dir='ltr'>Serotinus,</span> <span class='ocrx_word' id='word_1_235' title='bbox 1392 2847 1722 2916; x_wconf 78' lang='lat' dir='ltr'>Majorinus,</span> <span class='ocrx_word' id='word_1_236' title='bbox 1812 2849 2032 2904; x_wconf 65' lang='lat' dir='ltr'>Posticu-</span> 
     </span>
    </p>
   </div>
   <div class='ocr_carea' id='block_1_33' title="bbox 2135 732 3748 805">
    <p class='ocr_par' dir='ltr' id='par_1_33' title="bbox 2135 732 3748 805">
     <span class='ocr_line' id='line_1_33' title="bbox 2135 732 3748 805; baseline -0.002 -12"><span class='ocrx_word' id='word_1_237' title='bbox 2135 738 2450 805; x_wconf 67' lang='lat' dir='ltr'>memoriaa,</span> <span class='ocrx_word' id='word_1_238' title='bbox 2482 752 2603 791; x_wconf 90' lang='lat' dir='ltr'>cum</span> <span class='ocrx_word' id='word_1_239' title='bbox 2631 742 2809 791; x_wconf 89' lang='lat' dir='ltr'>tamen</span> <span class='ocrx_word' id='word_1_240' title='bbox 2829 736 3084 790; x_wconf 83' lang='lat' dir='ltr'>Aurelius</span> <span class='ocrx_word' id='word_1_241' title='bbox 3107 732 3304 787; x_wconf 87' lang='lat' dir='ltr'>sederet</span> <span class='ocrx_word' id='word_1_242' title='bbox 3332 732 3514 800; x_wconf 84' lang='lat' dir='ltr'>adhuc,</span> <span class='ocrx_word' id='word_1_243' title='bbox 3539 737 3628 789; x_wconf 91' lang='lat' dir='ltr'>imo</span> <span class='ocrx_word' id='word_1_244' title='bbox 3659 743 3748 790; x_wconf 84' lang='lat' dir='ltr'>tre-</span> 
     </span>
    </p>
   </div>
   <div class='ocr_carea' id='block_1_34' title="bbox 2136 822 3742 896">
    <p class='ocr_par' dir='ltr' id='par_1_34' title="bbox 2136 822 3742 896">
     <span class='ocr_line' id='line_1_34' title="bbox 2136 822 3742 896; baseline -0.002 -14"><span class='ocrx_word' id='word_1_245' title='bbox 2136 826 2307 883; x_wconf 86' lang='lat' dir='ltr'>decim</span> <span class='ocrx_word' id='word_1_246' title='bbox 2350 830 2477 896; x_wconf 86' lang='lat' dir='ltr'>post</span> <span class='ocrx_word' id='word_1_247' title='bbox 2546 827 2707 879; x_wconf 86' lang='lat' dir='ltr'>annis</span> <span class='ocrx_word' id='word_1_248' title='bbox 2761 823 2966 895; x_wconf 81' lang='lat' dir='ltr'>synodo</span> <span class='ocrx_word' id='word_1_249' title='bbox 3014 823 3295 889; x_wconf 77' lang='lat' dir='ltr'>Africana:</span> <span class='ocrx_word' id='word_1_250' title='bbox 3331 822 3631 890; x_wconf 69' lang='lat' dir='ltr'>praesedezit,</span> <span class='ocrx_word' id='word_1_251' title='bbox 3674 840 3742 880; x_wconf 80' lang='lat' dir='ltr'>an.</span> 
     </span>
    </p>
   </div>
   <div class='ocr_carea' id='block_1_35' title="bbox 2134 909 3750 983">
    <p class='ocr_par' dir='ltr' id='par_1_35' title="bbox 2134 909 3750 983">
     <span class='ocr_line' id='line_1_35' title="bbox 2134 909 3750 983; baseline -0.004 -12"><span class='ocrx_word' id='word_1_252' title='bbox 2134 917 2260 971; x_wconf 75' lang='grc'>425.</span> <span class='ocrx_word' id='word_1_253' title='bbox 2291 916 2556 970; x_wconf 87' lang='lat' dir='ltr'>Baronius</span> <span class='ocrx_word' id='word_1_254' title='bbox 2598 915 2769 983; x_wconf 85' lang='lat' dir='ltr'>igitur</span> <span class='ocrx_word' id='word_1_255' title='bbox 2805 911 2993 966; x_wconf 88' lang='lat' dir='ltr'>audiri</span> <span class='ocrx_word' id='word_1_256' title='bbox 3019 926 3127 965; x_wconf 88' lang='lat' dir='ltr'>non</span> <span class='ocrx_word' id='word_1_257' title='bbox 3152 913 3320 979; x_wconf 83' lang='lat' dir='ltr'>potest</span> <span class='ocrx_word' id='word_1_258' title='bbox 3348 909 3643 965; x_wconf 83' lang='lat' dir='ltr'>Genethlium</span> <span class='ocrx_word' id='word_1_259' title='bbox 3657 912 3750 965; x_wconf 78' lang='lat' dir='ltr'>Au-</span> 
     </span>
    </p>
   </div>
   <div class='ocr_carea' id='block_1_36' title="bbox 2133 996 3752 1059">
    <p class='ocr_par' dir='ltr' id='par_1_36' title="bbox 2133 996 3752 1059">
     <span class='ocr_line' id='line_1_36' title="bbox 2133 996 3752 1059; baseline -0.002 -1"><span class='ocrx_word' id='word_1_260' title='bbox 2133 1005 2267 1059; x_wconf 79' lang='lat' dir='ltr'>relio</span> <span class='ocrx_word' id='word_1_261' title='bbox 2307 1003 2656 1058; x_wconf 86' lang='lat' dir='ltr'>substituens.</span> <span class='ocrx_word' id='word_1_262' title='bbox 2710 1000 2939 1056; x_wconf 84' lang='lat' dir='ltr'>Rectius</span> <span class='ocrx_word' id='word_1_263' title='bbox 2993 998 3218 1054; x_wconf 87' lang='lat' dir='ltr'>fecisset</span> <span class='ocrx_word' id='word_1_264' title='bbox 3274 996 3322 1050; x_wconf 88' lang='lat' dir='ltr'>si</span> <span class='ocrx_word' id='word_1_265' title='bbox 3370 1014 3466 1052; x_wconf 88' lang='lat' dir='ltr'>nec</span> <span class='ocrx_word' id='word_1_266' title='bbox 3506 998 3752 1054; x_wconf 80' lang='lat' dir='ltr'>audivisset</span> 
     </span>
    </p>
   </div>
   <div class='ocr_carea' id='block_1_37' title="bbox 2139 1084 3750 1156">
    <p class='ocr_par' dir='ltr' id='par_1_37' title="bbox 2139 1084 3750 1156">
     <span class='ocr_line' id='line_1_37' title="bbox 2139 1084 3750 1156; baseline -0.004 -10"><span class='ocrx_word' id='word_1_267' title='bbox 2139 1091 2450 1146; x_wconf 83' lang='lat' dir='ltr'>Baronium</span> <span class='ocrx_word' id='word_1_268' title='bbox 2488 1090 2773 1145; x_wconf 89' lang='lat' dir='ltr'>dicentem</span> <span class='ocrx_word' id='word_1_269' title='bbox 2802 1091 3180 1143; x_wconf 87' lang='lat' dir='ltr'>memoratam</span> <span class='ocrx_word' id='word_1_270' title='bbox 3206 1084 3491 1156; x_wconf 87' lang='lat' dir='ltr'>epistolam</span> <span class='ocrx_word' id='word_1_271' title='bbox 3528 1088 3612 1140; x_wconf 90' lang='grc'>163</span> <span class='ocrx_word' id='word_1_272' title='bbox 3651 1088 3750 1140; x_wconf 84' lang='lat' dir='ltr'>scri-</span> 
     </span>
    </p>
   </div>
   <div class='ocr_carea' id='block_1_38' title="bbox 2136 1173 3754 1251">
    <p class='ocr_par' dir='ltr' id='par_1_38' title="bbox 2136 1173 3754 1251">
     <span class='ocr_line' id='line_1_38' title="bbox 2136 1173 3754 1251; baseline -0.003 -17"><span class='ocrx_word' id='word_1_273' title='bbox 2136 1184 2297 1251; x_wconf 88' lang='lat' dir='ltr'>ptam</span> <span class='ocrx_word' id='word_1_274' title='bbox 2325 1178 2497 1234; x_wconf 83' lang='lat' dir='ltr'>fuisse</span> <span class='ocrx_word' id='word_1_275' title='bbox 2532 1178 2601 1233; x_wconf 90' lang='lat' dir='ltr'>ab</span> <span class='ocrx_word' id='word_1_276' title='bbox 2630 1176 2950 1248; x_wconf 85' lang='lat' dir='ltr'>Augustino</span> <span class='ocrx_word' id='word_1_277' title='bbox 2980 1191 3131 1231; x_wconf 89' lang='lat' dir='ltr'>anno</span> <span class='ocrx_word' id='word_1_278' title='bbox 3157 1176 3283 1241; x_wconf 79' lang='grc'><strong>412,</strong></span> <span class='ocrx_word' id='word_1_279' title='bbox 3331 1189 3455 1229; x_wconf 89' lang='lat' dir='ltr'>cum</span> <span class='ocrx_word' id='word_1_280' title='bbox 3498 1173 3676 1228; x_wconf 88' lang='lat' dir='ltr'>Cirtam</span> <span class='ocrx_word' id='word_1_281' title='bbox 3704 1176 3754 1229; x_wconf 86' lang='lat' dir='ltr'>ad</span> 
     </span>
    </p>
   </div>
   <div class='ocr_carea' id='block_1_39' title="bbox 2138 1261 3754 1338">
    <p class='ocr_par' dir='ltr' id='par_1_39' title="bbox 2138 1261 3754 1338">
     <span class='ocr_line' id='line_1_39' title="bbox 2138 1261 3754 1338; baseline -0.002 -17"><span class='ocrx_word' id='word_1_282' title='bbox 2138 1267 2419 1338; x_wconf 88' lang='lat' dir='ltr'>synodum</span> <span class='ocrx_word' id='word_1_283' title='bbox 2462 1270 2746 1337; x_wconf 88' lang='lat' dir='ltr'>pergeret.</span> <span class='ocrx_word' id='word_1_284' title='bbox 2805 1265 3037 1321; x_wconf 89' lang='lat' dir='ltr'>Certum</span> <span class='ocrx_word' id='word_1_285' title='bbox 3076 1267 3162 1317; x_wconf 89' lang='lat' dir='ltr'>est</span> <span class='ocrx_word' id='word_1_286' title='bbox 3206 1262 3482 1317; x_wconf 86' lang='lat' dir='ltr'>laudatam</span> <span class='ocrx_word' id='word_1_287' title='bbox 3514 1261 3754 1332; x_wconf 84' lang='lat' dir='ltr'>epistolam</span> 
     </span>
    </p>
   </div>
   <div class='ocr_carea' id='block_1_40' title="bbox 2138 1347 3757 1423">
    <p class='ocr_par' dir='ltr' id='par_1_40' title="bbox 2138 1347 3757 1423">
     <span class='ocr_line' id='line_1_40' title="bbox 2138 1347 3757 1423; baseline -0.004 -14"><span class='ocrx_word' id='word_1_288' title='bbox 2138 1370 2258 1409; x_wconf 92' lang='lat' dir='ltr'>non</span> <span class='ocrx_word' id='word_1_289' title='bbox 2315 1369 2433 1408; x_wconf 90' lang='lat' dir='ltr'>esse</span> <span class='ocrx_word' id='word_1_290' title='bbox 2492 1352 2763 1423; x_wconf 86' lang='lat' dir='ltr'>scriptam</span> <span class='ocrx_word' id='word_1_291' title='bbox 2817 1355 2948 1422; x_wconf 91' lang='lat' dir='ltr'>post</span> <span class='ocrx_word' id='word_1_292' title='bbox 2999 1365 3217 1405; x_wconf 90' lang='lat' dir='ltr'>annum</span> <span class='ocrx_word' id='word_1_293' title='bbox 3274 1351 3397 1417; x_wconf 88' lang='lat'>397,</span> <span class='ocrx_word' id='word_1_294' title='bbox 3446 1363 3569 1402; x_wconf 92' lang='lat' dir='ltr'>nam</span> <span class='ocrx_word' id='word_1_295' title='bbox 3592 1347 3757 1402; x_wconf 88' lang='lat' dir='ltr'>ibidem</span> 
     </span>
    </p>
   </div>
   <div class='ocr_carea' id='block_1_41' title="bbox 2139 1438 3759 1508">
    <p class='ocr_par' dir='ltr' id='par_1_41' title="bbox 2139 1438 3759 1508">
     <span class='ocr_line' id='line_1_41' title="bbox 2139 1438 3759 1508; baseline -0.006 -10"><span class='ocrx_word' id='word_1_296' title='bbox 2139 1442 2475 1498; x_wconf 79' lang='lat' dir='ltr'>Ambrosius</span> <span class='ocrx_word' id='word_1_297' title='bbox 2533 1439 2968 1497; x_wconf 84' lang='lat' dir='ltr'>Mediolanensis</span> <span class='ocrx_word' id='word_1_298' title='bbox 3022 1438 3210 1494; x_wconf 89' lang='lat' dir='ltr'>adhuc</span> <span class='ocrx_word' id='word_1_299' title='bbox 3267 1441 3537 1508; x_wconf 87' lang='lat' dir='ltr'>superstes</span> <span class='ocrx_word' id='word_1_300' title='bbox 3584 1452 3759 1490; x_wconf 83' lang='lat' dir='ltr'>memo-</span> 
     </span>
    </p>
   </div>
   <div class='ocr_carea' id='block_1_42' title="bbox 2140 1524 3761 1598">
    <p class='ocr_par' dir='ltr' id='par_1_42' title="bbox 2140 1524 3761 1598">
     <span class='ocr_line' id='line_1_42' title="bbox 2140 1524 3761 1598; baseline -0.006 -12"><span class='ocrx_word' id='word_1_301' title='bbox 2140 1535 2316 1586; x_wconf 89' lang='lat' dir='ltr'>ratur.</span> <span class='ocrx_word' id='word_1_302' title='bbox 2371 1529 2596 1584; x_wconf 86' lang='lat' dir='ltr'>Etenim</span> <span class='ocrx_word' id='word_1_303' title='bbox 2641 1545 2771 1583; x_wconf 89' lang='lat' dir='ltr'>cum</span> <span class='ocrx_word' id='word_1_304' title='bbox 2824 1526 3176 1598; x_wconf 84' lang='lat' dir='ltr'>Augustinus</span> <span class='ocrx_word' id='word_1_305' title='bbox 3218 1525 3342 1580; x_wconf 73' lang='lat' dir='ltr'>11th</span> <span class='ocrx_word' id='word_1_306' title='bbox 3393 1524 3548 1579; x_wconf 88' lang='lat' dir='ltr'>initio</span> <span class='ocrx_word' id='word_1_307' title='bbox 3581 1524 3761 1593; x_wconf 56' lang='lat' dir='ltr'>praemi-</span> 
     </span>
    </p>
   </div>
   <div class='ocr_carea' id='block_1_43' title="bbox 2145 1612 3762 1688">
    <p class='ocr_par' dir='ltr' id='par_1_43' title="bbox 2145 1612 3762 1688">
     <span class='ocr_line' id='line_1_43' title="bbox 2145 1612 3762 1688; baseline -0.004 -17"><span class='ocrx_word' id='word_1_308' title='bbox 2145 1618 2328 1688; x_wconf 88' lang='lat' dir='ltr'>sisset,</span> <span class='ocrx_word' id='word_1_309' title='bbox 2355 1619 2693 1684; x_wconf 88' lang='lat' dir='ltr'>Fortunium,</span> <span class='ocrx_word' id='word_1_310' title='bbox 2718 1633 2874 1687; x_wconf 88' lang='lat' dir='ltr'>quem</span> <span class='ocrx_word' id='word_1_311' title='bbox 2903 1616 3261 1672; x_wconf 77' lang='lat' dir='ltr'>Tubursicum</span> <span class='ocrx_word' id='word_1_312' title='bbox 3282 1612 3482 1667; x_wconf 84' lang='lat' dir='ltr'>habetis</span> <span class='ocrx_word' id='word_1_313' title='bbox 3500 1616 3762 1682; x_wconf 82' lang='lat' dir='ltr'>episcopum,</span> 
     </span>
    </p>
   </div>
   <div class='ocr_carea' id='block_1_44' title="bbox 2138 1703 3765 1777">
    <p class='ocr_par' dir='ltr' id='par_1_44' title="bbox 2138 1703 3765 1777">
     <span class='ocr_line' id='line_1_44' title="bbox 2138 1703 3765 1777; baseline -0.005 -15"><span class='ocrx_word' id='word_1_314' title='bbox 2138 1723 2239 1777; x_wconf 88' lang='lat' dir='ltr'>per</span> <span class='ocrx_word' id='word_1_315' title='bbox 2261 1708 2498 1762; x_wconf 87' lang='lat' dir='ltr'>eamdem</span> <span class='ocrx_word' id='word_1_316' title='bbox 2525 1709 2819 1773; x_wconf 89' lang='lat' dir='ltr'>civitatem,</span> <span class='ocrx_word' id='word_1_317' title='bbox 2848 1720 3163 1775; x_wconf 85' lang='lat' dir='ltr'>quanquam</span> <span class='ocrx_word' id='word_1_318' title='bbox 3193 1703 3641 1770; x_wconf 84' lang='lat' dir='ltr'>festinantissime,</span> <span class='ocrx_word' id='word_1_319' title='bbox 3679 1717 3765 1754; x_wconf 87' lang='lat' dir='ltr'>cum</span> 
     </span>
    </p>
   </div>
   <div class='ocr_carea' id='block_1_45' title="bbox 2142 1788 3765 1863">
    <p class='ocr_par' dir='ltr' id='par_1_45' title="bbox 2142 1788 3765 1863">
     <span class='ocr_line' id='line_1_45' title="bbox 2142 1788 3765 1863; baseline -0.005 -13"><span class='ocrx_word' id='word_1_320' title='bbox 2142 1796 2216 1850; x_wconf 90' lang='lat' dir='ltr'>ad</span> <span class='ocrx_word' id='word_1_321' title='bbox 2244 1797 2544 1851; x_wconf 80' lang='lat' dir='ltr'>Cirtensem</span> <span class='ocrx_word' id='word_1_322' title='bbox 2566 1796 2861 1851; x_wconf 80' lang='lat' dir='ltr'>Ecclesium</span> <span class='ocrx_word' id='word_1_323' title='bbox 2874 1806 3240 1863; x_wconf 82' lang='lat' dir='ltr'>pergeremus,</span> <span class='ocrx_word' id='word_1_324' title='bbox 3262 1792 3468 1860; x_wconf 66' lang='lat' dir='ltr'>experti</span> <span class='ocrx_word' id='word_1_325' title='bbox 3485 1804 3662 1857; x_wconf 90' lang='lat' dir='ltr'>sumus,</span> <span class='ocrx_word' id='word_1_326' title='bbox 3676 1788 3765 1843; x_wconf 77' lang='lat' dir='ltr'>hac</span> 
     </span>
    </p>
   </div>
   <div class='ocr_carea' id='block_1_46' title="bbox 2142 1879 3764 1951">
    <p class='ocr_par' dir='ltr' id='par_1_46' title="bbox 2142 1879 3764 1951">
     <span class='ocr_line' id='line_1_46' title="bbox 2142 1879 3764 1951; baseline -0.006 -12"><span class='ocrx_word' id='word_1_327' title='bbox 2142 1884 2266 1939; x_wconf 87' lang='lat' dir='ltr'>ait:</span> <span class='ocrx_word' id='word_1_328' title='bbox 2308 1885 2546 1950; x_wconf 65' lang='lat' dir='ltr'>Qwsivi</span> <span class='ocrx_word' id='word_1_329' title='bbox 2590 1884 2660 1938; x_wconf 88' lang='lat' dir='ltr'>ub</span> <span class='ocrx_word' id='word_1_330' title='bbox 2698 1899 2754 1938; x_wconf 90' lang='lat' dir='ltr'>eo</span> <span class='ocrx_word' id='word_1_331' title='bbox 2794 1887 2978 1936; x_wconf 87' lang='lat' dir='ltr'>utrum</span> <span class='ocrx_word' id='word_1_332' title='bbox 2994 1882 3209 1951; x_wconf 88' lang='lat' dir='ltr'>justum</span> <span class='ocrx_word' id='word_1_333' title='bbox 3255 1883 3306 1934; x_wconf 89' lang='lat' dir='ltr'>et</span> <span class='ocrx_word' id='word_1_334' title='bbox 3334 1879 3670 1935; x_wconf 84' lang='lat' dir='ltr'>Christianum</span> <span class='ocrx_word' id='word_1_335' title='bbox 3690 1892 3764 1945; x_wconf 81' lang='lat' dir='ltr'>pu-</span> 
     </span>
    </p>
   </div>
   <div class='ocr_carea' id='block_1_47' title="bbox 2144 1966 3765 2044">
    <p class='ocr_par' dir='ltr' id='par_1_47' title="bbox 2144 1966 3765 2044">
     <span class='ocr_line' id='line_1_47' title="bbox 2144 1966 3765 2044; baseline -0.005 -18"><span class='ocrx_word' id='word_1_336' title='bbox 2144 1976 2291 2028; x_wconf 84' lang='lat' dir='ltr'>taret</span> <span class='ocrx_word' id='word_1_337' title='bbox 2337 1975 2648 2044; x_wconf 83' lang='lat' dir='ltr'>episcopum</span> <span class='ocrx_word' id='word_1_338' title='bbox 2697 1971 3109 2026; x_wconf 85' lang='lat' dir='ltr'>Mediolanensis</span> <span class='ocrx_word' id='word_1_339' title='bbox 3163 1969 3414 2023; x_wconf 81' lang='lat' dir='ltr'>Ecclesiae</span> <span class='ocrx_word' id='word_1_340' title='bbox 3466 1966 3765 2021; x_wconf 85' lang='lat' dir='ltr'>Ambrosium.</span> 
     </span>
    </p>
   </div>
   <div class='ocr_carea' id='block_1_48' title="bbox 2142 2055 3767 2129">
    <p class='ocr_par' dir='ltr' id='par_1_48' title="bbox 2142 2055 3767 2129">
     <span class='ocr_line' id='line_1_48' title="bbox 2142 2055 3767 2129; baseline -0.007 -12"><span class='ocrx_word' id='word_1_341' title='bbox 2142 2060 2441 2128; x_wconf 88' lang='lat' dir='ltr'>Cogebatur</span> <span class='ocrx_word' id='word_1_342' title='bbox 2464 2063 2651 2129; x_wconf 85' lang='lat' dir='ltr'>utique</span> <span class='ocrx_word' id='word_1_343' title='bbox 2679 2074 2900 2127; x_wconf 81' lang='lat' dir='ltr'>negare,</span> <span class='ocrx_word' id='word_1_344' title='bbox 2927 2057 3071 2126; x_wconf 88' lang='lat' dir='ltr'>quod</span> <span class='ocrx_word' id='word_1_345' title='bbox 3099 2057 3191 2111; x_wconf 85' lang='lat' dir='ltr'>ille</span> <span class='ocrx_word' id='word_1_346' title='bbox 3219 2058 3308 2109; x_wconf 87' lang='lat' dir='ltr'>vir</span> <span class='ocrx_word' id='word_1_347' title='bbox 3337 2055 3767 2109; x_wconf 81' lang='lat' dir='ltr'>Christianusesset</span> 
     </span>
    </p>
   </div>
   <div class='ocr_carea' id='block_1_49' title="bbox 2142 2135 3771 2218">
    <p class='ocr_par' dir='ltr' id='par_1_49' title="bbox 2142 2135 3771 2218">
     <span class='ocr_line' id='line_1_49' title="bbox 2142 2135 3771 2218; baseline -0.006 -16"><span class='ocrx_word' id='word_1_348' title='bbox 2142 2154 2191 2202; x_wconf 92' lang='lat' dir='ltr'>et</span> <span class='ocrx_word' id='word_1_349' title='bbox 2204 2149 2419 2218; x_wconf 86' lang='lat' dir='ltr'>justus:</span> <span class='ocrx_word' id='word_1_350' title='bbox 2445 2148 2576 2217; x_wconf 84' lang='lat' dir='ltr'>quia</span> <span class='ocrx_word' id='word_1_351' title='bbox 2594 2148 2645 2201; x_wconf 89' lang='lat' dir='ltr'>si</span> <span class='ocrx_word' id='word_1_352' title='bbox 2653 2148 2941 2212; x_wconf 83' lang='lat' dir='ltr'>fateretur,</span> <span class='ocrx_word' id='word_1_353' title='bbox 2964 2146 3151 2199; x_wconf 86' lang='lat' dir='ltr'>statim</span> <span class='ocrx_word' id='word_1_354' title='bbox 3170 2135 3529 2213; x_wconf 76' lang='lat' dir='ltr'>objiceremus,</span> <span class='ocrx_word' id='word_1_355' title='bbox 3548 2140 3671 2209; x_wconf 87' lang='lat' dir='ltr'>quod</span> <span class='ocrx_word' id='word_1_356' title='bbox 3685 2154 3771 2193; x_wconf 81' lang='lat' dir='ltr'>eum</span> 
     </span>
    </p>
   </div>
   <div class='ocr_carea' id='block_1_50' title="bbox 2140 2226 3770 2305">
    <p class='ocr_par' dir='ltr' id='par_1_50' title="bbox 2140 2226 3770 2305">
     <span class='ocr_line' id='line_1_50' title="bbox 2140 2226 3770 2305; baseline -0.007 -15"><span class='ocrx_word' id='word_1_357' title='bbox 2140 2235 2597 2305; x_wconf 79' lang='lat' dir='ltr'>rebaptizandum</span> <span class='ocrx_word' id='word_1_358' title='bbox 2633 2249 2746 2289; x_wconf 88' lang='lat' dir='ltr'>esse</span> <span class='ocrx_word' id='word_1_359' title='bbox 2767 2237 3017 2288; x_wconf 81' lang='lat' dir='ltr'>censeret.</span> <span class='ocrx_word' id='word_1_360' title='bbox 3044 2233 3245 2302; x_wconf 90' lang='lat' dir='ltr'>Itaque</span> <span class='ocrx_word' id='word_1_361' title='bbox 3275 2229 3323 2285; x_wconf 88' lang='lat' dir='ltr'>si</span> <span class='ocrx_word' id='word_1_362' title='bbox 3345 2228 3666 2300; x_wconf 80' lang='lat' dir='ltr'>Augustinus</span> <span class='ocrx_word' id='word_1_363' title='bbox 3695 2226 3770 2279; x_wconf 88' lang='lat' dir='ltr'>ob—</span> 
     </span>
    </p>
   </div>
   <div class='ocr_carea' id='block_1_51' title="bbox 2139 2318 3773 2392">
    <p class='ocr_par' dir='ltr' id='par_1_51' title="bbox 2139 2318 3773 2392">
     <span class='ocr_line' id='line_1_51' title="bbox 2139 2318 3773 2392; baseline -0.007 -12"><span class='ocrx_word' id='word_1_364' title='bbox 2139 2326 2320 2380; x_wconf 89' lang='lat' dir='ltr'>trudit</span> <span class='ocrx_word' id='word_1_365' title='bbox 2342 2323 2723 2380; x_wconf 85' lang='lat' dir='ltr'>Ambrosium</span> <span class='ocrx_word' id='word_1_366' title='bbox 2761 2321 3033 2378; x_wconf 85' lang='lat' dir='ltr'>Fortunio</span> <span class='ocrx_word' id='word_1_367' title='bbox 3064 2321 3335 2392; x_wconf 91' lang='lat' dir='ltr'>episcopo</span> <span class='ocrx_word' id='word_1_368' title='bbox 3383 2318 3665 2373; x_wconf 67' lang='lat' dir='ltr'>Donatista:</span> <span class='ocrx_word' id='word_1_369' title='bbox 3709 2332 3773 2368; x_wconf 85' lang='lat' dir='ltr'>re-</span> 
     </span>
    </p>
   </div>
   <div class='ocr_carea' id='block_1_52' title="bbox 2141 2402 3772 2483">
    <p class='ocr_par' dir='ltr' id='par_1_52' title="bbox 2141 2402 3772 2483">
     <span class='ocr_line' id='line_1_52' title="bbox 2141 2402 3772 2483; baseline -0.008 -16"><span class='ocrx_word' id='word_1_370' title='bbox 2141 2412 2573 2483; x_wconf 88' lang='lat' dir='ltr'>baptizandum,</span> <span class='ocrx_word' id='word_1_371' title='bbox 2603 2409 2862 2465; x_wconf 90' lang='lat' dir='ltr'>nondum</span> <span class='ocrx_word' id='word_1_372' title='bbox 2917 2425 2985 2463; x_wconf 91' lang='lat' dir='ltr'>eo</span> <span class='ocrx_word' id='word_1_373' title='bbox 3014 2424 3167 2463; x_wconf 91' lang='lat' dir='ltr'>anno</span> <span class='ocrx_word' id='word_1_374' title='bbox 3214 2406 3436 2462; x_wconf 84' lang='lat' dir='ltr'>obierat</span> <span class='ocrx_word' id='word_1_375' title='bbox 3477 2402 3772 2465; x_wconf 84' lang='lat' dir='ltr'>Ambrosius,</span> 
     </span>
    </p>
   </div>
   <div class='ocr_carea' id='block_1_53' title="bbox 2146 2491 3776 2566">
    <p class='ocr_par' dir='ltr' id='par_1_53' title="bbox 2146 2491 3776 2566">
     <span class='ocr_line' id='line_1_53' title="bbox 2146 2491 3776 2566; baseline -0.009 -10"><span class='ocrx_word' id='word_1_376' title='bbox 2146 2500 2229 2556; x_wconf 80' lang='lat' dir='ltr'>vel</span> <span class='ocrx_word' id='word_1_377' title='bbox 2253 2500 2410 2555; x_wconf 89' lang='lat' dir='ltr'>illius</span> <span class='ocrx_word' id='word_1_378' title='bbox 2439 2499 2642 2554; x_wconf 88' lang='lat' dir='ltr'>saltem</span> <span class='ocrx_word' id='word_1_379' title='bbox 2672 2496 2863 2552; x_wconf 89' lang='lat' dir='ltr'>obitus</span> <span class='ocrx_word' id='word_1_380' title='bbox 2903 2496 3161 2551; x_wconf 89' lang='lat' dir='ltr'>nondum</span> <span class='ocrx_word' id='word_1_381' title='bbox 3210 2493 3522 2566; x_wconf 86' lang='lat' dir='ltr'>Augustino</span> <span class='ocrx_word' id='word_1_382' title='bbox 3567 2491 3776 2545; x_wconf 84' lang='lat' dir='ltr'>innotue-</span> 
     </span>
    </p>
   </div>
   <div class='ocr_carea' id='block_1_54' title="bbox 2141 2581 3778 2657">
    <p class='ocr_par' dir='ltr' id='par_1_54' title="bbox 2141 2581 3778 2657">
     <span class='ocr_line' id='line_1_54' title="bbox 2141 2581 3778 2657; baseline -0.009 -13"><span class='ocrx_word' id='word_1_383' title='bbox 2141 2593 2251 2643; x_wconf 87' lang='lat' dir='ltr'>rat.</span> <span class='ocrx_word' id='word_1_384' title='bbox 2284 2588 2448 2652; x_wconf 86' lang='lat' dir='ltr'>Quod</span> <span class='ocrx_word' id='word_1_385' title='bbox 2473 2591 2669 2642; x_wconf 89' lang='lat' dir='ltr'>autem</span> <span class='ocrx_word' id='word_1_386' title='bbox 2692 2585 2934 2657; x_wconf 88' lang='lat' dir='ltr'>epistola</span> <span class='ocrx_word' id='word_1_387' title='bbox 2992 2587 3091 2639; x_wconf 87' lang='grc'>163</span> <span class='ocrx_word' id='word_1_388' title='bbox 3139 2584 3278 2639; x_wconf 89' lang='lat' dir='ltr'>data</span> <span class='ocrx_word' id='word_1_389' title='bbox 3332 2582 3404 2636; x_wconf 90' lang='lat' dir='ltr'>sit</span> <span class='ocrx_word' id='word_1_390' title='bbox 3432 2596 3575 2635; x_wconf 89' lang='lat' dir='ltr'>anno</span> <span class='ocrx_word' id='word_1_391' title='bbox 3602 2581 3705 2644; x_wconf 84' lang='lat'>397,</span> <span class='ocrx_word' id='word_1_392' title='bbox 3730 2593 3778 2629; x_wconf 78' lang='lat' dir='ltr'>ex</span> 
     </span>
    </p>
   </div>
   <div class='ocr_carea' id='block_1_55' title="bbox 2141 2659 3777 2748">
    <p class='ocr_par' dir='ltr' id='par_1_55' title="bbox 2141 2659 3777 2748">
     <span class='ocr_line' id='line_1_55' title="bbox 2141 2659 3777 2748; baseline -0.009 -17"><span class='ocrx_word' id='word_1_393' title='bbox 2141 2677 2212 2731; x_wconf 92' lang='lat' dir='ltr'>iis</span> <span class='ocrx_word' id='word_1_394' title='bbox 2265 2692 2395 2748; x_wconf 85' lang='lat' dir='ltr'>quae</span> <span class='ocrx_word' id='word_1_395' title='bbox 2445 2691 2641 2729; x_wconf 86' lang='lat' dir='ltr'>versus</span> <span class='ocrx_word' id='word_1_396' title='bbox 2685 2674 2860 2728; x_wconf 85' lang='lat' dir='ltr'>ﬁnem</span> <span class='ocrx_word' id='word_1_397' title='bbox 2900 2672 3099 2727; x_wconf 88' lang='lat' dir='ltr'>scribit</span> <span class='ocrx_word' id='word_1_398' title='bbox 3153 2676 3352 2742; x_wconf 87' lang='lat' dir='ltr'>aperte</span> <span class='ocrx_word' id='word_1_399' title='bbox 3382 2659 3777 2738; x_wconf 79' lang='lat' dir='ltr'>colligitur:Sed</span> 
     </span>
    </p>
   </div>
   <div class='ocr_carea' id='block_1_56' title="bbox 2142 2754 3780 2835">
    <p class='ocr_par' dir='ltr' id='par_1_56' title="bbox 2142 2754 3780 2835">
     <span class='ocr_line' id='line_1_56' title="bbox 2142 2754 3780 2835; baseline -0.011 -14"><span class='ocrx_word' id='word_1_400' title='bbox 2142 2768 2295 2834; x_wconf 87' lang='lat' dir='ltr'>quia,</span> <span class='ocrx_word' id='word_1_401' title='bbox 2344 2763 2552 2835; x_wconf 90' lang='lat' dir='ltr'>inquit,</span> <span class='ocrx_word' id='word_1_402' title='bbox 2611 2762 2912 2819; x_wconf 87' lang='lat' dir='ltr'>ordinandi</span> <span class='ocrx_word' id='word_1_403' title='bbox 2955 2776 3121 2816; x_wconf 87' lang='lat' dir='ltr'>causa</span> <span class='ocrx_word' id='word_1_404' title='bbox 3165 2759 3412 2830; x_wconf 83' lang='lat' dir='ltr'>episcopi</span> <span class='ocrx_word' id='word_1_405' title='bbox 3437 2754 3780 2811; x_wconf 76' lang='lat' dir='ltr'>necessitasnos</span> 
     </span>
    </p>
   </div>
   <div class='ocr_carea' id='block_1_57' title="bbox 2138 2837 3779 2923">
    <p class='ocr_par' dir='ltr' id='par_1_57' title="bbox 2138 2837 3779 2923">
     <span class='ocr_line' id='line_1_57' title="bbox 2138 2837 3779 2923; baseline -0.012 -15"><span class='ocrx_word' id='word_1_406' title='bbox 2138 2853 2286 2921; x_wconf 86' lang='lat' dir='ltr'>inde,</span> <span class='ocrx_word' id='word_1_407' title='bbox 2310 2868 2519 2923; x_wconf 89' lang='lat' dir='ltr'>nempe</span> <span class='ocrx_word' id='word_1_408' title='bbox 2548 2850 2884 2917; x_wconf 89' lang='lat' dir='ltr'>Tubursico,</span> <span class='ocrx_word' id='word_1_409' title='bbox 2910 2849 3032 2919; x_wconf 86' lang='lat' dir='ltr'>jam</span> <span class='ocrx_word' id='word_1_410' title='bbox 3045 2849 3276 2919; x_wconf 89' lang='lat' dir='ltr'>jamque</span> <span class='ocrx_word' id='word_1_411' title='bbox 3302 2844 3566 2915; x_wconf 83' lang='lat' dir='ltr'>rapiebat,</span> <span class='ocrx_word' id='word_1_412' title='bbox 3582 2843 3674 2894; x_wconf 88' lang='lat' dir='ltr'>etc.</span> <span class='ocrx_word' id='word_1_413' title='bbox 3700 2837 3779 2889; x_wconf 85' lang='lat' dir='ltr'>Ita-</span> 
     </span>
    </p>
   </div>
   <div class='ocr_carea' id='block_1_58' title="bbox 331 2925 3781 3017">
    <p class='ocr_par' dir='ltr' id='par_1_58' title="bbox 331 2925 3781 3017">
     <span class='ocr_line' id='line_1_58' title="bbox 331 2925 3781 3017; baseline -0.005 -24"><span class='ocrx_word' id='word_1_414' title='bbox 331 2940 567 3004; x_wconf 84' lang='lat' dir='ltr'>mianus,</span> <span class='ocrx_word' id='word_1_415' title='bbox 614 2936 922 3005; x_wconf 67' lang='lat' dir='ltr'>Trispulus,</span> <span class='ocrx_word' id='word_1_416' title='bbox 968 2934 1172 3002; x_wconf 84' lang='lat' dir='ltr'>Victor,</span> <span class='ocrx_word' id='word_1_417' title='bbox 1220 2935 1362 2989; x_wconf 87' lang='lat' dir='ltr'>alius</span> <span class='ocrx_word' id='word_1_418' title='bbox 1399 2936 1601 3001; x_wconf 87' lang='lat' dir='ltr'>Victor,</span> <span class='ocrx_word' id='word_1_419' title='bbox 1628 2935 1877 3003; x_wconf 84' lang='lat' dir='ltr'>Leucius,</span> <span class='ocrx_word' id='word_1_420' title='bbox 1911 2937 2029 2991; x_wconf 82' lang='lat' dir='ltr'>Ma-</span> <span class='ocrx_word' id='word_1_421' title='bbox 2060 2961 2100 3017; x_wconf 70' lang='grc' dir='ltr'>ο</span> <span class='ocrx_word' id='word_1_422' title='bbox 2139 2958 2251 3012; x_wconf 82' lang='lat' dir='ltr'>que</span> <span class='ocrx_word' id='word_1_423' title='bbox 2273 2942 2488 2997; x_wconf 80' lang='lat' dir='ltr'>Cirtam</span> <span class='ocrx_word' id='word_1_424' title='bbox 2507 2939 2852 3012; x_wconf 82' lang='lat' dir='ltr'>properabat</span> <span class='ocrx_word' id='word_1_425' title='bbox 2877 2938 2944 2993; x_wconf 79' lang='lat' dir='ltr'>ad</span> <span class='ocrx_word' id='word_1_426' title='bbox 2966 2935 3437 3007; x_wconf 89' lang='lat' dir='ltr'>inaugurandum</span> <span class='ocrx_word' id='word_1_427' title='bbox 3460 2929 3653 2985; x_wconf 87' lang='lat' dir='ltr'>ibidem</span> <span class='ocrx_word' id='word_1_428' title='bbox 3676 2925 3781 2979; x_wconf 87' lang='lat' dir='ltr'>For-</span> 
     </span>
    </p>
   </div>
   <div class='ocr_carea' id='block_1_59' title="bbox 331 3015 3780 3100">
    <p class='ocr_par' dir='ltr' id='par_1_59' title="bbox 331 3015 3780 3100">
     <span class='ocr_line' id='line_1_59' title="bbox 331 3015 3780 3100; baseline -0.005 -19"><span class='ocrx_word' id='word_1_429' title='bbox 331 3030 544 3093; x_wconf 79' lang='lat' dir='ltr'>rianus,</span> <span class='ocrx_word' id='word_1_430' title='bbox 577 3026 922 3079; x_wconf 85' lang='lat' dir='ltr'>Fructuosus.</span> <span class='ocrx_word' id='word_1_431' title='bbox 955 3024 1371 3085; x_wconf 84' lang='lat' dir='ltr'>Faustinianus,</span> <span class='ocrx_word' id='word_1_432' title='bbox 1415 3022 1836 3091; x_wconf 82' lang='lat' dir='ltr'>Quodvultdeus,</span> <span class='ocrx_word' id='word_1_433' title='bbox 1878 3025 2027 3080; x_wconf 88' lang='lat' dir='ltr'>Can-</span> <span class='ocrx_word' id='word_1_434' title='bbox 2078 3015 2086 3017; x_wconf 40' lang='grc'><strong>⁷</strong></span> <span class='ocrx_word' id='word_1_435' title='bbox 2136 3035 2405 3085; x_wconf 79' lang='lat' dir='ltr'>tunatum</span> <span class='ocrx_word' id='word_1_436' title='bbox 2436 3030 2796 3100; x_wconf 78' lang='lat' dir='ltr'>episcOpum,</span> <span class='ocrx_word' id='word_1_437' title='bbox 2826 3043 3001 3100; x_wconf 90' lang='lat' dir='ltr'>quem</span> <span class='ocrx_word' id='word_1_438' title='bbox 3026 3042 3094 3081; x_wconf 87' lang='lat' dir='ltr'>eo</span> <span class='ocrx_word' id='word_1_439' title='bbox 3121 3042 3277 3079; x_wconf 89' lang='lat' dir='ltr'>anno</span> <span class='ocrx_word' id='word_1_440' title='bbox 3305 3024 3366 3077; x_wconf 88' lang='lat' dir='ltr'>in</span> <span class='ocrx_word' id='word_1_441' title='bbox 3396 3016 3661 3077; x_wconf 88' lang='lat' dir='ltr'>demortui</span> <span class='ocrx_word' id='word_1_442' title='bbox 3682 3015 3780 3067; x_wconf 70' lang='lat' dir='ltr'>Pro</span> 
     </span>
    </p>
   </div>
   <div class='ocr_carea' id='block_1_60' title="bbox 331 3112 2025 3182">
    <p class='ocr_par' dir='ltr' id='par_1_60' title="bbox 331 3112 2025 3182">
     <span class='ocr_line' id='line_1_60' title="bbox 331 3112 2025 3182; baseline -0.002 -13"><span class='ocrx_word' id='word_1_443' title='bbox 331 3114 539 3181; x_wconf 88' lang='lat' dir='ltr'>dorius,</span> <span class='ocrx_word' id='word_1_444' title='bbox 597 3113 895 3180; x_wconf 79' lang='lat' dir='ltr'>Marcimus,</span> <span class='ocrx_word' id='word_1_445' title='bbox 977 3112 1282 3177; x_wconf 84' lang='lat' dir='ltr'>Magarius,</span> <span class='ocrx_word' id='word_1_446' title='bbox 1374 3113 1648 3178; x_wconf 85' lang='lat' dir='ltr'>Rusticus,</span> <span class='ocrx_word' id='word_1_447' title='bbox 1740 3114 2025 3182; x_wconf 77' lang='lat' dir='ltr'>Ruﬁanus,</span> 
     </span>
    </p>
   </div>
   <div class='ocr_carea' id='block_1_61' title="bbox 331 3198 2025 3267">
    <p class='ocr_par' dir='ltr' id='par_1_61' title="bbox 331 3198 2025 3267">
     <span class='ocr_line' id='line_1_61' title="bbox 331 3198 2025 3267; baseline -0.002 -10"><span class='ocrx_word' id='word_1_448' title='bbox 331 3203 709 3267; x_wconf 84' lang='lat' dir='ltr'>Proculianus,</span> <span class='ocrx_word' id='word_1_449' title='bbox 771 3201 1019 3265; x_wconf 88' lang='lat' dir='ltr'>Thomas,</span> <span class='ocrx_word' id='word_1_450' title='bbox 1080 3198 1399 3267; x_wconf 72' lang='lat' dir='ltr'>Ianuarius,</span> <span class='ocrx_word' id='word_1_451' title='bbox 1475 3199 1822 3267; x_wconf 78' lang='lat' dir='ltr'>Octavianus,</span> <span class='ocrx_word' id='word_1_452' title='bbox 1871 3201 2025 3255; x_wconf 61' lang='lat' dir='ltr'>Pra-</span> 
     </span>
    </p>
   </div>
   <div class='ocr_carea' id='block_1_62' title="bbox 336 3286 2028 3357">
    <p class='ocr_par' dir='ltr' id='par_1_62' title="bbox 336 3286 2028 3357">
     <span class='ocr_line' id='line_1_62' title="bbox 336 3286 2028 3357; baseline -0.001 -12"><span class='ocrx_word' id='word_1_453' title='bbox 336 3295 592 3357; x_wconf 76' lang='lat' dir='ltr'>teaztatus,</span> <span class='ocrx_word' id='word_1_454' title='bbox 647 3289 863 3353; x_wconf 71' lang='lat' dir='ltr'>Simius,</span> <span class='ocrx_word' id='word_1_455' title='bbox 943 3286 1365 3356; x_wconf 84' lang='lat' dir='ltr'>Quodvultdeus,</span> <span class='ocrx_word' id='word_1_456' title='bbox 1438 3288 1791 3355; x_wconf 81' lang='lat' dir='ltr'>Penthadius,</span> <span class='ocrx_word' id='word_1_457' title='bbox 1842 3289 2028 3355; x_wconf 88' lang='lat' dir='ltr'>Quod—</span> 
     </span>
    </p>
   </div>
   <div class='ocr_carea' id='block_1_63' title="bbox 332 3376 2025 3447">
    <p class='ocr_par' dir='ltr' id='par_1_63' title="bbox 332 3376 2025 3447">
     <span class='ocr_line' id='line_1_63' title="bbox 332 3376 2025 3447; baseline -0.001 -15"><span class='ocrx_word' id='word_1_458' title='bbox 332 3378 601 3442; x_wconf 81' lang='lat' dir='ltr'>vultdeus,</span> <span class='ocrx_word' id='word_1_459' title='bbox 646 3376 984 3447; x_wconf 81' lang='lat' dir='ltr'>Cyprianus,</span> <span class='ocrx_word' id='word_1_460' title='bbox 1044 3376 1324 3442; x_wconf 83' lang='lat' dir='ltr'>Servilius,</span> <span class='ocrx_word' id='word_1_461' title='bbox 1385 3376 1658 3442; x_wconf 88' lang='lat' dir='ltr'>Pelagius,</span> <span class='ocrx_word' id='word_1_462' title='bbox 1717 3378 2025 3445; x_wconf 85' lang='lat' dir='ltr'>Marcellus,</span> 
     </span>
    </p>
   </div>
   <div class='ocr_carea' id='block_1_64' title="bbox 339 3463 2028 3533">
    <p class='ocr_par' dir='ltr' id='par_1_64' title="bbox 339 3463 2028 3533">
     <span class='ocr_line' id='line_1_64' title="bbox 339 3463 2028 3533; baseline -0.001 -12"><span class='ocrx_word' id='word_1_463' title='bbox 339 3468 663 3533; x_wconf 77' lang='lat' dir='ltr'>Venantius,</span> <span class='ocrx_word' id='word_1_464' title='bbox 711 3463 1007 3532; x_wconf 86' lang='lat' dir='ltr'>Didymus,</span> <span class='ocrx_word' id='word_1_465' title='bbox 1065 3466 1420 3532; x_wconf 76' lang='lat' dir='ltr'>Saturninus,</span> <span class='ocrx_word' id='word_1_466' title='bbox 1474 3465 1823 3532; x_wconf 82' lang='lat' dir='ltr'>Tiazacenus,</span> <span class='ocrx_word' id='word_1_467' title='bbox 1890 3465 2028 3521; x_wconf 82' lang='lat' dir='ltr'>Ger-</span> 
     </span>
    </p>
   </div>
   <div class='ocr_carea' id='block_1_65' title="bbox 330 3551 2028 3622">
    <p class='ocr_par' dir='ltr' id='par_1_65' title="bbox 330 3551 2028 3622">
     <span class='ocr_line' id='line_1_65' title="bbox 330 3551 2028 3622; baseline -0.003 -13"><span class='ocrx_word' id='word_1_468' title='bbox 330 3569 544 3622; x_wconf 89' lang='lat' dir='ltr'>manus,</span> <span class='ocrx_word' id='word_1_469' title='bbox 608 3553 1023 3617; x_wconf 87' lang='lat' dir='ltr'>Germanianus,</span> <span class='ocrx_word' id='word_1_470' title='bbox 1098 3553 1375 3619; x_wconf 88' lang='lat' dir='ltr'>Juvenius,</span> <span class='ocrx_word' id='word_1_471' title='bbox 1450 3551 1774 3619; x_wconf 83' lang='lat' dir='ltr'>Majorinus,</span> <span class='ocrx_word' id='word_1_472' title='bbox 1839 3553 2028 3605; x_wconf 82' lang='lat' dir='ltr'>Inven-</span> 
     </span>
    </p>
   </div>
   <div class='ocr_carea' id='block_1_66' title="bbox 332 3640 2025 3711">
    <p class='ocr_par' dir='ltr' id='par_1_66' title="bbox 332 3640 2025 3711">
     <span class='ocr_line' id='line_1_66' title="bbox 332 3640 2025 3711; baseline -0.004 -13"><span class='ocrx_word' id='word_1_473' title='bbox 332 3646 460 3711; x_wconf 86' lang='lat' dir='ltr'>tius,</span> <span class='ocrx_word' id='word_1_474' title='bbox 540 3640 837 3706; x_wconf 82' lang='lat' dir='ltr'>Candidus,</span> <span class='ocrx_word' id='word_1_475' title='bbox 913 3640 1252 3709; x_wconf 83' lang='lat' dir='ltr'>Cyprianus,</span> <span class='ocrx_word' id='word_1_476' title='bbox 1326 3641 1665 3701; x_wconf 65' lang='lat' dir='ltr'>zEmilianus,</span> <span class='ocrx_word' id='word_1_477' title='bbox 1732 3641 2025 3705; x_wconf 82' lang='lat' dir='ltr'>Romanus,</span> 
     </span>
    </p>
   </div>
   <div class='ocr_carea' id='block_1_67' title="bbox 331 3727 2028 3797">
    <p class='ocr_par' dir='ltr' id='par_1_67' title="bbox 331 3727 2028 3797">
     <span class='ocr_line' id='line_1_67' title="bbox 331 3727 2028 3797; baseline -0.002 -11"><span class='ocrx_word' id='word_1_478' title='bbox 331 3732 658 3797; x_wconf 80' lang='lat' dir='ltr'>Africanus,</span> <span class='ocrx_word' id='word_1_479' title='bbox 715 3733 765 3782; x_wconf 89' lang='lat' dir='ltr'>et</span> <span class='ocrx_word' id='word_1_480' title='bbox 815 3728 1143 3796; x_wconf 86' lang='lat' dir='ltr'>Marcellius,</span> <span class='ocrx_word' id='word_1_481' title='bbox 1207 3729 1306 3797; x_wconf 88' lang='lat' dir='ltr'>qui</span> <span class='ocrx_word' id='word_1_482' title='bbox 1374 3730 1434 3781; x_wconf 89' lang='lat' dir='ltr'>in</span> <span class='ocrx_word' id='word_1_483' title='bbox 1492 3728 1714 3782; x_wconf 87' lang='lat' dir='ltr'>concilio</span> <span class='ocrx_word' id='word_1_484' title='bbox 1779 3727 2028 3782; x_wconf 71' lang='lat' dir='ltr'>Ecclesiae</span> 
     </span>
    </p>
   </div>
   <div class='ocr_carea' id='block_1_68' title="bbox 332 3815 1097 3886">
    <p class='ocr_par' dir='ltr' id='par_1_68' title="bbox 332 3815 1097 3886">
     <span class='ocr_line' id='line_1_68' title="bbox 332 3815 1097 3886; baseline -0.007 -12"><span class='ocrx_word' id='word_1_485' title='bbox 332 3818 774 3886; x_wconf 87' lang='lat' dir='ltr'>Carthaginensis</span> <span class='ocrx_word' id='word_1_486' title='bbox 794 3815 1097 3883; x_wconf 80' lang='lat' dir='ltr'>adfuimus.</span> 
     </span>
    </p>
   </div>
   <div class='ocr_carea' id='block_1_69' title="bbox 402 3902 2024 3975">
    <p class='ocr_par' dir='ltr' id='par_1_69' title="bbox 402 3902 2024 3975">
     <span class='ocr_line' id='line_1_69' title="bbox 402 3902 2024 3975; baseline -0.004 -13"><span class='ocrx_word' id='word_1_487' title='bbox 402 3905 706 3962; x_wconf 90' lang='lat' dir='ltr'>Garnerius</span> <span class='ocrx_word' id='word_1_488' title='bbox 755 3909 1065 3975; x_wconf 88' lang='lat' dir='ltr'>antequam</span> <span class='ocrx_word' id='word_1_489' title='bbox 1113 3902 1478 3957; x_wconf 89' lang='lat' dir='ltr'>laudatorum</span> <span class='ocrx_word' id='word_1_490' title='bbox 1515 3904 1748 3957; x_wconf 88' lang='lat' dir='ltr'>Patrum</span> <span class='ocrx_word' id='word_1_491' title='bbox 1791 3902 2024 3974; x_wconf 81' lang='lat' dir='ltr'>provin-</span> 
     </span>
    </p>
   </div>
   <div class='ocr_carea' id='block_1_70' title="bbox 331 3991 2027 4063">
    <p class='ocr_par' dir='ltr' id='par_1_70' title="bbox 331 3991 2027 4063">
     <span class='ocr_line' id='line_1_70' title="bbox 331 3991 2027 4063; baseline -0.004 -11"><span class='ocrx_word' id='word_1_492' title='bbox 331 3996 434 4052; x_wconf 62' lang='lat' dir='ltr'>cia:</span> <span class='ocrx_word' id='word_1_493' title='bbox 458 3992 884 4051; x_wconf 85' lang='lat' dir='ltr'>Proconsularis</span> <span class='ocrx_word' id='word_1_494' title='bbox 917 3991 1079 4046; x_wconf 88' lang='lat' dir='ltr'>sedes</span> <span class='ocrx_word' id='word_1_495' title='bbox 1114 3991 1392 4063; x_wconf 88' lang='lat' dir='ltr'>designet,</span> <span class='ocrx_word' id='word_1_496' title='bbox 1424 3991 1547 4046; x_wconf 62' lang='lat' dir='ltr'>haec</span> <span class='ocrx_word' id='word_1_497' title='bbox 1576 3991 1881 4063; x_wconf 69' lang='lat' dir='ltr'>praefatur:</span> <span class='ocrx_word' id='word_1_498' title='bbox 1924 3991 2027 4047; x_wconf 82' lang='lat' dir='ltr'>Vi—</span> 
     </span>
    </p>
   </div>
   <div class='ocr_carea' id='block_1_71' title="bbox 330 4081 2025 4154">
    <p class='ocr_par' dir='ltr' id='par_1_71' title="bbox 330 4081 2025 4154">
     <span class='ocr_line' id='line_1_71' title="bbox 330 4081 2025 4154; baseline -0.002 -15"><span class='ocrx_word' id='word_1_499' title='bbox 330 4100 450 4140; x_wconf 87' lang='lat' dir='ltr'>sum</span> <span class='ocrx_word' id='word_1_500' title='bbox 474 4089 552 4140; x_wconf 88' lang='lat' dir='ltr'>est</span> <span class='ocrx_word' id='word_1_501' title='bbox 583 4098 770 4154; x_wconf 85' lang='lat' dir='ltr'>porro,</span> <span class='ocrx_word' id='word_1_502' title='bbox 803 4081 1120 4136; x_wconf 87' lang='lat' dir='ltr'>nonnullum</span> <span class='ocrx_word' id='word_1_503' title='bbox 1142 4082 1393 4146; x_wconf 80' lang='lat' dir='ltr'>futurum</span> <span class='ocrx_word' id='word_1_504' title='bbox 1410 4095 1582 4149; x_wconf 60' lang='lat' dir='ltr'>operm</span> <span class='ocrx_word' id='word_1_505' title='bbox 1605 4082 1859 4149; x_wconf 84' lang='lat' dir='ltr'>pretium,</span> <span class='ocrx_word' id='word_1_506' title='bbox 1889 4096 2025 4136; x_wconf 89' lang='lat' dir='ltr'>non-</span> 
     </span>
    </p>
   </div>
   <div class='ocr_carea' id='block_1_72' title="bbox 326 4167 2027 4242">
    <p class='ocr_par' dir='ltr' id='par_1_72' title="bbox 326 4167 2027 4242">
     <span class='ocr_line' id='line_1_72' title="bbox 326 4167 2027 4242; baseline -0.002 -15"><span class='ocrx_word' id='word_1_507' title='bbox 326 4174 637 4242; x_wconf 89' lang='lat' dir='ltr'>nullamque</span> <span class='ocrx_word' id='word_1_508' title='bbox 656 4185 814 4241; x_wconf 87' lang='lat' dir='ltr'>posse</span> <span class='ocrx_word' id='word_1_509' title='bbox 847 4168 915 4223; x_wconf 90' lang='lat' dir='ltr'>ab</span> <span class='ocrx_word' id='word_1_510' title='bbox 960 4167 1191 4223; x_wconf 85' lang='lat' dir='ltr'>eruditis</span> <span class='ocrx_word' id='word_1_511' title='bbox 1219 4168 1501 4222; x_wconf 85' lang='lat' dir='ltr'>lectoribus</span> <span class='ocrx_word' id='word_1_512' title='bbox 1531 4169 1666 4221; x_wconf 89' lang='lat' dir='ltr'>iniri</span> <span class='ocrx_word' id='word_1_513' title='bbox 1684 4171 1944 4237; x_wconf 88' lang='lat' dir='ltr'>gratiam,</span> <span class='ocrx_word' id='word_1_514' title='bbox 1975 4171 2027 4223; x_wconf 89' lang='lat' dir='ltr'>si</span> 
     </span>
    </p>
   </div>
   <div class='ocr_carea' id='block_1_73' title="bbox 2133 3102 3780 3184">
    <p class='ocr_par' dir='ltr' id='par_1_73' title="bbox 2133 3102 3780 3184">
     <span class='ocr_line' id='line_1_73' title="bbox 2133 3102 3780 3184; baseline -0.012 -12"><span class='ocrx_word' id='word_1_515' title='bbox 2133 3117 2315 3172; x_wconf 88' lang='lat' dir='ltr'>futuri</span> <span class='ocrx_word' id='word_1_516' title='bbox 2366 3116 2558 3171; x_wconf 90' lang='lat' dir='ltr'>locum</span> <span class='ocrx_word' id='word_1_517' title='bbox 2612 3117 2857 3171; x_wconf 89' lang='lat' dir='ltr'>electum</span> <span class='ocrx_word' id='word_1_518' title='bbox 2910 3114 3084 3168; x_wconf 83' lang='lat' dir='ltr'>fuisse</span> <span class='ocrx_word' id='word_1_519' title='bbox 3116 3112 3386 3184; x_wconf 87' lang='lat' dir='ltr'>pluribus</span> <span class='ocrx_word' id='word_1_520' title='bbox 3412 3106 3622 3165; x_wconf 87' lang='lat' dir='ltr'>ostendi</span> <span class='ocrx_word' id='word_1_521' title='bbox 3652 3102 3731 3156; x_wconf 88' lang='lat' dir='ltr'>lib.</span> <span class='ocrx_word' id='word_1_522' title='bbox 3756 3115 3780 3151; x_wconf 81' lang='grc' dir='ltr'>ιι</span> 
     </span>
    </p>
   </div>
   <div class='ocr_carea' id='block_1_74' title="bbox 2135 3193 3780 3276">
    <p class='ocr_par' dir='ltr' id='par_1_74' title="bbox 2135 3193 3780 3276">
     <span class='ocr_line' id='line_1_74' title="bbox 2135 3193 3780 3276; baseline -0.01 -17"><span class='ocrx_word' id='word_1_523' title='bbox 2135 3204 2268 3260; x_wconf 90' lang='lat' dir='ltr'>hist.</span> <span class='ocrx_word' id='word_1_524' title='bbox 2298 3205 2515 3276; x_wconf 88' lang='lat' dir='ltr'>Pelag.,</span> <span class='ocrx_word' id='word_1_525' title='bbox 2546 3221 2670 3275; x_wconf 92' lang='lat' dir='ltr'>cap.</span> <span class='ocrx_word' id='word_1_526' title='bbox 2702 3207 2733 3258; x_wconf 93' lang='lat'><strong>8</strong></span> <span class='ocrx_word' id='word_1_527' title='bbox 2759 3220 2771 3258; x_wconf 93' lang='lat'>:</span> <span class='ocrx_word' id='word_1_528' title='bbox 2806 3219 2936 3274; x_wconf 76' lang='lat' dir='ltr'>quae</span> <span class='ocrx_word' id='word_1_529' title='bbox 2966 3218 3097 3257; x_wconf 90' lang='lat' dir='ltr'>cum</span> <span class='ocrx_word' id='word_1_530' title='bbox 3148 3200 3371 3256; x_wconf 86' lang='lat' dir='ltr'>ibidem</span> <span class='ocrx_word' id='word_1_531' title='bbox 3418 3195 3589 3270; x_wconf 91' lang='lat' dir='ltr'>possis</span> <span class='ocrx_word' id='word_1_532' title='bbox 3614 3193 3780 3276; x_wconf 78' lang='lat' dir='ltr'>legere,</span> 
     </span>
    </p>
   </div>
   <div class='ocr_carea' id='block_1_75' title="bbox 2135 3274 3785 3348">
    <p class='ocr_par' dir='ltr' id='par_1_75' title="bbox 2135 3274 3785 3348">
     <span class='ocr_line' id='line_1_75' title="bbox 2135 3274 3785 3348; baseline -0.01 -1"><span class='ocrx_word' id='word_1_533' title='bbox 2135 3293 2335 3348; x_wconf 89' lang='lat' dir='ltr'>eadem</span> <span class='ocrx_word' id='word_1_534' title='bbox 2363 3274 2475 3347; x_wconf 77' lang='lat' dir='ltr'>huc</span> <span class='ocrx_word' id='word_1_535' title='bbox 2500 3292 2810 3347; x_wconf 84' lang='lat' dir='ltr'>transferre</span> <span class='ocrx_word' id='word_1_536' title='bbox 2836 3306 2952 3345; x_wconf 92' lang='lat' dir='ltr'>non</span> <span class='ocrx_word' id='word_1_537' title='bbox 2983 3295 3160 3345; x_wconf 84' lang='lat' dir='ltr'>vacat.</span> <span class='ocrx_word' id='word_1_538' title='bbox 3215 3289 3316 3344; x_wconf 85' lang='lat' dir='ltr'>His</span> <span class='ocrx_word' id='word_1_539' title='bbox 3354 3285 3585 3348; x_wconf 88' lang='lat' dir='ltr'>accedit,</span> <span class='ocrx_word' id='word_1_540' title='bbox 3633 3274 3785 3335; x_wconf 83' lang='lat' dir='ltr'>testari</span> 
     </span>
    </p>
   </div>
   <div class='ocr_carea' id='block_1_76' title="bbox 2136 3363 3780 3451">
    <p class='ocr_par' dir='ltr' id='par_1_76' title="bbox 2136 3363 3780 3451">
     <span class='ocr_line' id='line_1_76' title="bbox 2136 3363 3780 3451; baseline -0.01 -16"><span class='ocrx_word' id='word_1_541' title='bbox 2136 3380 2525 3451; x_wconf 88' lang='lat' dir='ltr'>Augustinum</span> <span class='ocrx_word' id='word_1_542' title='bbox 2575 3396 2633 3434; x_wconf 91' lang='lat' dir='ltr'>se</span> <span class='ocrx_word' id='word_1_543' title='bbox 2683 3378 2997 3450; x_wconf 86' lang='lat' dir='ltr'>disputasse</span> <span class='ocrx_word' id='word_1_544' title='bbox 3050 3394 3182 3432; x_wconf 89' lang='lat' dir='ltr'>cum</span> <span class='ocrx_word' id='word_1_545' title='bbox 3234 3374 3510 3432; x_wconf 86' lang='lat' dir='ltr'>Fortunio</span> <span class='ocrx_word' id='word_1_546' title='bbox 3556 3363 3780 3426; x_wconf 86' lang='lat' dir='ltr'>Tubursi-</span> 
     </span>
    </p>
   </div>
   <div class='ocr_carea' id='block_1_77' title="bbox 2134 3450 3785 3523">
    <p class='ocr_par' dir='ltr' id='par_1_77' title="bbox 2134 3450 3785 3523">
     <span class='ocr_line' id='line_1_77' title="bbox 2134 3450 3785 3523; baseline -0.008 -1"><span class='ocrx_word' id='word_1_547' title='bbox 2134 3450 2291 3522; x_wconf 84' lang='lat' dir='ltr'>censi</span> <span class='ocrx_word' id='word_1_548' title='bbox 2324 3467 2647 3523; x_wconf 89' lang='lat' dir='ltr'>Donatista.</span> <span class='ocrx_word' id='word_1_549' title='bbox 2678 3470 2751 3522; x_wconf 85' lang='lat' dir='ltr'>At</span> <span class='ocrx_word' id='word_1_550' title='bbox 2780 3483 2933 3521; x_wconf 91' lang='lat' dir='ltr'>anno</span> <span class='ocrx_word' id='word_1_551' title='bbox 2957 3469 3053 3521; x_wconf 79' lang='grc'>411</span> <span class='ocrx_word' id='word_1_552' title='bbox 3091 3465 3247 3520; x_wconf 89' lang='lat' dir='ltr'>inter</span> <span class='ocrx_word' id='word_1_553' title='bbox 3264 3462 3589 3519; x_wconf 86' lang='lat' dir='ltr'>Donatistas</span> <span class='ocrx_word' id='word_1_554' title='bbox 3614 3458 3668 3512; x_wconf 88' lang='lat' dir='ltr'>in</span> <span class='ocrx_word' id='word_1_555' title='bbox 3691 3450 3785 3508; x_wconf 79' lang='lat' dir='ltr'>Col-</span> 
     </span>
    </p>
   </div>
   <div class='ocr_carea' id='block_1_78' title="bbox 2134 3539 3786 3626">
    <p class='ocr_par' dir='ltr' id='par_1_78' title="bbox 2134 3539 3786 3626">
     <span class='ocr_line' id='line_1_78' title="bbox 2134 3539 3786 3626; baseline -0.009 -15"><span class='ocrx_word' id='word_1_556' title='bbox 2134 3556 2347 3611; x_wconf 86' lang='lat' dir='ltr'>latione</span> <span class='ocrx_word' id='word_1_557' title='bbox 2395 3573 2521 3626; x_wconf 89' lang='lat' dir='ltr'>cap.</span> <span class='ocrx_word' id='word_1_558' title='bbox 2572 3559 2669 3611; x_wconf 81' lang='lat' dir='ltr'>20t</span> <span class='ocrx_word' id='word_1_559' title='bbox 2722 3555 3050 3610; x_wconf 89' lang='lat' dir='ltr'>nominatus</span> <span class='ocrx_word' id='word_1_560' title='bbox 3095 3554 3410 3609; x_wconf 84' lang='lat' dir='ltr'>Januarius</span> <span class='ocrx_word' id='word_1_561' title='bbox 3456 3552 3708 3620; x_wconf 86' lang='lat' dir='ltr'>episcopus</span> <span class='ocrx_word' id='word_1_562' title='bbox 3740 3539 3786 3592; x_wconf 80' lang='lat' dir='ltr'>de</span> 
     </span>
    </p>
   </div>
   <div class='ocr_carea' id='block_1_79' title="bbox 2137 3629 3785 3714">
    <p class='ocr_par' dir='ltr' id='par_1_79' title="bbox 2137 3629 3785 3714">
     <span class='ocr_line' id='line_1_79' title="bbox 2137 3629 3785 3714; baseline -0.011 -14"><span class='ocrx_word' id='word_1_563' title='bbox 2137 3646 2429 3700; x_wconf 81' lang='lat' dir='ltr'>Tubursico</span> <span class='ocrx_word' id='word_1_564' title='bbox 2453 3644 2860 3710; x_wconf 84' lang='lat' dir='ltr'>Numidiarum,</span> <span class='ocrx_word' id='word_1_565' title='bbox 2917 3643 3019 3714; x_wconf 91' lang='lat' dir='ltr'>qui</span> <span class='ocrx_word' id='word_1_566' title='bbox 3064 3641 3346 3697; x_wconf 86' lang='lat' dir='ltr'>Fortunio</span> <span class='ocrx_word' id='word_1_567' title='bbox 3378 3640 3595 3696; x_wconf 84' lang='lat' dir='ltr'>dudum</span> <span class='ocrx_word' id='word_1_568' title='bbox 3626 3629 3785 3688; x_wconf 80' lang='lat' dir='ltr'>deluu-</span> 
     </span>
    </p>
   </div>
   <div class='ocr_carea' id='block_1_80' title="bbox 2135 3736 2619 3787">
    <p class='ocr_par' dir='ltr' id='par_1_80' title="bbox 2135 3736 2619 3787">
     <span class='ocr_line' id='line_1_80' title="bbox 2135 3736 2619 3787; baseline -0.002 0"><span class='ocrx_word' id='word_1_569' title='bbox 2135 3739 2226 3787; x_wconf 88' lang='lat' dir='ltr'>cto</span> <span class='ocrx_word' id='word_1_570' title='bbox 2257 3736 2619 3787; x_wconf 87' lang='lat' dir='ltr'>successerat.</span> 
     </span>
    </p>
   </div>
   <div class='ocr_carea' id='block_1_81' title="bbox 2206 3811 3786 3890">
    <p class='ocr_par' dir='ltr' id='par_1_81' title="bbox 2206 3811 3786 3890">
     <span class='ocr_line' id='line_1_81' title="bbox 2206 3811 3786 3890; baseline -0.006 -15"><span class='ocrx_word' id='word_1_571' title='bbox 2206 3821 2477 3875; x_wconf 81' lang='lat' dir='ltr'>Nummus</span> <span class='ocrx_word' id='word_1_572' title='bbox 2517 3822 2927 3875; x_wconf 63' lang='lat' dir='ltr'>Maxumranvs.</span> <span class='ocrx_word' id='word_1_573' title='bbox 2985 3821 3138 3874; x_wconf 86' lang='lat' dir='ltr'>Hunc</span> <span class='ocrx_word' id='word_1_574' title='bbox 3190 3819 3440 3890; x_wconf 84' lang='lat' dir='ltr'>oportuit</span> <span class='ocrx_word' id='word_1_575' title='bbox 3485 3814 3580 3869; x_wconf 87' lang='lat' dir='ltr'>diu</span> <span class='ocrx_word' id='word_1_576' title='bbox 3627 3811 3786 3867; x_wconf 68' lang='lat' dir='ltr'>Malu-</span> 
     </span>
    </p>
   </div>
   <div class='ocr_carea' id='block_1_82' title="bbox 2136 3892 3789 3977">
    <p class='ocr_par' dir='ltr' id='par_1_82' title="bbox 2136 3892 3789 3977">
     <span class='ocr_line' id='line_1_82' title="bbox 2136 3892 3789 3977; baseline -0.008 -14"><span class='ocrx_word' id='word_1_577' title='bbox 2136 3911 2367 3964; x_wconf 88' lang='lat' dir='ltr'>litanam</span> <span class='ocrx_word' id='word_1_578' title='bbox 2419 3909 2715 3964; x_wconf 83' lang='lat' dir='ltr'>Ecclesium</span> <span class='ocrx_word' id='word_1_579' title='bbox 2772 3910 2997 3976; x_wconf 58' lang='lat' dir='ltr'>rescisse,</span> <span class='ocrx_word' id='word_1_580' title='bbox 3045 3909 3247 3977; x_wconf 86' lang='lat' dir='ltr'>quippe</span> <span class='ocrx_word' id='word_1_581' title='bbox 3286 3922 3412 3961; x_wconf 89' lang='lat' dir='ltr'>cum</span> <span class='ocrx_word' id='word_1_582' title='bbox 3450 3906 3569 3974; x_wconf 83' lang='lat' dir='ltr'>jam</span> <span class='ocrx_word' id='word_1_583' title='bbox 3613 3896 3719 3953; x_wconf 80' lang='lat' dir='ltr'>inde</span> <span class='ocrx_word' id='word_1_584' title='bbox 3740 3892 3789 3945; x_wconf 79' lang='grc' dir='ltr'>αὑ</span> 
     </span>
    </p>
   </div>
   <div class='ocr_carea' id='block_1_83' title="bbox 2137 3981 3789 4061">
    <p class='ocr_par' dir='ltr' id='par_1_83' title="bbox 2137 3981 3789 4061">
     <span class='ocr_line' id='line_1_83' title="bbox 2137 3981 3789 4061; baseline -0.011 -10"><span class='ocrx_word' id='word_1_585' title='bbox 2137 4013 2278 4052; x_wconf 89' lang='lat' dir='ltr'>anno</span> <span class='ocrx_word' id='word_1_586' title='bbox 2344 3998 2448 4052; x_wconf 84' lang='grc'>403</span> <span class='ocrx_word' id='word_1_587' title='bbox 2516 3996 2750 4051; x_wconf 83' lang='lat' dir='ltr'>secundo</span> <span class='ocrx_word' id='word_1_588' title='bbox 2799 3996 2909 4050; x_wconf 90' lang='lat' dir='ltr'>loco</span> <span class='ocrx_word' id='word_1_589' title='bbox 2936 3994 3159 4061; x_wconf 85' lang='lat' dir='ltr'>sederit,</span> <span class='ocrx_word' id='word_1_590' title='bbox 3201 4010 3300 4049; x_wconf 88' lang='lat' dir='ltr'>nec</span> <span class='ocrx_word' id='word_1_591' title='bbox 3352 3999 3532 4048; x_wconf 89' lang='lat' dir='ltr'>tamen</span> <span class='ocrx_word' id='word_1_592' title='bbox 3573 3999 3696 4043; x_wconf 84' lang='lat' dir='ltr'>anno</span> <span class='ocrx_word' id='word_1_593' title='bbox 3711 3981 3789 4035; x_wconf 69' lang='grc'><strong>419</strong></span> 
     </span>
    </p>
   </div>
   <div class='ocr_carea' id='block_1_84' title="bbox 2133 4075 3791 4153">
    <p class='ocr_par' dir='ltr' id='par_1_84' title="bbox 2133 4075 3791 4153">
     <span class='ocr_line' id='line_1_84' title="bbox 2133 4075 3791 4153; baseline -0.009 -13"><span class='ocrx_word' id='word_1_594' title='bbox 2133 4087 2271 4140; x_wconf 86' lang='lat' dir='ltr'>diem</span> <span class='ocrx_word' id='word_1_595' title='bbox 2303 4085 2540 4139; x_wconf 89' lang='lat' dir='ltr'>obiisset.</span> <span class='ocrx_word' id='word_1_596' title='bbox 2583 4085 2788 4140; x_wconf 85' lang='lat' dir='ltr'>Civitas</span> <span class='ocrx_word' id='word_1_597' title='bbox 2815 4098 2979 4152; x_wconf 88' lang='lat' dir='ltr'>porro</span> <span class='ocrx_word' id='word_1_598' title='bbox 3021 4084 3277 4148; x_wconf 68' lang='lat' dir='ltr'>Macula,</span> <span class='ocrx_word' id='word_1_599' title='bbox 3304 4097 3429 4153; x_wconf 74' lang='lat' dir='ltr'>quae</span> <span class='ocrx_word' id='word_1_600' title='bbox 3487 4092 3622 4133; x_wconf 87' lang='lat' dir='ltr'>nunc</span> <span class='ocrx_word' id='word_1_601' title='bbox 3648 4075 3791 4129; x_wconf 80' lang='lat' dir='ltr'>Massa</span> 
     </span>
    </p>
   </div>
   <div class='ocr_carea' id='block_1_85' title="bbox 2134 4166 3787 4239">
    <p class='ocr_par' dir='ltr' id='par_1_85' title="bbox 2134 4166 3787 4239">
     <span class='ocr_line' id='line_1_85' title="bbox 2134 4166 3787 4239; baseline -0.006 -14"><span class='ocrx_word' id='word_1_602' title='bbox 2134 4172 2356 4239; x_wconf 85' lang='lat' dir='ltr'>dicitur,</span> <span class='ocrx_word' id='word_1_603' title='bbox 2385 4188 2490 4227; x_wconf 87' lang='lat' dir='ltr'>non</span> <span class='ocrx_word' id='word_1_604' title='bbox 2518 4173 2747 4227; x_wconf 89' lang='lat' dir='ltr'>multum</span> <span class='ocrx_word' id='word_1_605' title='bbox 2768 4172 2941 4226; x_wconf 86' lang='lat' dir='ltr'>distat</span> <span class='ocrx_word' id='word_1_606' title='bbox 2961 4171 3029 4225; x_wconf 90' lang='lat' dir='ltr'>ab</span> <span class='ocrx_word' id='word_1_607' title='bbox 3056 4173 3293 4239; x_wconf 86' lang='lat' dir='ltr'>antiqua</span> <span class='ocrx_word' id='word_1_608' title='bbox 3339 4166 3669 4235; x_wconf 84' lang='lat' dir='ltr'>Carthagine</span> <span class='ocrx_word' id='word_1_609' title='bbox 3694 4172 3787 4211; x_wconf 67' lang='lat' dir='ltr'>ver-</span> 
     </span>
    </p>
   </div>
   <div class='ocr_carea' id='block_1_86' title="bbox 327 4244 3791 4329">
    <p class='ocr_par' dir='ltr' id='par_1_86' title="bbox 327 4244 3791 4329">
     <span class='ocr_line' id='line_1_86' title="bbox 327 4244 3791 4329; baseline -0.002 -5"><span class='ocrx_word' id='word_1_610' title='bbox 327 4262 697 4329; x_wconf 72' lang='grc' dir='ltr'>θΡὶδοοΡοναηῑ</span> <span class='ocrx_word' id='word_1_611' title='bbox 727 4258 825 4326; x_wconf 77' lang='lat' dir='ltr'>qui</span> <span class='ocrx_word' id='word_1_612' title='bbox 863 4256 1067 4324; x_wconf 63' lang='grc' dir='ltr'><em>εμηοὰο</em></span> <span class='ocrx_word' id='word_1_613' title='bbox 1109 4257 1497 4322; x_wconf 64' lang='grc' dir='ltr'>ἰηιονριρναηι,</span> <span class='ocrx_word' id='word_1_614' title='bbox 1528 4257 1608 4309; x_wconf 67' lang='lat' dir='ltr'>ita</span> <span class='ocrx_word' id='word_1_615' title='bbox 1625 4262 2023 4311; x_wconf 70' lang='lat' dir='ltr'>recenserentur</span> <span class='ocrx_word' id='word_1_616' title='bbox 2059 4244 2104 4300; x_wconf 82' lang='grc' dir='ltr'>Ῑ)</span> <span class='ocrx_word' id='word_1_617' title='bbox 2129 4275 2220 4314; x_wconf 85' lang='lat' dir='ltr'>sus</span> <span class='ocrx_word' id='word_1_618' title='bbox 2263 4265 2459 4315; x_wconf 88' lang='lat' dir='ltr'>ortum.</span> <span class='ocrx_word' id='word_1_619' title='bbox 2513 4261 2703 4315; x_wconf 89' lang='lat' dir='ltr'>Laudo</span> <span class='ocrx_word' id='word_1_620' title='bbox 2760 4258 3019 4315; x_wconf 89' lang='lat' dir='ltr'>Garnerii</span> <span class='ocrx_word' id='word_1_621' title='bbox 3062 4258 3512 4323; x_wconf 88' lang='lat' dir='ltr'>correctionem,</span> <span class='ocrx_word' id='word_1_622' title='bbox 3561 4251 3653 4324; x_wconf 88' lang='lat' dir='ltr'>qui</span> <span class='ocrx_word' id='word_1_623' title='bbox 3710 4260 3791 4316; x_wconf 67' lang='lat' dir='ltr'>PN</span> 
     </span>
    </p>
   </div>
   <div class='ocr_carea' id='block_1_87' title="bbox 327 4332 3790 4420">
    <p class='ocr_par' dir='ltr' id='par_1_87' title="bbox 327 4332 3790 4420">
     <span class='ocr_line' id='line_1_87' title="bbox 327 4332 3790 4420; baseline -0.004 -20"><span class='ocrx_word' id='word_1_624' title='bbox 327 4348 565 4413; x_wconf 88' lang='lat' dir='ltr'>nomina,</span> <span class='ocrx_word' id='word_1_625' title='bbox 598 4349 659 4399; x_wconf 89' lang='lat' dir='ltr'>ut</span> <span class='ocrx_word' id='word_1_626' title='bbox 685 4344 829 4412; x_wconf 91' lang='lat' dir='ltr'>quod</span> <span class='ocrx_word' id='word_1_627' title='bbox 875 4343 1137 4397; x_wconf 83' lang='lat' dir='ltr'>hactenus</span> <span class='ocrx_word' id='word_1_628' title='bbox 1168 4343 1396 4396; x_wconf 78' lang='lat' dir='ltr'>tentavit</span> <span class='ocrx_word' id='word_1_629' title='bbox 1430 4357 1601 4409; x_wconf 85' lang='lat' dir='ltr'>nemo,</span> <span class='ocrx_word' id='word_1_630' title='bbox 1630 4358 1740 4397; x_wconf 76' lang='lat' dir='ltr'>suav</span> <span class='ocrx_word' id='word_1_631' title='bbox 1761 4346 2016 4413; x_wconf 81' lang='lat' dir='ltr'>singulis,</span> <span class='ocrx_word' id='word_1_632' title='bbox 2128 4349 2385 4404; x_wconf 82' lang='lat' dir='ltr'>Mundius</span> <span class='ocrx_word' id='word_1_633' title='bbox 2426 4349 2565 4420; x_wconf 89' lang='lat' dir='ltr'>legit</span> <span class='ocrx_word' id='word_1_634' title='bbox 2608 4348 2915 4406; x_wconf 79' lang='lat' dir='ltr'>Numidius.</span> <span class='ocrx_word' id='word_1_635' title='bbox 2980 4348 3264 4402; x_wconf 80' lang='lat' dir='ltr'>Caeterum</span> <span class='ocrx_word' id='word_1_636' title='bbox 3316 4344 3513 4400; x_wconf 85' lang='lat' dir='ltr'>nescio</span> <span class='ocrx_word' id='word_1_637' title='bbox 3548 4339 3685 4394; x_wconf 87' lang='lat' dir='ltr'>unde</span> <span class='ocrx_word' id='word_1_638' title='bbox 3709 4332 3790 4387; x_wconf 84' lang='lat' dir='ltr'>sci-</span> 
     </span>
    </p>
   </div>
   <div class='ocr_carea' id='block_1_88' title="bbox 328 4424 3791 4502">
    <p class='ocr_par' dir='ltr' id='par_1_88' title="bbox 328 4424 3791 4502">
     <span class='ocr_line' id='line_1_88' title="bbox 328 4424 3791 4502; baseline -0.004 -14"><span class='ocrx_word' id='word_1_639' title='bbox 328 4438 592 4502; x_wconf 81' lang='lat' dir='ltr'>quantum</span> <span class='ocrx_word' id='word_1_640' title='bbox 637 4433 778 4498; x_wconf 89' lang='lat' dir='ltr'>licet,</span> <span class='ocrx_word' id='word_1_641' title='bbox 829 4431 1243 4497; x_wconf 85' lang='lat' dir='ltr'>assignarentur</span> <span class='ocrx_word' id='word_1_642' title='bbox 1287 4428 1554 4483; x_wconf 75' lang='lat' dir='ltr'>Ecclesiae.</span> <span class='ocrx_word' id='word_1_643' title='bbox 1588 4431 1836 4485; x_wconf 65' lang='lat' dir='ltr'>Collectw</span> <span class='ocrx_word' id='word_1_644' title='bbox 1896 4437 2022 4487; x_wconf 90' lang='lat' dir='ltr'>sunt</span> <span class='ocrx_word' id='word_1_645' title='bbox 2128 4436 2273 4491; x_wconf 90' lang='lat' dir='ltr'>verit</span> <span class='ocrx_word' id='word_1_646' title='bbox 2328 4436 2660 4491; x_wconf 84' lang='lat' dir='ltr'>Numidiam</span> <span class='ocrx_word' id='word_1_647' title='bbox 2706 4437 2776 4491; x_wconf 88' lang='lat' dir='ltr'>ab</span> <span class='ocrx_word' id='word_1_648' title='bbox 2814 4452 2966 4491; x_wconf 92' lang='lat' dir='ltr'>anno</span> <span class='ocrx_word' id='word_1_649' title='bbox 3018 4437 3121 4491; x_wconf 80' lang='grc'>403</span> <span class='ocrx_word' id='word_1_650' title='bbox 3153 4434 3414 4490; x_wconf 88' lang='lat' dir='ltr'>secundo</span> <span class='ocrx_word' id='word_1_651' title='bbox 3448 4432 3573 4487; x_wconf 89' lang='lat' dir='ltr'>loco</span> <span class='ocrx_word' id='word_1_652' title='bbox 3600 4424 3791 4482; x_wconf 81' lang='lat' dir='ltr'>sedisse.</span> 
     </span>
    </p>
   </div>
   <div class='ocr_carea' id='block_1_89' title="bbox 326 4508 3792 4596">
    <p class='ocr_par' dir='ltr' id='par_1_89' title="bbox 326 4508 3792 4596">
     <span class='ocr_line' id='line_1_89' title="bbox 326 4508 3792 4596; baseline -0.004 -21"><span class='ocrx_word' id='word_1_653' title='bbox 326 4522 436 4575; x_wconf 69' lang='lat' dir='ltr'>illae</span> <span class='ocrx_word' id='word_1_654' title='bbox 460 4535 606 4587; x_wconf 90' lang='lat' dir='ltr'>vero,</span> <span class='ocrx_word' id='word_1_655' title='bbox 637 4520 733 4573; x_wconf 90' lang='lat' dir='ltr'>sed</span> <span class='ocrx_word' id='word_1_656' title='bbox 756 4534 865 4573; x_wconf 89' lang='lat' dir='ltr'>non</span> <span class='ocrx_word' id='word_1_657' title='bbox 899 4520 1016 4572; x_wconf 89' lang='lat' dir='ltr'>sine</span> <span class='ocrx_word' id='word_1_658' title='bbox 1044 4532 1177 4571; x_wconf 88' lang='lat' dir='ltr'>cura</span> <span class='ocrx_word' id='word_1_659' title='bbox 1200 4520 1251 4570; x_wconf 89' lang='lat' dir='ltr'>et</span> <span class='ocrx_word' id='word_1_660' title='bbox 1294 4517 1474 4572; x_wconf 88' lang='lat' dir='ltr'>labore</span> <span class='ocrx_word' id='word_1_661' title='bbox 1514 4534 1581 4571; x_wconf 77' lang='lat' dir='ltr'>ea:</span> <span class='ocrx_word' id='word_1_662' title='bbox 1607 4517 1836 4574; x_wconf 85' lang='lat' dir='ltr'>diversis</span> <span class='ocrx_word' id='word_1_663' title='bbox 1878 4524 2018 4573; x_wconf 86' lang='lat' dir='ltr'>vete-</span> <span class='ocrx_word' id='word_1_664' title='bbox 2132 4525 2321 4579; x_wconf 85' lang='lat' dir='ltr'>Exstat</span> <span class='ocrx_word' id='word_1_665' title='bbox 2366 4525 2616 4596; x_wconf 82' lang='lat' dir='ltr'>synodus</span> <span class='ocrx_word' id='word_1_666' title='bbox 2659 4524 2856 4579; x_wconf 84' lang='lat' dir='ltr'>habita</span> <span class='ocrx_word' id='word_1_667' title='bbox 2902 4540 2967 4578; x_wconf 91' lang='lat' dir='ltr'>eo</span> <span class='ocrx_word' id='word_1_668' title='bbox 3003 4540 3177 4590; x_wconf 88' lang='lat' dir='ltr'>anno,</span> <span class='ocrx_word' id='word_1_669' title='bbox 3222 4519 3552 4577; x_wconf 87' lang='lat' dir='ltr'>Theodosio</span> <span class='ocrx_word' id='word_1_670' title='bbox 3590 4521 3643 4571; x_wconf 88' lang='lat' dir='ltr'>et</span> <span class='ocrx_word' id='word_1_671' title='bbox 3661 4508 3792 4567; x_wconf 82' lang='lat' dir='ltr'>Buri-</span> 
     </span>
    </p>
   </div>
   <div class='ocr_carea' id='block_1_90' title="bbox 324 4604 3794 4683">
    <p class='ocr_par' dir='ltr' id='par_1_90' title="bbox 324 4604 3794 4683">
     <span class='ocr_line' id='line_1_90' title="bbox 324 4604 3794 4683; baseline -0.002 -20"><span class='ocrx_word' id='word_1_672' title='bbox 324 4624 446 4663; x_wconf 88' lang='lat' dir='ltr'>rum</span> <span class='ocrx_word' id='word_1_673' title='bbox 477 4607 632 4662; x_wconf 85' lang='lat' dir='ltr'>libris</span> <span class='ocrx_word' id='word_1_674' title='bbox 661 4609 800 4660; x_wconf 87' lang='lat' dir='ltr'>inter</span> <span class='ocrx_word' id='word_1_675' title='bbox 826 4621 882 4661; x_wconf 87' lang='lat' dir='ltr'>se</span> <span class='ocrx_word' id='word_1_676' title='bbox 902 4606 1128 4673; x_wconf 89' lang='lat' dir='ltr'>collatis,</span> <span class='ocrx_word' id='word_1_677' title='bbox 1156 4610 1206 4659; x_wconf 89' lang='lat' dir='ltr'>et</span> <span class='ocrx_word' id='word_1_678' title='bbox 1228 4607 1573 4675; x_wconf 89' lang='lat' dir='ltr'>potissimum</span> <span class='ocrx_word' id='word_1_679' title='bbox 1593 4606 1787 4675; x_wconf 84' lang='lat' dir='ltr'>tribus,</span> <span class='ocrx_word' id='word_1_680' title='bbox 1823 4608 2022 4662; x_wconf 86' lang='lat' dir='ltr'>Codice</span> <span class='ocrx_word' id='word_1_681' title='bbox 2129 4611 2346 4666; x_wconf 91' lang='lat' dir='ltr'>mundo</span> <span class='ocrx_word' id='word_1_682' title='bbox 2406 4628 2572 4676; x_wconf 89' lang='lat' dir='ltr'>coss.,</span> <span class='ocrx_word' id='word_1_683' title='bbox 2621 4611 2980 4683; x_wconf 88' lang='lat' dir='ltr'>Carthagine,</span> <span class='ocrx_word' id='word_1_684' title='bbox 3035 4612 3097 4666; x_wconf 89' lang='lat' dir='ltr'>in</span> <span class='ocrx_word' id='word_1_685' title='bbox 3144 4610 3315 4682; x_wconf 85' lang='lat' dir='ltr'>cujus</span> <span class='ocrx_word' id='word_1_686' title='bbox 3347 4609 3505 4665; x_wconf 87' lang='lat' dir='ltr'>calce</span> <span class='ocrx_word' id='word_1_687' title='bbox 3528 4605 3671 4661; x_wconf 88' lang='lat' dir='ltr'>solus</span> <span class='ocrx_word' id='word_1_688' title='bbox 3704 4604 3794 4656; x_wconf 78' lang='lat' dir='ltr'>Au-</span> 
     </span>
    </p>
   </div>
   <div class='ocr_carea' id='block_1_91' title="bbox 264 4684 3795 4772">
    <p class='ocr_par' dir='ltr' id='par_1_91' title="bbox 264 4684 3795 4772">
     <span class='ocr_line' id='line_1_91' title="bbox 264 4684 3795 4772; baseline -0.005 -13"><span class='ocrx_word' id='word_1_689' title='bbox 264 4751 271 4759; x_wconf 91' lang='lat'>.</span> <span class='ocrx_word' id='word_1_690' title='bbox 325 4711 588 4751; x_wconf 79' lang='lat' dir='ltr'>canonum</span> <span class='ocrx_word' id='word_1_691' title='bbox 632 4695 883 4750; x_wconf 61' lang='lat' dir='ltr'>Ecclesia</span> <span class='ocrx_word' id='word_1_692' title='bbox 928 4696 1238 4763; x_wconf 72' lang='lat' dir='ltr'>Africanae,</span> <span class='ocrx_word' id='word_1_693' title='bbox 1277 4700 1441 4764; x_wconf 87' lang='lat' dir='ltr'>parte</span> <span class='ocrx_word' id='word_1_694' title='bbox 1474 4697 1656 4764; x_wconf 84' lang='lat' dir='ltr'>prima</span> <span class='ocrx_word' id='word_1_695' title='bbox 1719 4697 2019 4752; x_wconf 86' lang='lat' dir='ltr'>collationis</span> <span class='ocrx_word' id='word_1_696' title='bbox 2128 4700 2303 4754; x_wconf 90' lang='lat' dir='ltr'>relius</span> <span class='ocrx_word' id='word_1_697' title='bbox 2333 4699 2549 4770; x_wconf 89' lang='lat' dir='ltr'>primas</span> <span class='ocrx_word' id='word_1_698' title='bbox 2577 4700 2790 4772; x_wconf 88' lang='lat' dir='ltr'>legitur</span> <span class='ocrx_word' id='word_1_699' title='bbox 2817 4698 3163 4755; x_wconf 91' lang='lat' dir='ltr'>nominatim</span> <span class='ocrx_word' id='word_1_700' title='bbox 3184 4699 3573 4768; x_wconf 87' lang='lat' dir='ltr'>subscriptus,</span> <span class='ocrx_word' id='word_1_701' title='bbox 3602 4696 3653 4746; x_wconf 91' lang='lat' dir='ltr'>et</span> <span class='ocrx_word' id='word_1_702' title='bbox 3669 4684 3795 4744; x_wconf 88' lang='lat' dir='ltr'>addi-</span> 
     </span>
    </p>
   </div>
   <div class='ocr_carea' id='block_1_92' title="bbox 324 4779 3798 4855">
    <p class='ocr_par' dir='ltr' id='par_1_92' title="bbox 324 4779 3798 4855">
     <span class='ocr_line' id='line_1_92' title="bbox 324 4779 3798 4855; baseline -0.003 -13"><span class='ocrx_word' id='word_1_703' title='bbox 324 4786 790 4854; x_wconf 85' lang='lat' dir='ltr'>Carthaginensis,</span> <span class='ocrx_word' id='word_1_704' title='bbox 821 4787 871 4837; x_wconf 90' lang='lat' dir='ltr'>et</span> <span class='ocrx_word' id='word_1_705' title='bbox 899 4784 1107 4839; x_wconf 88' lang='lat' dir='ltr'>Notitia</span> <span class='ocrx_word' id='word_1_706' title='bbox 1122 4784 1533 4852; x_wconf 88' lang='lat' dir='ltr'>provinciarum</span> <span class='ocrx_word' id='word_1_707' title='bbox 1557 4785 1773 4851; x_wconf 61' lang='lat' dir='ltr'>Africae</span> <span class='ocrx_word' id='word_1_708' title='bbox 1800 4784 1949 4839; x_wconf 84' lang='lat' dir='ltr'>edita</span> <span class='ocrx_word' id='word_1_709' title='bbox 1986 4803 2021 4840; x_wconf 85' lang='grc' dir='ltr'><em>α</em></span> <span class='ocrx_word' id='word_1_710' title='bbox 2129 4790 2224 4840; x_wconf 90' lang='lat' dir='ltr'>tur</span> <span class='ocrx_word' id='word_1_711' title='bbox 2248 4802 2261 4840; x_wconf 92' lang='lat'><strong>:</strong></span> <span class='ocrx_word' id='word_1_712' title='bbox 2289 4787 2555 4842; x_wconf 85' lang='lat' dir='ltr'>Similiter</span> <span class='ocrx_word' id='word_1_713' title='bbox 2582 4792 2633 4842; x_wconf 90' lang='lat' dir='ltr'>et</span> <span class='ocrx_word' id='word_1_714' title='bbox 2657 4789 2836 4842; x_wconf 58' lang='lat' dir='ltr'>exteri</span> <span class='ocrx_word' id='word_1_715' title='bbox 2856 4788 3094 4855; x_wconf 87' lang='lat' dir='ltr'>episcopi</span> <span class='ocrx_word' id='word_1_716' title='bbox 3118 4786 3587 4855; x_wconf 75' lang='lat' dir='ltr'>subscripserunt.</span> <span class='ocrx_word' id='word_1_717' title='bbox 3618 4779 3676 4833; x_wconf 88' lang='lat' dir='ltr'>In</span> <span class='ocrx_word' id='word_1_718' title='bbox 3711 4783 3798 4844; x_wconf 68' lang='lat' dir='ltr'>qua</span> 
     </span>
    </p>
   </div>
   <div class='ocr_carea' id='block_1_93' title="bbox 321 4856 3798 4947">
    <p class='ocr_par' dir='ltr' id='par_1_93' title="bbox 321 4856 3798 4947">
     <span class='ocr_line' id='line_1_93' title="bbox 321 4856 3798 4947; baseline -0.003 -17"><span class='ocrx_word' id='word_1_719' title='bbox 321 4877 481 4931; x_wconf 84' lang='lat' dir='ltr'>Patre</span> <span class='ocrx_word' id='word_1_720' title='bbox 508 4873 819 4931; x_wconf 85' lang='lat' dir='ltr'>Sirmondo.</span> <span class='ocrx_word' id='word_1_721' title='bbox 856 4872 1067 4926; x_wconf 83' lang='lat' dir='ltr'>Verum</span> <span class='ocrx_word' id='word_1_722' title='bbox 1114 4876 1397 4942; x_wconf 89' lang='lat' dir='ltr'>quantum</span> <span class='ocrx_word' id='word_1_723' title='bbox 1431 4870 1632 4942; x_wconf 65' lang='lat' dir='ltr'>gratim</span> <span class='ocrx_word' id='word_1_724' title='bbox 1660 4872 1813 4943; x_wconf 88' lang='lat' dir='ltr'>apud</span> <span class='ocrx_word' id='word_1_725' title='bbox 1836 4873 2021 4927; x_wconf 86' lang='lat' dir='ltr'>erudi—</span> <span class='ocrx_word' id='word_1_726' title='bbox 2128 4873 2363 4945; x_wconf 89' lang='lat' dir='ltr'>quidem</span> <span class='ocrx_word' id='word_1_727' title='bbox 2388 4875 2602 4945; x_wconf 86' lang='lat' dir='ltr'>synodo</span> <span class='ocrx_word' id='word_1_728' title='bbox 2636 4890 2921 4947; x_wconf 89' lang='lat' dir='ltr'>nusquam</span> <span class='ocrx_word' id='word_1_729' title='bbox 2955 4872 3212 4929; x_wconf 81' lang='lat' dir='ltr'>Numidii</span> <span class='ocrx_word' id='word_1_730' title='bbox 3245 4889 3471 4928; x_wconf 88' lang='lat' dir='ltr'>nomen</span> <span class='ocrx_word' id='word_1_731' title='bbox 3503 4869 3678 4934; x_wconf 85' lang='lat' dir='ltr'>sonat,</span> <span class='ocrx_word' id='word_1_732' title='bbox 3719 4856 3798 4930; x_wconf 80' lang='lat' dir='ltr'>qui</span> 
     </span>
    </p>
   </div>
   <div class='ocr_carea' id='block_1_94' title="bbox 322 4951 3796 5034">
    <p class='ocr_par' dir='ltr' id='par_1_94' title="bbox 322 4951 3796 5034">
     <span class='ocr_line' id='line_1_94' title="bbox 322 4951 3796 5034; baseline -0.002 -18"><span class='ocrx_word' id='word_1_733' title='bbox 322 4967 408 5017; x_wconf 93' lang='lat' dir='ltr'>tos</span> <span class='ocrx_word' id='word_1_734' title='bbox 454 4962 561 5018; x_wconf 89' lang='lat' dir='ltr'>sibi</span> <span class='ocrx_word' id='word_1_735' title='bbox 606 4959 924 5017; x_wconf 86' lang='lat' dir='ltr'>conciliarit</span> <span class='ocrx_word' id='word_1_736' title='bbox 972 4975 1034 5013; x_wconf 83' lang='lat' dir='ltr'>ex</span> <span class='ocrx_word' id='word_1_737' title='bbox 1081 4959 1151 5013; x_wconf 91' lang='lat' dir='ltr'>iis</span> <span class='ocrx_word' id='word_1_738' title='bbox 1200 4976 1329 5030; x_wconf 85' lang='lat' dir='ltr'>quae</span> <span class='ocrx_word' id='word_1_739' title='bbox 1399 4959 1699 5030; x_wconf 88' lang='lat' dir='ltr'>subjiciam</span> <span class='ocrx_word' id='word_1_740' title='bbox 1768 4961 2009 5033; x_wconf 87' lang='lat' dir='ltr'>patebit.</span> <span class='ocrx_word' id='word_1_741' title='bbox 2126 4964 2270 5017; x_wconf 88' lang='lat' dir='ltr'>forte</span> <span class='ocrx_word' id='word_1_742' title='bbox 2324 4963 2512 5034; x_wconf 90' lang='lat' dir='ltr'>potuit</span> <span class='ocrx_word' id='word_1_743' title='bbox 2560 4964 2775 5019; x_wconf 87' lang='lat' dir='ltr'>abesse.</span> <span class='ocrx_word' id='word_1_744' title='bbox 2830 4965 3022 5034; x_wconf 87' lang='lat' dir='ltr'>Longe</span> <span class='ocrx_word' id='word_1_745' title='bbox 3060 4962 3269 5016; x_wconf 89' lang='lat' dir='ltr'>melius</span> <span class='ocrx_word' id='word_1_746' title='bbox 3326 4951 3796 5034; x_wconf 64' lang='lat' dir='ltr'>Numidiiepiscof</span> 
     </span>
    </p>
   </div>
   <div class='ocr_carea' id='block_1_95' title="bbox 323 5032 3800 5123">
    <p class='ocr_par' dir='ltr' id='par_1_95' title="bbox 323 5032 3800 5123">
     <span class='ocr_line' id='line_1_95' title="bbox 323 5032 3800 5123; baseline -0.002 -20"><span class='ocrx_word' id='word_1_747' title='bbox 323 5051 579 5105; x_wconf 79' lang='lat' dir='ltr'>Profecto</span> <span class='ocrx_word' id='word_1_748' title='bbox 629 5065 818 5106; x_wconf 86' lang='lat' dir='ltr'>curam</span> <span class='ocrx_word' id='word_1_749' title='bbox 863 5052 912 5102; x_wconf 83' lang='lat' dir='ltr'>et</span> <span class='ocrx_word' id='word_1_750' title='bbox 951 5048 1186 5102; x_wconf 82' lang='lat' dir='ltr'>laborem</span> <span class='ocrx_word' id='word_1_751' title='bbox 1228 5047 1458 5102; x_wconf 87' lang='lat' dir='ltr'>inanem</span> <span class='ocrx_word' id='word_1_752' title='bbox 1509 5047 1814 5119; x_wconf 89' lang='lat' dir='ltr'>impendit,</span> <span class='ocrx_word' id='word_1_753' title='bbox 1855 5065 2018 5103; x_wconf 88' lang='lat' dir='ltr'>eam-</span> <span class='ocrx_word' id='word_1_754' title='bbox 2125 5054 2293 5120; x_wconf 90' lang='lat' dir='ltr'>patus</span> <span class='ocrx_word' id='word_1_755' title='bbox 2320 5032 2628 5122; x_wconf 77' lang='lat' dir='ltr'>antiquitas</span> <span class='ocrx_word' id='word_1_756' title='bbox 2659 5049 2894 5123; x_wconf 89' lang='lat' dir='ltr'>probari</span> <span class='ocrx_word' id='word_1_757' title='bbox 2928 5032 3154 5121; x_wconf 81' lang='lat' dir='ltr'>poterat</span> <span class='ocrx_word' id='word_1_758' title='bbox 3182 5065 3216 5103; x_wconf 89' lang='lat' dir='ltr'>a</span> <span class='ocrx_word' id='word_1_759' title='bbox 3252 5032 3800 5123; x_wconf 55' lang='lat' dir='ltr'>Garnerio,siappe1-</span> 
     </span>
    </p>
   </div>
   <div class='ocr_carea' id='block_1_96' title="bbox 324 5121 3798 5209">
    <p class='ocr_par' dir='ltr' id='par_1_96' title="bbox 324 5121 3798 5209">
     <span class='ocr_line' id='line_1_96' title="bbox 324 5121 3798 5209; baseline -0.003 -18"><span class='ocrx_word' id='word_1_760' title='bbox 324 5153 433 5207; x_wconf 89' lang='lat' dir='ltr'>que</span> <span class='ocrx_word' id='word_1_761' title='bbox 479 5138 586 5193; x_wconf 90' lang='lat' dir='ltr'>sibi</span> <span class='ocrx_word' id='word_1_762' title='bbox 629 5143 856 5194; x_wconf 90' lang='lat' dir='ltr'>tantum</span> <span class='ocrx_word' id='word_1_763' title='bbox 907 5136 1137 5190; x_wconf 86' lang='lat' dir='ltr'>laudem</span> <span class='ocrx_word' id='word_1_764' title='bbox 1183 5135 1555 5205; x_wconf 87' lang='lat' dir='ltr'>comparavit,</span> <span class='ocrx_word' id='word_1_765' title='bbox 1614 5136 1767 5207; x_wconf 90' lang='lat' dir='ltr'>quod</span> <span class='ocrx_word' id='word_1_766' title='bbox 1792 5137 2018 5208; x_wconf 87' lang='lat' dir='ltr'>magnis</span> <span class='ocrx_word' id='word_1_767' title='bbox 2125 5138 2295 5193; x_wconf 85' lang='lat' dir='ltr'>lasset</span> <span class='ocrx_word' id='word_1_768' title='bbox 2350 5121 2634 5209; x_wconf 86' lang='lat' dir='ltr'>synodum</span> <span class='ocrx_word' id='word_1_769' title='bbox 2663 5121 2837 5194; x_wconf 11' lang='lat' dir='ltr'>Cauno</span> <span class='ocrx_word' id='word_1_770' title='bbox 2887 5141 2993 5194; x_wconf 86' lang='lat'>390</span> <span class='ocrx_word' id='word_1_771' title='bbox 3026 5155 3059 5192; x_wconf 89' lang='lat' dir='ltr'>a</span> <span class='ocrx_word' id='word_1_772' title='bbox 3107 5136 3419 5193; x_wconf 87' lang='lat' dir='ltr'>Cenethlio</span> <span class='ocrx_word' id='word_1_773' title='bbox 3445 5132 3724 5190; x_wconf 86' lang='lat' dir='ltr'>indictam,</span> <span class='ocrx_word' id='word_1_774' title='bbox 3751 5121 3798 5174; x_wconf 79' lang='lat' dir='ltr'>in</span> 
     </span>
    </p>
   </div>
   <div class='ocr_carea' id='block_1_97' title="bbox 323 5213 3807 5298">
    <p class='ocr_par' dir='ltr' id='par_1_97' title="bbox 323 5213 3807 5298">
     <span class='ocr_line' id='line_1_97' title="bbox 323 5213 3807 5298; baseline 0 -20"><span class='ocrx_word' id='word_1_775' title='bbox 323 5225 530 5279; x_wconf 81' lang='lat' dir='ltr'>excidit</span> <span class='ocrx_word' id='word_1_776' title='bbox 571 5226 759 5293; x_wconf 88' lang='lat' dir='ltr'>ausis;</span> <span class='ocrx_word' id='word_1_777' title='bbox 807 5225 977 5295; x_wconf 89' lang='lat' dir='ltr'>longe</span> <span class='ocrx_word' id='word_1_778' title='bbox 1022 5221 1228 5294; x_wconf 87' lang='lat' dir='ltr'>majori</span> <span class='ocrx_word' id='word_1_779' title='bbox 1299 5223 1588 5293; x_wconf 83' lang='lat' dir='ltr'>praeconio</span> <span class='ocrx_word' id='word_1_780' title='bbox 1619 5222 1941 5292; x_wconf 88' lang='lat' dir='ltr'>donandus,</span> <span class='ocrx_word' id='word_1_781' title='bbox 1971 5223 2018 5278; x_wconf 89' lang='lat' dir='ltr'>si</span> <span class='ocrx_word' id='word_1_782' title='bbox 2126 5242 2240 5297; x_wconf 89' lang='lat' dir='ltr'>qua</span> <span class='ocrx_word' id='word_1_783' title='bbox 2286 5227 2526 5298; x_wconf 87' lang='lat' dir='ltr'>legitur:</span> <span class='ocrx_word' id='word_1_784' title='bbox 2576 5227 2874 5286; x_wconf 83' lang='lat' dir='ltr'>Numidius</span> <span class='ocrx_word' id='word_1_785' title='bbox 2934 5227 3320 5283; x_wconf 73' lang='lat' dir='ltr'>Maaulitanus</span> <span class='ocrx_word' id='word_1_786' title='bbox 3366 5224 3541 5290; x_wconf 68' lang='lat' dir='ltr'>dixit,</span> <span class='ocrx_word' id='word_1_787' title='bbox 3591 5224 3718 5279; x_wconf 61' lang='grc' dir='ltr'>διας</span> <span class='ocrx_word' id='word_1_788' title='bbox 3761 5213 3807 5262; x_wconf 55' lang='grc' dir='ltr'>εἴ</span> 
     </span>
    </p>
   </div>
   <div class='ocr_carea' id='block_1_98' title="bbox 322 5304 3803 5385">
    <p class='ocr_par' dir='ltr' id='par_1_98' title="bbox 322 5304 3803 5385">
     <span class='ocr_line' id='line_1_98' title="bbox 322 5304 3803 5385; baseline -0.002 -19"><span class='ocrx_word' id='word_1_789' title='bbox 322 5328 466 5383; x_wconf 89' lang='lat' dir='ltr'>opus</span> <span class='ocrx_word' id='word_1_790' title='bbox 513 5313 656 5381; x_wconf 89' lang='lat' dir='ltr'>quod</span> <span class='ocrx_word' id='word_1_791' title='bbox 696 5315 949 5367; x_wconf 87' lang='lat' dir='ltr'>hactenus</span> <span class='ocrx_word' id='word_1_792' title='bbox 1002 5313 1231 5368; x_wconf 85' lang='lat' dir='ltr'>tentavit</span> <span class='ocrx_word' id='word_1_793' title='bbox 1272 5326 1443 5379; x_wconf 85' lang='lat' dir='ltr'>nemo,</span> <span class='ocrx_word' id='word_1_794' title='bbox 1478 5310 1683 5381; x_wconf 87' lang='lat' dir='ltr'>majori</span> <span class='ocrx_word' id='word_1_795' title='bbox 1721 5310 2018 5382; x_wconf 82' lang='lat' dir='ltr'>diligentia</span> <span class='ocrx_word' id='word_1_796' title='bbox 2123 5314 2549 5385; x_wconf 88' lang='lat' dir='ltr'>Aquileiensem</span> <span class='ocrx_word' id='word_1_797' title='bbox 2598 5333 2693 5371; x_wconf 90' lang='lat' dir='ltr'>an.</span> <span class='ocrx_word' id='word_1_798' title='bbox 2745 5317 2871 5384; x_wconf 87' lang='grc'>381,</span> <span class='ocrx_word' id='word_1_799' title='bbox 2921 5314 3014 5370; x_wconf 91' lang='lat' dir='ltr'>cui</span> <span class='ocrx_word' id='word_1_800' title='bbox 3051 5314 3233 5369; x_wconf 82' lang='lat' dir='ltr'>adfuit</span> <span class='ocrx_word' id='word_1_801' title='bbox 3275 5311 3581 5371; x_wconf 83' lang='lat' dir='ltr'>Numidius</span> <span class='ocrx_word' id='word_1_802' title='bbox 3623 5304 3803 5370; x_wconf 65' lang='lat' dir='ltr'>legatus</span> 
     </span>
    </p>
   </div>
   <div class='ocr_carea' id='block_1_99' title="bbox 320 5398 2619 5471">
    <p class='ocr_par' dir='ltr' id='par_1_99' title="bbox 320 5398 2619 5471">
     <span class='ocr_line' id='line_1_99' title="bbox 320 5398 2619 5471; baseline 0.002 -18"><span class='ocrx_word' id='word_1_803' title='bbox 320 5416 620 5471; x_wconf 84' lang='lat' dir='ltr'>aggressus</span> <span class='ocrx_word' id='word_1_804' title='bbox 664 5401 881 5467; x_wconf 85' lang='lat' dir='ltr'>fuisset,</span> <span class='ocrx_word' id='word_1_805' title='bbox 931 5402 1016 5455; x_wconf 85' lang='lat' dir='ltr'>vel</span> <span class='ocrx_word' id='word_1_806' title='bbox 1058 5400 1261 5455; x_wconf 84' lang='lat' dir='ltr'>saltem</span> <span class='ocrx_word' id='word_1_807' title='bbox 1306 5414 1437 5452; x_wconf 86' lang='lat' dir='ltr'>cum</span> <span class='ocrx_word' id='word_1_808' title='bbox 1477 5399 1692 5453; x_wconf 61' lang='lat' dir='ltr'>caeteris</span> <span class='ocrx_word' id='word_1_809' title='bbox 1737 5398 2014 5455; x_wconf 84' lang='lat' dir='ltr'>intactum</span> <span class='ocrx_word' id='word_1_810' title='bbox 2125 5404 2408 5469; x_wconf 83' lang='lat' dir='ltr'>Afrorum.</span> <span class='ocrx_word' id='word_1_811' title='bbox 2610 5462 2619 5469; x_wconf 82' lang='lat'><strong><em>_</em></strong></span> 
     </span>
    </p>
   </div>
   <div class='ocr_carea' id='block_1_100' title="bbox 316 5479 3807 5562">
    <p class='ocr_par' dir='ltr' id='par_1_100' title="bbox 316 5479 3807 5562">
     <span class='ocr_line' id='line_1_100' title="bbox 316 5479 3807 5562; baseline -0.005 -18"><span class='ocrx_word' id='word_1_812' title='bbox 316 5488 660 5562; x_wconf 86' lang='lat' dir='ltr'>reliquisset.</span> <span class='ocrx_word' id='word_1_813' title='bbox 707 5488 818 5544; x_wconf 85' lang='lat' dir='ltr'>Sed</span> <span class='ocrx_word' id='word_1_814' title='bbox 865 5488 935 5543; x_wconf 89' lang='lat' dir='ltr'>ad</span> <span class='ocrx_word' id='word_1_815' title='bbox 984 5504 1107 5543; x_wconf 88' lang='lat' dir='ltr'>rem</span> <span class='ocrx_word' id='word_1_816' title='bbox 1139 5487 1457 5556; x_wconf 86' lang='lat' dir='ltr'>veniamus,</span> <span class='ocrx_word' id='word_1_817' title='bbox 1502 5503 1690 5560; x_wconf 86' lang='lat' dir='ltr'>neque</span> <span class='ocrx_word' id='word_1_818' title='bbox 1717 5486 1871 5543; x_wconf 89' lang='lat' dir='ltr'>enim</span> <span class='ocrx_word' id='word_1_819' title='bbox 1898 5489 2015 5562; x_wconf 89' lang='lat' dir='ltr'>epi-</span> <span class='ocrx_word' id='word_1_820' title='bbox 2196 5490 2550 5546; x_wconf 73' lang='lat' dir='ltr'>RL‘STICIANUS</span> <span class='ocrx_word' id='word_1_821' title='bbox 2639 5491 3028 5548; x_wconf 62' lang='lat' dir='ltr'>Tssascansrs.</span> <span class='ocrx_word' id='word_1_822' title='bbox 3106 5490 3231 5545; x_wconf 86' lang='lat' dir='ltr'>Fuit</span> <span class='ocrx_word' id='word_1_823' title='bbox 3323 5493 3513 5543; x_wconf 87' lang='lat' dir='ltr'>autem</span> <span class='ocrx_word' id='word_1_824' title='bbox 3590 5479 3807 5536; x_wconf 83' lang='lat' dir='ltr'>Tabraca</span> 
     </span>
    </p>
   </div>
  </div>
