3922 6188
185 320 279 370 273

985 316 1349 371 VARIORUM
1391 317 1992 374 EXERCITATIONES
2030 320 2095 373 IN
2135 320 2171 373 S
2232 317 2597 375 AUGUSTINI
2637 318 2887 373 OPERA.

3582 322 3689 373 274

183 440 363 492 nobilis
392 439 519 491 olim
545 439 775 504 colonia,
823 440 1123 507 Hipponem
1163 442 1305 492 inter
1355 444 1404 493 et
1446 443 1673 495 Uticam.
1727 442 1871 495 Nolo
1904 444 1946 495 A
1987 443 2090 495 416
2123 443 2406 512 synodicae
2430 440 2697 511 praefixus
2738 440 2946 509 legitur
2976 442 3006 494 ?
3043 440 3151 505 Qui
3180 444 3376 494 tamen
3430 441 3685 511 Carpita-

188 528 415 596 objicere
456 527 729 579 Carolum
777 543 810 579 a
856 527 911 581 S.
946 528 1143 593 Paulo,
1195 532 1251 581 et
1301 529 1655 584 Holstenium
1707 531 1879 584 ascri-

184 617 306 671 bere
345 616 662 669 Tabracam
710 613 1031 681 Numidiae;
1084 616 1297 669 etenim
1328 633 1456 670 cum
1516 617 1577 670 in
1619 618 1879 672 conﬁniis

184 705 249 757 sit
280 704 431 757 inter
467 704 799 757 Numidiam
848 708 904 757 et
956 705 1447 765 Proconsularem,
1498 706 1685 775 potuit
1730 722 1881 760 eam-

180 791 300 843 dem
334 791 540 843 urbem
597 806 702 844 suo
747 793 877 860 jure
925 791 1427 861 proconsularibus
1487 793 1745 847 Ecclesiis
1794 809 1880 846 ac-

179 895 420 932 censere.
454 879 604 933 Illud
654 879 886 932 tolerari
927 880 1147 950 nequit,
1191 881 1344 950 quod
1391 880 1648 946 inferius,
1684 885 1749 935 ut
1795 881 1876 934 vi-

175 967 324 1020 debis
355 970 604 1020 alterum
654 967 1051 1023 Rusticianum
1084 969 1191 1021 hoc
1230 969 1354 1039 ipso
1404 985 1555 1023 anno
1586 972 1688 1023 416
1732 973 1790 1022 et
1820 970 1878 1023 in

176 1056 281 1108 hac
318 1054 445 1124 ipsa
485 1056 706 1125 synodo
743 1056 1153 1110 Tabracensem
1201 1057 1533 1128 episcopum
1580 1057 1733 1111 dicit.
1780 1058 1875 1111 Vel

175 1157 304 1212 ergo
333 1142 429 1195 hic
463 1142 846 1220 Rusticianus,
878 1144 966 1197 \el
1000 1145 1142 1197 alter
1172 1161 1475 1215 perperam
1504 1145 1741 1216 ponitur
1771 1146 1878 1199 Ta-

172 1231 353 1284 bracee
394 1232 649 1286 antistes.

240 1321 539 1373 Fronxrms
596 1321 962 1375 CA-ZFALENSIS.
1015 1323 1292 1376 Incertum
1365 1338 1484 1392 quae
1524 1324 1695 1389 fuerit
1748 1323 1876 1375 civi-

170 1413 249 1461 tas
296 1409 457 1476 cujus
501 1410 799 1462 Ecclesiam
830 1412 993 1463 remit.
1048 1411 1112 1462 In
1154 1410 1454 1463 collatione
1510 1410 1714 1479 prima;
1761 1409 1874 1463 diei

167 1515 287 1567 cap.
319 1501 421 1551 133
455 1497 719 1551 laudatur
748 1498 1036 1552 Fidentius
1081 1501 1357 1568 episcopus
1383 1500 1558 1567 plebis
1606 1500 1871 1566 Cafalen-

165 1588 255 1639 sis.
317 1587 475 1638 Hanc
522 1601 657 1638 vero
716 1586 1021 1639 Ecclesiam
1072 1591 1354 1655 spectasse
1403 1586 1475 1640 ad
1521 1587 1872 1658 provinciam

167 1676 641 1728 Procousularem
678 1674 1041 1744 probandum
1070 1679 1192 1728 crat
1222 1692 1286 1728 ex
1318 1675 1585 1745 synodica
1616 1676 1869 1745 ejusdem

164 1763 477 1832 provinciae
530 1765 789 1831 Patrum,
838 1764 1052 1816 inserta
1102 1763 1310 1817 actioni
1342 1764 1604 1817 secundas
1642 1763 1869 1817 concilii

166 1850 568 1905 Lateranensis
608 1867 759 1904 anno
793 1852 915 1917 649,
950 1868 982 1903 a
1011 1851 1067 1905 S.
1118 1851 1359 1905 Martino
1400 1868 1551 1922 papa
1580 1850 1865 1912 celebrati,

162 1940 259 1992 ubi
288 1939 650 2009 subscriptus
679 1939 892 2017 legitur
924 1940 1180 1994 Crescens
1223 1942 1408 2008 gratia
1453 1943 1551 1995 Dei
1592 1943 1869 2009 episcopus

159 2030 287 2083 S.E.
319 2030 661 2094 Ca’falensis.
706 2028 834 2082 Fuit
873 2044 1009 2099 ergo
1057 2030 1263 2083 Cacfala
1310 2028 1509 2082 civitas
1562 2028 1869 2099 provincize

162 2116 618 2170 Procousularis.

225 2207 580 2259 Evsxcemrs
611 2206 1005 2260 ASSURITANL'S.
1052 2208 1112 2260 In
1156 2208 1367 2260 excusis
1423 2205 1693 2260 codicibus
1732 2206 1870 2271 legi-

159 2296 245 2344 tur
272 2294 559 2358 Euagrius
589 2312 609 2358 ,ν
641 2293 734 2346 sed
762 2293 1012 2346 mendum
1059 2296 1231 2347 inesse
1273 2310 1339 2347 an
1382 2309 1437 2347 eo
1494 2298 1718 2357 constat,
1758 2300 1869 2345 tum

156 2378 303 2447 quod
331 2381 569 2445 Evagrii
598 2394 784 2433 nomen
814 2380 1038 2447 vulgare
1080 2395 1187 2433 non
1210 2382 1325 2447 fuit
1353 2382 1539 2446 Afris,
1565 2382 1735 2445 fuerit
1764 2397 1869 2433 au-

155 2471 254 2519 tem
285 2467 591 2531 Evangeli;
624 2471 736 2519 tum
762 2466 905 2533 quod
940 2468 1205 2533 Evangeli
1243 2469 1569 2521 Assuritani
1585 2469 1646 2534 ﬁt
1674 2469 1870 2520 mentio

156 2557 205 2607 in
236 2554 552 2607 collatione.
610 2555 925 2624 Utrumque
973 2553 1246 2607 Garnerio
1278 2554 1639 2624 probandum
1669 2554 1821 2607 venit
1853 2569 1867 2608 :

158 2642 382 2711 Evagrii
427 2658 640 2695 nomen
697 2658 800 2695 nec
858 2642 1027 2695 unius
1068 2642 1319 2695 hominis
1360 2641 1551 2705 fuisse,
1607 2641 1870 2711 Evangeli

153 2749 286 2786 vero
346 2732 589 2785 solitum
640 2732 789 2802 apud
840 2732 1005 2785 Afros
1036 2735 1093 2785 et
1149 2730 1456 2786 familiare.
1524 2732 1585 2783 In
1635 2730 1869 2783 elencho

158 2820 736 2891 quadringentorum
770 2820 1173 2891 episcoporum
1206 2821 1266 2875 in
1314 2820 1520 2874 Notitia
1541 2819 1744 2872 Africae
1768 2835 1872 2872 nec

162 2926 306 2962 unus
348 2908 680 2977 Evangelus
726 2907 1091 2975 nominatur;
1165 2908 1225 2961 in
1275 2907 1534 2962 ducentis
1584 2905 1873 2975 octoginta

160 3014 247 3051 sex
282 2996 579 3068 episcopis
620 2996 678 3049 in
707 2996 1008 3049 collatione
1054 2993 1485 3065 Carthagiuensi
1515 3010 1663 3048 unus
1692 2994 1871 3045 Evan-
1904 3016 1943 3070 ρ

160 3088 320 3155 gelus
342 3084 724 3139 Assuritanus
774 3084 1110 3154 appellatur,
1169 3084 1249 3136 uti
1289 3099 1437 3136 unus
1470 3082 1668 3135 itidem
1737 3081 1869 3133 Eva-

152 3173 316 3243 grius
345 3174 412 3225 in
447 3171 764 3241 epigraphe
801 3170 1104 3239 synodicze.
1142 3171 1301 3225 Unde
1341 3170 1516 3239 igitur
1544 3168 1716 3222 habet
1736 3170 1870 3221 Eva-

152 3261 263 3329 grii
313 3276 540 3314 nomen
608 3260 840 3329 vulgare
892 3273 1008 3311 non
1060 3258 1229 3311 fuisse
1294 3257 1460 3321 Afris,
1504 3257 1675 3311 fuisse
1735 3272 1868 3310 vero

154 3347 477 3417 Evangeli‘?
499 3346 641 3400 Cum
670 3346 863 3399 nullus
895 3344 1163 3415 Evagrius
1184 3344 1244 3397 in
1274 3344 1575 3398 collatione
1604 3343 1867 3396 nomina-

152 3440 245 3488 tus
298 3434 500 3496 fuerit,
564 3449 626 3485 ac
684 3433 854 3486 vellet
901 3432 1136 3485 omnino
1185 3432 1430 3503 episcopi
1493 3432 1695 3503 quinto
1744 3431 1869 3484 loco

156 3521 479 3591 subscripti
530 3520 729 3574 sedem
777 3518 1087 3589 assignare,
1138 3536 1205 3574 ex
1238 3520 1474 3590 Evagrio
1525 3519 1871 3588 Evangelum

155 3612 311 3666 fecit.
358 3613 648 3666 Caeterum
699 3624 858 3663 error
913 3608 1247 3663 correctoris
1305 3609 1597 3662 manifeste
1638 3612 1871 3679 apparet

157 3714 227 3751 ex
288 3698 517 3769 synodo
574 3696 1005 3766 Carthaginensi
1058 3712 1151 3749 an.
1210 3698 1337 3758 401,
1390 3696 1449 3749 in
1478 3712 1591 3766 qua
1629 3711 1753 3749 can.
1803 3699 1870 3747 77

161 3784 307 3838 Cod.
355 3784 534 3838 Afric.
569 3784 678 3838 hoc
711 3784 907 3838 ordine
964 3784 1135 3852 legati
1179 3784 1246 3837 ad
1296 3784 1497 3837 urbem
1547 3783 1876 3854 Hipponen-

166 3892 288 3928 sem
340 3875 784 3944 Diarrhytorum
844 3874 1262 3927 nominantur:
1320 3876 1576 3939 Reginus,
1626 3874 1870 3941 Alipius,

169 3968 540 4032 Augustinus,
574 3966 872 4030 Maternus,
935 3964 1218 4025 Theasius,
1254 3962 1511 4027 Evodius,
1561 3963 1872 4025 Placianus,

175 4056 445 4119 Urbanus,
505 4054 773 4119 Valerius,
824 4053 1133 4119 Ambivius,
1180 4054 1529 4118 Fortunatus,
1576 4050 1876 4115 Quodvult-

176 4142 327 4209 deus,
389 4144 719 4207 Honoratus,
779 4141 1076 4193 Ianuarius
1133 4140 1335 4209 Aptus,
1378 4141 1685 4192 Honoratus
1737 4138 1876 4191 Am-

175 4232 367 4297 pelius,
404 4231 775 4293 Victorianus,
818 4230 1171 4291 EV'ANGELUS,
1223 4231 1271 4280 el
1301 4230 1658 4296 Rogatianus.
1693 4225 1877 4288 Quare

1989 546 2099 582 nus
2130 545 2249 582 esse
2276 546 2391 583 non
2439 530 2644 597 potuit,
2677 545 2806 582 cum
2841 545 2992 582 anno
3036 531 3142 584 419
3186 530 3535 584 Penthadius
3560 531 3685 584 Car-

1990 618 2075 688 pis
2104 618 2344 671 sederet.
2389 620 2545 671 Alter
2586 616 2882 670 familiaris
2906 618 3040 670 huic
3084 617 3348 688 scriptori
3380 634 3542 671 error
3566 632 3689 670 cor-

1986 706 2260 776 rigendus
2317 710 2418 769 est,
2464 706 2617 775 quod
2656 710 2853 774 postea
2897 705 2955 758 in
3013 706 3118 759 hac
3162 706 3378 777 synodo
3434 721 3525 759 an.
3582 708 3685 759 416

1988 795 2369 850 Penthadium
2411 794 2783 864 Carpitanum
2814 794 3145 864 episcopum
3191 794 3542 864 pronuntiat.
3577 795 3688 847 lta-

1985 900 2096 955 que
2129 885 2215 937 vel
2265 883 2549 937 Antonius
2583 882 2672 935 hic
2705 886 2759 935 et
2804 881 3150 935 Penthadius
3198 883 3257 935 in
3305 881 3501 935 eadem
3558 882 3689 934 sede

1984 988 2102 1025 una
2132 971 2453 1041 coepiscopi
2483 969 2637 1039 apud
2669 970 2877 1039 Carpos
2919 973 3231 1037 ponuntur,
3273 970 3358 1022 vel
3378 968 3437 1021 in
3481 969 3687 1023 alteru-

1980 1060 2123 1113 trius
2152 1060 2283 1113 sede
2306 1059 2657 1129 designanda
2687 1058 2859 1110 falsus
2882 1057 3187 1112 Garnerius
3209 1057 3336 1111 fuit.

2054 1149 2383 1200 PALATINUS.
2430 1147 2801 1199 Bossernssrs.
2848 1145 3091 1197 Palatini
3135 1146 3329 1197 mentio
3371 1147 3433 1212 ﬁt
3482 1146 3541 1196 in
3578 1145 3686 1212 epi-

1980 1238 2119 1290 stola
2169 1235 2368 1304 synodi
2416 1235 2697 1299 Africanaa
2765 1233 2838 1285 ad
2889 1233 3307 1299 S.Calestinum,
3357 1233 3684 1286 Bossetensis

1980 1325 2123 1379 sedis
2149 1326 2207 1376 in
2234 1324 2531 1377 collatione.
2569 1322 2632 1373 In
2666 1320 2979 1391 epigraphe
3033 1319 3288 1389 epistolas
3320 1320 3389 1372 ad
3409 1320 3465 1372 S.
3502 1319 3684 1372 lee-

1980 1412 2197 1466 stinum
2230 1412 2445 1481 legitur
2479 1426 2490 1462 :
2526 1410 2807 1474 Aurelius,
2862 1409 3174 1473 Palatinus,
3227 1408 3522 1473 Antonius,
3571 1409 3684 1459 Tu-

1982 1505 2085 1563 tus,
2138 1506 2241 1563 etc,
2300 1500 2363 1552 In
2390 1499 2494 1552 hac
2555 1514 2687 1550 vero
2737 1496 3047 1566 epigraphe
3091 1495 3370 1549 Antonius
3414 1494 3685 1565 praecedit

1980 1588 2321 1642 Palatinum.
2366 1587 2550 1650 Quare
2622 1586 2838 1655 optime
2887 1589 3052 1637 notat
3082 1583 3341 1638 Labbeus
3377 1583 3685 1653 legendum

1980 1694 2099 1732 csse
2132 1679 2499 1743 Valentinum,
2541 1675 2639 1744 qui
2686 1678 2945 1743 tempore
3000 1672 3286 1728 Caelestini
3326 1675 3446 1725 erat
3467 1671 3684 1742 primas

1982 1763 2283 1817 Numidiae.
2342 1762 2498 1816 Illius
2545 1762 2707 1815 sedes
2760 1777 2883 1831 cap,
2929 1763 3034 1813 202
3099 1759 3305 1814 dicitur
3357 1761 3680 1824 Vosetensis,

1982 1856 2037 1905 et
2078 1868 2199 1921 cap.
2256 1852 2353 1904 1'25
2401 1852 2717 1904 Bosetensis.
2767 1849 2841 1902 Ex
2871 1848 3077 1919 quibus
3107 1851 3267 1918 patet
3302 1846 3588 1916 pertinere
3620 1845 3681 1898 il-

1982 1940 2093 1993 lam
2144 1938 2445 1993 Ecclesiam
2497 1938 2568 1991 ad
2620 1938 3113 2001 Proconsularem,
3168 1951 3340 2006 quam
3366 1939 3559 1988 tamen
3596 1932 3681 1985 in-

1980 2032 2147 2083 certae
2191 2026 2499 2099 provincim
2546 2026 2808 2079 dixerunt
2849 2025 3081 2079 Carolus
3116 2041 3149 2077 a
3176 2024 3231 2078 S.
3264 2022 3439 2076 Paulo
3476 2026 3532 2075 et
3558 2021 3681 2074 Hol-

1981 2116 2216 2184 stenius,
2268 2118 2367 2185 qui
2402 2114 2574 2169 etiam
2613 2115 2804 2184 lapsus
2852 2117 2935 2167 est
2960 2128 3091 2182 pag.
3157 2114 3255 2165 106
3304 2110 3439 2164 dum
3506 2110 3680 2163 Vose-

1979 2210 2197 2259 tensem
2270 2204 2409 2258 dixit
2466 2202 2846 2266 Visicensem;
2901 2200 3112 2253 etenim
3167 2215 3318 2252 anno
3367 2200 3463 2251 411
3530 2197 3682 2268 apud

1981 2294 2280 2348 Ecclesiam
2333 2294 2695 2345 Bosetensem
2766 2289 3041 2343 sedebant
3087 2287 3377 2341 Palatinus
3445 2287 3681 2341 catholi-

1980 2399 2078 2436 cus
2125 2386 2181 2436 et
2215 2381 2365 2434 Felix
2431 2378 2742 2445 Donatista,
2793 2393 2915 2447 cap.
2970 2380 3064 2431 125
3113 2375 3479 2442 collationis;
3531 2375 3681 2445 apud

1981 2470 2323 2523 Visicensem
2373 2484 2505 2521 vero
2565 2466 2766 2520 urbem
2811 2464 2965 2519 Felix
3021 2464 3350 2529 catholicus,
3404 2463 3503 2535 qui
3547 2479 3669 2532 cap.

1980 2559 2179 2613 eodem
2219 2557 2315 2611 {235
2342 2556 2483 2611 dixit
2515 2572 2527 2609 :
2557 2558 2883 2623 Episcopum
2909 2558 3103 2608 contra
3132 2569 3213 2606 me
3242 2569 3347 2606 non
3388 2552 3571 2605 habeo.

2050 2648 2373 2699 AneonArrs
2447 2645 2879 2716 BENCENNENsxs.
2916 2643 2981 2695 In
3057 2643 3255 2694 notitia
3316 2642 3680 2708 episcoporum

1980 2750 2047 2788 ese
2082 2736 2367 2803 provincia
2414 2732 2792 2786 Proeonsulari
2830 2731 3138 2798 ejectorum,
3194 2728 3379 2783 Gulosi
3424 2729 3683 2781 Beneven-

1984 2825 2147 2877 tensis
2186 2824 2314 2889 (lege
2365 2817 2776 2886 Bencenneusis)
2809 2820 2868 2871 in
2924 2819 3204 2871 Corsicam
3250 2816 3479 2881 relegati
3527 2827 3679 2865 men-

1983 2913 2175 2965 tionem
2203 2910 2341 2976 ﬁeri.
2394 2909 2705 2975 Postquam
2744 2903 2995 2974 episcopi
3017 2918 3229 2956 nomen
3269 2900 3526 2965 mutavit,
3577 2914 3681 2951 ur-

1983 2997 2069 3052 bis
2117 3011 2347 3066 quoque
2392 3009 2605 3046 nomen
2674 2992 2953 3061 antiquat,
3016 2990 3134 3043 imo
3208 2989 3347 3041 duas
3394 2986 3454 3039 in
3502 3000 3679 3039 uuam

1976 3084 2259 3138 civitatem
2319 3081 2547 3147 conﬁat,
2593 3082 2976 3133 Beneventum
3022 3078 3081 3130 in
3130 3079 3485 3131 Bencennam
3529 3078 3682 3127 tran-

1975 3171 2243 3224 scribeus.
2269 3172 2475 3223 Verum
2494 3170 2950 3225 Beueventanam
2971 3165 3171 3219 urbem
3202 3164 3375 3217 fuisse
3410 3163 3468 3217 in
3494 3162 3680 3216 Africa

1977 3263 2184 3330 praeter
2234 3256 2503 3311 Notitiam
2551 3254 2976 3324 episcoporum,
3010 3252 3069 3304 in
3111 3268 3225 3322 qua
3272 3250 3483 3322 legitur
3515 3251 3680 3306 Gulo-

1978 3364 2068 3404 sus
2094 3349 2517 3407 Beneventensis,
2554 3344 2759 3414 colligo
2800 3359 2868 3396 ex
2898 3342 3117 3413 synodo
3148 3341 3333 3411 prima
3364 3339 3682 3393 Arelatensi

1978 3437 2171 3491 habita
2210 3451 2360 3488 anno
2402 3436 2525 3501 314,
2590 3432 2681 3486 cui
2715 3448 2781 3485 ex
2821 3430 3008 3485 Africa
3047 3445 3175 3483 cum
3221 3428 3521 3483 Caeciliano
3549 3427 3681 3481 Car-

1979 3523 2301 3593 thaginensi
2324 3521 2583 3575 interfuit
2603 3521 2937 3573 Anastasius
2968 3518 3033 3572 de
3066 3521 3283 3572 civitate
3300 3519 3679 3571 Beneventina.

1981 3615 2261 3666 Praeterea
2289 3627 2418 3664 cum
2462 3609 2647 3663 eidem
2681 3607 2971 3661 collationi
3028 3624 3096 3660 ex
3135 3623 3257 3676 cap.
3304 3609 3400 3659 133
3434 3604 3683 3659 adfuerit

1980 3700 2295 3755 Adeodatus
2353 3699 2750 3754 Simidiccensis
2803 3712 2870 3748 ex
2910 3694 3203 3764 provincia
3256 3692 3674 3757 Proconsulari,

1981 3796 2082 3834 cur
2127 3779 2451 3832 Adeodatus
2491 3782 2645 3830 sexto
2691 3776 2809 3829 loco
2868 3774 2930 3827 in
2978 3772 3285 3843 epigraphe
3329 3771 3689 3836 nominatus,

1984 3860 2401 3923 Bencenneusis
2428 3865 2619 3936 potius
2657 3879 2831 3934 quam
2856 3860 3273 3916 Simidiccensis
3311 3858 3683 3929 appellandus

1983 3957 2069 4021 sit,
2104 3972 2208 4025 pro
2238 3954 2474 4008 arbitrio
2523 3956 2746 4005 tantum
2806 3949 3081 4003 asseritur
3133 3965 3147 4001 :
3196 3945 3515 4016 praesertim
3553 3960 3683 3998 cum

1987 4041 2402 4098 Bencenneusis
2466 4039 2711 4094 Ecclesia
2770 4038 2840 4091 iis
2860 4039 3226 4092 accenseatur
3282 4050 3410 4103 quae
3454 4033 3683 4086 incertze

1985 4147 2221 4203 prorsus
2260 4129 2567 4200 provinciae
2585 4128 2953 4197 deputantur,

2055 4220 2384 4271 Vmcexvrurs
2424 4216 2799 4270 Cumsxunns
2846 4214 3015 4267 Hunc
3063 4215 3271 4281 oportet
3324 4211 3497 4276 fuisse
3543 4212 3685 4263 stre—

182 4296 304 4371 cum
336 4318 393 4371 in
425 4318 532 4371 hac
562 4316 871 4387 epigraphe
904 4317 1172 4369 Theasius
1195 4320 1252 4369 et
1273 4315 1568 4385 Ampelius
1590 4319 1717 4384 post
1738 4315 1875 4367 Eva-
1917 4300 1960 4354 D
1990 4322 2159 4362 nuum
2187 4309 2247 4359 in
2300 4305 2454 4358 rebus
2494 4302 2740 4371 agendis,
2790 4305 2839 4355 et
2868 4316 3044 4354 acrem
3083 4302 3142 4353 in
3175 4298 3280 4367 ﬁde
3322 4296 3683 4387 defendenda,

186 4405 369 4474 grium
398 4403 797 4468 nominentur,
824 4404 944 4456 loco
967 4402 1189 4473 Evagrii
1210 4404 1522 4471 Evangelus
1543 4402 1877 4472 neutiquam

186 4492 317 4558 poni
350 4495 559 4562 potest,
593 4488 692 4559 qui
721 4493 965 4560 utroque
1011 4490 1239 4543 laudato
1290 4490 1563 4559 Episcopo
1596 4489 1881 4559 posterior

190 4578 311 4632 fuit.

255 4670 526 4719 Arromus
597 4666 957 4720 CARPITANUS.
1009 4667 1191 4721 Sermo
1233 4669 1296 4735 ﬁt
1336 4665 1402 4719 de
1448 4667 1565 4733 ipso
1605 4666 1664 4718 in
1717 4664 1880 4718 colla-

195 4753 325 4806 tione
348 4770 439 4807 an.
488 4755 636 4821 4H;
682 4753 1005 4822 subscripsit
1049 4755 1284 4822 epistolae
1336 4769 1499 4821 quam
1537 4752 1601 4804 de
1646 4753 1884 4821 appella-

196 4842 412 4895 tionibus
451 4847 503 4895 et
550 4856 718 4895 causa
748 4841 971 4909 Apiarii
1001 4842 1274 4906 Africana
1316 4839 1551 4908 synodus
1582 4839 1655 4893 ad
1686 4840 1741 4894 S.
1766 4840 1883 4894 Ca3—

197 4927 431 4982 lestinum
480 4931 729 4998 scripsit.
788 4926 905 4981 Nisi
952 4926 1234 4981 Antonius
1276 4941 1427 4979 anno
1467 4928 1570 4979 425
1618 4926 1794 4979 redux
1825 4924 1883 4977 in

194 5014 356 5070 vitam
380 5018 593 5071 iterum
625 5016 989 5086 Carpitanam
1041 5014 1235 5069 sedem
1278 5014 1577 5084 receperit,
1620 5014 1741 5067 haec
1761 5029 1886 5084 pro-

195 5106 275 5158 cul
320 5122 354 5159 a
400 5122 533 5160 vero
602 5104 942 5170 exorbitant,
1006 5119 1141 5157 nam
1205 5103 1265 5156 in
1305 5103 1518 5172 synodo
1594 5100 1884 5169 Carthagi-

197 5194 371 5259 nensi,
407 5193 469 5247 in
513 5210 683 5248 causa
728 5193 797 5247 de
840 5190 1341 5262 appellationibus,
1396 5188 1745 5258 subscriptus
1776 5204 1884 5241 no-

197 5283 443 5336 minatur
473 5281 808 5336 Penthadius
830 5284 1109 5348 episcopus
1150 5281 1460 5347 Carpitana:
1487 5278 1750 5341 Ecclesia,
1775 5277 1883 5341 vel,

197 5372 324 5424 utin
359 5370 489 5424 aliis
518 5369 830 5436 codicibus,
859 5366 1196 5422 Penthadius
1218 5368 1565 5436 Carpitanus.
1589 5366 1731 5419 Cum
1756 5380 1887 5417 vero

195 5460 246 5511 in
272 5458 441 5512 titulo
473 5457 729 5528 epistolae
751 5457 821 5511 ad
858 5456 1227 5510 Caelestinum
1266 5455 1416 5509 inter
1443 5453 1661 5524 primos
1700 5451 1888 5506 nomi-

193 5552 358 5602 netur
398 5545 709 5610 Antonius,
745 5560 845 5598 cur
884 5560 1001 5597 non
1058 5543 1165 5598 iste
1196 5543 1349 5599 idem
1391 5541 1561 5595 fuerit
1593 5540 1690 5610 qui
1739 5555 1889 5592 anno

1990 4400 2094 4449 etc.
2125 4395 2243 4449 Scio
2266 4396 2324 4447 in
2351 4393 2651 4446 Itinerario
2680 4391 2974 4457 Antonini,
3006 4388 3101 4442 ubi
3118 4386 3447 4440 describitur
3474 4386 3565 4437 via
3594 4385 3683 4437 lit-

1992 4486 2201 4539 toraria
2256 4482 2323 4534 ab
2376 4482 2529 4535 ostiis
2573 4479 2866 4547 Ampsagaz
2902 4479 3203 4546 Hipponem
3246 4488 3414 4542 usque
3443 4474 3686 4538 Regium,

1989 4572 2250 4627 recenseri
2269 4570 2620 4633 Paratianas,
2669 4567 3044 4629 Culusitanas,
3099 4567 3383 4631 Tacutam,
3441 4561 3686 4626 Sullucu,

1991 4666 2042 4715 et
2079 4662 2407 4728 Hipponem;
2449 4671 2542 4709 nec
2569 4653 2724 4708 aliud
2760 4653 3000 4719 intelligi
3042 4666 3199 4721 posse
3237 4650 3691 4703 Culusitanarum

1990 4750 2202 4803 nomine
2231 4759 2393 4812 quam
2429 4747 2718 4808 utrumque
2759 4739 3023 4807 Colopem,
3078 4740 3162 4792 vel
3190 4739 3381 4793 saltem
3409 4739 3688 4789 minorem.

1994 4838 2213 4889 Postea.
2244 4833 2336 4884 An
2366 4827 2703 4883 emendanda
2735 4827 2885 4879 lectio
2915 4825 3174 4887 codicum,
3204 4829 3254 4878 et
3276 4839 3376 4892 pro
3408 4821 3688 4877 Culusita-

1992 4938 2082 4989 no,
2112 4936 2203 4975 seu
2226 4920 2526 4974 Colositano
2556 4917 2798 4984 episcopo
2827 4912 3192 4966 restituendus
3224 4911 3594 4964 Curabitanus
3622 4908 3691 4960 ab

1993 5009 2123 5063 urbe
2157 5007 2353 5063 Curobi
2379 5019 2553 5074 prope
2582 5002 2864 5070 Neapolim
2915 5003 2975 5053 in
3002 5000 3285 5069 provincia
3315 4995 3692 5051 Proconsulari

1993 5101 2103 5153 sita
2123 5100 2151 5150 ?
2185 5095 2283 5148 Hic
2314 5110 2381 5147 ex
2401 5093 2573 5147 unius
2603 5091 2807 5144 litterae
2838 5087 3150 5142 variatione
3174 5086 3448 5155 ingentes
3491 5083 3695 5138 excitat

1995 5182 2423 5248 controversias,
2468 5196 2598 5252 qua:
2633 5179 2802 5233 nulla:
2826 5180 2976 5231 sunt.
3025 5176 3220 5244 Neque
3251 5172 3402 5226 enim
3451 5170 3707 5225 Antonia

1996 5291 2103 5328 nus
2156 5271 2349 5327 scribit
2395 5271 2742 5326 Culusitanas
2789 5265 3123 5335 interjacere
3168 5264 3321 5315 inter
3367 5262 3695 5332 Hipponem

1997 5368 2052 5418 et
2078 5360 2381 5432 Ampsagaa
2415 5358 2588 5423 ostia;
2614 5358 2718 5410 hac
2747 5354 2903 5408 enim
2928 5351 3147 5405 ratione
3180 5350 3316 5404 urbs
3359 5348 3696 5405 Culusitana

1996 5451 2168 5520 pleno
2193 5450 2322 5520 jure
2354 5448 2422 5502 ad
2463 5444 2785 5500 Numidiam
2834 5443 3133 5511 spectaret,
3167 5454 3299 5493 cum
3344 5435 3699 5492 Mauritaniae.

1996 5537 2247 5591 Sitifensi
2296 5534 2539 5588 vicinior
2593 5534 2737 5585 esset
2799 5543 2973 5599 quam
3043 5527 3354 5597 provincim
3413 5522 3698 5592 Carthagi-
