3926 6192
328 279 431 330 275

1341 271 1913 329 SUPPLEMENTUM
1955 274 2044 328 AD
2081 271 2314 330 OPERA
2353 273 2408 327 S.
2448 271 2835 334 AUGUSTINI.
3684 290 3767 342 276

317 399 504 454 nensi.
537 396 743 454 Scribit
766 396 1084 452 Antoninus
1133 397 1518 462 Culucitanas,
1567 399 1623 450 et
1662 396 2029 450 consentiunt
2065 396 2110 449 A
2143 395 2242 450 ubi
2259 410 2363 464 pro
2395 396 2692 449 Marazana
2722 393 2934 465 legitur
2962 394 3272 460 Mazaaana,
3305 411 3541 454 errorem
3567 406 3768 470 sorbuit,

318 487 551 542 Tabulae
597 485 1075 556 Peutingerianaa,
1118 499 1246 554 quae
1276 483 1426 536 inter
1455 483 1791 538 Pusicadem
1825 488 1881 537 et
1910 483 2030 538 Cir-

325 579 444 630 tam
499 578 727 646 ponunt
755 574 1107 628 Parantianis
1139 576 1195 625 et
1253 572 1580 626 Culucitani.
1603 574 1676 626 At
1725 572 2030 627 Garnerius

325 665 467 736 legit
508 666 866 718 Culusitanas
897 678 962 715 ex
995 677 1108 732 quo
1155 676 1348 715 errore
1399 660 1712 716 Culusitam
1747 677 1814 715 ex
1855 664 2032 716 Anto-

317 753 438 807 nini
487 751 772 806 sententia
819 749 1118 804 contendit
1144 749 1448 803 locandam
1476 765 1596 803 esse
1638 749 1699 802 in
1743 748 2028 803 Numidia.

317 843 400 896 Ita
423 843 692 896 Tacarata
721 843 806 892 est
836 837 1119 892 Numidiee
1143 837 1300 903 urbs,
1335 841 1392 890 et
1423 837 1482 890 in
1530 836 1736 891 Notitia
1766 837 2034 890 laudatur

324 930 477 983 inter
508 927 783 983 Numidas
816 928 1148 984 Crescentius
1175 927 1576 980 Tacaratensis:
1597 927 1871 995 Tagarata
1900 941 2032 978 vero

315 1022 401 1072 est
430 1017 490 1070 in
511 1015 933 1081 Proconsulari,
966 1015 1028 1068 in
1053 1031 1166 1086 qua
1196 1013 1412 1068 ibidem
1442 1013 1780 1068 nominatur
1799 1016 2034 1068 Honora-

316 1111 402 1159 tus
427 1106 838 1171 Tagaratensis.
871 1105 1067 1174 Itaque
1111 1102 1244 1156 licet
1287 1101 1613 1156 Culucitani
1654 1101 1803 1155 inter
1843 1101 2036 1156 Numi-

317 1194 417 1248 das
455 1197 795 1258 statuantur,
844 1191 1168 1245 Culusitani
1209 1189 1718 1244 Proconsularibus
1763 1191 2037 1261 deputan-

316 1285 429 1345 tur,
471 1285 527 1333 et
554 1278 887 1332 Vincentius
911 1279 971 1332 in
993 1277 1301 1332 collatione
1330 1293 1452 1348 cap.
1495 1280 1593 1332 t33
1617 1277 1827 1331 dicitur
1866 1278 2036 1332 Culu-

317 1371 554 1435 sitensis,
587 1372 642 1422 et
676 1367 736 1420 in
765 1366 1298 1437 subscriptionibus
1331 1365 1534 1436 synodi
1567 1382 1660 1420 an.
1712 1368 1836 1432 419,
1869 1367 2037 1421 Culsi—

318 1462 476 1511 tanus
525 1459 580 1509 et
645 1456 1024 1511 Culusitanus.
1095 1456 1160 1508 In
1205 1454 1411 1508 notitia
1454 1453 1666 1525 legitur
1713 1455 2038 1510 Emilianus

316 1546 640 1602 Culsitanus
674 1543 825 1597 inter
852 1543 1326 1614 proconsulares;
1375 1543 1434 1595 in
1485 1543 1703 1612 synodo
1753 1541 2028 1596 Bonifacii

334 1632 755 1703 Carthagiensis
799 1648 951 1685 anno
998 1634 1122 1697 525,
1163 1633 1477 1686 Marcianus
1535 1632 1886 1688 Culusitanus
1913 1651 1935 1698 ,-
1973 1630 2033 1683 in

333 1719 769 1790 Carthaginensi
800 1720 904 1774 sub
928 1720 1095 1773 Grato
1123 1735 1252 1773 can.
1293 1722 1342 1782 6,
1377 1721 1630 1775 Nicasius
1658 1720 2026 1776 Culusitanus.

325 1810 620 1879 Nusquam
643 1805 858 1876 legitur
885 1806 1272 1862 Culucitanus.
1297 1807 1407 1860 Sed
1430 1822 1618 1878 neque
1639 1807 1909 1861 varianda
1946 1814 2032 1861 est

321 1897 507 1962 lectio,
539 1900 603 1950 ut
629 1911 735 1965 pro
761 1894 1093 1948 Culusitano
1125 1894 1503 1950 Curobitanus
1535 1895 1838 1966 episcopus
1867 1912 2028 1966 repo-

324 1990 533 2052 natur;
563 2000 700 2038 nam
733 1983 988 2037 Culusita
1016 1988 1074 2037 et
1107 1983 1345 2038 Curobis
1375 1983 1533 2037 fuere
1579 1983 1861 2037 distincta
1891 1983 2028 2037 civi-

323 2078 467 2128 tates
482 2071 978 2142 proconsularium
997 2087 1008 2123 :
1029 2070 1240 2124 etenim
1271 2071 1327 2123 in
1353 2071 1568 2141 synodo
1596 2071 2032 2142 Carthaginensi

326 2161 429 2215 sub
461 2160 744 2215 Hilderico
788 2176 924 2230 rege
973 2175 1124 2212 anno
1159 2162 1282 2226 525,
1317 2159 1621 2229 subscripti
1667 2159 1938 2229 leguntur
1975 2164 2033 2214 et

332 2251 656 2315 Peregrinus
687 2250 969 2317 episcopus
1016 2247 1187 2316 plebis
1228 2246 1568 2302 Curobitanae
1614 2250 1671 2300 et
1719 2249 2032 2302 Marcianus

329 2339 608 2406 episcopus
639 2336 811 2405 plebis
843 2335 1201 2388 Culusitanae.
1236 2334 1401 2388 Vides
1433 2333 1700 2389 Curobim
1730 2351 1763 2387 a
1783 2335 2034 2390 Culosita

330 2440 431 2479 seu
479 2424 736 2478 Culusita
764 2423 1138 2477 distinctam?
1184 2422 1294 2477 Sed
1324 2439 1391 2476 ex
1438 2421 1562 2492 ipsa
1593 2423 1893 2477 collatione
1926 2424 2033 2478 hoc

331 2513 524 2583 ipsum
553 2513 997 2580 demonstratur,
1023 2512 1081 2565 in
1113 2527 1226 2582 qua
1255 2527 1377 2581 cap.
1417 2514 1515 2566 l38
1543 2511 1868 2565 Vincentius
1921 2512 2034 2567 Cu-

332 2602 614 2655 lusitanus
634 2601 703 2655 de
741 2617 845 2654 sua
883 2599 1112 2654 dioecesi
1141 2599 1279 2654 dixit
1311 2616 1322 2652 :
1363 2599 1643 2655 Catholica
1681 2604 1776 2653 est.
1805 2601 1876 2653 At
1906 2616 2030 2670 cap.

336 2694 436 2745 198
470 2691 620 2745 inter
647 2689 972 2745 Donatistas
1003 2691 1273 2744 recitatur
1317 2692 1502 2745 Victor
1547 2692 1826 2759 episcopus
1850 2691 2035 2745 Curu-

335 2781 577 2835 bitensis.
603 2781 711 2835 Res
760 2784 847 2834 est
887 2779 1222 2847 clarissima,
1264 2779 1332 2834 de
1378 2796 1492 2850 qua
1532 2795 1682 2833 unus
1729 2779 2036 2834 Garnerius

335 2869 522 2939 potuit
551 2867 840 2923 dubitare.-

2140 487 2224 536 tot
2249 483 2528 552 ignoratis
2558 499 2661 554 pro
2692 484 2984 538 Mazarana
3013 484 3334 538 certissimis
3362 488 3682 547 testimoniis.

2213 573 2481 626 Tnaasws
2554 573 3034 650 Meuanasxranus.
3114 573 3264 643 Quod
3320 577 3586 633 Membresa
3641 599 3776 650 porro

2140 663 2310 727 fuerit
2338 663 2658 730 episcopalis
2701 646 2926 715 dubium
2957 676 3068 716 esse
3109 677 3216 715 non
3256 668 3452 731 potest;
3495 683 3608 722 nam
3641 646 3777 728 lucii

2141 749 2546 803 Membresitani
2591 752 2786 804 mentio
2827 755 2904 804 est
2951 752 3009 803 in
3057 751 3278 804 concilio
3325 752 3779 822 Carthaginenside

2143 837 2553 906 rebaptizandis
2582 839 2844 892 haereticis
2871 854 2884 891 ε
2923 839 3104 891 Salvii
3123 839 3512 895 Membresitani
3531 845 3665 912 apud
3686 849 3780 901 Au-

2144 928 2441 993 gustinum,
2467 929 2573 980 etc.
2604 926 2882 980 Eumdem
2939 925 3190 996 lapidem
3234 927 3480 994 offendit,
3523 930 3648 985 duas
3691 934 3782 988 ite-

2146 1031 2274 1069 rum
2307 1014 2474 1068 urbes
2499 1014 2558 1067 in
2580 1030 2757 1068 unam
2798 1013 3177 1068 confundens.
3219 1015 3484 1085 Tempore
3510 1019 3786 1075 collationis

2147 1102 2629 1173 Carthaginensis,
2682 1104 2994 1158 Mcmbresa
3024 1118 3124 1157 seu
3154 1103 3504 1169 Membressa,
3547 1111 3605 1160 ut
3626 1109 3787 1179 Augu-

2152 1191 2333 1244 stinus
2363 1195 2420 1244 et
2442 1191 2724 1244 Antonius
2767 1191 3042 1257 scribunt,
3084 1194 3208 1244 erat
3257 1190 3447 1245 civitas
3487 1192 3724 1249 distincta
3765 1216 3790 1251 a

2149 1277 2520 1331 Memblosita.
2557 1278 2672 1330 Hoc
2701 1277 2771 1332 ad
2813 1278 3043 1331 oculum
3090 1279 3251 1346 patet
3285 1293 3349 1331 ex
3377 1284 3669 1334 memorata
3693 1284 3788 1335 col-

2147 1364 2379 1433 latione,
2413 1364 2471 1419 in
2520 1381 2634 1436 qua
2682 1382 2806 1436 cap.
2857 1368 2954 1419 133
3001 1367 3332 1419 recensetur
3379 1366 3668 1422 Gennadius
3695 1373 3790 1438 cpi-

2147 1469 2337 1522 scopus
2366 1454 2535 1522 plebis
2560 1454 3067 1520 Membressitensis,
3091 1453 3344 1524 itemque
3367 1453 3570 1509 ibidem
3596 1459 3793 1526 ponitur

2153 1543 2410 1597 Theasius
2457 1545 2736 1612 episcopus
2779 1543 2953 1612 plebis
3009 1542 3478 1597 Memblositensis.
3511 1544 3573 1598 In
3615 1545 3793 1615 synodo

2149 1628 2418 1700 Cypriani
2438 1630 2590 1700 apud
2611 1630 2996 1700 Augustinum
3021 1630 3121 1684 lib.
3144 1646 3221 1683 vn
3243 1630 3312 1684 de
3339 1630 3565 1700 Baptis.,
3596 1647 3704 1702 cap.
3724 1636 3795 1700 26,

2147 1719 2476 1772 nominatur
2504 1719 2703 1772 Lucius
2746 1735 2780 1772 a
2817 1719 3131 1784 Membresa,
3185 1735 3362 1790 quam
3406 1720 3650 1775 eamdem
3694 1738 3798 1775 cum

2144 1807 2491 1860 Memblosita
2521 1806 2828 1860 Garnerius
2871 1806 3232 1862 existimavit.
3266 1807 3374 1871 Qui
3423 1807 3588 1862 etiam
3623 1807 3800 1862 ibidem

2144 1895 2349 1966 probat
2381 1895 2781 1949 Membressam
2823 1899 3103 1966 spectasse
3135 1896 3202 1950 ad
3224 1897 3666 1965 proconsulares,
3695 1896 3802 1967 quia

2149 2001 2216 2038 ex
2242 1983 2535 2037 Antonino
2565 1988 2775 2038 constat
2821 1986 3094 2038 civitatem
3141 1986 3281 2038 hanc
3323 1986 3464 2038 inter
3493 1985 3804 2038 Mustitanam

2142 2077 2192 2127 et
2235 2073 2554 2128 Sicilibbam
2579 2075 2773 2140 fuisse.
2814 2075 2885 2128 At
2927 2072 3230 2126 Mustitana
3255 2071 3576 2143 pertinebat
3624 2071 3688 2124 ad
3712 2071 3802 2124 Nu-

2142 2161 2374 2215 midiam
2408 2177 2476 2214 ex
2507 2160 2720 2214 Notitia
2747 2161 2968 2226 Africae,
2994 2161 3052 2214 in
3098 2177 3211 2232 qua
3243 2161 3397 2215 inter
3443 2159 3700 2215 Numidas
3725 2175 3808 2213 no-

2142 2249 2395 2303 minatur
2435 2250 2782 2304 Antonianus
2820 2251 3192 2315 Mustita-nus;
3243 2249 3292 2303 si
3337 2265 3470 2303 vero
3511 2247 3808 2302 Membressa

2141 2337 2294 2391 inter
2322 2337 2460 2390 duas
2487 2337 2656 2391 urbes
2685 2337 3117 2408 proconsulares
3152 2337 3370 2403 fuisset,
3398 2337 3543 2391 forte
3563 2335 3812 2390 intentum

2143 2426 2457 2496 probasset.
2493 2427 2620 2480 Hmc
2679 2426 2748 2480 de
2805 2426 3110 2480 Mustitana
3171 2425 3318 2479 urbe
3356 2425 3518 2494 juxta
3555 2424 3811 2492 vulgarem

2143 2514 2485 2568 sententiam
2516 2515 2738 2585 loquor.
2780 2514 2991 2568 Debuit
3020 2529 3156 2584 ergo
3185 2513 3314 2567 hac
3360 2512 3731 2566 demonstrare
3758 2524 3812 2561 ex

2145 2603 2414 2673 synodica
2443 2607 2548 2656 act.
2582 2607 2614 2656 2
2643 2602 2869 2656 concilii
2897 2603 2951 2656 S.
2982 2602 3204 2656 Martini
3254 2617 3444 2673 papae,
3476 2600 3536 2653 in
3566 2615 3672 2670 qua
3695 2598 3816 2651 inter

2144 2691 2581 2763 proconsulares
2612 2692 2877 2746 laudatur
2921 2693 3106 2746 Victor
3153 2691 3646 2750 Membressitanus,
3684 2691 3734 2740 et
3764 2701 3815 2739 ex

2145 2780 2362 2850 synodo
2399 2778 2670 2834 Bonifacii
2701 2778 3160 2850 Carthaginensis
3208 2794 3307 2833 an.
3343 2781 3470 2844 525,
3503 2792 3671 2848 quam
3707 2773 3817 2828 sub-

2150 2868 2343 2922 scribit
2365 2870 2690 2923 Paschasius
2712 2869 3205 2923 Membressitanus.

405 2960 724 3012 Persuasus
798 2958 1333 3010 BAZARADIDACENUS.
1407 2957 1492 3010 Ita
1559 2955 1778 3025 quidem
1840 2955 2042 3022 legitur
2077 2964 2116 3019 ο
2216 2958 2394 3036 Turus
2450 2958 2816 3011 MELDITANUS.
2871 2957 3143 3012 Sci-ibitur
3178 2958 3241 3010 in
3278 2957 3566 3011 collatione
3603 2954 3823 3009 Melzita-

331 3047 390 3099 in
411 3047 690 3100 collatione
719 3063 736 3099 :
783 3045 889 3100 Sed
915 3045 1046 3111 quia
1098 3044 1314 3110 nullibi,
1350 3044 1493 3112 quod
1548 3046 1739 3110 sciam,
1777 3044 2037 3112 hujusce—

334 3134 482 3188 modi
504 3135 743 3187 civitatis
786 3135 979 3186 mentio
1004 3134 1067 3199 ﬁt
1097 3134 1369 3200 suspicari
1394 3136 1570 3200 posset
1618 3133 1822 3201 aliquis
1865 3135 2037 3186 inesse

335 3221 606 3286 mendum,
667 3219 1134 3289 reponendumque
1182 3222 1707 3274 Mazaranacenum:
1759 3225 1837 3275 est
1895 3223 2036 3274 enim

336 3312 640 3365 Mazarana
659 3311 852 3363 civitas
882 3311 940 3362 in
968 3311 1252 3377 provincia
1276 3310 1654 3363 Proconsulari
1677 3312 1817 3362 inter
1835 3313 2037 3376 Bagra-

334 3397 463 3451 dam
490 3400 732 3466 ﬂuvium,
764 3401 815 3450 et
835 3399 1037 3463 fontem
1067 3396 1316 3462 Catadze,
1350 3412 1454 3466 quo
1480 3399 1710 3452 alluitur
1734 3399 2032 3466 Carthago.

333 3485 587 3539 Profecto
616 3485 819 3538 urbem
870 3484 1418 3538 Bazaradidacenam
1449 3501 1514 3538 ex
1545 3501 1671 3555 cap.
1727 3489 1825 3538 125
1858 3486 2035 3539 colla-

331 3573 508 3628 tionis
535 3573 840 3628 habemus.
886 3573 1182 3642 Nusquam
1209 3577 1403 3626 tamen
1430 3589 1593 3626 nova:
1622 3573 1782 3626 urbis
1821 3575 2032 3629 Maza-

333 3677 483 3716 ranw
503 3676 718 3715 nomen
749 3660 862 3714 nisi
892 3660 952 3714 in
993 3661 1146 3714 Nova
1177 3660 1435 3714 Garnerii
1483 3661 1842 3732 Geographia
1870 3677 2035 3731 repe-

335 3750 500 3803 ritur.
528 3750 595 3803 In
645 3749 862 3818 synodo
890 3748 944 3802 S.
991 3748 1261 3818 Cypriani
1308 3749 1460 3819 apud
1519 3751 1663 3819 Aug.
1698 3749 1798 3803 lib.
1841 3765 1912 3802 vn
1966 3749 2035 3804 de

341 3837 652 3909 Baptismo,
697 3853 820 3907 cap.
869 3840 954 3902 10,
1013 3836 1347 3892 nominatur
1375 3837 1527 3890 Felia:
1556 3852 1591 3890 a
1615 3838 1946 3904 Marazana,
1980 3841 2037 3892 et

347 3927 407 3981 in
447 3927 656 3982 tabulis
701 3927 886 3981 Caroli
925 3943 959 3980 a
1002 3926 1054 3980 S.
1088 3927 1263 3980 Paulo
1311 3927 1605 3980 Marazana
1662 3926 2031 3992 describitur;

345 4013 629 4083 synodum
683 4015 1126 4068 Marazanensem
1170 4013 1366 4068 laudat
1397 4015 1710 4068 Ferrandus
1757 4014 2036 4069 Diaconus

342 4101 801 4172 Carthaginensis
859 4118 983 4157 can.
1039 4105 1129 4156 76.
1182 4101 1440 4157 Garnerii
1512 4102 1841 4158 allucinatio
1926 4119 2036 4173 ap—

337 4193 519 4259 paret,
552 4189 652 4260 qui
679 4191 1031 4244 Marazanam
1056 4189 1221 4244 sitam
1252 4190 1424 4244 fuisse
1453 4195 1615 4262 putat
1643 4191 1704 4244 in
1740 4190 2035 4261 provincia

2152 3057 2273 3110 nus,
2297 3043 2392 3097 sed
2421 3046 2610 3098 vitiose
2641 3045 2833 3114 opinor
2865 3060 2878 3097 :
2927 3059 3097 3113 neque
3125 3045 3268 3097 enim
3303 3044 3373 3097 ab
3410 3044 3520 3096 ullo
3556 3044 3616 3111 ﬁt
3659 3041 3823 3094 mentio

2147 3133 2376 3186 Melzitze
2402 3134 2644 3186 civitatis
2675 3134 2733 3185 in
2768 3135 3056 3201 provincia
3100 3131 3494 3186 Proconsulari
3526 3146 3538 3184 :
3563 3130 3646 3183 Fit
3676 3131 3826 3182 autem

2146 3219 2214 3272 ab
2243 3220 2486 3274 omnibus
2525 3220 2761 3274 Melditae
2785 3220 2858 3274 ad
2885 3220 3300 3290 Hipponitidem
3342 3219 3605 3289 paludem
3643 3218 3822 3286 posita,

2145 3307 2301 3375 cujus
2359 3309 2492 3360 situs
2523 3324 2557 3360 a
2606 3309 2878 3362 Ptolemaeo
2912 3308 3262 3362 describitur.
3296 3308 3385 3362 Ita
3423 3306 3698 3362 Garnerio
3733 3303 3828 3358 Pli-

2146 3396 2296 3462 nius,
2323 3412 2386 3448 ac
2413 3395 2653 3449 trecenti
2683 3401 2740 3450 et
2791 3396 2986 3450 decem
3045 3397 3302 3468 episcopi
3354 3395 3662 3451 Donatistae
3708 3389 3828 3446 nulli

2147 3486 2296 3536 sunt.
2329 3483 2548 3537 Plinius
2576 3484 2673 3538 lib.
2706 3501 2761 3552 v,
2785 3501 2908 3555 cap.
2939 3487 2993 3550 4,
3039 3485 3239 3539 laudat
3269 3485 3334 3539 in
3364 3484 3560 3540 Africa
3587 3481 3832 3553 oppidum

2145 3572 2512 3626 Melzitanum.
2547 3573 2810 3642 Synodus
2859 3573 3187 3643 Bagaiensis
3229 3572 3664 3628 Donatistarum
3704 3570 3831 3622 inter

2147 3658 2449 3714 duodecim
2471 3660 2826 3715 ordinatores
2850 3661 3178 3716 Maximiani
3201 3659 3678 3732 Carthaginensis
3697 3657 3832 3712 dam-

2144 3749 2243 3799 nat
2270 3747 2544 3800 Valerium
2579 3748 2946 3802 Melzitanum.
3006 3749 3174 3818 Apud
3221 3750 3376 3820 Aug.
3434 3748 3534 3803 lib.
3582 3763 3638 3801 ιιι
3667 3747 3834 3800 contra

2146 3834 2534 3901 Cresconium,
2577 3851 2700 3906 cap.
2738 3839 2802 3890 t9
2833 3841 2889 3890 et
2914 3839 3001 3891 53.
3053 3837 3225 3891 Recte
3261 3853 3406 3907 ergo
3467 3836 3532 3890 in
3561 3832 3836 3890 collatione

2145 3938 2268 3992 cap.
2308 3925 2398 3976 121
2460 3923 2712 3993 legitur:
2775 3926 2941 3978 Tutus
2985 3927 3266 3994 episcopus
3317 3926 3501 3995 plebis
3544 3925 3836 3980 Melzitanz.

2145 4011 2273 4064 Non
2295 4015 2488 4065 tamen
2519 4011 3025 4081 reprehendendus
3070 4017 3154 4067 est
3192 4015 3574 4080 Ptolemaeus,
3612 4011 3707 4065 ubi
3746 4009 3837 4063 hoc

2143 4097 2332 4168 ipsum
2357 4099 2634 4170 oppidum
2679 4101 2966 4156 Melditam
2993 4105 3158 4155 vocat
3181 4119 3194 4170 ;
3244 4102 3547 4156 familiare
3578 4101 3727 4156 enim
3754 4095 3844 4150 fuit

2147 4187 2396 4258 antiquis
2426 4205 2528 4258 pro
2557 4189 2592 4241 Ζ
2623 4204 2901 4260 usurpare
2934 4191 2998 4256 D,
3027 4194 3090 4244 ut
3123 4190 3398 4260 pluribus
3443 4188 3669 4244 ostendi
3693 4186 3781 4240 lib.
3815 4197 3842 4234 ιι

340 4248 759 4344 Proconsulari,
811 4295 946 4332 nam
999 4279 1323 4349 pertinebat
1376 4248 1475 4333 ad‘
1505 4248 1826 4350 Byzaciu‘m.
1896 4279 2036 4334 Hinc
2074 4248 2118 4303 Β
2154 4248 2306 4329 Hist:
2336 4248 2548 4347 Fel-ags
2584 4293 2707 4348 cap.
2744 4248 2795 4331 3..
2842 4279 2926 4332 Ita
2965 4248 3024 4332 in
3073 4248 3276 4332 eadem
3321 4278 3630 4350 provincia
3660 4273 3846 4342 Hippo-

337 4367 401 4419 in
431 4366 856 4419 NotitiaAfricaa
885 4367 1035 4420 inter
1059 4369 1372 4436 Byzacenos
1386 4367 1656 4422 asseritur
1681 4368 2045 4424 Vindicianus

342 4455 793 4508 Marazaniensis.
829 4455 942 4507 Hoc
966 4454 1155 4524 ipsum
1188 4469 1253 4508 ex
1289 4454 1579 4509 Antonino
1607 4455 1911 4523 evincitur,
1945 4458 2044 4528 qui

345 4540 542 4594 scribit
591 4541 662 4594 ab
699 4542 876 4610 Aquis
898 4543 1077 4606 Regiis
1099 4542 1478 4595 Marazaniam
1521 4557 1578 4594 il.
1608 4558 1663 4596 Ρ.
1693 4559 1781 4596 xv.
1823 4543 2043 4613 Suﬁbus

349 4644 412 4683 Il.
443 4645 493 4682 P.
522 4644 707 4682 xxvur.
737 4629 922 4692 Quare
952 4627 1101 4682 inter
1157 4628 1458 4683 Sufetanos
1509 4632 1564 4682 et
1610 4632 1800 4701 Aquas
1836 4631 2042 4702 Hegias

340 4716 638 4786 interjacet
691 4718 1003 4771 Marazana.
1066 4716 1288 4771 Priores
1342 4733 1476 4770 vero
1527 4718 1698 4772 urbes
1753 4719 2040 4790 pertinere

343 4806 413 4860 ad
447 4808 764 4877 Byzacenos
798 4809 1018 4860 constat
1045 4821 1112 4860 ex
1143 4805 1357 4860 Notitia
1385 4806 1636 4874 laudata,
1667 4807 1727 4862 in
1749 4825 1862 4880 qua
1893 4809 2042 4864 inter

341 4909 438 4947 eos
497 4893 869 4948 nominantur
915 4893 1199 4947 Liberatus
1271 4894 1562 4962 Aquarum
1627 4897 1938 4964 Regiarum,
1991 4902 2040 4952 et

341 4983 658 5036 Eustrasius
684 4981 997 5047 Sufetanus.
1028 4979 1132 5034 Sed
1168 4995 1338 5034 omne
1358 4980 1599 5034 dubium
1639 4982 1892 5054 dispellit
1919 4985 2039 5038 col-

341 5069 479 5122 latio
509 5067 991 5140 Carthaginensis,
1024 5067 1086 5122 in
1112 5084 1224 5138 qua
1253 5085 1378 5139 cap.
1416 5072 1511 5122 127
1544 5070 1782 5140 ponitur
1809 5073 2039 5126 Publiu-

339 5171 441 5210 nus
470 5160 747 5226 episcopus
777 5157 948 5227 plebis
976 5157 1498 5223 Bazaradidacenae,
1531 5161 1588 5212 et
1615 5175 1740 5229 cap.
1798 5162 1909 5227 133,
1938 5177 2036 5232 ap-

337 5244 588 5312 pellatur
615 5248 910 5299 Eunomius
934 5246 1210 5314 episcopus
1239 5245 1410 5314 plebis
1442 5247 1870 5302 Marazanensis.
1918 5249 2035 5318 Igi-

340 5335 437 5384 tur
464 5331 620 5384 stulti
647 5332 830 5386 solum
861 5332 1135 5403 suspicari
1177 5337 1418 5402 possunt
1447 5348 1623 5387 unam
1658 5335 2034 5406 eamdemque

341 5432 462 5470 esse
490 5417 713 5470 urbem.
747 5434 876 5473 cum
897 5419 1108 5474 ibidem
1139 5419 1392 5473 distincti
1429 5419 1680 5491 episcopi
1733 5421 2034 5494 utriusque

339 5505 536 5576 oppidi
556 5505 764 5560 diserte
776 5513 1118 5563 asserautur.
1142 5509 1214 5562 Ex
1233 5507 1428 5562 Ortelii
1440 5508 1785 5564 Tabularum
1798 5512 2028 5577 mendo,

2154 4379 2286 4417 nem
2315 4365 2653 4420 Zarruthum
2704 4366 2902 4421 laudat
2933 4356 3280 4434 Antoninus,
3348 4371 3409 4421 et
3441 4365 3846 4420 Zaritonensem

2153 4452 2484 4523 episcopum
2514 4455 2774 4508 nominat
2803 4455 3030 4509 collatio
3061 4471 3193 4525 cap.
3253 4458 3385 4523 139,
3421 4471 3560 4510 cum
3591 4451 3686 4507 alii
3713 4463 3847 4504 eam-

2151 4541 2280 4595 dem
2313 4541 2511 4595 urbem
2547 4543 2866 4612 Hipponem
2921 4543 3292 4613 Diarrytbum
3348 4545 3585 4597 vocent.

2222 4631 2571 4684 PANTHONIUS
2628 4633 2989 4686 PUPPITANUS.
3034 4634 3099 4686 In
3144 4633 3440 4687 collatione
3487 4634 3649 4702 parte
3689 4628 3850 4699 prima

2151 4718 2349 4787 legitur
2392 4720 2700 4774 Pannonius
2738 4723 3102 4790 Puppitanus,
3152 4721 3247 4774 sed
3298 4723 3527 4787 gemino
3573 4720 3724 4783 vitio,
3752 4728 3852 4768 cum

2150 4809 2419 4861 Pannonii
2460 4824 2648 4862 nomen
2704 4809 2934 4863 insolens
2993 4811 3066 4864 sit
3109 4809 3260 4878 apud
3309 4812 3525 4877 Afros,
3575 4801 3853 4862 Panthonii

2147 4897 2445 4963 familiare,
2477 4902 2526 4950 et
2551 4900 2743 4952 civitas
2774 4898 2931 4967 cujus
2951 4898 3128 4953 sedem
3155 4901 3335 4952 tenuit
3388 4899 3624 4953 dicatur
3651 4895 3855 4962 Puppul

2147 4985 2204 5036 in
2232 4986 2522 5038 Itinerario
2560 4986 2844 5039 Antonini.
2896 4986 3016 5039 Imo
3046 4987 3254 5053 gemino
3286 4988 3435 5040 vitio
3483 4985 3708 5039 laborat
3751 4980 3856 5034 haec

2147 5086 2403 5125 censura.
2428 5072 2570 5126 Cum
2600 5077 2786 5126 textus
2817 5072 3167 5143 epigpaphes
3205 5073 3516 5142 synodalis
3573 5089 3643 5126 ex
3698 5069 3856 5124 colla-

2147 5159 2303 5213 tione
2361 5159 2731 5230 corrigendus
2783 5165 2948 5226 esset,
2972 5165 3038 5214 ut
3097 5160 3315 5230 ubique
3363 5164 3616 5226 erraret,
3676 5152 3862 5212 maluit

2145 5251 2363 5302 textum
2395 5248 2711 5302 collationis
2739 5248 2949 5302 erroris
2969 5263 3228 5319 arguere.
3265 5249 3336 5302 In
3369 5265 3486 5303 ms.
3527 5242 3866 5303 serenissimi

2144 5337 2338 5407 magni
2370 5337 2529 5390 ducis
2557 5342 2755 5407 postea
2782 5337 3082 5403 laudando,
3125 5336 3183 5390 in
3215 5336 3553 5408 epigraphe
3581 5351 3700 5389 non
3729 5335 3866 5388 Pan-

2144 5427 2382 5490 thonius,
2415 5425 2510 5479 sed
2542 5427 2856 5479 Pannonius
2881 5428 3032 5480 recte
3075 5425 3313 5495 legitur.
3357 5426 3588 5480 Verum
3637 5423 3765 5495 quis
3794 5418 3869 5473 illi

2140 5512 2280 5566 dixit
2309 5512 2590 5568 Pannonii
2617 5529 2830 5568 nomen
2857 5513 3104 5569 insolens
3133 5530 3251 5568 esse
3285 5515 3453 5584 apud
3494 5513 3688 5577 Afros,
3726 5512 3866 5564 Pan-
