3922 6188
139 305 215 354 277

870 292 1227 349 VARIORUM
1269 293 1876 352 EXERCITATIONES
1913 295 1984 350 IN
2024 296 2077 349 S.
2121 295 2490 352 AUGUSTINI
2529 296 2777 351 OPERA.

3474 301 3577 353 278

135 421 281 477 thonii
307 434 429 473 vero
456 415 735 471 familiare
760 418 787 469 ?
816 416 1031 470 Praeter
1084 418 1444 472 Pannonium
1499 419 1770 489 Puppita-
1802 421 1843 474 A
1884 418 2091 474 fundit.
2119 420 2288 473 Recte
2315 419 2377 473 in
2401 418 2699 473 collatione
2748 419 3062 475 Restitutus
3112 420 3429 491 appellatur
3459 423 3574 477 Mu-

137 527 256 574 num,
285 507 473 577 legitur
501 505 558 558 in
591 504 802 558 Notitia
832 505 1036 558 Africae
1068 505 1221 559 inter
1260 508 1611 561 Mauritanos
1645 509 1769 562 Ca3-

132 599 355 653 sarienses
381 597 684 650 Pannonius
714 596 965 648 Bitensis.
1002 595 1186 649 Unum
1243 600 1468 649 tantum
1523 598 1770 651 Pantho-

132 689 253 741 nium
276 702 336 739 ex
362 684 663 753 depravata
693 682 1009 753 epigraphe
1040 683 1220 749 novit,
1254 685 1497 738 alterum
1531 701 1595 738 ex
1620 685 1771 739 inco-

125 776 261 847 gnitis
282 772 427 826 libris
458 788 523 824 ex
552 770 742 825 Africa
773 772 1041 841 appellet,
1067 776 1124 825 et
1153 776 1290 826 tunc
1310 773 1588 827 familiare
1617 775 1771 845 apud

122 866 251 919 Afros
273 877 471 915 nomen
490 859 790 914 Panthonii
805 859 1123 929 aftirmabo,
1158 865 1214 915 et
1237 861 1343 915 erit
1365 862 1506 917 mihi
1529 878 1770 934 magnus

119 952 301 1023 Apollo.
358 949 518 1014 Quod
559 965 693 1003 vero
741 948 1035 1003 contendit
1092 966 1124 1002 a
1179 951 1411 1020 Pnpput
1464 951 1768 1005 dicendum

119 1056 213 1093 esse
236 1041 627 1107 Pupputanum,
646 1053 763 1091 non
792 1040 1183 1107 Puppitanum,
1214 1039 1305 1092 vix
1337 1039 1478 1093 citra
1508 1040 1769 1111 indigna-

116 1127 292 1180 tionem
334 1125 400 1178 ab
442 1124 591 1178 Afris
659 1125 843 1178 audiri
898 1129 1107 1195 posset,
1162 1126 1325 1196 quasi
1382 1126 1473 1180 hic
1529 1126 1770 1197 scriptor

111 1216 460 1269 Africanarum
484 1214 715 1267 urbium
762 1213 1032 1267 vocabula
1070 1214 1276 1268 melius
1331 1231 1504 1285 quam
1540 1214 1769 1284 ipsimet

110 1301 489 1357 Atrideclinarc
532 1302 687 1355 sciat.
726 1303 789 1355 In
819 1302 1125 1356 collatione
1154 1319 1275 1374 cap.
1323 1306 1417 1357 187
1450 1304 1600 1357 inter
1657 1306 1764 1357 Do-

112 1392 307 1444 natistas
345 1389 676 1442 nominatur
734 1391 1087 1445 Victorianus
1133 1394 1576 1461 Puppitanensis,
1621 1393 1765 1445 Pan-

109 1479 237 1532 nonii
281 1478 540 1531 aemulus.
593 1477 935 1547 Synodicam
1002 1480 1495 1549 proconsularium
1567 1484 1673 1533 act.
1732 1484 1764 1533 2

106 1567 308 1621 laudata:
329 1566 531 1637 synodi
565 1566 958 1621 Lateranensis
988 1569 1291 1622 subscribit
1339 1569 1565 1623 Gulosus
1608 1570 1763 1636 Pup-

101 1660 311 1725 pitanus;
362 1654 423 1707 in
477 1655 699 1724 synodo
754 1656 1026 1711 Bonifacii
1097 1656 1557 1727 Carthaginensis
1614 1672 1763 1709 anno

101 1746 178 1795 5'23
204 1741 458 1796 recitatur
495 1744 828 1798 Fortunatus
876 1747 1237 1815 Puppitanus.
1272 1744 1409 1808 Quis
1440 1748 1629 1797 autem
1665 1743 1757 1797 di—

100 1831 216 1883 xerit
239 1829 333 1882 hos
361 1829 663 1900 episcopos
694 1831 937 1886 nescisse
976 1849 1094 1886 suae
1125 1832 1283 1887 urbis
1321 1847 1533 1886 nomen
1566 1832 1759 1886 Latine

99 1917 345 1972 inﬂectere
364 1918 390 1972 ‘l

156 2010 326 2062 Vicroa
351 2010 635 2064 VINENSIS.
666 2012 893 2079 Legitur
940 2012 1115 2078 ipsius
1158 2025 1347 2064 nomen
1374 2011 1434 2063 in
1459 2010 1758 2063 collationis

97 2098 241 2162 prima
258 2100 428 2164 parte,
454 2101 541 2150 est
570 2100 748 2150 autem
779 2100 919 2151 Vina
940 2099 1134 2151 civitas
1159 2112 1325 2166 prope
1355 2100 1755 2167 Pupputanam.

96 2182 368 2251 .triolatur;
402 2200 545 2238 nam
575 2200 705 2238 cum
739 2184 797 2237 in
838 2184 1007 2238 titulo
1047 2185 1323 2254 epistolae,
1383 2201 1556 2255 quam
1617 2184 1757 2238 adeo

97 2270 292 2324 eruditis
345 2272 497 2326 uotis
557 2272 824 2339 illustrat,
872 2276 988 2326 tres
1041 2272 1293 2326 Victores
1362 2271 1755 2337 nominentur,

95 2358 383 2413 eorumdem
441 2359 612 2413 sedes
660 2376 727 2412 ex
784 2359 1090 2414 collatione
1130 2359 1562 2430 Carthaginensi
1594 2360 1760 2429 expi-

96 2450 263 2499 scatur.
286 2447 549 2501 Priorem
599 2446 735 2502 dicit
758 2446 1086 2514 Vinensem,
1139 2448 1381 2501 alterum
1410 2446 1755 2513 Uticensem,

95 2540 398 2604 postremum
434 2536 866 2607 Migirpensem.
900 2536 1062 2600 Quod
1106 2536 1185 2590 ita
1235 2554 1340 2607 pro
1385 2536 1623 2590 arbitrio
1653 2536 1755 2591 ho-

96 2638 189 2675 rum
215 2625 503 2679 Victorum
538 2626 700 2679 sedes
729 2624 1000 2695 disponit,
1030 2625 1247 2678 nullam
1288 2625 1561 2679 Garnerio
1592 2642 1756 2695 qua:-

93 2710 287 2766 stionem
318 2712 489 2777 facio,
531 2713 789 2784 quamvis
817 2713 978 2782 prior
1013 2713 1265 2783 potuerit
1295 2728 1413 2766 esse
1445 2712 1756 2783 Migirpen-

93 2799 160 2863 sis,
177 2806 487 2869 postremus
524 2806 716 2854 autem
752 2800 1047 2867 Uticensis,
1100 2806 1154 2855 et
1201 2800 1425 2854 medius
1472 2800 1752 2855 Vinensis.

96 2886 175 2941 Hoc
200 2890 455 2943 eumdem
490 2890 913 2959 interrogatum
943 2890 1113 2943 velim
1171 2905 1272 2942 cur
1318 2893 1433 2942 tres
1479 2888 1620 2942 alios
1661 2888 1755 2942 Vi-

94 2982 251 3044 ctores,
282 2979 381 3049 qui
419 2978 481 3031 in
523 2977 825 3031 collatione
855 2982 1239 3043 recensentur,
1271 2975 1480 3043 omisit,
1515 2977 1755 3030 nullum-

92 3080 366 3133 queeorum
387 3067 451 3120 in
463 3069 794 3120 memorata
817 3064 1133 3135 epigraphe
1158 3064 1516 3119 nominatum
1536 3064 1755 3120 voluit?

91 3153 387 3208 Recensetur
420 3170 556 3223 cap.
596 3157 695 3207 H6
739 3154 922 3208 Victor
976 3154 1386 3209 Libertinensis.
1436 3154 1590 3206 Hanc
1620 3170 1753 3207 vero

90 3240 248 3294 urbem
290 3246 584 3311 spectasse
614 3239 686 3293 ad
717 3240 1150 3310 proconsulares
1178 3244 1335 3309 patet
1393 3256 1456 3293 ex
1486 3240 1753 3309 synodica

86 3332 296 3399 ejusdem
326 3331 647 3403 provinciae
680 3334 788 3384 act.
812 3333 845 3383 2
894 3329 1121 3383 concilii
1182 3330 1597 3395 Lateranensis,
1654 3330 1753 3384 ubi

87 3419 255 3489 legitur
279 3422 588 3475 Ianuarius
619 3422 802 3486 gratia
831 3419 938 3471 Dei
961 3419 1239 3486 episcOpus
1263 3419 1318 3473 S.
1344 3421 1409 3472 E.
1441 3419 1749 3473 Libertina.

86 3506 260 3563 Rursus
281 3510 340 3563 in
368 3510 580 3563 eadem
638 3506 942 3561 collatione
971 3505 1242 3559 recitatur
1272 3522 1394 3576 cap.
1430 3509 1532 3559 2l5
1570 3509 1755 3562 Victor

85 3596 395 3652 .tbitinensis.
432 3600 510 3652 Et
538 3598 692 3651 hunc
743 3594 959 3665 pariter
1008 3593 1511 3664 proconsularibus
1562 3610 1754 3647 accen-

84 3684 289 3740 sendum
318 3689 550 3741 constat
572 3701 638 3738 ex
661 3683 919 3754 proxime
951 3682 1177 3736 laudata
1207 3681 1496 3752 synodica,
1529 3682 1587 3735 in
1640 3698 1754 3752 qua

82 3773 371 3828 nominatur
394 3774 731 3840 Augustalis
759 3773 942 3838 gratia
962 3773 1059 3824 Dei
1087 3772 1364 3839 episcopus
1393 3770 1451 3823 S.
1486 3772 1552 3823 E.
1579 3770 1757 3823 Abiti-

80 3864 256 3928 neruis;
288 3866 343 3917 et
400 3861 563 3933 apud
622 3859 973 3931 Cyprianum
1036 3859 1280 3913 habetur
1320 3858 1648 3913 Saturninus
1686 3859 1753 3911 ab

77 3949 339 4005 Abbilinis.
376 3950 647 4020 Denique
685 3947 887 4002 tertius
930 3948 1119 4000 Victor
1158 3946 1403 4000 occurrit
1441 3962 1563 4015 cap.
1632 3948 1749 4012 l33,

78 4035 151 4088 ubi
178 4037 373 4092 dicitur
400 4036 766 4091 subscribere
824 4034 1061 4103 Quintus
1109 4050 1209 4103 pro
1250 4032 1456 4088 Victore
1506 4035 1752 4102 episcopo

76 4125 544 4181 Tuburbitanorum
603 4127 887 4179 minorum.
925 4123 1114 4177 Fuisse
1145 4138 1278 4175 vero
1311 4122 1643 4176 Tuburbum
1691 4121 1751 4174 in

76 4212 441 4270 Proconsulari
475 4215 647 4269 docet
670 4212 884 4267 Notitia
907 4212 1129 4278 Africae,
1162 4211 1222 4264 in
1262 4226 1376 4281 qua
1432 4210 1752 4281 appellatur

74 4300 335 4357 Benenatus
370 4302 813 4364 Tuburbitensis;
848 4305 904 4353 et
947 4300 1243 4368 utriusque
1293 4298 1546 4352 Tuburbi
1578 4298 1748 4351 situm

74 4386 120 4439 in
143 4390 528 4445 Proconsulari
561 4390 833 4443 exhibent
861 4389 1093 4442 Tabulm
1124 4386 1602 4456 Peutingerianm.
1637 4387 1750 4440 Cur

71 4490 182 4545 ergo
212 4483 324 4532 tres
351 4480 530 4534 hosce
560 4478 830 4543 Victores,
861 4477 961 4547 qui
1009 4492 1158 4530 anno
1189 4479 1285 4530 411
1343 4475 1527 4529 eidem
1568 4474 1746 4527 colla-

72 4564 190 4617 tioni
217 4583 344 4621 cum
393 4568 581 4621 tribus
626 4567 749 4620 aliis
780 4582 925 4636 quos
979 4565 1173 4619 laudat
1224 4564 1553 4625 interfuere,
1593 4579 1625 4616 a
1656 4580 1743 4633 sy-

72 4652 192 4707 nodo
235 4656 371 4709 anni
418 4658 526 4710 416
560 4654 841 4709 exclusit?
874 4654 986 4707 Cur
1020 4669 1203 4706 unum
1253 4653 1453 4705 saltem
1507 4667 1576 4704 ex
1628 4652 1746 4704 illis

71 4741 193 4796 intra
220 4746 511 4815 synodum
542 4761 655 4798 non
686 4744 935 4809 admisit,
994 4744 1091 4797 sed
1132 4742 1491 4796 solummodo
1537 4741 1747 4795 Viuen-

71 4846 185 4895 «ειη,
219 4834 566 4897 Uticensem,
602 4837 657 4887 et
687 4833 1087 4903 Migirpensem
1108 4830 1136 4886 ?
1179 4830 1432 4884 Profecto
1464 4830 1637 4893 vides,
1670 4830 1746 4883 mi

72 4919 276 4987 Antoni,
306 4921 653 4975 Garnerium
710 4920 801 4974 hic
854 4936 1064 4990 purum
1116 4924 1321 4989 putum
1379 4918 1744 4971 ariolatorcm

72 5019 237 5061 agere.

126 5095 450 5151 Resnrmus
484 5097 847 5151 MITZULENSIS.
906 5098 1128 5164 Legitur
1180 5098 1237 5149 in
1292 5097 1572 5149 collatione
1621 5096 1744 5148 Mu-

68 5187 298 5251 :ucensis,
332 5185 431 5239 sed
464 5188 808 5250 Augustinus
840 5187 934 5241 lib.
970 5203 1040 5238 vn
1062 5185 1209 5254 (lege
1248 5185 1320 5247 vi)
1353 5187 1539 5237 contra
1565 5186 1747 5237 Dona-

70 5276 296 5339 rmtistas,
329 5290 461 5343 cap.
492 5276 576 5335 41,
606 5278 849 5328 meminit
905 5276 1142 5344 episcopi
1190 5274 1539 5335 Musulensis,
1593 5286 1747 5337 quem

70 5361 211 5417 fuisse
238 5364 539 5431 provincia:
567 5364 967 5416 Proconsularis
999 5363 1187 5427 colligo
1216 5377 1281 5413 ea:
1314 5361 1523 5415 Notitia
1552 5362 1747 5426 sapius

74 5446 294 5515 (nudata,
328 5454 391 5503 in
418 5466 531 5517 qua
553 5455 867 5504 numeratur
891 5450 1038 5504 inter
1066 5450 1255 5517 ejectos
1284 5464 1351 5502 ea:
1378 5464 1439 5500 ea
1467 5448 1750 5515 provincia

74 5538 316 5606 episcopos
378 5539 533 5591 Felix
586 5540 929 5591 Muzulensis.
982 5538 1348 5607 Geographus
1402 5536 1570 5589 urbes
1622 5551 1750 5588 con-

1783 2986 1822 3042 C

1780 4267 1823 4323 D

1882 507 2159 575 zucensis,
2182 508 2341 577 cujus
2372 507 2727 561 adversarius
2759 508 3047 562 Donatista
3078 524 3201 579 cap.
3236 512 3339 563 206
3372 510 3580 565 dicitur

1880 596 2111 650 ldaxius
2141 598 2496 649 Muzucensis.
2532 596 2706 649 Porro
2740 597 2861 649 haec
2892 597 3027 649 urbs
3060 602 3183 650 erat
3224 597 3373 651 inter
3402 599 3574 668 Byza-

1881 684 2267 751 cenas;unde
2295 684 2353 736 in
2388 683 2599 736 Notitia
2643 684 2843 738 Africae
2894 684 3045 738 inter
3099 687 3412 755 Byzacenos
3457 687 3575 757 epi-

1882 790 2080 843 scopos
2149 773 2419 826 recitatur
2482 774 2822 826 Innocentius
2877 774 3234 827 Muzucensis.
3295 776 3576 829 Praeterea

1882 877 2040 914 more
2074 861 2239 914 solito
2270 860 2594 925 divinatur;
2644 876 2777 913 nam
2834 860 2894 913 in
2943 861 3244 914 collatione
3297 878 3425 931 cap.
3477 866 3572 918 133

1880 948 2150 1002 scribitur
2204 950 2504 1002 Restitutus
2557 950 2836 1016 cpiscopus
2906 950 3075 1017 plebis
3147 951 3572 1017 Simingitensis,

1880 1038 2040 1090 Hunc
2067 1052 2199 1089 vero
2231 1041 2672 1090 annumeratum
2701 1038 3205 1106 proconsularibus
3253 1039 3460 1109 colligo
3506 1056 3571 1093 ex

1880 1124 2098 1195 synodo
2124 1124 2416 1191 Bonifacii,
2449 1124 2510 1177 in
2538 1141 2651 1195 qua
2682 1125 3001 1195 appellatur
3031 1127 3341 1181 Cresconius
3382 1131 3576 1197 episco-

1875 1228 1977 1282 pus
2024 1214 2196 1282 plebis
2258 1214 2659 1279 Simingitanae.
2736 1215 2933 1283 Itaque
3010 1220 3163 1268 errat
3244 1216 3568 1282 Garnerius,

1878 1302 2014 1356 dum
2054 1302 2332 1355 Restituto
2360 1302 2749 1373 Simingitensi
2802 1303 3107 1372 provincia:
3152 1305 3573 1359 Proconsulnris

1877 1390 2111 1452 omisso,
2150 1391 2499 1444 Restitutum
2524 1392 2919 1445 Muzucensem
2959 1409 3025 1445 ex
3068 1393 3299 1462 Byzacio
3332 1393 3399 1446 ad
3446 1396 3573 1447 Pro-

1876 1479 2227 1532 consularem
2265 1479 2631 1545 transferens,
2659 1480 2924 1533 eumdem
2947 1480 3008 1533 in
3033 1480 3416 1534 Muzulensem
3464 1481 3574 1551 epi-

1874 1583 2109 1638 scopum
2130 1567 2317 1621 vertit.

1947 1658 2237 1720 Rusricns,
2287 1672 2387 1709 seu
2418 1655 2610 1725 potius
2643 1657 3007 1709 Rt'sricrANL's
3046 1658 3433 1711 TADRACENSIS.
3486 1659 3575 1713 Sic

1872 1746 2015 1797 enim
2045 1745 2245 1811 legitur
2269 1746 2328 1796 in
2357 1744 2655 1796 collatione.
2694 1744 2827 1796 Fuit
2855 1746 3033 1795 autem
3078 1744 3320 1797 Tabraca
3366 1746 3572 1798 colonia

1868 1834 1925 1884 in
1951 1835 2069 1900 ipso
2126 1834 2351 1900 conﬁnio
2390 1834 2686 1899 provinciae
2746 1832 3157 1885 Proconsularis
3205 1836 3255 1885 ct
3300 1832 3573 1887 Numidia:

1867 1920 2009 1972 unde
2046 1921 2253 1983 factum
2281 1922 2358 1972 est
2384 1923 2442 1971 ut
2471 1934 2581 1972 una
2609 1934 2740 1987 pars
2762 1924 3039 1972 auctorum
3068 1922 3126 1972 in
3155 1922 3432 1986 Numidia,
3469 1922 3570 1974 alii

1866 2010 1924 2061 in
1963 2009 2249 2061 Prouincia
2290 2006 2625 2059 collocarent.
2680 2005 2986 2059 Infeliciter
3044 2006 3279 2062 labitur.
3342 2008 3563 2061 Etenim

1866 2111 1997 2149 cum
2030 2095 2088 2148 in
2118 2094 2421 2147 collatione
2453 2094 2676 2146 nullum
2707 2094 3001 2147 Rusticum
3036 2095 3385 2165 appellatum
3416 2096 3562 2165 lege-

1866 2188 1952 2239 ret
1996 2200 2108 2254 quo
2139 2183 2309 2253 hujus
2340 2182 2589 2253 episcopi
2647 2182 2838 2236 sedem
2900 2182 3242 2252 designaret,
3295 2185 3561 2237 eumdem

1866 2289 1929 2326 ex
1961 2271 2189 2325 Rustico
2217 2272 2277 2323 in
2327 2259 2719 2324 Rusticianum
2775 2270 3034 2323 mutavit.
3085 2270 3194 2323 Sed
3226 2272 3284 2324 in
3314 2272 3422 2325 hoc
3449 2277 3565 2325 tur-

1864 2362 2016 2431 piter
2045 2360 2215 2414 etiam
2242 2363 2423 2425 errat;
2457 2375 2590 2412 nam
2620 2359 2883 2429 superius
2912 2358 3248 2429 episcopum
3304 2360 3401 2429 qui
3442 2363 3559 2413 ter-

1865 2450 1976 2503 tius
2003 2449 2072 2502 ab
2101 2448 2329 2502 Aurelio
2355 2447 2599 2517 primate
2629 2447 2690 2500 in
2721 2447 3034 2518 epigraphe
3088 2448 3316 2518 legitur,
3371 2449 3563 2517 appel-

1865 2538 2011 2591 larat
2062 2539 2438 2591 Rusticianum
2495 2537 2898 2590 Tabracensem.
2954 2536 3155 2606 Itaque
3180 2540 3407 2589 auctore
3436 2538 3563 2590 Gar-

1864 2625 2024 2678 nerio
2076 2640 2227 2677 anno
2284 2626 2411 2690 416,
2466 2624 2728 2677 Tabracoe
2787 2624 2900 2677 duo
2951 2623 3261 2677 Rusticiani
3311 2624 3561 2694 episc0pi

1864 2711 2129 2765 catholici
2187 2711 2478 2777 sedebant,
2542 2716 2603 2764 ut
2656 2710 2933 2776 Ecclesia),
2967 2712 3451 2780 quemadmodum
3504 2719 3560 2765 et

1863 2798 2034 2852 urbes
2064 2798 2121 2852 id
2151 2798 2423 2867 temporis
2450 2798 2813 2867 regebantur,
2850 2814 2981 2851 suos
3010 2798 3316 2851 habuerint
3343 2800 3555 2853 duum-

1865 2885 2033 2939 viros.
3196 2884 3199 2889 ’

1936 2976 2386 3029 ῈοῐιτυΝΑτῐΑΝυε
2442 2976 2855 3029 Nearommxrs
2901 2976 2989 3029 vel
3056 2975 3348 3031 SICCENSIS.
3425 2980 3559 3031 For—

1864 3065 2141 3117 tunatiani
2169 3064 2273 3117 duo
2297 3064 2519 3117 celebres
2540 3066 2865 3117 erstitcrunt
2895 3068 3017 3119 tunc
3037 3068 3325 3134 temporis:
3353 3069 3559 3135 Neapo-

1862 3151 2047 3204 litana:
2072 3165 2230 3217 unus,
2264 3151 2403 3203 alter
2431 3152 2692 3204 Siccensis
2734 3153 2983 3206 Ecclesia:
3041 3156 3348 3221 episcopus,
3406 3158 3559 3207 uter—

1863 3254 1964 3308 que
1992 3239 2398 3292 Proconsularis
2433 3241 2741 3307 provinciae.
2786 3244 2891 3293 etc.
2965 3244 3192 3310 Uterque
3234 3244 3349 3295 sine
3394 3242 3558 3295 dubio

1860 3330 2113 3393 interfuit
2136 3328 2402 3393 Africano
2432 3328 2651 3381 concilio
2677 3344 2768 3381 an.
2808 3330 2932 3383 418.
2970 3332 3235 3383 Incertum
3282 3334 3402 3383 uter
3455 3332 3559 3384 ele-

1861 3420 1976 3469 ctus
2001 3416 2075 3468 ad
2100 3416 2367 3484 ﬁniendas
2396 3431 2588 3469 causas
2618 3432 2736 3470 cum
2760 3417 2886 3471 aliis
2915 3420 3320 3485 provinciarum
3341 3420 3553 3485 legatis.

1865 3507 2095 3573 Uterque
2133 3506 2342 3573 pariter
2380 3506 2632 3570 interfuit
2682 3507 2903 3559 concilio
2959 3508 3257 3560 universali
3295 3524 3384 3560 an.
3419 3510 3549 3561 419.

1860 3594 2126 3647 Incertum
2156 3595 2334 3646 utrius
2355 3608 2543 3646 nomen
2560 3596 2891 3662 pra/‘eratur
2920 3596 2977 3645 in
3023 3597 3257 3663 epistola
3293 3596 3557 3660 Afrorum

1860 3682 1935 3735 ad
1961 3682 2017 3735 S.
2048 3680 2421 3735 Caelestinum.
2458 3681 2644 3734 Laudo
2694 3681 2943 3734 hominis
3001 3682 3406 3748 eruditionem,
3456 3685 3557 3755 qui

1862 3769 2004 3823 duos
2026 3768 2464 3822 Fortunatianos
2495 3769 2668 3835 novit,
2696 3785 2904 3839 eosque
2935 3769 2995 3823 in
3034 3770 3268 3824 diversis
3318 3772 3556 3826 urbibus

1861 3856 2610 3922 collocavit;verebarenim
2642 3873 2715 3910 ne
2766 3858 2910 3910 duos
2969 3859 3407 3912 Fortunatianos
3454 3861 3556 3914 uni

1862 3944 1991 4000 urbi
2018 3944 2357 4015 praeﬁceret,
2388 3945 2878 4015 quemadmodum
2905 3947 3048 3999 duos
3078 3947 3430 3999 Rusticianos
3452 3950 3553 4000 uni

1863 4030 2077 4084 civitati
2125 4031 2373 4085 donavit.
2409 4032 2617 4085 Verum
2674 4033 2862 4085 statim
2916 4034 3153 4101 cespitat
3214 4039 3271 4087 et
3299 4050 3552 4105 praeceps

1860 4119 1994 4173 ruit.
2027 4118 2189 4182 Quod
2219 4118 2373 4172 enim
2418 4120 2496 4172 ait
2540 4124 2851 4190 utrumque
2882 4121 3353 4175 Fortunatianum
3413 4123 3553 4175 into-

1860 4210 2033 4264 fuisse
2061 4207 2297 4261 concilio
2324 4207 2635 4260 universali
2670 4207 2872 4261 Africae
2904 4224 2995 4260 an.
3024 4210 3147 4273 419,
3184 4208 3404 4261 admitti
3439 4226 3555 4263 non

1859 4301 2063 4369 potest,
2092 4295 2203 4349 nisi
2230 4300 2489 4349 mortuos
2522 4296 2817 4366 episcopos
2848 4296 3118 4365 suffragia
3164 4296 3297 4349 dare
3345 4313 3407 4351 ac
3439 4314 3558 4351 sen-

1856 4385 2062 4441 tentias
2121 4384 2308 4438 dicere
2366 4384 2669 4454 tingamus.
2726 4390 2888 4439 Anno
2945 4388 3047 4439 419
3102 4385 3273 4438 Siccae
3325 4386 3556 4441 sedebat

1860 4474 2123 4529 Urbanus
2154 4474 2215 4527 in
2261 4477 2475 4527 mortui
2521 4474 2915 4528 Fortunatiani
2944 4474 3129 4527 locum
3187 4474 3551 4545 subrogatus,

1857 4563 1977 4634 qui,
2014 4579 2142 4617 cum
2180 4578 2331 4615 anno
2364 4563 2646 4632 superiori
2677 4563 2972 4633 Apiarium
3006 4563 3126 4633 igni
3180 4579 3439 4635 aquaque
3480 4565 3556 4618 in-

1855 4651 2193 4717 terdixisset,
2229 4655 2285 4703 et
2328 4650 2419 4703 hic
2450 4652 2521 4704 ad
2552 4652 2836 4704 Zosimum
2884 4652 3244 4721 appellasset,
3293 4652 3499 4705 acriter
3525 4670 3555 4705 a

1855 4739 2124 4809 pontiﬁce
2148 4739 2529 4807 reprehensus
2560 4738 2666 4791 fuit
2688 4754 2701 4802 ;
2727 4738 2878 4791 unde
2908 4738 3298 4791 diuturniores
3327 4739 3441 4792 illae
3481 4740 3550 4792 de

1857 4826 2337 4897 appellationibus
2359 4827 2761 4879 controversiae
2789 4826 2949 4881 Afros
2980 4809 3131 4879 iiiter
3152 4831 3208 4878 et
3236 4826 3551 4878 Romanam

1856 4917 2050 4969 sedem
2076 4914 2375 4968 exordium
2409 4915 2636 4968 duxere.
2672 4914 2735 4967 In
2788 4913 2991 4967 litteris
3019 4912 3219 4981 synodi
3277 4912 3551 4965 Africana:

1855 5020 2003 5058 anno
2032 5006 2135 5057 419
2168 5005 2238 5057 ad
2268 5003 2620 5057 Bonifacium
2651 5001 2976 5073 pontiﬁcem
3009 5001 3157 5054 datis
3197 5002 3315 5052 baro
3347 5000 3549 5069 legun-

1854 5098 1986 5146 tur:
2017 5094 2172 5146 Prior
2202 5095 2381 5145 autem
2413 5094 2752 5160 coepiscopus
2779 5095 2959 5144 noster
2986 5088 3248 5143 Siccensis
3274 5089 3542 5151 Urbanus,

1857 5179 2001 5247 quod
2029 5182 2088 5232 in
2117 5195 2193 5244 eo,
2228 5194 2432 5248 nempe
2465 5179 2715 5249 Apiario,
2755 5176 3127 5245 corrigendum
3159 5180 3254 5233 est,
3287 5178 3403 5229 sine
3438 5177 3551 5229 ulla

1859 5269 2196 5323 dubitatione
2252 5270 2504 5321 correxit.
2559 5268 2715 5320 Unus
2746 5282 2881 5335 ergo
2918 5264 3358 5318 Fortunatianus
3406 5264 3548 5317 Nea-

1857 5356 2148 5427 politanus
2179 5372 2329 5409 anno
2351 5358 2454 5409 418
2477 5358 2532 5408 et
2562 5357 2664 5409 419
2694 5354 2923 5424 synodis
2962 5351 3239 5406 Africanis
3266 5352 3546 5417 interfuit,

1859 5461 2008 5498 unus
2040 5445 2445 5514 Neapolitanus
2475 5444 2544 5497 ad
2590 5442 2864 5496 finiendas
2902 5458 3097 5495 causas
3127 5457 3257 5495 cum
3311 5442 3551 5494 aliarum

1859 5532 2285 5602 provinciarum
2318 5532 2519 5601 legatis
2550 5533 2759 5584 electus
2788 5536 2893 5595 est,
2928 5532 3077 5585 idem
3110 5530 3363 5600 epistolae
3400 5530 3464 5582 ad
3496 5529 3546 5582 S.
