3922 6188
368 298 471 352 279

1382 292 1938 350 SUPPLEMENTUM
1979 294 2067 349 AD
2106 294 2333 351 OPERA
2375 284 2430 349 Sx.
2473 291 2863 349 AUGUSTINI.
3694 307 3770 359 230

374 420 741 477 Calestinum
773 433 981 491 papam
1013 415 1358 489 praflgitur.
1398 416 1540 470 Nota
1562 415 1816 483 interim,
1848 416 1935 470 vir
1965 417 2075 470 cla-
2117 418 2158 471 A
2261 418 2489 472 Amnes.
2533 413 2633 469 Sin
2650 415 2828 469 minus
2853 413 3053 467 vitiosa
3075 413 3148 465 sit
3172 409 3335 480 lectio,
3357 415 3487 483 quod
3512 432 3600 473 non
3636 427 3775 480 ternm

371 508 617 577 rissime,
651 507 907 563 Garnerii
936 504 1362 573 confidentiam,
1394 504 1496 575 qui
1520 509 1911 559 asseveranter
1937 521 2069 575 pro-

373 597 601 652 nuntiat
626 596 941 651 Siccensem
978 592 1455 646 Fortunatianum
1483 594 1598 647 sine
1624 592 1789 646 dubio
1830 592 2071 646 laudatis

375 684 607 755 synodis
635 682 980 746 interfuisse,
1016 680 1117 751 qui
1142 679 1198 734 id
1230 680 1501 752 temporis
1548 682 1661 735 sine
1707 680 1870 735 dubio
1917 680 2069 735 diem

377 772 618 836 obierat,
662 787 725 824 ac
746 769 807 823 in
837 769 1038 823 eadem
1060 769 1191 823 sede
1246 769 1539 823 Urbanum
1596 784 1665 823 ex
1717 767 2073 839 Hipponensi

374 863 525 915 clero
586 858 923 929 episcopum
987 861 1302 928 exceperat.
1362 858 1440 911 De
1487 857 1651 911 initio
1716 858 2073 928 episcopatus

379 947 589 1003 Urbani
619 946 815 1001 scribit
854 946 912 1001 S.
944 946 1300 1017 Augustinus
1328 944 1494 1016 epist.
1531 948 1597 999 59
1649 946 1719 1000 ad
1769 944 2070 1000 Paulinum

379 1037 683 1092 Nolanum.

446 1126 779 1179 RESTITCTUS
811 1125 1249 1179 CINCARITENSIS.
1285 1124 1510 1190 Legitur
1537 1125 1596 1176 in
1635 1123 1916 1177 collatione
1955 1124 2071 1191 epi-

375 1227 564 1282 scopus
615 1212 780 1280 hujus
825 1213 1059 1265 nominis
1089 1215 1139 1264 et
1164 1210 1344 1276 sedis;
1372 1210 1626 1264 credibile
1676 1209 1967 1263 admodum
1997 1214 2075 1263 est

378 1303 517 1356 hunc
545 1303 724 1370 ipsum
754 1314 863 1354 esse
894 1314 997 1368 quo
1034 1299 1100 1352 de
1129 1301 1332 1367 agitur.
1365 1299 1427 1353 Et
1456 1297 1549 1351 hic
1578 1296 1868 1351 divinatur
1889 1339 1902 1365 ,
1936 1312 2070 1351 nam

379 1387 559 1441 adfuit
588 1387 763 1440 etiam
792 1386 1086 1441 collationi
1132 1402 1254 1457 cap.
1291 1387 1391 1440 133
1435 1387 1737 1441 Restitutus
1793 1386 2074 1455 episcopus

373 1475 548 1545 plebis
580 1476 1000 1541 Simingitensis.
1050 1475 1116 1529 Et
1162 1473 1222 1527 in
1271 1472 1510 1528 concilio
1545 1473 1815 1528 Bonifacii
1849 1490 1942 1527 an.
1972 1476 2072 1529 525

380 1563 532 1617 inter
591 1562 1027 1633 proconsulares
1099 1561 1369 1616 laudatur
1433 1563 1743 1619 Cresconius
1797 1563 2075 1631 episcopus

376 1650 552 1719 plebis
577 1651 977 1717 Simengitana.
1034 1651 1107 1704 At
1148 1647 1588 1703 Cincaritensem
1644 1648 1944 1703 Ecclesiam
1992 1647 2075 1701 in-

382 1742 549 1791 certa
577 1737 886 1809 provincia
914 1736 1194 1807 deputant
1222 1722 1452 1792 Carolus
1483 1753 1513 1790 a
1533 1737 1585 1792 S.
1622 1739 1798 1793 Paulo
1842 1744 1898 1794 et
1954 1743 2077 1795 Hol-

380 1824 618 1893 stenius,
668 1839 771 1877 nec
806 1823 1120 1895 quidquam
1164 1839 1268 1894 pro
1298 1839 1366 1878 ea
1417 1839 1480 1877 re
1529 1823 1692 1878 affert
1748 1826 2071 1882 Garnerius.

383 1912 497 1982 Ego
528 1915 721 1965 tamen
752 1915 891 1981 puto
924 1910 1080 1965 illam
1114 1910 1417 1965 Ecclesiam
1446 1910 1618 1965 fuisse
1647 1912 1799 1966 inter
1829 1929 2076 1984 procon-

382 2000 627 2066 sulares;
654 2015 785 2053 nam
831 2000 892 2052 in
938 1998 1210 2069 synodica
1252 2003 1365 2051 act.
1405 2003 1435 2051 2
1468 1998 1690 2053 concilii
1741 1999 1795 2054 S.
1852 2001 2079 2055 Martini

382 2103 548 2158 papa
577 2087 729 2140 inter
758 2086 1013 2156 ejusdem
1056 2084 1367 2155 provincia
1398 2084 1695 2156 episcopos
1749 2086 2082 2144 nominatur

384 2175 655 2241 Quobulus
687 2175 1045 2239 Ceciritensis,
1078 2189 1207 2244 qua
1252 2172 1397 2228 forte
1458 2174 1703 2228 Ecclesia
1749 2175 1946 2230 eadem
1998 2181 2083 2231 est

382 2278 513 2316 cum
545 2259 940 2317 Cincaritensi.

456 2354 763 2405 Auramus.
826 2351 1050 2403 Incerta
1082 2348 1246 2404 sedis.
1298 2351 1441 2405 Nam
1486 2350 1769 2419 Ampelius
1825 2352 1981 2421 cujus
2012 2352 2083 2422 ﬁt

386 2441 583 2493 mentio
612 2454 733 2492 can.
765 2439 834 2491 78
860 2437 986 2493 Cod.
1029 2439 1215 2504 Arrio.
1245 2438 1503 2506 cujusque
1531 2439 1680 2494 sedes
1703 2441 1761 2501 in
1806 2441 2086 2496 collatione

384 2527 589 2581 dicitur
615 2528 787 2593 fuisse
820 2527 974 2591 Vaga
997 2526 1076 2579 vel
1089 2526 1274 2594 potius
1303 2525 1478 2593 Vada,
1502 2528 1701 2595 quique
1735 2529 2085 2583 interlocutus

390 2617 589 2682 legitur
616 2631 737 2683 cap.
774 2617 834 2668 l7
844 2616 895 2680 6,
926 2614 1145 2668 videtur
1172 2615 1345 2679 fuisse
1363 2614 1725 2669 Numidarum
1754 2631 1916 2682 unus,
1976 2621 2083 2672 etc.

397 2701 547 2757 Unde
569 2702 799 2756 ulterius
817 2700 1169 2769 corrigendus
1195 2716 1403 2769 quoque
1430 2701 1729 2756 collationis
1753 2708 1931 2758 textus
1963 2720 2084 2773 cap.

392 2791 519 2858 2l5,
554 2789 656 2844 udi
684 2789 790 2843 duo
820 2790 1171 2858 appellantur
1203 2791 1439 2858 episcopi
1506 2790 1777 2857 Vagenses
1815 2793 2084 2860 catholici,

389 2879 670 2947 Ampelius
699 2881 751 2932 et
776 2878 1084 2943 Primulus;
1115 2879 1221 2946 legi
1251 2879 1391 2931 enim
1420 2877 1884 2934 debet.Vadensis.
1913 2881 2086 2950 Igno-

2179 501 2357 553 tamen
2413 503 2691 569 quispiam
2736 500 2995 570 conjiciat
3044 503 3265 569 propter
3307 504 3609 561 insolentiam
3650 516 3773 578 vocis,

2177 589 2364 654 ignota
2418 588 2529 642 dici
2565 589 2716 643 debet
2763 589 2984 657 hujusce
3033 590 3269 657 episcopi
3321 592 3552 647 Ecclesia.
3595 597 3776 661 Quodsi

2175 676 2371 729 vitium
2393 677 2632 745 irrepsit,
2664 679 2934 746 suspicari
2944 678 3121 745 possit
3144 691 3393 731 nonnemo
3431 684 3596 748 reponi
3636 685 3773 742 debere

2178 778 2277 832 pro
2306 764 2501 818 Animo
2531 767 2863 830 Timianum,
2895 767 3011 833 qui,
3040 769 3103 819 ut
3148 769 3227 819 est
3267 767 3321 819 in
3370 767 3635 835 collatione,
3672 778 3777 829 rexit

2182 854 2475 906 Ecclesiam
2506 855 2678 908 Utina
2704 856 2965 915 civitatis,
2996 870 3031 907 a
3060 853 3333 909 Ptolemao
3379 855 3470 909 sub
3514 856 3777 927 Carthagine

2180 939 2255 993 ad
2281 940 2596 1008 Bagradam
2632 942 2859 1009 ﬂuvium
2886 942 3153 1010 reposita.
3186 939 3245 994 Si
3280 939 3519 995 vitiosam
3545 943 3778 1002 lectionem

2180 1027 2593 1098 suspicabatur,
2646 1045 2748 1084 cur
2803 1028 3109 1100 antiquum
3163 1028 3408 1099 aliquem
3448 1030 3667 1086 codicem
3700 1050 3779 1089 non

2179 1116 2510 1172 consuluit?
2539 1119 2729 1172 Exstat
2748 1118 2987 1189 epistola
3031 1117 3202 1187 hujus
3232 1117 3423 1188 synodi
3454 1119 3781 1192 Carthaginen-

2182 1204 2257 1258 sis
2283 1204 2343 1258 in
2372 1206 2564 1261 codice
2592 1223 2698 1260 ms.
2730 1205 3087 1260 bibliotheca
3118 1205 3457 1260 serenissimi
3481 1208 3650 1278 magni
3670 1210 3782 1265 ducis

2181 1291 2254 1346 ad
2284 1293 2350 1347 D.
2378 1293 2669 1348 Laurentii
2706 1293 2764 1347 in
2793 1294 2990 1364 pluteo
3029 1295 3115 1361 12,
3146 1292 3205 1347 in
3236 1308 3347 1363 quo
3395 1308 3500 1346 non
3528 1294 3717 1350 Animus
3740 1299 3785 1350 le-

2182 1378 2357 1448 gitur,
2389 1380 2494 1434 Sed
2520 1383 2805 1449 Aunrarcs,
2836 1378 2937 1449 qui
2965 1378 3027 1434 in
3059 1379 3331 1450 rescripto
3361 1380 3647 1434 Innocentii
3669 1398 3786 1453 papa

2184 1466 2390 1520 dicitur
2436 1469 2747 1522 Ambivius.
2807 1468 2869 1521 In
2906 1467 3211 1521 collatione
3242 1482 3362 1537 cap.
3421 1469 3512 1521 I33
3540 1470 3787 1538 appellatur

2184 1553 2334 1609 inter
2361 1554 2666 1610 catholicos
2693 1556 2885 1608 Patres
2920 1554 3210 1608 Ambibius
3252 1556 3516 1623 episcopus
3542 1554 3684 1623 plebis
3722 1558 3787 1610 Pi-

2185 1645 2420 1697 sitensis.
2457 1642 2684 1697 Evolius
2714 1642 3002 1698 Uzalensis
3030 1643 3084 1697 S.
3108 1641 3412 1712 Augustini
3438 1641 3703 1711 discipulus
3720 1643 3786 1696 lib.

2189 1748 2202 1784 ι
2234 1732 2303 1786 de
2334 1731 2617 1802 Prodigiis
2646 1732 2703 1786 S.
2733 1730 3027 1803 Stephani,
3058 1746 3161 1801 cap
3193 1733 3280 1796 13,
3310 1728 3557 1784 meminit
3589 1730 3791 1784 Pisitane

2185 1820 2442 1875 civitatis.
2465 1819 2717 1875 Ambibii
2745 1819 3047 1874 Ecclesiam
3075 1818 3270 1873 omisit
3295 1818 3515 1872 Carolus
3530 1833 3559 1870 a
3580 1816 3629 1872 S.
3646 1818 3788 1881 Paulo,

2187 1906 2513 1962 Holstenius
2572 1906 2804 1961 incerta
2853 1905 3161 1977 provincia
3212 1904 3516 1976 deputavit,
3570 1909 3619 1958 et
3659 1904 3792 1957 minus

2186 1997 2335 2047 recte
2365 2009 2398 2046 a
2419 1993 2671 2048 Pisitana
2696 1994 2977 2060 distinxit,
3011 2009 3140 2065 qua
3167 1997 3360 2048 tamen
3381 2009 3443 2047 ex
3492 1992 3586 2047 hac
3630 1992 3792 2062 epigra-

2187 2082 2298 2153 phe
2331 2082 2620 2153 colligitur
2649 2082 2824 2137 fuisse
2849 2082 2910 2137 in
2932 2082 3351 2137 Proconsulari.
3371 2081 3598 2136 Ambivii
3618 2080 3672 2135 ﬁt
3691 2095 3797 2133 men-

2188 2170 2267 2225 tio
2296 2186 2429 2227 can.
2465 2174 2535 2226 78
2565 2171 2700 2226 Cod.
2731 2169 2925 2235 Afric.,
2959 2170 3060 2226 ubi
3100 2174 3235 2225 ante
3266 2170 3592 2241 Evangelum
3609 2168 3798 2222 nomina-

2188 2267 2303 2327 tur,
2335 2275 2506 2331 quem
2530 2259 2836 2314 Garnerius
2855 2275 2961 2330 pro
2980 2258 3219 2328 Evagrio
3248 2257 3552 2329 supposuit,
3568 2261 3625 2311 ut
3646 2254 3797 2317 vidisti,

2190 2348 2284 2402 sed
2316 2363 2621 2419 perperam
2645 2364 2660 2415 ;
2689 2363 2822 2402 nam
2848 2346 2909 2401 in
2939 2348 3168 2402 laudato
3199 2347 3391 2401 codice
3413 2348 3657 2413 Euagrius
3674 2342 3801 2397 nomi-

2189 2439 2378 2504 natur,
2403 2440 2459 2490 et
2484 2451 2589 2506 pro
2634 2436 2909 2503 Mundius,
2946 2439 3012 2489 ut
3051 2435 3111 2490 in
3176 2434 3396 2489 excusis
3446 2433 3695 2488 codicibus
3716 2445 3801 2484 cor-

2192 2527 2360 2595 rupte
2390 2524 2651 2592 habetur,
2674 2523 2951 2579 Nimidius
2976 2526 3128 2578 recte
3148 2522 3369 2577 ibidem
3389 2521 3602 2592 legitur.
3623 2521 3675 2573 In
3686 2517 3805 2572 nullis

2193 2612 2484 2667 codicibus
2513 2612 2870 2682 epigraphen
2913 2610 3179 2683 quasivit
3208 2610 3528 2676 Garnerius,
3558 2607 3644 2679 qui
3667 2612 3804 2660 tamen

2194 2700 2268 2754 ob
2297 2698 2606 2770 exscriptos
2630 2699 2699 2753 ab
2747 2699 2858 2753 alio
2888 2716 2918 2752 e
2947 2698 3235 2754 Vaticanis
3288 2715 3421 2753 mss.
3478 2696 3623 2752 Marii
3661 2695 3807 2749 Merca-

2194 2787 2336 2841 toris
2362 2787 2604 2853 libellos,
2635 2786 2745 2840 vah
2764 2787 2960 2859 quales
2992 2787 3303 2859 tragadias
3318 2787 3379 2842 in
3409 2786 3550 2841 calce
3577 2783 3651 2839 sui
3672 2781 3807 2852 operis

2196 2876 2419 2942 excitat,
2452 2879 2507 2929 et
2535 2874 2597 2929 in
2626 2891 2768 2946 quos
2799 2875 2813 2929 l

393 2967 537 3021 ravit
558 2967 699 3021 duas
728 2965 900 3019 fuisse
930 2964 987 3019 in
1011 2964 1197 3034 Africa
1226 2966 1594 3036 Vagas,unde
1617 2966 1853 3020 alteram
1884 2968 2088 3022 urbem
2126 2983 2165 3039 (ς
2271 2966 2431 3018 Fr:er
2459 2964 2763 3019 Uzrraxsrs.
2796 2966 3017 3032 Legitur
3037 2967 3095 3019 in
3122 2967 3407 3020 collatione
3454 2962 3724 3025 Viziceusis,
3747 2956 3808 3010 sed

392 3055 606 3109 Vadam
666 3052 970 3108 dicendam
1019 3052 1332 3108 contendit.
1366 3056 1437 3109 At
1488 3053 1727 3120 Plinius,
1760 3054 1851 3108 cui
1880 3056 2087 3110 melius

395 3142 676 3197 Africana
704 3140 875 3195 urbes
904 3140 1147 3211 cognita
1179 3140 1433 3208 fuerunt,
1461 3140 1564 3194 lib.
1597 3157 1652 3209 v,
1678 3156 1801 3212 cap.
1840 3143 1896 3209 4,
1936 3142 2089 3197 inter

395 3229 725 3301 quindecim
757 3229 967 3300 oppida
995 3228 1204 3283 civium
1252 3230 1640 3283 Romanorum
1678 3229 1943 3285 nominat
1983 3233 2087 3285 Va-

392 3332 569 3385 gense,
616 3320 673 3371 et
696 3316 850 3371 inter
875 3316 1107 3387 triginta
1139 3316 1318 3370 libera
1372 3315 1585 3387 oppida
1637 3319 1877 3384 Vagense
1910 3319 2084 3373 aliud.

396 3403 666 3458 Consulto
713 3401 931 3457 addidit
951 3402 1124 3467 aliud,
1158 3406 1222 3455 ut
1251 3402 1464 3472 Vagam
1522 3406 1825 3475 utramque
1881 3405 2086 3459 distin-

396 3495 616 3562 gueret.
654 3490 774 3545 Una
800 3494 921 3544 erat
951 3489 1109 3544 Latio
1135 3490 1364 3556 donata,
1399 3491 1575 3545 altera
1626 3491 1872 3547 liberum
1902 3493 2090 3547 muni-

397 3578 633 3648 cipium.
705 3577 845 3632 Hinc
891 3593 1193 3648 perperam
1267 3578 1634 3633 collationem
1692 3581 2091 3651 corrigendam

398 3665 575 3733 ducit,
603 3665 663 3719 in
687 3681 802 3736 qua
826 3665 955 3721 dua
984 3667 1153 3737 Vaga
1179 3670 1527 3722 asseruntur.
1563 3669 1690 3722 Hac
1703 3669 1934 3740 oppida,
1961 3686 2089 3740 qua

400 3756 567 3824 Vaga
580 3753 851 3807 dicuntur
879 3752 940 3807 in
970 3753 1296 3821 collatione,
1329 3754 1497 3809 ambo
1539 3755 1712 3810 Vada
1730 3758 2092 3827 appellantur

402 3842 460 3895 in
487 3841 697 3895 Notitia
726 3840 1029 3906 Numidia,
1063 3841 1161 3895 ubi
1192 3841 1504 3896 recitantur
1530 3845 1855 3912 Ruﬁnianus
1878 3846 2092 3902 Vaden-

398 3931 495 3996 sis,
543 3932 601 3983 et
650 3926 914 3998 Proﬁcius
950 3929 1229 3984 Vadensis.
1292 3930 1413 3983 Imo
1460 3930 1631 3984 tertia
1675 3930 1911 4002 insuper
1941 3935 2093 4005 Vaga

395 4017 632 4088 ponitur
660 4016 720 4070 in
752 4017 948 4071 eadem
977 4017 1309 4085 collatione;
1343 4033 1476 4071 nam
1524 4034 1653 4073 cum
1696 4035 1820 4091 cap.
1856 4024 1951 4075 177
1994 4038 2093 4075 no-

402 4105 655 4159 minatus
678 4104 875 4158 fuisset
900 4106 1153 4159 Privatus
1165 4107 1444 4174 episcopus
1499 4108 1779 4175 Vagensis,
1840 4108 2091 4179 Rogatus

2194 3055 2252 3107 in
2281 3055 2491 3108 Notitia
2513 3054 2881 3121 episcoporum
2919 3055 3215 3123 provincia
3246 3052 3629 3109 Proconsularis
3665 3048 3806 3102 mentio

2192 3143 2255 3210 ﬁt
2279 3143 2401 3197 Caii
2433 3142 2718 3210 Uzitensis,
2744 3143 2842 3211 qui
2855 3144 3086 3210 periisse
3104 3143 3368 3197 scribitur
3379 3145 3647 3209 antequam
3662 3137 3807 3191 veniret

2195 3229 2271 3282 ad
2298 3230 2483 3283 exsilii
2512 3230 2719 3298 locum;
2753 3234 2805 3284 et
2834 3230 3029 3283 Uzitha
3058 3232 3255 3285 civitas
3281 3232 3501 3300 ponitur
3528 3230 3579 3281 in
3597 3222 3808 3280 Ptolemai-

2196 3319 2273 3371 cis
2316 3316 2535 3371 Tabulis
2570 3332 2740 3387 prope
2768 3317 3128 3372 Adrumetum
3152 3323 3204 3372 et
3231 3318 3553 3387 Ruspinam.
3590 3313 3707 3368 Cum
3729 3310 3809 3361 ista?

2197 3406 2325 3459 dua
2355 3404 2525 3459 urbes
2553 3404 2769 3460 fuerint
2789 3406 2851 3460 in
2876 3406 3130 3477 Byzacia.
3154 3405 3215 3460 in
3234 3406 3434 3461 eadem
3463 3403 3620 3458 etiam
3646 3395 3809 3471 provin-

2197 3492 2282 3546 cia
2313 3491 2511 3546 Uzitha
2539 3492 2833 3546 Ptolemai
2850 3493 3087 3548 locanda
3101 3493 3232 3548 fuit.
3259 3492 3470 3548 Uzitha
3499 3486 3674 3560 oppidi
3691 3484 3810 3539 situm

2199 3580 2404 3633 diserte
2431 3580 2607 3634 tradit
2634 3582 2700 3633 A.
2740 3580 2952 3635 Hirtius
2982 3581 3082 3636 lib.
3110 3581 3181 3636 de
3212 3582 3370 3636 Bello
3400 3579 3545 3633 civili
3583 3576 3635 3630 in
3660 3571 3808 3629 Africa.

2198 3667 2296 3722 ubi
2317 3667 2397 3721 ait
2430 3667 2711 3722 Casarem
2741 3684 2921 3740 prope
2953 3668 3212 3723 Uzitham
3243 3672 3426 3724 castra
3452 3667 3713 3728 metatum,
3733 3671 3813 3727 qur

2197 3756 2423 3809 aberant
2442 3770 2476 3809 a
2499 3760 2663 3826 portu
2695 3757 2879 3826 Leptis
2911 3758 3103 3811 Parva
3133 3758 3315 3811 millia
3339 3770 3593 3826 passuum
3624 3765 3717 3806 ser.
3742 3747 3813 3800 Le-

2197 3843 2310 3913 ptis
2342 3859 2472 3897 vero
2499 3849 2622 3897 erat
2652 3844 2713 3898 in
2761 3844 2999 3915 Byzacio
3048 3860 3220 3915 supra
3267 3844 3632 3899 Adrumetum
3677 3844 3815 3887 versus

2196 3930 2472 4001 Tripolim
2500 3931 2683 3985 millia
2712 3948 2941 4003 passum
3002 3935 3086 3997 18,
3138 3949 3207 3986 ex
3256 3932 3525 3987 Antonio.
3580 3928 3648 3982 Ex
3690 3918 3815 3976 hisin

2200 4018 2407 4073 Notitia
2428 4020 2733 4090 legendum
2768 4024 2884 4074 est:
2919 4020 3091 4075 Caius
3123 4021 3410 4087 Ucitensis,
3432 4032 3545 4072 non
3591 4007 3814 4068 Uzitensis;

2198 4107 2321 4160 hac
2352 4105 2505 4161 enim
2528 4106 2770 4161 Ecclesia
2794 4110 2916 4160 erat
2938 4106 2999 4161 in
3021 4107 3291 4178 Byzacia;
3334 4102 3600 4162 Ucitensis
3641 4112 3745 4151 vero
3777 4092 3815 4144 in

401 4193 701 4263 episcopus
722 4192 889 4247 dixit:
920 4194 1305 4247 Januarianus
1337 4193 1560 4260 dicitur,
1582 4210 1689 4249 non
1715 4197 1988 4251 Privatus.
2022 4200 2095 4251 At
2123 4265 2145 4267 ζ
2202 4194 2617 4261 Proconsulari,
2647 4194 2706 4247 in
2737 4196 2897 4265 cujus
2917 4196 3225 4267 provincia
3256 4194 3527 4267 synodica
3552 4194 3647 4246 act.
3679 4189 3706 4239 2
3727 4195 3815 4267 conj

399 4281 699 4352 respondit
728 4280 1053 4335 Primianus
1075 4280 1292 4351 primas
1323 4281 1743 4336 Donatistarum
1787 4284 2090 4355 Carthagi-
2121 4265 2164 4320 Ῑ)
2203 4282 2320 4337 cilii
2353 4282 2744 4337 Lateranensis
2773 4265 3037 4338 laudatur
3070 4265 3352 4352 Tripolius
3386 4281 3648 4343 Ucitensis,
3672 4274 3729 4328 ab
3753 4266 3817 4322 Ιξοί

399 4368 593 4422 nensis
630 4368 943 4439 provincia
999 4385 1121 4439 cap.
1183 4372 1311 4423 179:
1370 4372 1466 4423 Est
1507 4369 1795 4440 Auzagga,
1848 4372 1943 4425 ubi
1982 4376 2093 4439 fuit

399 4458 807 4518 Januarianus,
832 4459 931 4525 qui
949 4471 1091 4510 nunc
1110 4454 1398 4523 defunctus
1427 4460 1536 4525 est;
1566 4458 1680 4511 alia
1698 4463 1973 4527 Auzagga
1999 4460 2095 4513 ubi

400 4549 477 4599 est
506 4546 784 4611 Privatus,
816 4545 913 4613 qui
925 4558 1067 4598 nunc
1087 4546 1241 4598 vivit.
1276 4544 1380 4598 Ubi
1408 4547 1567 4615 patet
1595 4544 1697 4599 has
1724 4547 1902 4616 Vagas
1927 4563 2094 4617 agno-

400 4632 646 4687 minatas
672 4633 988 4701 Auzaggas,
1014 4637 1077 4686 ut
1104 4648 1138 4685 a
1176 4633 1349 4704 Vaga,
1379 4632 1479 4687 ubi
1504 4633 1799 4704 Ampelius
1841 4635 2092 4706 sedebat,

400 4719 907 4789 distinguerentur.
944 4721 1010 4773 Et
1038 4718 1269 4791 quidem
1296 4723 1507 4789 prater
1550 4720 1692 4775 duas
1747 4721 1921 4791 Vagas
1952 4739 2093 4793 quas

399 4808 618 4865 Plinius
646 4808 708 4863 in
732 4808 937 4875 Africa,
978 4807 1085 4862 hoc
1111 4811 1198 4863 est
1245 4809 1543 4879 provincia
1569 4810 1876 4881 Zeugitana
1905 4813 2089 4882 ponit,

398 4897 741 4967 Ptolemaus
774 4895 874 4950 lib.
917 4912 990 4964 iv,
1042 4912 1167 4967 cap.
1198 4899 1251 4965 2,
1286 4897 1346 4951 in
1375 4897 1805 4952 mediterraneis
1855 4900 2093 4955 urbibus

400 4985 753 5040 Mauritania
786 4984 1150 5039 Casariensis
1189 4986 1404 5053 Vagam
1430 4985 1603 5039 etiam
1641 4986 1899 5052 collocat,
1929 4989 2092 5058 cujus

399 5072 567 5127 situm
589 5074 865 5129 exhibent
882 5072 1114 5127 Tabula
1143 5073 1395 5143 antiqua
1426 5073 1901 5143 Peutingeriana,
1931 5072 1985 5129 et
2013 5091 2094 5130 re-

400 5164 588 5214 centes
617 5161 805 5216 Caroli
835 5177 866 5214 a
894 5160 949 5215 S.
986 5159 1183 5215 Paulo.
1210 5159 1500 5230 Ampelius
1528 5161 1627 5230 qui
1677 5162 1941 5216 laudatur
1963 5179 2087 5218 can.

396 5248 466 5299 78
498 5247 688 5303 Codic.
718 5248 889 5302 Afric.
924 5262 1043 5302 non
1089 5251 1173 5301 est
1218 5247 1371 5301 idem
1401 5264 1530 5301 cum
1582 5249 1840 5319 Ampelio
1871 5250 1971 5319 qui
2000 5251 2090 5319 hic

398 5334 716 5405 appellatur
739 5352 753 5402 ;
786 5336 882 5390 ille
899 5335 1055 5390 enim
1081 5334 1342 5390 Ambivio
1367 5335 1629 5389 Pisitensi
1658 5336 1942 5406 posterior
1959 5338 2088 5408 fuit,

396 5425 460 5475 ut
487 5421 702 5477 ibidem
733 5428 927 5498 patet;
958 5423 1051 5478 hic
1083 5429 1272 5479 autem
1314 5423 1582 5478 eumdem
1622 5413 1993 5495 pracedebat,
2027 5433 2093 5481 ut

396 5509 652 5579 proxime
681 5510 997 5566 ostendam.

2201 4371 2362 4438 urbe,
2394 4375 2458 4424 ut
2480 4387 2544 4425 ex
2574 4371 2759 4425 Plinio
2786 4387 2920 4426 mox
2950 4373 3248 4427 ostendam
3273 4373 3335 4427 in
3368 4371 3513 4426 notis
3527 4369 3591 4423 ad
3611 4367 3815 4420 Favcrw'

2201 4476 2326 4514 sun.
2358 4459 2542 4529 Igitur
2577 4475 2880 4529 perperam
2926 4459 3275 4515 Visicensem
3305 4460 3364 4514 in
3401 4457 3724 4515 Uzithensem
3755 4445 3819 4498 EC-

2200 4547 2427 4602 clesiam
2467 4552 2668 4601 mutat.
2714 4546 2991 4603 Scribitur
3040 4548 3100 4602 in
3130 4549 3438 4603 collatione
3465 4561 3579 4616 cap.
3613 4543 3695 4596 125
3713 4533 3819 4590 Peli!

2199 4637 2477 4704 θρίεοορυδ
2496 4635 2670 4704 Ριθὺὶς
2705 4637 3017 4691 Visicensis.
3050 4635 3231 4701 Quam
3264 4634 3563 4691 Ecclesiam
3601 4622 3818 4700 pertinere

2200 4723 2269 4777 ad
2302 4722 2735 4793 proconsulares
2754 4723 2961 4795 colligo
2982 4739 3051 4778 ex
3081 4724 3285 4779 eadem
3312 4720 3593 4794 synodica,
3618 4713 3698 4769 ubi
3719 4710 3819 4795 inter

2199 4811 2628 4882 proconsulares
2654 4794 2909 4866 cernitur
2942 4814 3364 4868 Valentinianus
3414 4812 3672 4880 episcopus
3710 4800 3753 4854 S-

2203 4901 2488 4953 Usicensis.
2520 4900 2651 4954 Erat
2678 4900 2800 4953 hac
2842 4900 2978 4955 urbs
3016 4916 3197 4972 prope
3238 4901 3542 4963 Taboram,
3572 4893 3821 4978 cujusfl":

2200 5003 2399 5058 scapus
2426 4987 2615 5041 Victor
2641 4988 2932 5043 Donatista
2988 4971 3257 5060 cap.il'25
3314 4988 3482 5042 citato
3528 4983 3657 5038 dixit
3699 4971 3823 5066 Felici

2199 5075 2497 5129 Visicensi:
2546 5076 2671 5144 Ego
2728 5077 2829 5130 tibi
2857 5059 3170 5132 intervenia.
3222 5078 3290 5131 Et
3343 5091 3469 5146 cap.
3505 5075 3592 5127 201
3620 5067 3744 5122 idem
3767 5059 3825 5109 Vi-

2197 5168 2320 5217 ctor
2349 5161 2462 5216 ait:
2491 5164 2837 5232 Susceperam
2866 5165 3083 5233 quidem
3111 5166 3478 5230 mandatum;
3508 5160 3598 5216 sed
3622 5155 3731 5226 quia
3747 5148 3828 5201 bear

2200 5252 2441 5304 tissimus
2460 5255 2618 5320 pater
2646 5257 2697 5305 et
2721 5254 2976 5322 princeps
3004 5259 3182 5308 noster
3211 5254 3527 5307 Primianus
3553 5258 3679 5301 nunc
3694 5247 3826 5328 susce-

2196 5341 2299 5407 pit,
2329 5353 2419 5394 me
2474 5354 2681 5394 necesse
2708 5345 2788 5394 est
2826 5340 3088 5395 mandare
3117 5344 3200 5395 his
3232 5343 3393 5395 actis.
3432 5340 3618 5407 Itaque
3665 5328 3763 5383 erat
3784 5333 3826 5371 ιη

2198 5427 2593 5482 Proconsnlari
2642 5428 2961 5500 episcopus,
2993 5429 3039 5483 si
3087 5428 3446 5484 Primianum
3494 5414 3829 5500 Carthagine?

2199 5531 2319 5570 sem
2352 5531 2518 5570 suum
2545 5516 3161 5589 primatemjappellat.
3213 5518 3521 5588 Perperam
3558 5510 3612 5564 iu
3648 5499 3823 5559 dissert.
