3922 6188
143 284 219 335 281
895 274 1256 332 VARIORUM
1298 275 1900 333 EXERCITATIONES
1943 278 2010 332 IN
2049 278 2102 331 S.
2145 278 2511 334 AUGUSTINI
2550 277 2800 334 OPERA.
2866 241 2872 248 .

3495 283 3598 337 ‘282

140 412 193 464 de
213 407 416 476 synodo
473 423 522 472 ν,
580 421 697 475 cap.
737 406 820 470 10,
869 405 1147 460 Taboram
1176 406 1417 460 Victoris
1479 407 1784 462 Donatista
1823 402 1866 454 A
1899 399 2267 471 episcopum;
2300 417 2433 454 nam
2457 416 2575 470 cap.
2617 405 2714 455 l25
2742 403 3274 472 ponitnrAntonius
3316 407 3592 475 episcopus

143 496 450 552 cumTabora
463 495 638 547 altera
652 494 1000 548 Mauritaniae
1018 495 1509 560 confundi.Qnare
1523 497 1786 550 addenda
1891 488 2066 557 plebis
2096 490 2436 557 σανρὶΐαηκ-
2459 490 2534 541 EX
2557 489 2763 558 quibus
2776 490 3100 560 colligimus
3131 493 3489 546 Adeodatum
3515 494 3598 548 Si-

141 592 203 640 est
219 585 414 638 Tabora
441 582 666 636 Tabulis
691 583 1186 652 proconsularium
1230 584 1418 637 Caroli
1466 601 1495 636 a
1526 584 1580 639 S.
1612 586 1786 638 Paulo

138 679 178 726 et
204 669 472 725 Holstenii.
509 670 786 723 Caeterum
817 670 885 723 de
917 670 1090 740 hujus
1141 671 1336 725 Felicis
1396 672 1530 726 sede
1575 673 1787 726 Carne-

134 762 226 814 rius
249 758 541 812 divinatur.
576 759 638 811 In
668 757 965 811 collatione
1005 774 1122 829 cap.
1184 759 1284 813 127
1343 761 1608 814 laudatur
1634 763 1788 814 Felice

129 850 368 917 episcopus
408 846 582 914 plebis
610 849 1054 914 Aptungitensis.
1087 849 1217 901 Erat
1243 851 1511 918 Aptuuga
1557 849 1619 902 in
1653 865 1785 919 pro-

129 934 280 989 vincia
318 934 731 1000 Proconsulari,
765 939 822 988 et
850 935 994 987 alter
1026 935 1179 988 Felix
1219 937 1603 1007 Aptuugensis
1651 936 1788 990 olim

129 1023 456 1079 Caecilianum
517 1021 1024 1093 Carthaginensem
1081 1029 1528 1090 consecraverat,
1609 1031 1670 1078 ut
1722 1042 1788 1079 ex

129 1112 298 1182 Optato
348 1110 447 1164 lib.
511 1126 549 1175 ι,
599 1115 656 1164 et
708 1110 1021 1180 Augustino
1053 1111 1216 1181 epist.
1264 1114 1352 1178 68,
1395 1114 1515 1176 l62,
1563 1115 1682 1177 l63,
1736 1114 1791 1164 et

127 1200 257 1254 libris
276 1202 466 1252 contra
483 1198 804 1252 Donatistas
827 1198 1037 1268 passim
1060 1199 1319 1253 habetur.
1347 1200 1543 1269 Itaque
1575 1199 1785 1253 omisso

127 1288 276 1342 Felice
307 1287 681 1356 Aptungensi,
728 1287 970 1341 Felicem
1017 1286 1362 1341 Visicensem
1405 1287 1618 1357 synodo
1655 1287 1791 1340 anni

124 1379 206 1430 416
231 1391 325 1445 pro
353 1374 591 1428 arbitrio
618 1381 963 1445 praesentem
996 1376 1149 1430 facit.

182 1465 508 1517 DONATIANL‘S
559 1466 858 1517 lacessens
912 1463 1029 1518 sive
1084 1465 1397 1517 ZELLENSIS.
1475 1467 1792 1519 Recensetur

124 1556 170 1604 in
199 1553 461 1605 collatione
492 1554 833 1606 Donatianus
861 1554 1129 1607 Zellensis.
1167 1555 1229 1607 In
1258 1554 1465 1608 Notitia
1498 1555 1792 1621 provinciae

126 1641 498 1694 Proconsularis
518 1641 590 1710 ﬁt
619 1644 815 1695 mentio
839 1643 1108 1696 Vincentii
1129 1642 1429 1708 Zeggensis
1452 1643 1509 1695 in
1539 1643 1790 1695 cnsilium

125 1730 264 1796 ejecti.
296 1729 500 1782 Eodem
545 1729 607 1781 in
649 1729 769 1782 luto
805 1729 998 1796 hzeret,
1034 1728 1266 1798 Ziggam
1298 1744 1428 1782 cum
1474 1729 1621 1782 Zella
1650 1745 1792 1782 con—

124 1816 348 1869 fundens.
393 1817 527 1869 Erat
584 1817 732 1869 Zella
779 1815 839 1869 in
871 1815 1141 1885 Byzacio;
1174 1815 1372 1870 Strabo
1421 1816 1572 1870 enim
1604 1832 1792 1870 recen-

126 1919 226 1956 sens
276 1902 444 1972 hujus
511 1903 830 1974 provincia:
877 1903 1106 1974 oppida,
1150 1904 1250 1959 lib.
1299 1920 1409 1958 xvn
1457 1904 1572 1970 ait;
1626 1908 1793 1974 Prope

125 1993 253 2044 etiam
277 1997 429 2045 erant
453 1994 606 2046 Zella
638 1997 689 2046 et
715 1993 920 2046 Achata
946 1992 1124 2046 liberae
1167 1994 1430 2047 civitates.
1491 1995 1556 2047 In
1582 1993 1792 2047 tabulis

125 2079 552 2151 Peutingerianis
578 2081 795 2134 Achola
823 2080 1062 2149 ponitur
1100 2080 1251 2134 inter
1292 2083 1538 2152 Tapsum
1584 2085 1639 2136 et
1683 2083 1795 2137 Rn-

125 2183 253 2236 spam
285 2169 448 2222 urbes
497 2168 578 2222 in
624 2169 882 2239 Byzacio,
926 2167 986 2220 in
1042 2169 1204 2237 cujus
1262 2168 1472 2223 Notitia
1526 2169 1796 2223 recitatur

125 2256 381 2310 Restitutus
409 2257 795 2310 Acholitanus.
820 2255 1134 2309 Consilium
1175 2258 1405 2326 Zellense
1432 2257 1626 2311 laudat
1659 2259 1793 2311 Fer-

124 2344 296 2397 randus
339 2343 632 2398 Diaconus
665 2385 679 2410 ,
727 2344 879 2414 quod
923 2344 1254 2414 Telepteusc
1319 2361 1623 2415 perperam
1683 2345 1795 2399 dici

124 2431 309 2485 ostendi
335 2432 433 2486 lib.
468 2450 486 2485 Ι
527 2432 662 2486 Hist.
703 2433 913 2501 Pelag,
963 2447 1084 2502 cap.
1139 2435 1222 2486 l3.
1268 2434 1338 2486 At
1378 2435 1615 2502 Ziggera
1656 2432 1794 2486 urbs

124 2519 168 2572 in
189 2520 599 2586 Proconsulari,
635 2520 695 2573 in
739 2519 902 2588 cujus
961 2518 1172 2572 Notitia
1202 2525 1532 2574 recensetur
1568 2519 1792 2575 Vincen-

127 2610 208 2660 tius
233 2611 532 2676 Ziggensis,
575 2624 747 2679 quem
802 2607 1108 2662 Garuerius
1149 2609 1498 2678 Zeggensem
1550 2608 1694 2662 dixit
1730 2612 1793 2662 ut

128 2696 307 2749 lacilius
334 2698 660 2750 Zellensem
689 2697 917 2750 faceret.
954 2696 1018 2750 In
1048 2696 1222 2764 gestis
1251 2696 1614 2766 purgationis
1647 2696 1793 2750 Feli-
1833 2729 1838 2736 -

126 2783 185 2836 cis
208 2801 381 2838 coram
406 2785 620 2839 Africae
669 2784 1028 2854 proconsule,
1089 2784 1151 2837 in
1190 2784 1338 2838 calce
1378 2784 1567 2854 Optati
1623 2784 1793 2838 Alba-

129 2871 303 2941 spineze
339 2873 637 2940 editionis,
699 2875 1047 2925 memoratur
1098 2873 1373 2939 Ingentius
1437 2873 1669 2926 Decurio
1717 2874 1797 2926 Zi-

130 2964 386 3029 guensium,
422 2977 564 3032 quas
594 2961 750 3027 urbs,
775 2965 840 3014 ut
865 2960 1080 3014 ibidem
1109 2965 1289 3030 patet,
1322 2965 1443 3013 erat
1462 2960 1521 3013 in
1551 2962 1794 3014 Procon-

132 3048 295 3103 sulari.
328 3051 393 3102 In
419 3048 638 3103 litteris
665 3048 1020 3102 Constantini
1050 3047 1435 3118 imperatoris,
1477 3047 1629 3118 apud
1671 3050 1795 3100 Au-

132 3137 383 3204 gustinum
423 3136 607 3208 epist.
656 3139 743 3204 68,
793 3141 850 3190 et
905 3137 1002 3190 lib.
1056 3153 1114 3190 Ill
1161 3142 1359 3190 contra
1411 3135 1795 3203 Cresconium,

133 3239 229 3294 cap.
255 3228 337 3292 70,
370 3226 537 3280 idem
568 3225 772 3280 dicitur
819 3227 1041 3280 Decurio
1071 3227 1412 3291 Ziguensium
1441 3225 1691 3279 civitatis.
1736 3225 1801 3278 Et

133 3319 322 3368 montem
353 3317 678 3382 Ziquensem
707 3318 989 3367 memorat
1026 3313 1212 3367 Victor
1259 3313 1500 3367 Vitensis
1541 3313 1610 3366 de
1660 3314 1800 3365 Per—

135 3401 382 3455 secutione
413 3401 829 3456 Vandalorum.

185 3491 485 3544 Aneonarus
534 3490 832 3543 Siulolccs.
893 3490 1147 3554 Interfuit
1183 3490 1457 3543 collationi
1492 3503 1621 3542 ann.
1675 3491 1796 3553 411,

133 3590 338 3644 imusque
363 3580 475 3643 fuit
523 3592 614 3630 an.
636 3579 738 3629 419
769 3591 794 3629 e
823 3575 999 3629 decem
1031 3576 1221 3644 legatis
1247 3579 1543 3644 provinciae
1576 3579 1800 3630 Procon-

133 3664 299 3719 sularis
325 3668 568 3734 quicum
590 3666 781 3730 legatis
835 3665 1072 3718 aliarum
1117 3667 1525 3734 provinciarum
1575 3678 1800 3718 canones

138 3753 345 3808 Ecclesia
386 3756 681 3821 Africana!
743 3756 1047 3820 recognovit
1095 3759 1144 3807 et
1199 3754 1539 3822 subscripsit.
1589 3755 1655 3807 Et
1708 3752 1802 3806 hic

135 3854 297 3896 rursus
326 3844 628 3914 episcopos
659 3847 711 3897 et
743 3843 916 3896 urbes
949 3842 1262 3897 confundit.
1320 3842 1647 3896 Adeodatus
1701 3841 1800 3911 qui

135 3943 256 3983 anno
281 3933 380 3986 419
422 3947 677 3985 canones
707 3931 1040 4001 recognovit
1081 3936 1201 3984 erat
1249 3930 1549 4001 episcopus
1603 3929 1798 3984 Simit-

134 4018 337 4084 tuensis,
356 4035 472 4073 non
509 4019 943 4074 Simidiccensis.
982 4019 1275 4090 Leguntur
1326 4019 1480 4088 apud
1512 4017 1800 4072 Labbeum

134 4105 552 4177 subscriptiones
575 4109 777 4177 synodi
795 4123 946 4160 anno
978 4109 1082 4162 419
1114 4107 1456 4177 Carthagine
1477 4107 1797 4173 celebratas,

134 4190 179 4243 in
203 4194 391 4264 quibus
442 4195 764 4250 Adeodatus
804 4197 1141 4251 Simituensis
1197 4196 1285 4249 vel
1317 4196 1623 4250 Simitensis
1661 4194 1797 4248 dici-

132 4284 224 4334 tur.
254 4283 541 4354 Oppidum
591 4286 931 4339 Simittuense
960 4284 1226 4337 laudatur
1277 4299 1310 4336 a
1365 4282 1548 4336 Plinio
1587 4283 1686 4337 lib.
1738 4299 1792 4349 ν,

134 4384 232 4438 cap.
286 4374 346 4434 3;
401 4373 631 4427 Simittu
659 4372 726 4426 ab
754 4372 1044 4426 Antonino
1093 4371 1325 4426 dicitur.
1393 4373 1457 4424 In
1502 4371 1801 4426 collatione

133 4471 232 4525 cap.
266 4461 358 4513 135
385 4464 722 4514 recensetur
751 4463 1047 4515 Benenatus
1085 4461 1363 4529 episcopus
1409 4460 1584 4528 plebis
1612 4461 1799 4516 Simit-

136 4548 291 4610 tensis,
313 4552 365 4602 et
390 4565 517 4620 cap.
559 4552 652 4603 l35
684 4549 1002 4603 Adeodatus
1027 4552 1306 4618 episcopus
1331 4549 1507 4616 plebis
1537 4549 1800 4604 Simidic-

135 4633 298 4690 censis.
329 4636 517 4701 Quare
546 4637 888 4701 Adeodatus,
921 4637 1020 4708 qui
1046 4654 1194 4691 anno
1247 4639 1351 4691 419
1403 4652 1648 4691 canones
1707 4654 1800 4691 re-

136 4725 387 4791 cognovit,
421 4740 577 4779 anno
615 4728 709 4779 411
756 4725 1010 4780 nondum
1053 4730 1174 4780 erat
1199 4726 1520 4797 episcopus,
1559 4742 1688 4780 cum
1721 4725 1803 4781 Si-

137 4810 471 4867 mittuensem
504 4813 834 4867 cathedram
865 4818 1088 4868 teneret
1109 4816 1449 4870 Benenatus.
1476 4816 1591 4868 Hoc
1612 4814 1801 4885 ipsum

136 4898 282 4952 etiam
327 4901 618 4955 evidenter
661 4903 981 4956 ostenditur
1034 4919 1103 4956 ex
1156 4903 1572 4973 subscriptione
1602 4903 1803 4974 synodi

135 5000 262 5040 anno
289 4990 409 5056 419,
443 4989 542 5043 ubi
560 4990 802 5059 legimus
827 5007 839 5044 :
871 4992 1203 5046 Penthadius
1234 4993 1581 5060 Carpitanus,
1609 4993 1798 5045 Adeo-

134 5071 272 5128 datus
325 5077 707 5132 Simittuensis.
765 5079 950 5142 Quare
1006 5080 1327 5133 Adeodatus
1354 5078 1460 5132 fuit
1505 5079 1801 5148 episcopus

135 5163 366 5230 tempore
421 5165 708 5234 posterior
754 5166 1108 5220 Penthadio:
1171 5165 1420 5221 Africani
1459 5165 1612 5218 enim
1636 5165 1801 5234 juxta

135 5251 338 5317 tempus
357 5249 526 5304 delati
558 5251 916 5322 episcopatus
955 5252 1190 5305 nomina
1225 5251 1456 5322 synodis
1485 5251 1713 5317 dabant,
1747 5256 1802 5305 et

137 5331 182 5385 in
203 5338 474 5391 tractoriis
502 5339 919 5401 scribebantur,
955 5355 1022 5393 ex
1071 5356 1290 5393 canone
1323 5341 1388 5392 53
1438 5338 1574 5393 Cod.
1626 5337 1795 5392 Afric.

137 5425 180 5473 et
204 5425 504 5492 Augustino
531 5427 697 5497 epist.
744 5430 844 5481 217
887 5429 959 5482 ad
1013 5426 1385 5482 Victorinum.
1419 5427 1636 5481 Rursus
1679 5441 1798 5480 cer-

137 5513 238 5563 tum
267 5517 348 5567 est
371 5514 746 5569 Peuthadium
777 5532 925 5570 anno
951 5518 1046 5570 411
1104 5532 1218 5570 non
1254 5515 1424 5570 fuisse
1483 5515 1795 5584 Carporum

1899 576 2269 630 mittueusem
2282 577 2566 630 diversum
2590 593 2756 631 essea
2777 578 3190 644 Simidiccensi,
3211 581 3310 651 qui
3332 598 3476 634 anno
3491 584 3585 636 411

1897 665 2187 718 collationi
2213 665 2492 732 interfuit,
2527 671 2582 720 et
2626 666 2874 720 diversas
2929 668 3101 721 fuisse
3156 669 3326 722 urbes
3356 669 3593 724 Simittu

1897 757 1952 806 et
1976 752 2358 820 Simidiccam,
2391 769 2518 807 cum
2554 759 2812 825 tempore
2843 756 3162 810 collationis
3190 757 3280 810 hic
3332 757 3592 811 Adeoda-

1896 845 2006 908 tus,
2039 841 2157 895 illic
2181 858 2312 895 vero
2368 843 2689 896 Benenatus
2739 859 2894 897 sacra
2945 861 3211 914 suprema
3260 845 3594 899 auctoritate

1896 929 2340 982 administraret.

1968 1019 2230 1072 OCTAVIUS
2258 1019 2609 1072 Urumexsrs.
2652 1021 2908 1086 Interfuit
2957 1022 3247 1082 collationi,
3298 1027 3375 1075 est
3419 1025 3595 1075 autem

1902 1107 2101 1159 Uthina
2122 1108 2313 1160 civ-itas
2346 1109 2404 1159 in
2425 1109 2706 1175 provincia
2735 1110 3110 1162 Proconsulari
3157 1111 3229 1163 ad
3273 1111 3596 1178 Bagradam

1897 1197 2137 1262 ﬂuvium,
2187 1199 2248 1248 ut
2316 1195 2511 1249 habent
2567 1196 2783 1249 Tabulae
2831 1198 3179 1251 Ptolemaicee.
3235 1201 3304 1250 In
3373 1201 3596 1252 concilio

1899 1283 2334 1350 Carthaginensi,
2385 1288 2506 1344 etc.,
2566 1285 2712 1338 dixit
2761 1287 3018 1351 vigesimo
3058 1289 3282 1354 septimo
3316 1287 3423 1340 loco
3464 1302 3596 1341 son-

1900 1374 2123 1425 tentiam
2151 1373 2303 1425 Felix
2328 1370 2398 1424 ab
2425 1374 2641 1426 Uthina.
2666 1378 2716 1426 et
2745 1374 3082 1442 Lampadius
3108 1376 3336 1428 Uthinus
3367 1376 3588 1428 concilio

1897 1460 2210 1515 Arelatensi
2230 1479 2268 1515 ιι
2297 1463 2634 1530 subscripsit.
2670 1463 2876 1517 Eadem
2919 1464 3129 1517 chorda
3185 1464 3433 1526 oberrat,
3468 1462 3594 1517 Uti-

1900 1565 2113 1602 nunam
2144 1566 2274 1603 cum
2303 1550 2509 1603 Uthina
2540 1551 2914 1606 confundens.
2949 1553 3010 1605 In
3042 1569 3164 1621 cap.
3205 1554 3302 1606 133
3335 1552 3595 1605 collatio-

1900 1637 1988 1691 nis
2018 1638 2476 1708 Carthaginensis
2506 1638 2772 1692 editionis
2805 1640 3075 1694 Massonis
3115 1644 3171 1694 et
3219 1640 3588 1710 Albaspinaei,

1901 1726 2110 1796 legitur
2131 1727 2385 1781 Octavius
2407 1730 2686 1796 episcopus
2699 1727 2875 1796 plebis
2907 1731 3272 1783 Utinunensis.
3309 1729 3435 1783 Scio
3459 1729 3599 1782 duas

1900 1814 2072 1868 fuisse
2121 1815 2313 1869 Utinas
2369 1817 2428 1869 in
2479 1816 2700 1884 Africa;
2761 1821 3021 1887 tempore
3095 1816 3412 1870 collationis
3470 1833 3595 1887 cap.

1904 1905 2002 1956 125
2035 1903 2273 1973 legitur:
2321 1907 2600 1959 Timianus
2630 1908 2909 1974 episcopus
2955 1905 3128 1974 plebis
3164 1907 3467 1970 Utinensis;
3503 1921 3594 1958 ca-

1901 1991 2017 2063 pite
2045 2008 2178 2045 vero
2204 1995 2322 2059 133,
2356 1996 2506 2048 Isaac
2529 1996 2806 2063 episcopus
2838 1994 3013 2062 plebis
3049 1995 3376 2047 Uthinensis.
3413 1994 3596 2058 Quare

1903 2080 1947 2134 si
1979 2080 2240 2134 Octavius
2268 2080 2375 2134 fuit
2416 2082 2630 2152 pariter
2661 2082 2960 2152 episcopus
3010 2081 3314 2150 Utinensis,
3369 2081 3595 2135 tertiam

1902 2169 1964 2222 in
1991 2169 2176 2222 Africa
2203 2169 2432 2224 Utinam
2451 2171 2615 2225 nobis
2647 2170 2890 2224 excitare
2943 2170 3129 2238 debet,
3188 2171 3275 2224 vel
3307 2169 3598 2225 Octavium

1903 2257 2181 2326 collegam
2205 2257 2463 2311 Timiano
2488 2262 2586 2311 aut
2614 2259 2804 2312 Isaaco
2841 2257 3331 2327 superimponere.
3392 2257 3601 2311 Contra

1905 2346 2059 2399 Isaac
2085 2334 2416 2416 episcopum
2446 2345 2791 2400 catholicum
2823 2347 3007 2399 stabat
3037 2345 3370 2410 Felicianus,
3405 2349 3602 2398 contra

1902 2433 2225 2487 Timianum
2260 2434 2413 2487 Felix
2463 2435 2890 2488 Donatistarum
2921 2433 3199 2504 episcopi.
3236 2435 3308 2487 At
3335 2433 3403 2486 de
3434 2433 3600 2487 Octa-
3631 2470 3642 2476 -

1903 2521 1995 2575 vio
2030 2521 2213 2575 refero
2237 2521 2530 2592 integrum
2578 2526 2796 2576 textum
2829 2538 2894 2575 ex
2949 2522 3249 2575 collatione
3310 2520 3602 2590 Carthagi-

1905 2610 2089 2665 nensi.
2123 2612 2376 2667 Octavius
2405 2613 2684 2680 episcopus
2709 2611 2884 2680 plebis
2901 2613 3286 2665 Utinunneusis
3309 2626 3488 2663 coram
3525 2613 3593 2664 V.

1905 2700 1963 2755 C.
1994 2699 2208 2752 tribuno
2241 2704 2291 2752 et
2344 2701 2556 2752 notario
2601 2699 2913 2752 Marcellino
2968 2700 3215 2766 superius
3266 2698 3528 2751 mandavi
3553 2701 3602 2748 et

1903 2787 2204 2856 subscripsi
2243 2787 2590 2854 Carthagine.
2645 2787 2819 2851 Quare
2856 2787 2999 2839 idem
3052 2786 3231 2840 dixit:
3287 2787 3601 2839 Econt-rario

1905 2876 2042 2928 mihi
2066 2879 2144 2928 est
2186 2876 2518 2940 Bonifacius.
2551 2874 2626 2926 Ex
2652 2873 2834 2926 tribus
2882 2872 3059 2942 igitur
3087 2872 3365 2942 episcopis
3404 2872 3601 2924 catho-

1835 2967 1873 3021 C
1906 2963 2026 3017 licis
2053 2961 2407 3031 totidemque
2457 2960 2664 3014 iisdem
2720 2959 3055 3014 adversariis
3112 2959 3422 3013 Donatistis
3462 2959 3602 3012 duas

1912 3051 2104 3106 Utinas
2127 3053 2183 3104 et
2213 3049 2522 3104 Utinunam
2565 3049 2625 3102 in
2655 3049 2842 3102 Africa
2890 3048 3056 3101 urbes
3108 3048 3404 3101 habemus.
3439 3046 3601 3110 Quod

1907 3140 2141 3208 insuper
2164 3137 2324 3191 addit
2355 3137 2624 3191 Uthinam
2670 3138 2739 3191 ad
2786 3136 3101 3207 Bagradam
3148 3136 3389 3190 ﬂuvium
3428 3135 3597 3188 sitam

1909 3243 1977 3281 ex
2008 3226 2330 3292 Ptolemaeo,
2381 3230 2544 3279 notes
2571 3225 2756 3288 velim,
2791 3224 2876 3278 vir
2929 3225 3332 3288 eruditissime,
3389 3225 3599 3277 Garne-

1903 3315 2060 3368 rium
2088 3319 2219 3368 ante
2246 3313 2652 3384 septemdecim
2677 3330 2872 3368 versus
2900 3314 3055 3367 idem
3085 3313 3290 3367 dixisse
3325 3313 3393 3365 de
3435 3310 3604 3365 Utina

1909 3405 2104 3467 altera,
2134 3404 2196 3457 in
2227 3419 2342 3473 qua
2370 3403 2601 3457 sedebat
2631 3402 2943 3456 Timianus.
2975 3402 3230 3456 Profecto
3262 3401 3604 3455 Ptolemaeus

1909 3507 2084 3545 uram
2110 3495 2334 3544 tantum
2375 3490 2646 3545 Urbinam
2675 3491 2868 3561 ponit:
2892 3491 3044 3560 quod
3079 3491 3125 3542 si
3153 3493 3348 3542 noster
3368 3503 3604 3558 geogra-

1908 3581 2058 3650 phus
2094 3579 2360 3634 Uthinam
2390 3579 2619 3643 Octavii,
2655 3584 2710 3633 et
2743 3580 2980 3633 alteram
3021 3578 3265 3632 Timiani
3295 3577 3365 3631 ad
3394 3579 3603 3646 Bagra-

1910 3669 2044 3723 dam
2063 3669 2309 3740 reponit,
2331 3669 2399 3722 de
2421 3673 2661 3739 utraque
2687 3667 3011 3722 Ptolemaesi
3038 3667 3432 3721 testimonium
3463 3681 3604 3719 neu-

1908 3757 2126 3827 tiquam
2158 3758 2390 3810 laudare
2436 3761 2640 3827 potest.
2672 3757 2878 3811 Scribit
2911 3756 3234 3811 Holstenius
3267 3757 3602 3810 alterutram

1911 3845 2175 3901 Uthinam
2216 3861 2344 3899 cum
2376 3845 2721 3916 aspiratione
2767 3845 3147 3908 scribendam,
3195 3850 3251 3896 et
3290 3859 3420 3895 vere
3453 3841 3600 3910 apud

1909 3934 2291 4004 Augustinum
2323 3934 2418 3987 lib.
2454 3952 2506 3986 v1
2537 3935 2603 3988 de
2635 3935 2820 4002 Bapt.,
2861 3949 2983 4002 cap.
3027 3934 3113 3996 33,
3149 3930 3422 3984 recitatur
3450 3928 3602 3980 Pelia:

1910 4024 1977 4075 ab
2003 4024 2220 4077 Uthina.
2253 4022 2465 4076 Omitto
2498 4021 2648 4092 quod
2679 4021 2890 4074 ibidem
2920 4020 3001 4073 ait
3035 4016 3411 4088 Lampadium
3443 4014 3602 4068 Uthi~

1908 4121 2143 4160 nensem
2175 4108 2567 4178 subscripsisse
2597 4108 2902 4162 concilium
2945 4109 3272 4162 Arelatense
3303 4122 3340 4158 ιι
3366 4123 3381 4170 ;
3421 4102 3605 4156 voluit

1909 4193 2094 4247 dicere
2145 4195 2396 4266 primum
2437 4196 2726 4250 indictum
2757 4212 2906 4248 anno
2936 4195 3122 4264 primo
3161 4191 3451 4264 Sylvestri,
3509 4207 3600 4244 an.

1907 4283 2028 4336 314.
2064 4281 2384 4336 Bonifacius
2415 4283 2624 4338 Octavii
2663 4282 3019 4337 adversiarus
3069 4298 3191 4352 cap.
3249 4283 3346 4334 l98
3397 4277 3605 4332 dicitur

1913 4371 2296 4424 Utummensis
2319 4388 2332 4437 ;
2358 4371 2473 4425 utri
2493 4371 2673 4426 textui
2711 4387 2870 4425 error
2900 4369 3130 4440 irrepsit
3158 4369 3458 4422 incertum.

1979 4458 2280 4514 Ssaormus
2327 4461 2732 4515 THURZITENSIS.
2795 4461 3062 4526 Interfuit
3129 4458 3421 4512 collationi.
3495 4458 3604 4509 Po—

1907 4550 2059 4602 nitur
2087 4553 2265 4602 autem
2295 4565 2329 4602 a
2355 4550 2642 4603 Ptolemaeo
2675 4551 2886 4603 Thursa
2903 4564 3072 4619 prope
3107 4549 3304 4602 Vinum
3344 4546 3602 4600 coloniam

1907 4652 2012 4691 non
2040 4638 2192 4704 longe
2220 4654 2254 4691 a
2287 4639 2552 4704 Tunizza,
2583 4642 2745 4707 atque
2773 4638 2904 4690 adeo
2943 4652 3038 4690 nec
3087 4635 3376 4689 admodum
3418 4634 3604 4701 procul

1909 4741 1943 4778 α
1981 4725 2328 4792 Carthagine.
2390 4725 2514 4778 Non
2556 4724 2631 4778 ita
2673 4723 2939 4778 scribitur
2984 4723 3047 4776 in
3089 4721 3425 4786 collatione;
3469 4734 3602 4771 nam

1909 4829 2038 4882 cap.
2081 4815 2180 4868 133
2212 4815 2539 4866 recensetur
2565 4813 2840 4867 Serotinus
2892 4814 3172 4880 episcopus
3213 4807 3384 4878 plebis
3419 4809 3600 4860 Turu-

1911 4902 2147 4955 zitensis.
2180 4900 2318 4964 Quae
2339 4899 2591 4965 inﬂexio,
2623 4916 2738 4953 uno
2767 4899 3038 4954 Garuerio
3061 4902 3310 4962 auctore,
3341 4895 3603 4949 a'l‘hursa

1909 4989 2204 5043 Ptolemaei
2235 4988 2542 5042 derivatur.
2571 4988 2715 5043 Sane
2746 4987 3084 5057 vapularent
3130 4982 3396 5052 discipuli
3426 4981 3523 5052 qui
3571 4998 3602 5035 a

1910 5075 2126 5128 Thursa
2149 5075 2597 5130 Thuruzitanum
2631 5075 3018 5144 declinarent;
3043 5074 3149 5126 hoc
3180 5071 3334 5125 enim
3367 5071 3600 5139 adjecti-

1907 5179 2042 5216 vum
2094 5180 2125 5217 a
2161 5162 2472 5218 Thuruzita
2518 5164 2801 5234 originem
2853 5163 3024 5217 ducit.
3067 5162 3251 5225 Quare
3298 5173 3600 5228 perperam

1909 5253 2249 5306 Ptolemaeus
2277 5253 2338 5306 in
2383 5257 2583 5306 testem
2638 5258 2883 5306 vocatur.
2925 5252 3046 5304 Imo
3080 5263 3362 5317 nusquam
3394 5245 3605 5315 legitur

1905 5341 2123 5394 Thursa
2152 5339 2212 5392 in
2242 5339 2567 5405 Ptolemaeo,
2597 5339 2694 5393 sed
2727 5343 2946 5392 tantum
2998 5339 3239 5401 Tliurza,
3293 5349 3465 5405 quam
3494 5349 3605 5402 po-

1908 5429 1992 5482 nit
2017 5428 2077 5481 in
2107 5428 2341 5497 Byzacio
2371 5443 2548 5499 prope
2579 5428 2975 5503 Adrumetum.
3010 5425 3235 5480 Rectius
3297 5427 3484 5477 autem
3534 5437 3600 5474 ex

1905 5515 2026 5584 ipsa
2067 5515 2368 5568 collatione
2399 5513 2717 5567 ostenditur
2746 5511 3114 5565 Thuruzitam
3159 5509 3332 5563 fuisse
3379 5508 3435 5560 in
3469 5522 3600 5576 pro-
