3926 6192
353 254 454 306 283

1383 253 1942 312 SUPPLEMENTUM
1980 257 2070 312 AD
2106 256 2341 314 OPERA
2380 258 2435 313 S.
2477 257 2862 316 AUGUSTINI.
3717 276 3800 330 284

347 373 534 428 vincia
560 375 993 441 Proconsulari;
1050 375 1184 446 quia
1229 390 1361 430 cum
1405 375 1697 432 Serotinus
1743 379 2043 449 episcopus
2077 378 2125 433 Α
2156 395 2223 434 ea
2253 395 2404 434 anno
2433 381 2538 436 416
2588 379 2934 435 sententiam
2987 384 3188 436 contra
3242 382 3564 453 Pelagianos
3590 389 3802 447 subscri-

348 461 578 516 dixisset
623 479 681 518 se
728 464 951 518 nullum
1011 463 1218 517 habere
1266 463 1597 536 episcopum
1633 467 2040 533 adversarium,

351 550 624 605 Primiani
677 552 936 623 primatis
993 552 1459 622 Carthaginensis
1513 555 1785 610 diaconus
1834 558 2041 611 Habet-

348 639 521 692 deum
549 641 836 710 reposuit:
869 641 1156 709 Presbyter
1184 647 1262 696 est
1282 643 1395 697 illic
1428 644 1642 700 Catius.
1673 645 1779 710 Qui
1812 645 2042 716 quidem

349 726 621 781 diaconus
645 727 998 798 frequentius
1054 729 1564 800 interloquebatur,
1599 732 1699 786 ubi
1722 733 1790 787 de
1823 733 2042 804 episco-

348 813 435 882 pis
477 817 981 885 proconsularibus
1027 817 1408 889 qumrebatur,
1468 823 1533 871 ut
1580 819 1793 888 passim
1828 819 2042 874 ibidem

348 905 534 970 patet;
570 904 700 957 licet
729 906 904 960 semel
948 911 1046 960 aut
1071 906 1279 960 iterum
1324 907 1394 960 de
1434 907 1562 961 aliis
1607 923 1837 980 quoque
1886 909 2042 962 locu-

346 994 471 1043 tum
495 993 838 1047 concedam.

417 1079 726 1135 MAJORINL’S
754 1084 1112 1138 Zumermsxs.
1145 1085 1230 1138 Ita
1262 1084 1464 1150 legitur
1492 1086 1550 1138 in
1589 1087 1897 1150 collatione;
1941 1102 2044 1141 me-

345 1168 452 1222 lius
482 1172 770 1232 Zamensis,
802 1187 929 1225 nam
957 1175 1014 1226 in
1038 1175 1418 1227 Proconsulari
1440 1176 1728 1242 provincia
1756 1177 1867 1242 fuit
1880 1178 2046 1230 Zama

345 1257 559 1323 civitas,
621 1260 672 1311 si
743 1260 939 1323 Plinio,
1002 1261 1282 1314 Ptolemaeo
1337 1276 1398 1314 ac
1444 1262 1701 1315 Straboni
1753 1263 2041 1317 credimus.

347 1344 493 1408 Quot
525 1347 710 1415 verba,
739 1351 819 1401 tot
852 1352 1057 1402 errata.
1101 1349 1161 1402 In
1194 1349 1496 1403 collatione
1527 1366 1648 1420 cap.
1695 1353 1793 1406 I33
1851 1353 2044 1406 lauda-

345 1438 442 1487 tur
478 1436 781 1504 Majoribus
831 1439 1108 1506 episcopus
1159 1439 1336 1507 plebis
1368 1441 1658 1494 Zentensis.
1715 1442 1778 1494 Et
1809 1442 2044 1512 quidem

345 1526 536 1576 recte:
572 1539 705 1578 nam
735 1526 796 1578 in
849 1526 1115 1595 synodica
1146 1527 1640 1596 proconsularium
1692 1533 1800 1582 act.
1859 1532 1892 1583 2
1922 1547 2047 1585 con-

346 1608 464 1663 cilii
517 1612 911 1667 Lateranensis
949 1618 1301 1668 memoratur
1344 1616 1645 1670 Florentius
1700 1619 1885 1685 gratia
1939 1620 2046 1674 Dei

345 1701 626 1768 episcopus
668 1702 814 1756 S.E.
864 1704 1152 1758 Zentensis.
1231 1703 1354 1768 Quo
1419 1705 1648 1774 egregio
1717 1706 2043 1763 testimonio

347 1786 627 1842 evincitur
679 1795 826 1843 recte
881 1789 1050 1844 scribi
1095 1791 1156 1844 in
1206 1791 1512 1846 collatione
1569 1796 1926 1865 Zentensem,
1981 1813 2045 1850 ac

346 1875 494 1928 male
524 1875 638 1946 legi
676 1879 1090 1949 Zemptensem,
1125 1883 1182 1934 et
1225 1883 1457 1934 lentam
1494 1881 1670 1935 fuisse
1700 1883 1850 1937 inter
1873 1885 2044 1938 urbes

341 1965 800 2032 proconsulares.
825 1967 1040 2021 Rursus
1059 1969 1211 2039 quod
1233 1971 1468 2023 Zentam
1498 1969 1559 2023 in
1586 1972 1814 2024 Zamam
1859 1977 2046 2029 mutat

346 2052 442 2106 vix
473 2055 760 2123 patienter
788 2055 924 2110 ferri
950 2061 1153 2127 potest.
1191 2059 1253 2111 In
1284 2058 1588 2113 collatione
1642 2076 1764 2130 cap.
1818 2064 1908 2115 121
1951 2063 2041 2116 di-

343 2141 492 2196 citur
519 2146 778 2210 Dialogus
834 2149 1114 2216 episcopus
1171 2150 1443 2202 Zamensis
1489 2149 1650 2219 cujus
1689 2151 2044 2207 adversarius

344 2231 645 2286 Montanus
670 2249 818 2287 unus
854 2251 884 2287 θ
931 2239 1149 2306 septem
1179 2237 1488 2291 Donatistis
1533 2238 1902 2294 collatoribus
1945 2257 2043 2295 re-

343 2323 624 2373 censetur.
675 2321 861 2391 Igitur
914 2339 1031 2378 non
1068 2323 1397 2394 Majorinus,
1453 2325 1552 2380 sed
1590 2325 1861 2398 Dialogus
1889 2344 2042 2384 anno

342 2407 441 2461 411
471 2411 593 2462 erat
621 2410 907 2464 Zamensis
938 2411 1258 2482 episcopus.

412 2497 821 2552 Posrcumxus.
853 2501 1064 2565 Ignota:
1091 2501 1271 2569 sedis;
1299 2517 1425 2556 nam
1464 2505 1560 2570 qui
1589 2503 1793 2558 dicitur
1839 2508 1898 2559 in
1929 2507 2044 2560 col-

344 2585 544 2638 latione
567 2587 886 2653 Tagorensis
913 2588 1159 2643 diversus
1181 2595 1260 2643 est
1287 2591 1354 2643 ab
1376 2593 1510 2657 isto;
1531 2593 1798 2660 siquidem
1832 2597 2043 2660 Tagora

343 2673 561 2738 civitas,
593 2689 685 2727 seu
720 2677 960 2743 Tagura,
988 2681 1065 2730 est
1096 2679 1152 2730 in
1179 2678 1463 2743 Numidia,
1494 2694 1600 2732 non
1627 2681 1754 2734 item
1801 2683 1859 2735 in
1911 2684 2040 2737 Pro-

341 2760 632 2826 consulari,
677 2765 727 2815 et
770 2761 917 2816 inter
964 2765 1236 2833 episcopos
1281 2780 1308 2818 e
1358 2765 1640 2832 Numidia,
1691 2769 1749 2820 in
1789 2770 2040 2823 exsilium

342 2851 509 2913 actos,
533 2855 834 2904 recensetur
865 2853 1167 2907 Timotheus
1203 2854 1548 2920 Tagurensis.
1580 2855 1872 2924 lgnoravit
1901 2857 2042 2911 duas

2152 469 2288 539 psit.
2316 470 2535 539 Tagora
2563 469 2620 524 in
2682 469 2946 524 Numidia
2993 468 3288 524 dicebatur
3313 471 3480 527 etiam
3506 477 3722 547 Tagura,
3750 487 3802 534 ut

2154 574 2222 611 ex
2258 559 2472 613 Notitia
2495 558 2696 612 Africze
2718 563 2891 628 patet.

2224 645 2520 702 Cmsrows
2551 648 2889 701 Vourexms.
2937 649 3011 700 In
3052 648 3292 715 vulgatis
3342 649 3600 707 codicibus
3635 655 3805 723 legitur

2226 737 2530 805 Trispolus,
2554 735 2652 790 sed
2668 738 2858 790 vitium
2883 751 2983 805 per
3019 751 3074 789 se
3094 738 3409 802 manifestat
3434 741 3700 796 insolentia
3723 761 3801 798 no-

2151 825 2342 889 minis;
2369 840 2537 892 quare
2561 824 2840 878 emendari
2881 824 3032 878 debet
3073 841 3142 878 ea:
3195 825 3491 880 collatione.
3538 828 3631 882 Hic
3680 837 3806 885 recte

2151 911 2406 981 priorem
2437 912 2686 966 litteram
2719 911 2976 982 corrigit.
3010 913 3076 966 In
3118 928 3226 966 ms.
3259 912 3597 969 serenissimi
3641 920 3808 988 magni

2151 997 2310 1053 ducis
2334 1001 2608 1069 Crispolus
2641 1000 2869 1071 legitur,
2899 1005 3023 1055 tum
3074 1000 3133 1054 in
3179 1001 3490 1072 epigraphe
3539 1006 3807 1074 synodicae,

2152 1087 2360 1142 tumin
2391 1090 2664 1160 rescripto
2697 1089 3035 1144 Innocentii.

2223 1177 2418 1231 VICTOR
2446 1179 2743 1232 Urncexsxs.
2793 1179 2910 1234 Non
2955 1179 3046 1232 ille
3085 1178 3304 1247 quidem
3329 1180 3558 1248 scriptor
3584 1180 3810 1236 librorum

2153 1264 2218 1318 de
2242 1267 2614 1321 Persecutione
2649 1267 2951 1321 Vandalica
2977 1283 3120 1322 anno
3158 1268 3264 1320 484
3320 1269 3557 1321 excitata
3585 1268 3812 1324 adversus

2153 1356 2441 1410 catholicos
2466 1357 2533 1410 ab
2565 1358 2845 1418 Hunerico,
2892 1356 2986 1410 sed
3035 1357 3179 1410 alius
3237 1355 3470 1426 ejusdem
3518 1359 3731 1411 nominis
3772 1365 3810 1412 et

2152 1443 2315 1510 sedis,
2341 1447 2438 1512 qui
2455 1446 2568 1510 fuit
2601 1444 2933 1511 Carthagine
2947 1460 3067 1499 cum
3087 1445 3302 1498 collatio
3332 1444 3630 1498 haberetur.
3654 1445 3812 1499 Victor

2153 1530 2252 1601 qui
2282 1533 2386 1585 sub
2411 1531 2691 1586 Hunerico
2723 1532 2864 1586 vixit
2893 1548 2957 1586 ac
2987 1531 3214 1602 scripsit
3266 1531 3441 1585 libros
3483 1532 3552 1586 de
3580 1534 3812 1587 Persecu-

2153 1619 2310 1673 tione
2360 1621 2684 1688 Vandalica,
2739 1637 2853 1674 non
2908 1620 3016 1674 fuit
3069 1619 3373 1691 episcopus
3419 1619 3697 1688 Uticensis,
3734 1622 3812 1675 sed

2155 1703 2416 1772 Vitensis,
2449 1709 2516 1758 ut
2543 1704 2820 1776 egregiee
2853 1722 2988 1760 mss.
3023 1705 3404 1760 ostenderunt
3436 1705 3730 1759 Chiflletius
3763 1723 3812 1760 ac

2156 1792 2498 1848 Holstenius.
2535 1794 2647 1846 Hoc
2677 1794 2867 1864 ipsum
2913 1793 3190 1864 probatur
3227 1810 3295 1847 ex
3353 1794 3584 1848 elencho
3624 1793 3813 1864 episco-

2154 1896 2359 1950 porum
2392 1881 2462 1935 ab
2493 1881 2775 1936 Hunerico
2802 1882 2863 1936 in
2895 1882 3156 1936 exsilium
3187 1882 3615 1952 deportatorum
3643 1897 3656 1948 ;
3704 1898 3813 1936 nam

2153 1967 2304 2022 inter
2358 1970 2798 2040 proconsulares
2851 1969 3183 2024 nominatur
3229 1971 3528 2024 Florentius
3569 1973 3812 2034 Uticensis,

2153 2057 2209 2106 et
2253 2052 2404 2107 inter
2448 2055 2762 2124 Byzacenos
2823 2055 3006 2109 Victor
3049 2056 3283 2109 Vitensis
3341 2055 3441 2124 qui
3489 2054 3654 2108 libros
3705 2054 3811 2107 scri-

2151 2141 2269 2212 psit
2299 2141 2368 2195 de
2399 2141 2802 2196 Persecutione
2829 2142 3156 2196 Vandalica.
3189 2143 3366 2197 Plura
3385 2143 3490 2197 hac
3516 2143 3581 2196 de
3606 2158 3662 2197 re
3688 2143 3814 2213 leges

2152 2228 2213 2282 in
2261 2229 2563 2296 Chifﬂetio,
2613 2231 2775 2301 cujus
2820 2231 3106 2300 volumen,
3166 2235 3230 2285 ut
3297 2233 3574 2303 pleraque
3632 2231 3746 2298 alia,
3789 2247 3812 2283 e

2151 2318 2545 2389 copiosissima
2573 2323 2674 2374 tua
2696 2318 2792 2373 illa
2809 2319 3156 2375 bibliotheca
3181 2337 3296 2376 non
3330 2321 3506 2375 semel
3532 2320 3667 2374 mihi
3683 2335 3811 2373 com-

2151 2406 2419 2462 modasti.

2219 2496 2418 2550 VICTOR
2449 2497 2824 2551 MIGIRPENSIS.
2847 2499 2944 2551 Ita
2982 2498 3180 2564 legitur
3207 2499 3266 2551 in
3285 2498 3588 2564 collatione,
3618 2500 3712 2550 etc.
3760 2497 3811 2550 ln

2150 2584 2258 2638 hoc
2283 2589 2341 2639 et
2368 2584 2710 2655 prazcedenti
2767 2585 2989 2639 Victore
3020 2585 3166 2640 redit
3197 2586 3268 2640 ad
3302 2587 3503 2640 solitas
3545 2585 3810 2640 divinatio-

2150 2689 2270 2727 nes.
2305 2672 2551 2727 Adfuere
2603 2673 2895 2728 collationi
2941 2679 3057 2728 tres
3099 2674 3200 2728 alii
3239 2691 3269 2728 e
3298 2673 3687 2729 Proconsulari
3712 2688 3815 2743 pro-

2149 2760 2335 2814 vincia
2380 2759 2674 2828 Victores;
2713 2777 2942 2832 nempe,
3005 2761 3442 2829 Libertinensis,
3487 2760 3812 2825 Abitinensis,

2149 2853 2205 2904 et
2249 2849 2693 2905 Tuburbitanus.
2753 2849 2911 2904 Itane
2972 2849 3142 2904 hosce
3186 2850 3348 2905 intra
3400 2849 3813 2923 quinquennium

339 2933 513 2990 fuisse
539 2935 598 2990 in
628 2938 817 2992 Africa
847 2940 1111 3010 Tagoras,
1148 2941 1303 3010 quod
1356 2945 1551 2996 tamen
1593 2941 1914 3014 intelligere
1941 2962 2040 3016 po—
2076 2955 2115 3011 c
2149 2937 2356 2992 obiisse
2393 2943 2577 3008 putat,
2632 2937 2834 2992 vixisse
2873 2954 3006 2992 vero
3057 2939 3488 3010 Migirpensem,
3529 2945 3584 2993 et
3624 2937 3813 2992 Uticen-

341 3025 490 3076 terat
519 3040 584 3078 ex
617 3026 943 3093 collatione,
991 3029 1081 3082 cui
1109 3029 1262 3083 inter
1287 3030 1590 3084 catholicos
1637 3032 1919 3087 antistites
1946 3033 2042 3088 in-

342 3110 590 3166 terfuere
619 3116 915 3170 Restitutus
944 3120 1222 3186 episcopus
1263 3120 1606 3187 Tagorensis,
1643 3121 1742 3190 qui
1791 3121 1903 3176 fuit
1935 3139 2041 3176 cu-

343 3202 459 3252 stos
480 3200 803 3256 tabularum
843 3220 966 3274 cap.
1020 3207 1155 3262 443:
1189 3210 1246 3260 et
1287 3208 1704 3262 Posthumianus
1761 3211 2039 3280 episcopus

338 3287 512 3352 plebis
563 3291 881 3355 Tagorensis
951 3307 1076 3362 cap.
1149 3297 1268 3348 133.
1325 3296 1521 3366 Itaque
1577 3298 2038 3366 Posthumianus,

343 3376 444 3446 qui
465 3377 702 3446 ponitur
750 3379 810 3432 in
839 3381 1172 3451 epigraphe,
1220 3381 1329 3437 fuit
1372 3383 1676 3455 episcopus
1702 3387 2040 3456 Tagorensis

339 3463 401 3518 in
445 3463 736 3534 provincia
792 3469 1207 3526 Proconsulari.
1256 3474 1328 3524 At
1392 3472 1565 3526 fuisse
1642 3475 1919 3544 Tagoram
1979 3477 2040 3531 in

344 3553 450 3608 hac
475 3555 769 3625 provincia
791 3557 999 3628 colligo
1031 3576 1094 3613 ex
1130 3561 1358 3615 Tabulis
1412 3563 1888 3634 Peutingerianis,
1940 3567 2040 3622 ubi

343 3640 466 3695 haec
514 3641 787 3712 leguntur
807 3662 824 3696 :
861 3647 1104 3701 Thacora
1141 3665 1194 3713 v;
1232 3649 1432 3716 Gegetu
1465 3652 1684 3722 (supple
1715 3668 1802 3718 xv,
1835 3669 1900 3707 ex
1923 3657 2040 3709 An-

341 3729 542 3783 tonino
587 3747 717 3784 mox
763 3733 1065 3803 laudando)
1120 3737 1442 3804 Narragara
1489 3753 1588 3805 xu,
1622 3739 1776 3794 Sicca
1810 3741 2040 3794 Veneria

342 3833 472 3873 xxx.
513 3821 835 3875 Antoninus
865 3821 943 3876 ita
991 3824 1185 3878 scribit
1241 3825 1300 3878 in
1350 3825 1556 3880 itinere
1605 3827 1772 3881 Musti
1803 3827 2034 3885 Cirtam.

344 3904 553 3960 Siccam
616 3923 784 3974 χχχιι,
838 3911 1170 3978 Naraggara
1217 3929 1347 3978 xxx,
1420 3915 1634 3981 Tagora
1693 3930 1785 3979 xx,
1837 3918 2039 3985 Tipasa

341 4008 524 4047 xxxrv.
557 3993 786 4049 Certum
826 4001 911 4050 est
935 3997 1198 4068 Tipasam
1229 4003 1508 4070 spectasse
1561 4001 1629 4056 ad
1671 4003 2035 4072 Numidiam;

343 4095 477 4133 nam
506 4080 566 4133 in
593 4083 798 4136 notitia
843 4083 1015 4154 hujus
1043 4087 1352 4155 provincize
1399 4089 1731 4144 nominatur
1774 4092 2037 4146 Rusticus

345 4170 674 4237 Tipasensis.
742 4173 1128 4243 Naraggaram
1168 4175 1387 4245 Tipasa:
1418 4176 1726 4231 finitimam
1756 4179 2038 4234 Numidiae

2150 3043 2290 3093 sem,
2329 3031 2394 3081 ut
2422 3026 2514 3080 isti
2541 3026 2927 3094 solummodo,
2970 3031 3026 3082 et
3051 3028 3244 3082 nullus
3283 3028 3524 3083 illorum
3564 3026 3722 3081 trium
3744 3039 3813 3093 sy-

2147 3114 2299 3169 nodo
2330 3130 2480 3169 anno
2504 3114 2608 3169 416
2641 3115 2985 3186 Carthagine
3021 3120 3218 3170 contra
3248 3117 3590 3187 Pelagianos
3641 3119 3814 3168 coacta).

2147 3206 2420 3261 interesse
2458 3202 2796 3272 potuerint?
2825 3204 2931 3258 Sed
2964 3203 3056 3258 cui
3076 3205 3240 3259 facile
3263 3205 3384 3260 fuit
3413 3206 3575 3260 urbes
3605 3219 3698 3274 pro
3737 3217 3816 3253 ar-

2146 3290 2316 3346 bitrio
2337 3295 2582 3357 mutare,
2611 3291 2979 3356 confundere,
3007 3297 3330 3361 exstruere,
3361 3293 3512 3348 haud
3540 3292 3813 3364 quidquam

2145 3379 2311 3450 pensi
2339 3378 2541 3433 habuit
2574 3378 2873 3450 episcopos
2925 3380 2994 3434 ad
3043 3381 3286 3451 synodos
3356 3381 3649 3437 admittere
3674 3381 3814 3451 prout

2151 3469 2313 3536 libet,
2345 3472 2402 3522 et
2431 3471 2605 3538 prout
2623 3468 2762 3522 libet
2787 3468 3108 3523 excludere.

2220 3558 2417 3611 Lucms
2444 3558 2867 3611 TAGARATENSIS.
2917 3559 3243 3612 Recensetur
3271 3559 3398 3627 ejus
3429 3573 3611 3613 nomen
3643 3558 3696 3610 in
3727 3554 3810 3608 col-

2147 3647 2363 3700 latione.
2400 3647 2784 3714 Tagaratensis
2823 3647 3058 3716 episcopi
3087 3649 3334 3703 meminit
3360 3650 3557 3702 notitia
3577 3647 3810 3715 episcopo-

2151 3750 2274 3789 rum
2298 3735 2592 3803 provincia:
2623 3734 3055 3800 Proconsularis,
3095 3735 3338 3800 refertur
3375 3739 3517 3790 enim
3547 3736 3812 3789 Honoratus

2149 3823 2534 3890 Tagaratensis
2563 3823 2752 3892 pulsus
2780 3824 2841 3877 in
2868 3823 3142 3878 exsilium.
3174 3824 3302 3878 Non
3349 3839 3582 3896 possum
3629 3836 3733 3878 non
3749 3818 3812 3872 al-

2147 3911 2250 3966 bos
2279 3911 2524 3964 calculos
2553 3910 2818 3980 adjicere.

2218 4000 2502 4053 MARIANL'S
2552 4000 2986 4053 Uzwmnassxns.
3039 4002 3373 4056 Nominatur
3437 4003 3496 4054 in
3551 3999 3813 4053 collatione.

2145 4089 2400 4142 Meminit
2443 4089 2639 4142 notitia
2685 4088 3086 4159 Episcoporum
3112 4091 3411 4157 provinciae
3453 4084 3815 4144 Proconsularis

2150 4177 2413 4243 Angentii
2437 4178 2822 4246 Uzipparitani
2845 4178 2902 4230 in
2927 4178 3181 4231 emsilium
3210 4180 3452 4247 expulsi.
3481 4179 3546 4231 In
3566 4174 3815 4247 plerisque

341 4258 654 4328 ascripsere
685 4241 919 4315 Carolus
942 4241 984 4315 a
1008 4261 1061 4316 S.
1094 4241 1270 4316 Paulo
1299 4267 1356 4317 et
1387 4265 1733 4328 Holstenius,
1780 4267 1878 4321 sed
1909 4284 2038 4338 per-
2077 4241 2121 4295 D
2150 4241 2317 4319 editis
2336 4241 2622 4319 codicibus
2652 4264 2864 4333 legitur
2903 4266 3206 4331 Macianus,
3242 4241 3342 4320 sed
3388 4241 3656 4321 Carnerio
3696 4261 3818 4315 favet

340 4361 736 4414 peram;nam
763 4349 1090 4403 sxnodicam
1115 4351 1612 4419 proconsularium
1659 4358 1767 4408 act.
1825 4357 1858 4409 2
1901 4373 2037 4410 con—

339 4435 456 4488 cilii
489 4435 881 4490 Lateranensis
928 4437 1260 4507 subscripsit
1301 4439 1610 4495 Benenatus
1650 4445 1928 4513 episcopus
1975 4447 2032 4500 S.

343 4525 406 4576 E.
439 4524 910 4592 Narragaritanze,
952 4531 1008 4579 et
1036 4525 1096 4579 in
1145 4527 1357 4580 Notitia
1408 4528 1556 4585 inter
1605 4533 2038 4600 proconsulares

243 4607 249 4616 ’
339 4611 1013 4667 recenseturMaximinus
1038 4615 1555 4683 Maraggaritanus,
1587 4617 1686 4671 ubi
1715 4618 1887 4688 plane
1915 4620 2036 4674 Na-

337 4699 726 4764 raggaritanus
756 4699 1063 4768 legendum
1094 4705 1196 4764 est,
1227 4703 1293 4756 Et
1321 4701 1382 4756 in
1412 4703 1714 4758 collatione
1744 4705 1895 4759 inter
1936 4707 2035 4760 Do-

339 4786 575 4840 natistas
599 4803 723 4857 cap.
750 4789 849 4842 207
875 4794 1211 4843 numeratur
1248 4793 1542 4846 Faustinus
1589 4795 1866 4863 episcopus
1918 4797 2036 4850 Na-

337 4877 757 4943 raggaritensis.
817 4877 974 4931 Ultra
1034 4879 1418 4950 Naraggaram
1472 4897 1666 4936 versus
1709 4882 2034 4938 Numidiam

337 4966 570 5034 ponitur
609 4967 833 5034 Gegetu.
867 4967 1044 5021 Porro
1075 4969 1220 5022 hanc
1247 4969 1419 5024 etiam
1466 4971 1664 5024 urbem
1698 4971 1870 5025 fuisse
1887 4973 2038 5027 intra

337 5053 625 5108 dimcesim
663 5055 1162 5124 proconsularium
1206 5062 1362 5127 patet
1419 5075 1486 5112 ex
1533 5058 1755 5113 Victore
1799 5060 2032 5128 Vitensi,

339 5139 440 5209 qui
469 5140 566 5193 lib.
591 5157 608 5193 1
633 5141 702 5195 de
731 5143 1014 5197 Persecut.
1051 5145 1228 5199 Vand.
1270 5146 1420 5200 inter
1453 5150 1884 5217 proconsulares
1931 5165 2035 5202 no-

341 5227 524 5281 minat
556 5231 855 5284 Vicentium
902 5231 1237 5298 Gigitanum.
1270 5236 1468 5305 Itaque
1512 5237 1734 5305 Tagora
1785 5240 1816 5290 5
1854 5237 2036 5291 millia

339 5331 611 5385 passuum
647 5317 848 5386 Gigetu
891 5320 1124 5388 distans,
1157 5325 1280 5375 erat
1308 5322 1510 5376 ultima
1560 5323 1697 5377 urbs
1725 5324 2034 5395 provincia!

337 5403 816 5474 Carthaginensis.
853 5407 1073 5478 Tipasm
1103 5409 1482 5477 contermina,
1515 5411 1678 5480 cujus
1708 5428 1866 5466 sacra
1893 5417 2036 5467 tem-

337 5507 475 5562 pore
505 5493 823 5548 collationis
862 5497 1306 5552 Posthumianus
1335 5499 1716 5565 ministrabat,
1748 5501 1847 5570 qui
1875 5507 2032 5572 post-

2147 4365 2254 4407 ms.
2285 4352 2680 4407 Laurentianus
2710 4351 3088 4406 bibliothecae.
3145 4353 3210 4406 In
3257 4353 3494 4408 Tabulis
3544 4349 3816 4414 Peutinge-

2146 4440 2322 4496 rianis
2353 4442 2611 4508 Usippira
2635 4439 2872 4510 ponitur
2890 4456 3062 4510 supra
3092 4442 3305 4511 Putput
3337 4441 3401 4495 in
3419 4431 3819 4495 mediterraneis

2146 4546 2343 4584 versus
2375 4527 2692 4582 meridiem.
2732 4529 2794 4582 In
2823 4529 3050 4598 Synodo
3098 4529 3374 4584 Bonifacii
3405 4528 3714 4600 appellatur
3737 4522 3819 4576 Sc-

2147 4621 2378 4673 mcntius
2416 4619 2821 4686 Uzipparensis.
2857 4615 3138 4671 Marianus
3188 4617 3298 4671 fuit
3355 4633 3508 4672 unus
3536 4616 3816 4685 legatorum

2147 4705 2635 4779 proconsularium
2661 4704 2722 4758 in
2744 4705 2987 4759 concilio
3013 4704 3150 4759 anni
3169 4707 3297 4760 419.

2221 4797 2563 4850 ancmosus
2614 4797 3004 4848 ABZIRITENSIS.
3056 4794 3150 4846 Ita
3187 4795 3390 4860 legitur
3449 4795 3509 4846 in
3551 4787 3816 4846 collatione,

2148 4883 2430 4950 legendum
2459 4887 2636 4936 tamen
2665 4883 2806 4947 forte
2827 4881 3317 4947 estAbderitensis,
3341 4883 3428 4935 vel
3455 4875 3815 4935 Abbiritensis:

2146 4977 2224 5026 est
2258 4975 2398 5025 enim
2441 4969 2590 5039 apud
2654 4971 3006 5025 Ptolemwum
3035 4968 3268 5024 Abdera
3305 4972 3506 5024 mentio
3551 4970 3607 5021 in
3644 4962 3816 5029 Africa

2141 5061 2390 5129 propria,
2426 5073 2517 5112 seu
2556 5059 2841 5126 provincia
2885 5058 3294 5120 Proconsulari,
3327 5055 3596 5125 siquidem
3624 5052 3821 5123 ponitur

2145 5149 2245 5203 sub
2279 5148 2638 5213 Carthagine,
2696 5152 2746 5200 et
2783 5149 2841 5200 in
2870 5147 3076 5201 Notitia
3114 5147 3418 5214 provinciae
3444 5138 3819 5199 Proconsularis

2143 5239 2206 5306 ﬁt
2232 5238 2428 5291 mentio
2459 5237 2648 5289 Felicis
2681 5235 2980 5289 Abaritani
3018 5236 3275 5304 episcopi.
3312 5234 3484 5287 Hunc
3532 5245 3650 5285 vero
3690 5228 3815 5280 Fru—

2145 5331 2386 5380 ctuosum
2415 5328 2622 5393 oportet
2649 5338 2754 5376 non
2782 5323 2880 5377 diu
2927 5325 3102 5390 fuisse
3153 5325 3541 5392 superstitem;
3591 5331 3710 5370 nam
3737 5328 3814 5364 an.

2143 5415 2248 5468 419
2279 5413 2557 5470 Candidus
2579 5413 2960 5467 Abbaritanus
2982 5417 3286 5467 recensetur
3316 5413 3458 5464 inter
3494 5411 3684 5475 legatos
3709 5415 3818 5471 pro-

2144 5505 2336 5558 vinciae
2365 5501 2776 5557 Proconsularis
2805 5503 2903 5570 qui
2936 5507 3111 5556 tamen
3140 5503 3199 5554 in
3233 5495 3712 5566 subscriptionibus
3745 5488 3816 5541 di-
