3922 6188
127 290 208 341 285
854 276 1222 334 VARIORUM
1265 275 1867 334 EXERCITATIONES
1902 276 1969 330 IN
2010 276 2065 330 S.
2106 273 2482 332 AUGUSTINI
2520 276 2773 334 OPERA.

3459 281 3562 334 286

125 412 238 462 citur
270 403 563 470 Germaniae,
593 399 686 454 sed
704 399 985 454 mendose:
1008 415 1134 454 nam
1154 402 1452 454 Germania
1476 403 1584 454 sive
1607 403 1756 454 vetus
1793 396 1843 451 A
1944 399 2319 454 Prwtemtatus
2361 402 2638 470 episcopus
2701 400 3071 456 Sicilibbensis
3114 403 3363 458 Ecclesia
3425 405 3560 459 sub-

126 502 212 551 sive
230 509 366 552 nova,
383 493 612 560 pertinet
641 489 712 542 ad
739 489 1078 554 Numidiam,
1133 491 1183 542 si
1211 505 1321 558 qua
1365 490 1497 560 ﬁdes
1543 490 1761 544 Notitia:

125 583 278 651 sepius
323 581 510 645 citataz,
559 580 613 630 in
654 593 763 646 qua
783 575 847 646 ﬁt
869 579 1065 630 mentio
1097 578 1286 630 Felicis
1311 577 1617 632 Abaritani
1642 579 1757 645 epi-

120 672 249 738 scopi.
294 669 489 720 Parum
550 665 714 719 callet
760 665 1080 720 Africanam
1130 665 1561 735 geographiam,
1619 666 1759 719 dum

117 759 276 813 urbem
319 754 694 810 Abziritauam
747 769 877 806 cum
940 753 1278 808 Abbiritana
1334 753 1648 808 confundit.
1693 756 1756 808 In

114 844 371 901 collatione
416 859 535 912 cap.
591 845 686 897 128
729 841 937 896 dicitur
982 844 1308 896 Fructuosus
1338 844 1614 912 episcopus
1641 843 1756 912 ple-

113 935 174 988 bis
195 933 556 988 Abziritensis.
586 931 800 984 Plinius
821 930 921 983 lib.
958 947 1008 996 v,
1033 947 1156 1000 cap.
1182 933 1236 998 4,
1268 930 1461 986 laudat
1487 931 1547 984 in
1571 931 1757 985 Africa

111 1020 340 1090 oppidum
389 1019 791 1073 Abziritanum.
846 1019 977 1072 Haec
1031 1019 1170 1072 urbs
1210 1019 1520 1072 Ptolemaeo
1551 1018 1758 1072 dicitur

109 1110 309 1176 Addera,
362 1124 494 1162 nam
542 1109 584 1161 D
629 1124 735 1178 pro
781 1110 815 1161 Z
852 1107 1066 1178 passim
1125 1112 1420 1178 sumptum
1497 1107 1756 1179 superius

109 1197 308 1251 ostendi.
365 1198 425 1250 Et
461 1197 520 1249 in
572 1196 786 1266 synodo
819 1197 1100 1250 Genethlii
1132 1213 1221 1250 an.
1255 1199 1357 1251 390
1383 1199 1567 1250 Victor
1592 1197 1756 1250 Abzi—

106 1289 279 1339 ritanus
299 1289 353 1338 et
380 1284 750 1339 Abderttanus
770 1286 831 1338 in
850 1285 1022 1338 variis
1053 1284 1338 1338 codicibus
1357 1284 1593 1355 legitur.
1635 1287 1753 1339 Cas-

107 1381 253 1428 terum
284 1373 460 1427 adhuc
492 1373 550 1426 in
587 1374 774 1427 Africa
795 1373 1248 1426 numerabantur
1266 1374 1392 1427 dum
1422 1373 1592 1428 urbes
1613 1390 1753 1444 qua-

105 1479 202 1515 rum
229 1461 466 1532 episcopi
487 1460 874 1516 Abbiritenses
904 1461 1410 1531 nuncupabantur.
1452 1463 1594 1516 Nam
1626 1479 1748 1532 cap.

103 1553 180 1604 215
205 1549 429 1603 laudatas
459 1549 780 1603 collationis
811 1549 1047 1619 ponitur
1067 1551 1415 1605 Annibonius
1435 1551 1751 1605 Abbiriten-

106 1640 185 1702 sis;
237 1637 408 1706 capite
458 1652 596 1690 vero
648 1639 768 1703 133,
817 1638 973 1691 Felice
1045 1641 1321 1706 episcopus
1375 1638 1748 1708 Abbirmajus,

105 1725 207 1779 urbs
231 1724 303 1778 ita
329 1724 745 1795 appellabatur,
773 1728 836 1778 ut
866 1724 935 1777 ab
967 1724 1356 1791 Abbirminus,
1388 1725 1489 1778 ubi
1521 1725 1754 1780 sedebat

101 1812 432 1882 Anuibonius,
474 1812 964 1882 distingueretur;
998 1812 1119 1865 Afri
1147 1812 1303 1866 enim
1335 1813 1405 1867 ad
1435 1813 1576 1866 duas
1609 1813 1753 1883 ejus-

102 1902 198 1956 dem
258 1901 503 1955 nominis
562 1901 733 1955 urbes
775 1901 1227 1970 distinguendas,
1273 1901 1583 1955 utebantur
1631 1900 1751 1954 istis

99 1989 337 2044 vocabulis
373 1990 559 2058 majus
591 1993 644 2042 et
671 1991 851 2042 minus
877 2006 892 2056 ;
931 1988 1010 2041 ita
1037 1989 1187 2058 apud
1217 1989 1440 2043 eosdem
1473 1988 1751 2042 habemus

98 2078 405 2147 Leptiminus,
455 2094 689 2148 nempe,
742 2079 978 2130 Parvam
1025 2077 1268 2148 Leptim,
1319 2082 1375 2131 et
1417 2077 1476 2130 in
1543 2076 1751 2131 Notitia

101 2169 216 2220 inter
240 2167 556 2236 Byzacenos
600 2169 682 2219 est
723 2168 1147 2219 Fortunatianus
1187 2167 1637 2233 Leptiminensis:
1671 2165 1752 2220 ita

99 2255 272 2308 Plinius
313 2255 530 2310 ibidem
583 2258 837 2308 recenset
877 2253 1086 2325 oppida
1136 2256 1365 2308 Ucitana
1401 2255 1523 2320 duo,
1569 2256 1749 2324 majus

99 2348 134 2396 et
150 2345 320 2409 minus,
361 2347 416 2397 et
446 2359 578 2413 cap.
611 2345 708 2397 l33
738 2341 1057 2396 collationis
1099 2342 1373 2396 recitatur
1425 2344 1750 2398 Octavianus

97 2434 324 2500 episcopus
371 2432 554 2501 plebis
610 2431 908 2500 Ucimajus.
962 2432 1158 2502 Itaque
1206 2430 1392 2484 eidem
1458 2432 1748 2486 collationi

98 2535 210 2573 anno
253 2521 343 2574 411
405 2520 723 2574 interfuere
778 2521 1121 2573 Fructuosus
1163 2518 1549 2584 Abziritensis,
1597 2521 1748 2575 Felix

97 2607 427 2678 Ahbirmajus,
470 2607 841 2662 Annibonius
903 2606 1300 2662 Abhirminus.
1365 2609 1429 2662 In
1489 2610 1747 2678 synodali

95 2697 547 2765 proconsularium
595 2700 700 2750 act.
763 2696 795 2750 ‘2
847 2696 1072 2749 concilii
1107 2696 1500 2750 Lateranensis
1531 2698 1747 2752 laudati

99 2785 403 2852 appellantur
427 2784 754 2840 Adeodatus
788 2784 1178 2852 Abbiritanus,
1209 2789 1265 2838 et
1301 2786 1609 2839 Victorinus
1631 2786 1746 2840 Ab-

102 2874 330 2941 :iritanus,
361 2888 620 2944 quorum
650 2873 1049 2943 episcoporum
1089 2873 1258 2927 urbes
1287 2871 1502 2926 mirum
1523 2889 1640 2927 non
1663 2877 1748 2928 est

1868 503 2086 556 scripsi.

1939 577 2337 642 Quodvultdeus
2359 580 2636 647 episcopus
2672 581 2920 633 Verensis
2953 581 3214 634 Ecclesiae
3239 581 3557 652 subscripsi.

1938 666 2228 720 Candidus
2285 669 2561 736 episcopus
2610 667 2980 722 Abbiritensis
3017 669 3560 723 Germanicianorum

1867 755 2119 808 Ecclesia:
2149 755 2465 824 subscripsi.

1935 845 2095 896 Anno
2147 845 2240 897 411
2312 843 2540 897 sedebat
2577 843 2773 914 Carpis
2807 843 3106 908 Antonius,
3161 844 3253 897 cui
3312 845 3559 898 Pentha-

1864 930 1986 983 dius
2017 931 2352 1002 subrogatus
2383 930 2489 984 fuit
2517 947 2580 984 ex
2613 947 2734 1001 cap.
2772 934 2868 985 l235
2896 932 3059 985 toties
3082 936 3410 985 memoratae
3442 933 3558 985 col-

1863 1018 2116 1072 lationis.
2153 1019 2308 1072 Idem
2332 1019 2503 1073 etiam
2527 1019 2952 1083 Quodvultdeus
2973 1019 3031 1073 in
3055 1020 3365 1090 epigraphe
3395 1021 3560 1090 poni-

1863 1110 1957 1160 tur
1988 1112 2117 1160 ante
2143 1108 2486 1162 Candorium
2520 1108 2918 1170 Mullitensem,
2952 1109 3049 1179 qui
3080 1109 3365 1163 collationi
3395 1109 3562 1163 inter-

1863 1193 1989 1248 fuit.
2028 1196 2211 1258 Quare
2241 1195 2496 1248 diversus
2518 1196 2686 1265 plane
2708 1195 2814 1249 fuit
2840 1213 2870 1248 a
2893 1196 3285 1259 Quodvultdeo
3307 1197 3556 1251 Verensi.

1934 1283 2245 1336 CANDORIL'S
2286 1284 2665 1336 MULLITENSIS.
2716 1286 3042 1338 Numeratur
3101 1287 3242 1339 inter
3286 1288 3557 1355 episcopos

1864 1375 1961 1442 qui
1989 1375 2330 1440 Carthagine
2367 1376 2589 1440 fuerunt
2639 1378 2870 1443 tempore
2902 1376 3220 1429 collationis.
3241 1378 3398 1429 Inter
3424 1393 3559 1446 pro—

1860 1461 2163 1513 consulares
2202 1462 2390 1529 ejectos
2412 1463 2618 1516 Notitia
2647 1463 2804 1516 habet
2834 1463 3144 1517 Liberatum
3174 1462 3551 1517 Mullitanum.

1860 1547 2114 1600 Tandem
2143 1547 2448 1602 Garnerius
2476 1564 2582 1602 non
2602 1551 2716 1602 sine
2748 1565 2880 1602 cura
2905 1555 2954 1605 et
2986 1551 3166 1604 labore
3190 1548 3408 1620 aliquid
3447 1566 3551 1603 ex—

1861 1634 2112 1704 piscatus
2144 1639 2245 1690 est.

1933 1725 2185 1779 MAXIMUS
2212 1728 2268 1778 et
2306 1727 2616 1782 MEGARIUS.
2660 1727 2860 1792 Ignotae
2882 1726 3050 1779 sedes.
3092 1725 3200 1780 Sed
3230 1730 3285 1781 et
3311 1726 3556 1780 aliorum

1860 1829 2064 1883 parum
2093 1813 2280 1868 eidem
2308 1818 2477 1868 notae.

1932 1903 2184 1956 Rurmvs
2227 1904 2692 1958 DRUSlLlANENSlS.
2749 1904 3075 1973 Quanquam
3120 1905 3203 1958 ita
3249 1905 3451 1971 legitur
3500 1907 3557 1958 in

1859 1991 2163 2059 collatione,
2207 1977 2488 2059 legendum
2510 1998 2685 2046 tamen
2709 1997 2844 2063 puto
2902 1994 3318 2058 Dinisianensis,
3352 1994 3435 2046 vel
3453 2008 3559 2062 po—

1860 2081 1969 2133 tius
1995 2081 2425 2134 Dionisianensis
2451 2095 2462 2134 :
2487 2081 2662 2148 ejusce
2699 2083 2839 2134 enim
2870 2083 3101 2135 nominis
3148 2083 3428 2150 episcopus
3454 2096 3558 2150 po-

1856 2169 2010 2221 nitur
2033 2170 2093 2222 in
2118 2170 2339 2223 concilio
2369 2170 2787 2237 Carthaginensi
2814 2169 3274 2240 rebaptizantium
3296 2185 3427 2223 num
3452 2171 3546 2224 48.

1857 2256 1948 2310 An
1988 2272 2095 2310 non
2120 2258 2220 2310 illa
2249 2258 2397 2312 sedes
2438 2274 2556 2326 quae
2590 2261 2648 2311 in
2693 2259 2906 2314 Notitia
2929 2260 3227 2327 provinciae
3259 2261 3554 2312 Proconsu-

1858 2345 1993 2399 laris
2009 2349 2255 2415 corrupte
2280 2347 2478 2412 legitur
2504 2346 2940 2400 Duassendelmai
2959 2347 2986 2401 ?
3010 2347 3130 2400 Non
3158 2351 3403 2416 possunt
3432 2347 3555 2400 sine

1854 2432 1975 2486 risu
2004 2433 2125 2487 hinc
2153 2433 2359 2488 audiri.
2392 2437 2434 2486 A
2467 2449 2688 2487 carcere
2715 2434 2786 2488 ad
2816 2434 3026 2488 calcem
3056 2439 3333 2504 pererrat.
3385 2435 3554 2504 Lege,

1862 2521 1944 2574 mi
1973 2521 2207 2590 Antoni,
2243 2522 2620 2593 epigraphen,
2651 2522 2866 2577 videbis
2896 2523 3185 2576 nominari
3225 2539 3341 2576 non
3391 2524 3554 2577 Rufi-

1856 2625 2017 2679 num,
2068 2611 2166 2664 sed
2208 2611 2512 2666 Rusricuu.
2568 2613 2651 2665 Ita
2697 2627 2827 2664 cum
2845 2613 2958 2665 duo
2985 2610 3203 2665 Rustici
3233 2611 3294 2664 in
3322 2611 3547 2682 epigra-

1854 2698 1964 2768 phe
1996 2699 2339 2768 scribantur,
2373 2699 2679 2753 Garnerius
2709 2717 2776 2753 ex
2806 2699 2986 2770 priori
3045 2699 3438 2753 Rusticianum
3469 2701 3551 2754 fa-

1856 2785 1952 2851 cit,
1998 2786 2376 2856 posteriorem
2418 2786 2478 2840 in
2532 2786 2803 2840 Ruﬁnum
2834 2790 3037 2839 mutat.
3065 2786 3206 2840 Cum
3234 2802 3350 2839 non
3371 2787 3553 2856 possit

1856 2874 2153 2928 Rusticum
2198 2874 2348 2928 inter
2393 2874 2667 2928 ducentos
2700 2877 2758 2927 et
2804 2874 3096 2943 octoginta
3132 2889 3223 2927 sex
3252 2874 3550 2946 episcopos

102 2959 376 3015 Garuerium
417 2962 486 3016 in
520 2977 696 3016 unam
727 2961 1069 3026 confudisse,
1104 2977 1235 3014 cum
1265 2977 1368 3014 nec
1399 2962 1625 3016 easdem
1657 2963 1748 3017 Ca-
1777 2973 1815 3028 C
1857 2962 1956 3032 qui
1987 2962 2283 3016 collationi
2315 2977 2529 3014 nomen
2559 2961 2838 3015 dederunt
2870 2961 3140 3031 reperire,
3175 2961 3309 3014 satis
3328 2963 3549 3016 urbano

99 3048 213 3102 solus
238 3066 268 3102 a
315 3050 368 3104 S.
410 3051 616 3116 Paulo,
650 3066 754 3104 nec
783 3050 1107 3104 Holstenius
1137 3053 1326 3104 exacte
1359 3049 1743 3105 distinxerint.

96 3133 170 3190 Sed
193 3137 292 3191 alia
317 3154 528 3192 rursus
559 3138 815 3193 Garnerii
845 3142 1031 3192 errata
1073 3137 1413 3208 corrigenda
1441 3142 1604 3204 sunt;
1636 3139 1749 3192 fal-

96 3237 186 3278 sum
211 3227 351 3281 enim
382 3231 471 3282 est
509 3227 829 3281 Candidum
859 3227 1189 3280 successisse
1218 3228 1566 3293 Fructuoso;
1611 3243 1747 3282 nam

94 3311 323 3370 Candidus
354 3315 467 3370 fuit
503 3315 807 3386 episcopus
833 3315 1234 3382 Abbiritensis,
1268 3332 1383 3369 non
1426 3315 1745 3370 Abziriten-

93 3398 172 3465 sis;
213 3401 285 3455 ita
325 3403 494 3457 enim
540 3402 752 3472 legitur
785 3402 846 3456 in
891 3403 1306 3473 subscriptione
1355 3404 1555 3473 synodi
1595 3421 1746 3458 anno

91 3489 164 3541 ll9
209 3491 551 3562 Carthagine
601 3495 825 3558 coactae,
882 3493 1160 3548 Candidus
1191 3495 1470 3562 episcopus
1511 3494 1747 3547 Abbiri—

90 3579 210 3630 tensis
237 3579 797 3646 Germanicianorum,
833 3580 987 3650 apud
1026 3580 1321 3634 Labbeum
1351 3585 1496 3634 tom.
1533 3581 1581 3634 II
1613 3583 1750 3635 Con-

88 3663 158 3718 cil.
185 3682 302 3738 pag.
339 3671 513 3723 1670.
554 3669 621 3722 Et
650 3673 839 3736 recte;
869 3685 1002 3722 nam
1031 3669 1185 3739 apud
1219 3671 1600 3740 Augustinum
1643 3671 1742 3726 lib.

87 3766 124 3803 γι
147 3753 203 3807 de
254 3757 430 3828 Bapt.,
487 3773 610 3827 cap.
659 3760 749 3823 23,
781 3758 1117 3811 nominatur
1145 3757 1203 3810 in
1236 3759 1452 3828 synodo
1477 3759 1746 3829 Cypriani

87 3839 320 3898 Successus
364 3846 432 3900 ab
496 3846 674 3900 Abbir
727 3848 1170 3900 Germaniciana.
1220 3847 1276 3901 Si
1298 3847 1604 3902 Garnerius
1637 3864 1742 3918 pro

85 3928 336 3988 Germaniae
372 3934 436 3987 in
489 3933 820 3988 melioribus
849 3934 1136 3988 codicibus
1177 3936 1532 3990 Germaniciae
1580 3937 1744 4007 legis-

84 4021 161 4081 set,
189 4021 383 4074 rectius
405 4025 633 4075 textum
685 4021 1039 4075 correxisset.
1070 4023 1278 4076 Verum
1300 4023 1604 4093 plusquam
1627 4023 1744 4092 pal-

82 4107 218 4162 maris
258 4115 339 4164 est
383 4111 648 4180 ejusdem
689 4110 991 4180 scriptoris
1037 4110 1385 4178 allucinatio,
1432 4111 1533 4164 ubi
1569 4109 1744 4162 tradit

84 4189 410 4250 Fructuosum
457 4200 593 4266 post
622 4213 839 4250 annum
886 4197 991 4250 416
1021 4197 1173 4250 haud
1207 4197 1303 4250 diu
1329 4198 1500 4252 fuisse
1541 4213 1736 4268 super-

1857 3047 2096 3101 artiﬁcio
2125 3064 2228 3118 pro
2279 3047 2509 3102 Rustico
2556 3046 2828 3100 Ruﬁnum
2876 3047 3155 3101 obtrudit.
3185 3049 3360 3102 Porro
3392 3049 3550 3103 Ruti-

1855 3153 1960 3190 nus
1989 3152 2109 3206 cap.
2150 3138 2240 3190 121
2280 3135 2595 3189 collationis
2641 3139 2873 3189 vocatur
2919 3138 3198 3205 episcopus
3221 3137 3394 3206 plebis
3415 3139 3551 3191 Dru-

1854 3226 2186 3279 silianensis.
2244 3225 2450 3278 Verum
2499 3224 3025 3293 metamorphoseos
3073 3223 3378 3293 studiosus,
3432 3241 3548 3278 non

1856 3313 2027 3366 modo
2057 3312 2412 3383 episcopum,
2446 3313 2544 3366 sed
2571 3318 2628 3366 et
2658 3311 3038 3366 Drusilianam
3065 3312 3322 3381 ejusdem
3353 3313 3547 3366 sedem

1853 3402 1914 3455 in
1940 3402 2110 3455 aliam
2143 3406 2484 3456 convertens
2515 3401 2628 3455 ait:
2665 3401 2974 3466 Legendum
3009 3405 3186 3454 tamen
3215 3405 3347 3469 puto
3377 3402 3545 3456 Dini-

1853 3493 2170 3545 sianensem.
2209 3489 2446 3544 Serione
2478 3506 2552 3544 an
2572 3490 2769 3559 jocose
2795 3490 2916 3542 Ιιωο
2954 3488 3239 3558 scripsisse
3277 3489 3544 3544 eumdem

1852 3581 2069 3649 putas?
2119 3579 2362 3634 Ubinam
2404 3578 2684 3650 gentium,
2737 3593 2851 3631 non
2899 3577 3084 3630 dicam
3123 3576 3182 3630 in
3211 3576 3418 3642 Africa,
3451 3577 3548 3632 sed

1852 3667 1988 3721 orbe
2036 3671 2154 3722 toto
2195 3668 2555 3738 episcopatus
2605 3665 3017 3721 Dinisianensie
3062 3665 3289 3736 paruit?
3333 3665 3548 3721 Verum

1850 3755 1978 3810 vide
2009 3757 2296 3827 quomodo
2349 3756 2609 3810 eamdem
2658 3755 3011 3809 Dinisianam
3059 3769 3221 3807 suam
3264 3753 3419 3806 illam
3448 3769 3545 3807 ur-

1848 3844 2002 3911 bem,
2036 3861 2211 3916 quam
2259 3860 2376 3899 uno
2423 3845 2600 3899 ductu
2633 3843 2836 3898 calami
2883 3846 3119 3912 repente
3146 3840 3439 3908 excitarat,
3467 3842 3546 3896 al-

1849 3937 1972 3987 tero
2004 3933 2198 3987 statim
2231 3933 2463 4003 dejecit;
2496 3934 2579 3986 vel
2623 3935 2822 4000 potius,
2860 3931 3064 4000 inquit,
3096 3932 3541 3984 Dionisianensis.

1853 4021 1962 4075 Sed
1989 4036 2292 4092 perperam
2323 4019 2807 4074 Drusilianensem
2839 4017 3143 4072 Ecclesium
3173 4033 3303 4070 cum
3331 4017 3543 4087 Diony-

1850 4109 2012 4162 siana
2032 4107 2326 4161 confundit
2352 4127 2368 4174 ;
2398 4107 2496 4160 illa
2527 4105 2681 4160 enim
2705 4106 2778 4159 ad
2805 4105 3244 4176 proconsulares
3275 4105 3543 4175 pertinet,

1851 4199 1915 4250 ut
1961 4212 2027 4250 ex
2070 4195 2296 4250 Tabulis
2341 4193 2798 4264 Peutingerianis
2866 4196 3105 4258 constat,
3148 4193 3268 4246 haec
3292 4209 3423 4246 vero
3471 4193 3539 4246 ad

81 4278 254 4350 sulem,
285 4286 439 4355 quod
457 4257 758 4340 -Candidus
790 4301 940 4338 anno
970 4286 1074 4339 419
1109 4284 1169 4338 in
1210 4285 1501 4346 Fructuosi
1549 4257 1735 4339 calhe-
1777 4257 1820 4310 Β
1857 4287 2202 4356 Byzacenos;
2238 4300 2370 4338 nam
2403 4257 2738 4338 intervsedes
2768 4281 2984 4353 Byzacii
3016 4257 3143 4352 qum
3167 4281 3289 4335 sine
3319 4280 3542 4351 episco-

85 4365 163 4421 dra
187 4373 423 4428 sedebat.
451 4375 516 4429 Id
539 4373 637 4427 ubi
669 4374 736 4428 de
755 4372 1003 4428 Candido
1025 4389 1211 4427 sermo
1248 4373 1484 4428 inferius
1510 4374 1741 4441 incidet,

82 4459 368 4528 ostendam;
403 4478 542 4516 nam
574 4462 774 4514 ambos
803 4461 935 4515 huic
967 4461 1184 4531 synodo
1214 4466 1522 4532 praesentes
1551 4463 1736 4532 ﬁngit.

135 4545 544 4608 Quonvuvrnuus
585 4551 879 4604 VERENSIS.
919 4552 1043 4603 Fuit
1065 4565 1204 4602 unus
1233 4566 1300 4603 eu:
1328 4551 1503 4604 decem
1551 4552 1741 4616 legatis

82 4637 330 4697 prosumiae
366 4638 796 4706 Proconsularis,
842 4639 940 4707 qui
986 4652 1104 4691 cum
1143 4639 1380 4692 aliarum
1417 4641 1739 4707 provincia—

83 4734 176 4774 rum
207 4725 387 4791 legatis
433 4742 527 4780 an.
582 4727 710 4793 419,
757 4729 969 4780 nomine
1014 4729 1178 4780 totius
1232 4728 1515 4792 Africanae
1542 4730 1742 4798 synodi

83 4821 266 4867 canones
293 4819 732 4884 recognoverunt.
764 4816 889 4869 Non
926 4815 1006 4868 ita
1035 4819 1135 4869 est.
1170 4815 1267 4870 Hic
1311 4815 1738 4879 Quodvultdeus

81 4901 186 4948 ante
211 4917 420 4956 annum
451 4905 545 4956 411
583 4907 709 4957 erat
742 4903 1057 4974 episcopus,
1083 4920 1214 4957 nam
1247 4905 1576 4959 nominatur
1604 4909 1736 4959 ante

79 4982 314 5042 Thomam
379 4991 758 5056 Cubdensem,
827 4991 928 5061 qui
980 4991 1240 5046 interfuit
1296 4993 1610 5048 collationi.
1666 4995 1737 5047 At

78 5068 464 5131 Quodvultdeus
497 5077 758 5130 Verensis
841 5083 973 5146 post
1026 5093 1120 5132 an.
1183 5080 1279 5131 411
1343 5079 1732 5150 episcopatum

79 5157 280 5228 adeptus
328 5169 444 5230 est;
492 5181 624 5218 cum
671 5164 731 5217 in
761 5165 1270 5234 subscriptionibus
1300 5183 1399 5222 an.
1447 5170 1551 5223 419
1582 5173 1729 5238 post,

78 5244 413 5305 Penthadium
437 5253 804 5323 Carpitanum
826 5253 1061 5306 locetur.
1096 5254 1303 5308 Earum
1321 5256 1729 5325 fragmentum,

78 5336 201 5399 quod
224 5339 535 5406 plurimum
565 5341 632 5394 ad
660 5357 782 5394 rem
810 5340 966 5409 facit,
1008 5341 1099 5394 hic
1125 5342 1338 5396 insero.

128 5422 443 5482 Penthadius
472 5431 752 5500 episcopus
794 5430 1104 5498 Carpitanaa
1136 5433 1384 5486 Ecclesia
1410 5431 1726 5501 subscripsi.

128 5509 394 5578 Ru/ftanus
423 5518 698 5586 episcopus
727 5516 976 5572 Ecclesiae
1005 5519 1264 5571 Masensis
1295 5517 1614 5586 subscripsi.

1849 4375 1938 4444 pis
1971 4377 2134 4428 erant
2159 4389 2310 4426 anno
2337 4375 2460 4438 484,
2492 4372 2728 4442 ponitur
2754 4371 2812 4424 in
2847 4369 3060 4424 Notitia
3091 4369 3295 4424 Africae
3331 4372 3540 4440 Diony-

1849 4463 2026 4515 siana.
2053 4461 2287 4515 Easdem
2337 4460 2509 4514 etiam
2555 4459 2804 4513 diversas
2849 4458 3017 4512 urbes
3046 4457 3221 4512 fuisse
3255 4458 3544 4512 evidenter

1849 4565 1912 4602 ex
1944 4549 2246 4604 collatione
2277 4548 2596 4612 deducitur,
2630 4547 2687 4600 in
2715 4563 2826 4617 qua
2858 4563 2986 4618 cap.
3023 4550 3117 4602 l8’7
3153 4547 3302 4602 inter
3322 4546 3541 4618 episco-

1848 4654 1952 4708 pos
1984 4638 2306 4692 Donatistas
2332 4638 2429 4708 qui
2457 4637 2746 4690 collationi
2777 4637 3087 4691 interfuere
3115 4636 3351 4706 ponitur
3375 4638 3544 4690 Resti-

1849 4732 1996 4782 tutus
2027 4730 2304 4798 episcopus
2333 4727 2777 4791 Drusilionensis,
2811 4730 2866 4780 et
2895 4742 3018 4796 cap.
3055 4729 3154 4780 198
3200 4728 3383 4781 Victor
3419 4727 3540 4793 epi-

1845 4830 2033 4884 scopus
2063 4815 2530 4882 Dionysianensis.
2558 4814 2754 4883 Itaque
2778 4813 3101 4866 Drusiliana
3122 4819 3172 4866 et
3197 4811 3540 4881 Dionysiana

1843 4903 2002 4958 fuere
2061 4903 2320 4968 diversae,
2363 4905 2421 4955 et
2476 4901 2830 4956 diversarum
2887 4901 3306 4971 provinciarum
3348 4901 3537 4965 urbes,

1844 4992 2053 5063 quibus
2079 4990 2328 5044 distincti
2347 4989 2598 5061 episcopi
2632 4989 2940 5044 Donatistae
2970 4988 3380 5060 praesidebant;
3411 4987 3538 5042 illas

1843 5097 1971 5134 vere
2000 5095 2181 5134 novus
2213 5080 2577 5150 geographus
2620 5079 2680 5132 in
2723 5093 2898 5132 unam
2949 5076 3267 5142 confundit,
3301 5076 3540 5131 alteram

1841 5185 1906 5223 ex
1931 5168 2162 5240 Byzacio
2193 5168 2252 5220 in
2288 5168 2762 5221 Proconsularem
2811 5165 2930 5220 sine
2988 5163 3265 5219 machinis
3294 5165 3537 5220 transfe-

1841 5274 1989 5312 rens.
2026 5259 2100 5310 At
2145 5272 2334 5326 neque
2369 5256 2458 5310 his
2511 5253 2928 5310 mutationibus
2965 5256 3283 5320 contentus,
3309 5269 3440 5306 cum
3473 5270 3540 5308 ex

1841 5343 2162 5400 Drusiliana
2205 5341 2402 5397 fecerit
2451 5342 2822 5404 Dinisianam,
2890 5339 3023 5394 dein
3090 5340 3537 5409 Dionysianam;

1838 5431 2070 5484 tandem
2093 5447 2163 5484 ex
2189 5429 2277 5483 his
2303 5430 2570 5484 omnibus
2599 5433 2870 5498 tanquam
2897 5427 3214 5482 dirutarum
3243 5427 3535 5482 civitatum

1836 5519 2139 5573 ruderibus
2168 5534 2374 5572 novam
2404 5519 2604 5572 urbem
2631 5515 2876 5570 aediﬁcat
2905 5515 3368 5571 Duassendelmai
3394 5532 3407 5569 :
3441 5518 3529 5570 An
