3926 6192
374 294 474 348 287
560 258 569 263 ’

1380 294 1937 353 SUPPLEMENTUM
1977 299 2067 353 AD
2106 298 2338 354 OPERA
2376 299 2431 354 S.
2474 298 2866 356 AUGUSTINI.
3752 309 3838 363 288

372 429 498 484 non,
531 414 818 487 inquiens,
849 416 949 470 illa
977 415 1125 470 sedes
1140 431 1258 483 quae
1281 418 1341 469 in
1369 417 1575 473 Nolitia
1601 422 1896 488 provincia
1924 422 2062 475 Pro-
2105 423 2145 476 A
2180 423 2272 474 tur
2307 423 2683 475 Januarianus
2738 423 3016 491 cpiscopus
3049 420 3298 474 Ecclesiae
3351 422 3651 491 Gisipensis.
3694 426 3749 479 Et
3774 431 3840 480 ta-

371 507 673 560 consularis
719 509 968 572 corrupte
1015 506 1215 571 legitur
1256 506 1723 562 Duassendelmai!
1756 510 1877 562 Imo
1914 510 2067 579 ipse-

376 600 494 650 met
522 598 787 663 corrupte
813 594 984 663 legit;
1017 608 1150 646 nam
1180 592 1240 646 in
1274 594 1485 648 Notitia
1515 596 1744 650 laudata
1781 613 1898 651 non
1930 598 2064 652 dici«

376 689 473 737 tur
526 682 997 745 Duassendelmai,
1054 680 1151 735 sed
1218 684 1660 753 Duassedemsai;
1739 687 2071 741 nominatur

379 771 534 825 enim
579 770 793 824 ibidem
830 770 1152 823 Mannucius
1200 769 1638 842 Duassedemsai,
1692 775 1856 845 cujus
1910 776 2069 830 sedes

379 875 509 914 cum
555 862 837 912 statuatur
881 857 944 910 in
988 858 1404 926 Proconsulari,
1459 863 1663 932 nequit
1707 864 1906 917 eadem
1950 880 2071 917 esse

379 962 507 1000 cum
534 944 900 1015 Dionysiaua,
924 961 1053 1016 quae
1082 944 1140 998 in
1163 945 1361 1002 eadem
1393 949 1600 1004 Notitia
1619 951 1841 1005 locatur
1865 952 1925 1006 in
1968 954 2074 1023 By-

382 1043 554 1097 zacio.
587 1043 766 1096 Porro
796 1041 1097 1096 Ecclesium
1138 1039 1572 1095 Duassedemsai
1617 1043 1758 1110 puto
1810 1040 2072 1095 eamdem

380 1146 501 1184 esse
528 1146 655 1201 quas
684 1145 807 1200 cap.
841 1132 947 1183 202
976 1128 1293 1183 collationis
1313 1128 1521 1182 dicitur
1563 1128 2071 1197 Assenemsalensis,

383 1218 484 1272 ubi
513 1218 665 1272 inter
703 1216 1026 1272 Donatistas
1068 1220 1396 1271 recensetur
1439 1218 1863 1270 Fortunatianus
1906 1218 2073 1271 Asse-

379 1307 748 1374 nemsalensis,
781 1311 838 1360 et
864 1306 922 1359 in
955 1306 1173 1376 synodo
1207 1304 1477 1360 Bonifacii
1509 1305 1660 1359 inter
1697 1306 2075 1376 proconsula—

382 1410 473 1450 res
528 1394 761 1465 ponitur
816 1396 1181 1449 Patronianus
1238 1394 1673 1449 Senemsalensis.
1737 1393 2073 1463 Synodicam

383 1480 877 1551 proconsularium
911 1485 1015 1537 act.
1047 1484 1080 1535 2
1115 1482 1314 1552 synodi
1348 1481 1741 1535 Lateranensis
1773 1481 2078 1537 subscribit

381 1571 662 1624 Juliamus
686 1572 872 1637 gratia
899 1572 998 1624 Dei
1019 1573 1296 1640 episcopus
1326 1571 1382 1625 S.
1414 1572 1482 1626 E.
1506 1570 1740 1624 duarum
1770 1572 2076 1640 Senepsali-

388 1660 647 1710 linarum.
703 1658 885 1711 Habes
926 1674 1062 1728 ergo
1098 1657 1159 1711 in
1192 1662 1441 1729 quatuor
1479 1658 1735 1712 versibus
1764 1663 1850 1713 tot
1887 1665 2075 1713 errata

384 1742 718 1797 recentioris
770 1744 1008 1815 hujusce
1042 1744 1378 1815 geographi,
1425 1761 1553 1816 quae
1594 1747 1738 1800 forte
1783 1747 1940 1802 idem
1969 1748 2075 1802 ad-

384 1830 569 1885 denda
595 1830 816 1902 putavit
845 1832 1217 1902 Geographias
1242 1832 1587 1905 reformatm,
1615 1850 1788 1906 quam
1841 1836 2076 1906 quidam

376 1918 560 1989 (nosti
584 1918 898 1989 hominem)
930 1919 990 1973 in
1016 1920 1201 1975 lucem
1228 1921 1434 1977 emisit.

454 2007 732 2061 RUFIANUS
778 2008 1074 2063 Maxaxsm.
1130 2011 1341 2063 Dicitur
1384 2012 1442 2063 in
1475 2010 1755 2065 collatione
1790 2013 2071 2067 Muzucen-

383 2098 459 2150 sis
478 2115 499 2162 ,ο
523 2111 663 2150 unus
690 2097 802 2162 fuit
833 2112 859 2149 e
899 2096 1073 2150 decem
1105 2096 1364 2164 delegatis
1405 2114 1432 2151 e
1456 2101 1739 2167 provincia
1776 2102 2079 2155 Proconsu-

385 2184 496 2237 lari
525 2198 616 2238 an.
648 2184 753 2237 419
784 2183 858 2237 ad
898 2186 1348 2250 recognoscendos
1410 2201 1654 2255 canones,
1703 2191 1807 2244 etc.
1839 2190 2083 2244 Putabat

388 2287 448 2324 se
496 2269 666 2342 lippis
715 2271 961 2326 scribere
1010 2287 1074 2325 ac
1114 2272 1457 2337 tonsoribus,
1485 2289 1615 2329 cum
1643 2278 1730 2330 tot
1754 2276 2080 2331 fabularum

385 2362 653 2430 portenta
682 2358 890 2412 chartis
915 2358 1178 2415 inseruit.
1219 2361 1456 2416 Fallitur
1492 2378 1622 2417 cum
1648 2364 1843 2419 scribit
1888 2365 2081 2420 Rutia-

390 2463 530 2502 num
575 2446 687 2502 dici
733 2447 794 2501 in
847 2447 1150 2513 collatione
1197 2450 1612 2519 Muzucensem,
1664 2454 1777 2506 Nec
1806 2454 2082 2509 Ruﬁanus

388 2535 617 2604 dicitur,
670 2551 774 2590 nec
823 2536 1192 2606 Muzucensis,
1238 2538 1337 2591 sed
1385 2554 1514 2610 cap.
1558 2542 1677 2604 127,
1716 2546 2084 2612 nuncupatur

388 2625 710 2692 Ruﬁnianus
758 2625 1087 2678 Muzuensis.
1148 2626 1278 2679 Erat
1329 2627 1494 2681 Muzu
1545 2627 1609 2682 in
1664 2630 2079 2698 Proconsulari,

389 2716 447 2764 et
473 2712 623 2765 inter
651 2711 861 2781 ejectos
889 2728 957 2765 ex
986 2712 1091 2766 hac
1110 2713 1399 2784 provincia
1420 2715 1478 2769 in
1501 2716 1765 2771 exsilium
1793 2718 1862 2772 ab
1891 2720 2084 2773 Hune-

298 2848 301 2851 .
389 2799 506 2853 rico
546 2799 820 2855 recitatur
861 2803 1015 2856 Felim
1052 2805 1381 2857 Muzuensis.
1428 2805 1493 2858 In
1524 2804 1724 2859 eadem
1778 2805 2083 2861 collatione

389 2903 513 2959 cap.
546 2891 646 2943 133
678 2889 977 2961 episcopus
1008 2892 1344 2948 Muzucensis
1376 2894 1700 2964 appellatur
1748 2895 2082 2951 Restitutus.

2177 524 2312 561 men
2350 523 2480 562 cum
2521 508 2819 573 utriusque
2866 507 3025 561 urbis
3074 506 3363 561 distinctio
3404 508 3704 564 meridiana
3727 513 3833 567 luce

2179 596 2389 650 clarior
2437 600 2726 667 appareat,
2787 595 3140 651 conﬁdenter
3196 595 3472 649 exclamat
3524 597 3831 656 Garnerius:

2175 685 2369 739 Nullus
2416 685 2602 739 dubito
2648 687 2782 755 quin
2819 685 2961 739 idem
3006 684 3376 740 Ginesitensiis
3403 686 3498 753 qui
3542 687 3831 755 Gisipensis.

2177 772 2338 827 Adde
2370 773 2542 827 etiam
2593 773 2919 827 Proculiani
2947 788 3163 827 nomen
3215 771 3493 827 familiare
3522 773 3684 828 fuisse
3709 777 3837 846 apud

2177 860 2343 915 Afros
2370 881 2385 929 ;
2420 877 2552 915 nam
2578 862 2876 933 episcopus
2894 861 2994 932 qui
3023 860 3084 915 in
3110 860 3464 931 Hipponensi
3482 860 3700 916 dioecesi
3719 878 3832 917 con-

2178 953 2266 1003 tra
2292 949 2677 1020 Augustinum
2708 949 3039 1004 morabatur
3062 949 3310 1020 in2parte
3331 949 3554 1015 Donati,
3586 950 3840 1005 Proculia-

2180 1054 2285 1091 nus
2315 1038 2631 1104 dicebatur,
2663 1038 2734 1092 ad
2764 1053 2937 1109 quem
2959 1037 3089 1092 data
3118 1041 3204 1091 est
3231 1036 3472 1105 epistola
3498 1036 3645 1091 inter
3673 1040 3837 1109 Augu-

2181 1126 2455 1180 stinianas
2514 1129 2636 1194 147,
2692 1131 2748 1179 et
2802 1126 3133 1180 nominatur
3188 1124 3362 1179 etiam
3417 1125 3479 1178 in
3519 1124 3677 1195 epist.
3733 1130 3835 1181 168.

2194 1217 2395 1269 Fateor
2419 1214 2696 1269 tamenin
2722 1214 2914 1268 codice
2943 1212 3323 1268 Laurentiano
3353 1214 3635 1268 Proculum
3676 1214 3838 1268 scribi.

2187 1304 2400 1357 Verum
2458 1302 2618 1358 adest
2672 1301 2733 1356 in
2764 1317 2887 1371 cap.
2948 1304 3046 1356 135
3078 1300 3250 1355 etiam
3285 1299 3549 1354 Proculus
3584 1299 3837 1354 Serrensis.

2254 1392 2496 1446 Tuoms.
2550 1392 2753 1446 Mirum
2804 1390 3005 1458 ubique
3067 1388 3230 1459 hujus
3285 1390 3522 1442 nominis
3583 1389 3841 1456 silentium,

2181 1481 2294 1533 nisi
2324 1479 2467 1547 quod
2491 1481 2594 1533 Leo
2630 1480 2861 1546 Magnus
2889 1479 3111 1547 scripsit
3143 1477 3217 1531 ad
3254 1478 3513 1531 Thomam
3549 1477 3841 1541 Africanum

2184 1569 2517 1637 episcopum:
2550 1567 2644 1621 sed
2663 1566 2977 1621 incredibile
3014 1569 3092 1619 est
3120 1566 3322 1618 huncce
3359 1565 3613 1617 Thomam
3637 1569 3840 1617 nostrum

2187 1656 2380 1710 tandiu
2424 1658 2647 1711 vidisse.
2699 1655 2759 1709 Si
2812 1669 3066 1725 praesens
3113 1650 3411 1707 collationi
3456 1652 3579 1706 haec
3626 1650 3842 1715 dixisset,

2186 1744 2425 1798 surdum
2473 1743 2638 1798 illum
2684 1742 3093 1807 afﬁrmassem;
3145 1757 3282 1795 nam
3321 1755 3449 1810 cap.
3485 1742 3583 1794 133
3606 1739 3711 1793 alta
3735 1755 3844 1792 voce

2184 1833 2516 1889 nominatus
2538 1838 2623 1887 est
2647 1832 2718 1886 ab
2748 1831 2948 1887 Ofﬁcio
2983 1832 3211 1886 Thomas
3238 1832 3525 1900 episcopus
3542 1828 3706 1898 plebis
3727 1827 3841 1884 Cub-

2188 1921 2385 1988 iensis,
2426 1921 2525 1992 qui
2556 1920 2731 1975 etiam
2759 1918 3087 1990 respondit:
3133 1921 3180 1972 E
3207 1928 3403 1972 contra
3428 1918 3680 1971 neminem
3703 1915 3841 1968 habe-

2185 2024 2323 2063 mus.
2358 2006 2511 2062 Hanc
2555 2023 2688 2060 vero
2731 2006 3032 2061 Ecclesiam
3086 2008 3374 2076 spectasse
3398 2005 3468 2058 ad
3514 2004 3840 2074 proconsula-

2188 2113 2276 2151 res
2306 2100 2528 2167 poterat
2557 2095 2863 2150 Garuerius
2893 2094 3106 2148 discere
3134 2110 3197 2147 ex
3219 2092 3501 2164 synodica
3528 2096 3635 2147 act.
3675 2094 3703 2145 '2
3740 2107 3845 2144 con-

2188 2185 2304 2239 cilii
2327 2185 2382 2240 S.
2417 2184 2639 2239 Martini
2664 2200 2849 2255 papas,
2880 2198 3055 2254 quam
3080 2181 3420 2252 subscripsit
3443 2182 3667 2235 Gentilis
3694 2181 3843 2247 gratia

2193 2274 2296 2327 Dei
2342 2275 2621 2342 episcopus
2650 2274 2712 2326 S.
2752 2274 2817 2326 E.
2862 2270 3175 2327 Cubdensis.
3216 2271 3558 2324 Portentum
3596 2267 3693 2322 tibi
3729 2267 3844 2320 forte

2190 2361 2474 2416 videbitur
2502 2361 2655 2415 hunc
2684 2359 3019 2431 scriptorem
3050 2374 3169 2413 non
3216 2357 3432 2412 vidisse
3475 2357 3736 2411 Thomam
3767 2352 3843 2407 ubi

2195 2454 2318 2504 erat
2370 2449 2432 2503 in
2473 2449 2801 2518 collatione,
2838 2447 3117 2518 reperisse
3172 2462 3309 2501 vero
3360 2446 3513 2501 hunc
3557 2446 3729 2516 ipsum
3768 2440 3845 2495 ubi

2192 2539 2359 2609 plane
2403 2553 2522 2591 non
2552 2541 2692 2601 erat,
2719 2552 2927 2607 nemqe
2960 2535 3021 2589 in
3052 2534 3293 2606 epistola
3338 2534 3391 2589 S.
3430 2533 3626 2589 Leonis
3667 2530 3837 2601 Magni.

2195 2625 2380 2681 Semel
2429 2629 2652 2679 tantum
2697 2625 2806 2678 Leo
2856 2625 3094 2694 Magnus
3123 2623 3373 2689 litteras,
3405 2638 3532 2694 quas
3557 2624 3769 2681 exstent,
3800 2617 3844 2670 in

2192 2713 2440 2768 Africam
2479 2711 2672 2779 misit;
2728 2715 2813 2765 est
2850 2711 3088 2783 epistola
3116 2713 3181 2765 87
3216 2710 3287 2764 ad
3307 2710 3601 2781 episcopos
3624 2704 3844 2762 Maurita-

2193 2800 2308 2855 nim
2349 2799 2731 2866 Caesariensis,
2781 2799 2838 2853 in
2893 2815 3008 2870 qua
3049 2798 3241 2853 nullus
3268 2799 3521 2852 Thomas
3548 2794 3842 2867 appellatur.

2196 2888 2429 2943 Interim
2448 2904 2562 2942 non
2584 2903 2816 2958 possum
2841 2902 2957 2940 non
2974 2886 3167 2941 dolere
3195 2886 3469 2956 supinam
3490 2900 3551 2938 ac
3577 2884 3843 2938 immanem

391 2976 647 3047 Denique
676 2977 737 3032 in
796 2979 1309 3050 subscriptionibus
1356 2982 1618 3052 superius
1647 2983 1905 3038 adductis
1933 3000 2079 3039 anno

2261 2993 2429 3031 'orsus
2456 2975 2715 3031 Garnerii
2745 2975 3233 3043 allucinationem,
3266 2974 3392 3045 qui,
3426 2990 3545 3028 non
3585 2974 3842 3026 contentus

380 3068 494 3119 M9
525 3065 895 3129 Penthadius,
925 3067 1023 3138 qui
1052 3073 1179 3138 post
1206 3085 1423 3123 annum
1452 3073 1547 3125 411
1579 3072 1787 3126 electus
1817 3072 1927 3127 fuit
1957 3075 2086 3129 Car-

394 3168 598 3223 porum
631 3154 953 3224 episcopus,
987 3156 1290 3211 subscribit
1313 3162 1444 3212 ante
1475 3159 1804 3215 Rufﬁanum
1852 3162 2084 3216 Maxen-

393 3255 531 3296 sem.
556 3242 820 3297 Nondum
846 3259 982 3313 ergo
1002 3244 1095 3298 hic
1115 3261 1266 3299 anno
1286 3248 1382 3300 411
1412 3250 1533 3300 erat
1556 3247 1872 3318 episcopus,
1897 3264 2083 3319 neque

392 3327 655 3384 interfuit
704 3331 1017 3396 collationi,
1065 3346 1196 3386 cum
1221 3320 1536 3388 Penthadio
1583 3340 1639 3389 et
1668 3336 1902 3390 Thomas
1932 3336 2086 3391 Cub-

393 3417 556 3472 densi
584 3418 643 3472 in
675 3419 781 3473 hac
801 3419 1113 3490 epigraphe
1132 3426 1522 3491 praeponatur.

467 3507 867 3562 Paocumanus.
903 3510 1000 3565 Vel
1027 3511 1223 3576 ignota
1249 3510 1413 3576 sedis,
1443 3512 1544 3578 vel,
1577 3512 1723 3580 quod
1743 3516 1921 3581 magis
1946 3529 2087 3582 reor,

395 3595 505 3662 legi
554 3594 704 3649 debet
754 3596 1015 3651 Proculus
1059 3599 1418 3653 Ginesitensis
1449 3599 1701 3667 Salaria,
1723 3602 1878 3670 cujus
1902 3618 2090 3656 nomen

389 3683 617 3751 ponitur
644 3684 701 3736 in
722 3684 1021 3739 collatione.
1047 3687 1189 3741 Nam
1216 3688 1275 3739 in
1303 3688 1511 3743 Notitia
1559 3692 1936 3758 episcoporum
1958 3706 2092 3759 pro-

392 3772 586 3824 vincia
612 3772 1018 3826 Proconsularis
1048 3773 1247 3837 legitur
1275 3774 1609 3829 Carissimus
1640 3776 1961 3844 Gisipensis,
1981 3778 2090 3847 eje—

397 3862 514 3912 ctus
544 3858 605 3911 in
633 3860 904 3913 emsilium.
953 3861 1152 3916 Nullus
1190 3877 1313 3916 vero
1336 3862 1522 3916 dubito
1557 3865 1691 3931 quin
1717 3863 1858 3917 idem
1888 3865 2093 3921 Ginesi-

398 3948 564 4001 tensis
588 3948 687 4015 qui
725 3946 1049 4017 Gisipensis.
1097 3949 1307 4004 Vereor
1355 3966 1425 4005 ne
1474 3955 1560 4005 tot
1605 3953 2094 4023 metamorphoses

399 4050 673 4089 nauseam
697 4051 761 4088 ac
781 4032 1071 4091 fastidium
1090 4036 1191 4091 tibi
1225 4037 1516 4110 ingeraut,
1538 4038 1625 4093 vir
1654 4040 2003 4108 doctissime,
2030 4058 2094 4096 ac

400 4127 615 4177 memet
664 4138 782 4178 non
832 4123 943 4178 levi
972 4141 1107 4179 sane
1145 4125 1371 4181 crimini
1396 4127 1706 4183 obnoxium
1736 4129 1961 4196 faciam,
1994 4129 2095 4201 qui

398 4215 454 4265 te
484 4227 518 4264 a
548 4211 906 4282 gravioribus
936 4213 1159 4279 studiis,
1191 4214 1399 4284 quibus
1429 4215 1524 4269 diu
1560 4220 1846 4288 noctuque
1895 4233 2088 4273 curam

2194 3065 2363 3120 urbes
2415 3070 2472 3119 et
2530 3064 2820 3119 Africanos
2879 3065 3178 3134 episcopos
3232 3062 3580 3127 confudisse,
3637 3061 3840 3114 Leonem

2194 3155 2460 3225 Magnum
2505 3168 2612 3222 pro
2663 3152 2850 3206 Leone
2883 3152 2947 3205 IX
2976 3150 3252 3205 obtrudit.
3287 3151 3485 3204 EXStat
3510 3149 3653 3203 inter
3678 3144 3840 3201 Leonis

2194 3242 2259 3296 IX
2313 3240 2584 3312 epistolas
2626 3240 2795 3294 tertia
2847 3255 2977 3293 cum
3015 3239 3120 3292 hac
3149 3238 3503 3310 epigraphe:
3535 3237 3605 3291 ad
3632 3236 3841 3290 Thomam

2194 3333 2498 3400 episcopum
2546 3330 2901 3395 Africanum,
2946 3342 3119 3399 quam
3169 3332 3371 3381 tamen
3418 3326 3583 3396 ﬁngit
3624 3340 3655 3377 a
3693 3324 3843 3377 Leone

2196 3420 2397 3488 Magno
2424 3416 2712 3488 scriptam.
2756 3417 2967 3470 Damus
2997 3431 3133 3486 ergo
3159 3414 3540 3470 libentissime
3566 3403 3841 3466 incredibile

2196 3521 2307 3561 esse
2356 3507 2612 3560 Thomam
2665 3504 3028 3558 nominatum
3075 3504 3137 3557 in
3175 3502 3283 3557 hac
3342 3500 3661 3574 epigraphe,
3692 3495 3844 3553 tandiu

2196 3597 2439 3661 vimisse;
2467 3594 2680 3648 etenim
2704 3608 2888 3663 usque
2919 3593 2987 3647 ad
3020 3596 3248 3663 tempus
3276 3591 3599 3646 litterarum
3623 3589 3688 3641 ab
3724 3590 3841 3655 Apo-

2198 3681 2395 3737 stolica
2443 3681 2575 3736 sede
2624 3682 2700 3735 ad
2732 3682 2991 3736 Thomam
3036 3683 3357 3753 episcopum
3399 3681 3711 3747 Africanum
3734 3670 3843 3726 scri-

2198 3774 2452 3840 ptarum,
2486 3769 2733 3824 sexcenti
2762 3774 2817 3823 et
2845 3768 3083 3840 triginta
3110 3773 3225 3823 tres
3254 3768 3399 3823 anni
3426 3766 3567 3839 lapsi
3588 3768 3707 3819 sunt
3727 3778 3738 3826 ;
3758 3758 3845 3830 pri-

2200 3874 2329 3913 mus
2364 3858 2566 3912 Leonis
2595 3860 2661 3912 1X
2685 3874 2870 3913 annus
2916 3858 3028 3912 fuit
3070 3860 3279 3911 nostra:
3312 3856 3546 3928 epochas
3576 3854 3715 3908 1049.
3730 3848 3776 3902 Si
3797 3846 3843 3899 in

2200 3947 2299 4001 lib.
2332 3963 2371 3999 ιι
2403 3945 2642 4000 Victoris
2672 3947 2742 4000 de
2772 3948 2924 4001 Pers.
2959 3946 3135 4000 Vand.
3168 3944 3404 3999 vidisset
3420 3944 3589 3999 alium
3614 3941 3841 3995 Thomam

2201 4033 2532 4105 episcopum
2553 4033 2921 4088 Africanum?

2269 4123 2571 4177 Januaaws
2625 4123 2966 4176 Tmmnnsxs.
3018 4123 3092 4175 In
3129 4120 3415 4177 collatione
3456 4121 3644 4188 legitur
3695 4115 3838 4169 Tumt-

2204 4209 2407 4278 densis,
2429 4210 2524 4263 sed
2553 4210 2831 4275 legendum
2863 4209 3016 4280 (uota
3045 4207 3482 4275 conﬁdentiam)
3510 4205 3705 4261 omnino
3719 4197 3842 4253 vide—

400 4276 668 4365 intendis,
702 4298 768 4352 ad
813 4299 935 4353 haec
983 4276 1154 4370 plane
1198 4276 1454 4356 fabulosa
1485 4276 1791 4359 lectitandis
1820 4305 2090 4376 iuterpel-
2130 4276 2174 4331 Β
2207 4301 2298 4352 ίαν
2340 4276 2695 4361 Τένηίάεηεὶες
2737 4276 2880 4351 nam‘
2909 4299 2969 4350 in
2991 4298 3283 4366 provincia
3335 4293 3700 4351 Proconsulari
3725 4283 3845 4376 nulla

400 4385 536 4439 lem.
566 4384 684 4439 Scis
712 4386 980 4441 Catonem
1038 4392 1169 4457 post
1224 4389 1536 4444 diffcillima
1585 4394 2097 4449 senatus-consulta

401 4471 662 4525 animum
702 4473 771 4527 ad
826 4489 1054 4528 cursum
1102 4475 1385 4546 ludosque
1435 4493 1564 4531 cum
1616 4479 1808 4549 pueris
1828 4480 2086 4537 vertisse.

404 4558 521 4627 Ego
574 4557 807 4627 quidem
852 4560 1038 4614 varias
1085 4561 1329 4617 subinde
1374 4562 1696 4632 hominum,
1747 4564 1999 4633 urbium,
2032 4582 2097 4620 ac

403 4644 831 4716 provinciarum
878 4663 994 4702 non
1044 4664 1204 4703 secus
1243 4665 1306 4705 ac
1334 4650 1397 4705 in
1423 4667 1590 4705 scena
1614 4652 1741 4707 fieri
1769 4655 1927 4716 solet,
1961 4669 2097 4708 mu-

402 4734 647 4789 tationes
676 4735 936 4791 exhibeo.
972 4737 1158 4791 Reﬁce
1188 4737 1419 4793 interim
1466 4744 1544 4806 te,
1577 4757 1641 4794 ac
1670 4742 1864 4796 oculos
1901 4758 2096 4797 aures-

402 4839 515 4895 que
537 4823 858 4891 commoda,
882 4840 1015 4879 nam
1043 4840 1207 4881 novas
1230 4843 1422 4882 rerum
1453 4828 1624 4882 facies
1650 4835 1975 4885 occurrunt.
1999 4832 2099 4886 Hic

404 4909 777 4966 Proculianus
806 4912 869 4966 in
906 4913 1213 4969 Proculum
1235 4916 1494 4982 vertitur,
1527 4934 1591 4971 ac
1617 4917 1809 4989 Gisipa
1844 4918 1906 4973 in
1932 4919 2098 4973 Gine-

404 4999 573 5055 sitam
614 5000 818 5054 urbem
866 5002 1254 5074 transmigrat.
1297 5004 1463 5070 Quod
1486 5005 1735 5059 hominis
1763 5022 1976 5062 nomen
1997 5024 2099 5061 va-

403 5087 601 5155 rietur,
643 5088 777 5143 dolo
824 5090 1169 5160 plerumque
1206 5092 1274 5145 ﬁt
1299 5093 1387 5146 vel
1409 5092 1668 5160 consilio,
1697 5093 1836 5148 dum
1867 5111 1973 5166 per
1996 5095 2099 5149 ad-

404 5176 700 5245 optionem
724 5177 957 5233 familias
974 5178 1035 5233 in
1052 5179 1190 5233 alias
1216 5181 1669 5236 trauscribuntur
1692 5200 1705 5249 ;
1726 5187 1783 5237 at
1807 5184 1977 5238 urbes
2006 5200 2100 5238 ur-

408 5263 576 5317 bibus
599 5264 853 5320 inserere
882 5282 1031 5320 unus
1061 5268 1369 5322 Garnerius
1393 5270 1653 5324 tentavit.
1688 5271 1895 5324 Verum
1926 5288 2099 5342 quam

406 5350 733 5421 infeliciter,
780 5369 852 5407 ne
896 5354 1162 5425 imperite
1201 5354 1409 5422 dicam,
1450 5357 1654 5427 collige
1702 5373 1771 5411 ex
1817 5374 1939 5428 cap.
2001 5363 2098 5415 133

409 5437 752 5509 collationis,
782 5441 842 5495 in
871 5458 984 5513 qua
1014 5443 1346 5499 nominatur
1373 5446 1630 5500 Proculus
1660 5450 1939 5515 episcopus
1976 5449 2101 5516 ple-

410 5526 492 5580 bis
516 5524 873 5583 Ginezitensis
915 5531 1142 5587 Salaria:
1162 5552 1183 5597 ,ο
1227 5537 1282 5587 et
1306 5546 1379 5587 ex
1409 5547 1530 5604 cap.
1565 5535 1686 5598 135,
1720 5534 1816 5588 ubi
1847 5550 2098 5589 recense.

2202 4389 2315 4455 fuit
2346 4386 2575 4441 Tunuda
2598 4389 2813 4454 civitas,
2853 4385 2948 4441 sed
2971 4384 3209 4453 Timida,
3242 4400 3363 4455 qua:
3392 4386 3558 4453 Regia
3597 4369 3845 4446 aliquando

2204 4475 2424 4529 dicitur.
2458 4475 2726 4529 Eamdem
2747 4473 3017 4528 cramben
3052 4472 3303 4543 reponit.
3330 4472 3482 4527 Audi
3508 4467 3845 4531 interim.qu

2202 4562 2357 4617 idem
2407 4567 2602 4616 auctor
2651 4562 2713 4615 in
2777 4562 2926 4616 notis
2978 4560 3047 4616 ad
3101 4562 3439 4615 VINCENTIUI
3497 4554 3845 4614 Culusitannm

2206 4651 2402 4706 scribit
2429 4651 2498 4705 de
2529 4651 2765 4705 urbibus
2812 4649 3316 4722 proconsularibus
3341 4665 3353 4703 :
3405 4646 3675 4718 Siquidem
3692 4642 3775 4694 vim
3796 4634 3847 4687 il-

2207 4741 2312 4794 lius
2334 4741 2631 4809 provinciae
2656 4740 2843 4809 plures
2878 4754 3043 4808 quam
3067 4740 3360 4806 sexaginta
3384 4741 3497 4792 octo
3521 4731 3758 4789 Ecelesias
3774 4735 3846 4775 ’ω’

2205 4833 2527 4900 vimus,‘nee
2555 4827 2685 4883 illas
2715 4830 2832 4882 noti
2854 4830 3012 4894 situs,
3043 4842 3164 4881 cum
3202 4831 3381 4880 tamen
3426 4823 3630 4892 fuerint
3682 4817 3848 4900 centum

2207 4899 2497 4985 sexaginta
2539 4921 2792 4984 quatuor,
2822 4918 2873 4971 si
2901 4931 3012 4984 qua
3056 4914 3193 4986 ﬁdes
3235 4915 3444 4969 Victori
3489 4906 3722 4966 Uticensi.
3761 4899 3848 4952 Cur

2208 5022 2346 5077 ergo
2392 5005 2635 5059 Tunuda
2675 5021 2791 5059 non
2830 5004 2939 5059 fuit
2984 5019 3105 5058 una
3137 5019 3204 5057 ex
3224 5002 3338 5057 illis
3367 5005 3592 5056 centum
3620 4996 3724 5050 fere
3748 4998 3849 5058 f1“?

2207 5094 2547 5166 ignorantur
2564 5093 2593 5148 ?
2621 5092 2812 5151 Potuit
2834 5096 3029 5147 tamen
3052 5091 3343 5162 pertinere
3369 5089 3440 5143 ad
3468 5087 3632 5142 aliam
3677 5077 3851 5166 Africa:

2208 5199 2344 5239 nam
2368 5181 2761 5253 provinciam;
2792 5196 2921 5234 nam
2954 5180 3192 5235 Tuuuda
3214 5180 3447 5233 incertas
3475 5169 3759 5246 provinciae
3798 5159 3853 5215 ab

2209 5269 2601 5327 ecclesiasticis
2648 5269 2991 5340 geographia
3042 5268 3368 5339 deputatur.
3402 5267 3466 5320 In
3492 5260 3703 5318 Tabulis
3730 5256 3850 5308 Peu-

2207 5359 2546 5431 tingerianis
2574 5359 2634 5412 in
2663 5357 3066 5412 Proconsulari
3096 5357 3304 5428 legitur
3338 5355 3529 5410 Uthica
3556 5365 3643 5417 xx,
3693 5343 3855 5433 T

2207 5429 2322 5513 vn;
2355 5447 2583 5501 Maccala
2627 5460 2740 5500 χχι.
2800 5446 2965 5499 Forte
3014 5461 3045 5498 a
3092 5445 3297 5498 Thunu
3349 5442 3495 5496 dicta
3541 5440 3621 5492 est
3646 5429 3852 5488 Ecclesia

2210 5534 2628 5591 Thunudensis.
2660 5535 2720 5587 In
2749 5532 2978 5587 Tabulis
3010 5530 3367 5587 Ptolemaicis
3390 5527 3615 5600 ponitur
3637 5513 3851 5575 Tuﬂubdi
