3922 6188
130 307 201 358 289
821 290 1177 346 VARIORUM
1219 291 1818 350 EXEllClTATIONES
1856 294 1922 348 IN
1965 295 2020 349 S.
2063 295 2430 350 AUGUSTINI
2467 296 2726 351 OPERA.

3426 306 3528 357 290

128 422 193 476 ubi
216 417 350 472 unius
377 415 580 468 tantum
617 410 823 464 litterae
862 411 1103 467 variatio
1145 430 1177 467 a
1205 417 1369 468 textu
1397 414 1720 468 collationis
1756 420 1801 473 A
1833 415 1932 485 qui
1989 419 2186 471 tamen
2223 418 2295 472 ad
2349 418 2708 487 provinciam
2755 421 3261 491 Cartliaginensem
3309 430 3525 494 specta-

129 511 312 579 apparet.
341 504 398 556 Et
417 499 619 555 Plinius
661 499 762 553 lib.
807 517 880 568 ιχ,
913 517 1035 570 cap.
1070 504 1122 567 5,
1165 502 1360 556 laudat
1389 502 1449 555 in
1477 504 1729 557 Procon-

129 596 250 652 solari
264 592 507 663 oppidum
539 591 921 645 Tunudisense.
948 592 1026 643 Ex
1054 591 1144 644 bis
1169 596 1393 661 poterat
1420 592 1727 647 Garnerius

129 686 418 739 memoratam
452 679 746 732 Ecclesium
794 678 1016 732 facilius
1039 683 1093 732 et
1134 679 1490 750 probabilius
1534 685 1728 734 osten-

121 773 232 838 dere,
257 784 406 839 quam
444 767 594 820 illam
646 767 704 820 in
753 766 1138 820 Timidensem
1171 768 1292 822 sine
1322 773 1462 822 teste
1493 785 1727 822 conver-

120 869 216 914 tere.
247 859 366 911 Cum
391 856 530 908 inter
555 853 876 908 Donatistas
909 855 1100 909 nullus
1149 855 1488 910 Timidensis
1536 855 1728 910 nomi—

117 954 252 1011 netur,
302 960 403 998 non
479 943 708 996 obscure
758 943 1058 996 deducitur
1111 943 1373 998 eamdem
1424 944 1729 998 Ecclesiam

115 1037 237 1089 fuisse
271 1031 581 1087 catholicam
648 1031 781 1102 (rari
803 1035 966 1085 erant
1013 1030 1263 1102 episcopi
1313 1032 1620 1086 Donatistae
1667 1033 1727 1086 in

114 1120 451 1187 Proconsulari,
498 1125 637 1174 teste
692 1119 970 1174 Petiliano
1015 1121 1184 1190 capit.
1236 1123 1332 1174 195
1387 1120 1726 1190 collationis)

113 1212 290 1280 ejusque
347 1208 659 1278 episcopum
714 1208 786 1261 ad
833 1207 1110 1277 synodum
1164 1223 1280 1261 non
1329 1207 1580 1274 venisse;
1617 1208 1729 1262 nisi

112 1299 238 1352 fuerit
283 1313 343 1350 ex
385 1298 448 1350 64
500 1295 754 1349 Ecclesiis
811 1295 1223 1349 catholicorum
1274 1312 1404 1366 quas
1470 1302 1728 1366 tempore

110 1383 361 1439 collationis
388 1383 660 1454 episcopis
684 1383 976 1451 carebant,
1007 1383 1264 1437 nondum
1294 1383 1353 1436 in
1390 1383 1728 1438 demortuo-

111 1490 201 1528 rum
239 1473 404 1527 locum
439 1472 597 1526 novis
652 1471 1000 1542 subrogatis,
1057 1488 1125 1526 ex
1173 1471 1371 1526 eadem
1425 1472 1729 1526 collatione

109 1578 195 1630 cap.
221 1563 324 1614 215.

157 1649 445 1703 ΟοτΔνιΔΝυε
474 1649 887 1702 ΒεεείΑΝεΝειε.
945 1651 1031 1703 Ita
1061 1651 1258 1717 legitur
1308 1652 1366 1703 in
1422 1649 1724 1704 collatione.

113 1738 191 1790 Hoc
213 1736 512 1790 brevissimo
544 1737 758 1791 scholio
789 1753 913 1790 rem
941 1753 1000 1790 se
1030 1737 1098 1790 ad
1124 1738 1353 1791 oculum
1382 1741 1727 1791 monstrasse

113 1825 347 1879 existimat.
394 1826 552 1879 Errat
592 1830 804 1892 autem,
858 1825 996 1880 dum
1038 1825 1474 1880 Hessianensem
1515 1826 1730 1896 episco-

113 1929 209 1982 pum
231 1914 709 1982 proconsularibus
739 1919 1101 1981 annumerat,
1133 1914 1234 1985 qui
1281 1915 1432 1968 inter
1458 1915 1732 1969 Numidas

111 2001 315 2054 locandus
334 2007 429 2065 est,
463 2018 602 2055 nam
642 2002 703 2054 in
751 2002 960 2056 Notitia
1015 2003 1220 2057 Africae
1249 2004 1401 2057 inter
1458 2004 1733 2058 Numidas

111 2088 293 2143 habetur
325 2091 553 2157 Vigilius
598 2093 966 2147 Bessanensis.
1007 2093 1118 2146 Hoc
1161 2093 1334 2147 etiam
1366 2109 1433 2146 ex
1464 2092 1587 2163 ipsa
1617 2095 1736 2147 col-

109 2178 263 2232 latione
295 2179 620 2250 colligitur;
656 2195 790 2232 nam
843 2196 966 2250 cap.
1006 2182 1094 2234 l2t
1166 2180 1286 2234 haec
1359 2181 1686 2236 scribuntur
1718 2198 1732 2235 :

109 2265 318 2333 Aspidius
365 2270 642 2336 episcopus
688 2269 860 2337 plebis
913 2271 1308 2323 Tacaratensis.
1361 2270 1507 2324 Idem
1538 2270 1731 2324 discit:

109 2355 254 2408 Paesto
290 2372 415 2410 sum.
498 2359 831 2412 Verissimus
876 2359 1152 2427 episcopus
1200 2361 1488 2412 Donatista
1537 2359 1730 2412 dixit:

111 2444 292 2506 Agnosco
318 2445 463 2498 illum
495 2460 508 2497 :
569 2450 805 2512 quatuor
832 2452 962 2500 sunt
990 2448 1047 2498 in
1071 2446 1226 2514 plebe
1277 2462 1414 2512 mea,
1445 2449 1733 2513 Datianus,

108 2529 324 2597 .tspidius,
356 2535 686 2585 Fortunatus
734 2537 784 2586 et
822 2533 1170 2587 Octavianus.
1209 2534 1338 2587 Erat
1382 2535 1650 2587 Tacarata
1678 2533 1737 2585 in

110 2614 330 2682 Numidia,
354 2619 502 2672 unde
526 2618 746 2672 ibidem
781 2618 838 2671 in
877 2619 1085 2673 Notilia
1108 2619 1377 2673 recitatur
1399 2622 1737 2674 Crescentius

114 2702 432 2759 Tacaratensis.
498 2706 774 2760 Datianus
824 2712 944 2761 erat
998 2707 1297 2777 episcopus
1361 2708 1625 2778 Legensis
1669 2723 1738 2761 ex

114 2796 317 2859 cap.t2!,
365 2794 705 2848 Octavianus
752 2795 1141 2848 ltessanensis.
1194 2797 1330 2849 Tres
1377 2795 1491 2848 illa:
1539 2795 1741 2848 didice-

200 2878 324 2933 iutra
357 2882 690 2935 Numidiam
741 2886 904 2936 erant
946 2882 1342 2936 conterminas.
1402 2882 1741 2937 Octavianus

1838 503 1935 558 vit.

1907 594 2134 661 Sexrus,
2160 597 2356 661 ignota:
2375 597 2537 650 sedis.
2575 597 2637 649 ln
2665 597 2858 651 codice
2893 599 3288 655 Laurentianus
3320 602 3532 657 biblio—

1836 681 2016 736 thecae
2036 683 2232 736 Simtus
2256 683 2489 752 legitur,
2522 685 2618 738 sed
2648 701 2936 756 nusquam
2972 695 3326 744 memoratur
3349 691 3409 745 in
3439 708 3529 746 ve-

1834 768 2000 821 tustis
2030 769 2233 823 Africae
2260 772 2674 838 monumentis,

1906 857 2336 920 Quonvuunaus
2378 860 2736 915 GIVIRTENSIS.
2788 863 2918 930 Legi
2943 865 3085 928 forte
3133 868 3216 918 ita
3245 867 3431 920 debet:
3464 867 3532 938 ﬁt

1835 948 1978 999 enim
2005 949 2200 1001 mentio
2243 949 2478 1016 episcopi
2507 949 2746 1016 ejusdem
2775 953 3007 1005 nominis
3034 957 3082 1007 et
3111 954 3253 1008 sedis
3284 957 3339 1008 in
3363 957 3529 1010 colla-

1839 1038 1998 1100 tione,
2027 1051 2120 1089 nec
2166 1041 2342 1090 tamen
2387 1039 2446 1090 in
2484 1036 2613 1091 aliis
2649 1053 2683 1090 a
2710 1040 3090 1093 Proconsulari
3117 1045 3415 1110 provinciis
3453 1061 3533 1098 re-

1831 1125 2048 1192 peritur
2082 1123 2231 1177 sedes
2263 1124 2605 1178 Givirtensis.
2657 1126 2803 1180 Sane
2861 1127 3166 1182 Garnerius
3221 1147 3340 1184 non
3395 1132 3533 1202 legit

1837 1210 2282 1281 subscriptiones
2312 1213 2516 1281 synodi
2567 1214 2838 1268 Bonifacii
2868 1215 3330 1287 Carthaginensis
3377 1222 3531 1290 apud

1841 1297 2129 1352 Labbeum
2162 1304 2303 1353 tom.
2338 1301 2402 1352 IV
2437 1301 2671 1364 Concil.,
2706 1317 2834 1371 pag.
2871 1305 3026 1372 1640,
3061 1304 3218 1358 illam
3261 1307 3417 1359 enim
3443 1323 3532 1377 sy-

1837 1386 2057 1439 nodum
2087 1387 2394 1441 subscribit
2431 1390 2738 1442 "Vincentius
2777 1393 3056 1460 episcopus
3081 1393 3256 1461 plebis
3289 1396 3539 1448 Gervita-

1837 1490 1918 1528 nae
1950 1477 2158 1542 legatus
2188 1479 2478 1544 provinciae
2520 1479 2875 1546 Tripolitinae,
2910 1481 3108 1550 Itaque
3152 1481 3311 1535 sedes
3358 1482 3540 1538 Givir-

1838 1563 2014 1615 tensis
2039 1569 2161 1617 erat
2212 1569 2370 1618 extra
2410 1565 2689 1618 terminos
2731 1567 3178 1635 Proconsularis,
3216 1570 3334 1625 imo
3387 1572 3538 1626 ultra

1842 1650 2165 1720 Byzacium,
2187 1657 2245 1706 et
2265 1653 2334 1706 ad
2355 1652 2734 1723 Tripolitanos
2763 1655 3106 1724 pertinebat.

1913 1738 2253 1792 Panrnanms
2319 1740 2677 1794 CAEPITANUS.
2723 1743 2850 1794 Fuit
2891 1757 3030 1806 unus
3077 1759 3104 1796 e
3145 1743 3320 1798 decem
3358 1746 3537 1801 electis

1841 1839 1910 1879 ea:
1948 1828 2235 1893 provincia
2273 1827 2652 1881 Proconsulari
2699 1828 2774 1880 ad
2818 1831 3262 1895 recognoscendos
3313 1847 3538 1886 canones

1841 1929 1930 1966 an.
1973 1915 2094 1967 419.
2131 1914 2294 1967 Vides
2327 1915 2478 1968 hunc
2509 1915 2846 1984 scriptorem
2891 1916 3111 1987 ﬁngere
3159 1919 3302 1973 duos
3335 1920 3531 1990 Carpi-

1843 2005 2005 2054 tanos
2055 2001 2348 2072 episcopos
2397 2018 2514 2056 una
2563 2004 2734 2056 simul
2765 2005 2995 2069 sedisse,
3056 2009 3111 2058 et
3138 2023 3290 2060 anno
3319 2009 3423 2060 416
3456 2007 3539 2061 ei-

1843 2088 1972 2142 dem
1997 2090 2283 2156 synodicae
2317 2091 2563 2145 \nomina
2591 2091 2814 2145 dedisse
2842 2094 2870 2145 ?
2893 2093 3116 2146 Etenim
3145 2095 3406 2164 superius
3435 2099 3542 2150 An-

1841 2177 2086 2243 tonium,
2120 2179 2221 2248 qui
2246 2184 2435 2232 sextus
2477 2179 2539 2232 in
2579 2180 2687 2233 hac
2717 2180 3030 2251 epigraphe
3053 2183 3398 2248 nominatur,
3444 2200 3542 2254 ap-

1842 2266 2080 2334 pellarat
2095 2266 2430 2337 episc0pum
2448 2268 2835 2337 Carpitanum,
2858 2269 2949 2323 cui
2974 2270 3146 2324 modo
3169 2271 3544 2326 Penthadium

1845 2354 2396 2408 concathedraneum
2433 2356 2586 2411 facit.

1916 2443 2367 2506 Quonvumnaus.
2400 2447 2599 2511 Ignotae
2645 2447 2808 2500 sedis.
2871 2447 3031 2500 Hunc
3067 2448 3274 2501 rectius
3320 2449 3537 2502 Veren-

1847 2547 1967 2585 sem
2009 2531 2254 2596 dixisset,
2301 2533 2513 2602 quippe
2543 2534 2644 2604 qui
2688 2534 2748 2587 in
2807 2535 3022 2605 synodo
3079 2552 3212 2590 ann.
3267 2539 3369 2591 419
3417 2541 3545 2607 post

1849 2619 2226 2674 Penthadium
2257 2621 2607 2691 subscriptus
2637 2623 2869 2692 legitur.

1921 2707 2227 2761 Cvrnranus
2287 2709 2723 2762 Tuuuunrranus.
2792 2711 2878 2763 Ita
2928 2711 3126 2776 legitur
3169 2713 3226 2764 in
3246 2713 3544 2766 collatione.

1848 2797 1945 2849 Est
1975 2801 2151 2850 autem
2185 2795 2467 2849 Tuburbus
2514 2811 2606 2848 seu
2644 2796 2892 2850 Tuburbo
2935 2801 3126 2852 civitas
3158 2800 3213 2851 in
3261 2801 3546 2866 provincia

1852 2884 2247 2944 Proconsulari,
2292 2884 2510 2952 fuitque
2549 2885 2678 2938 olim
2715 2886 2920 2938 colonia
2965 2886 3139 2938 Plinio
3184 2890 3232 2940 et
3270 2888 3546 2942 Ptolemaeo

121 2979 200 3034 ergo
222 2967 578 3023 Ressenensis
626 2969 875 3037 pertinet
912 2970 984 3023 ad
1036 2969 1383 3024 Numidiam.
1433 2969 1741 3024 Garnerius
1779 2985 1816 3040 ο
1847 2974 1994 3023 nota.
2035 2971 2281 3023 Meminit
2319 2971 2557 3038 ejusdem
2609 2973 2921 3025 Antoninus
2951 2975 3009 3025 in
3045 2975 3255 3040 itinere,
3285 2975 3549 3044 Hippone

117 3057 246 3108 tamen
268 3073 371 3111 non
401 3059 542 3112 vidit
576 3057 638 3110 in
679 3059 877 3112 eadem
911 3058 1216 3112 collatione
1273 3059 1517 3112 alterum
1577 3058 1740 3111 Octa-

113 3139 278 3198 vianum
304 3145 634 3217 episcopum
661 3147 1158 3216 proconsularem;
1201 3146 1248 3198 is
1274 3145 1384 3199 fuit
1412 3147 1741 3201 Octavianus

110 3231 319 3299 cpiscopus
353 3234 527 3302 plebis
609 3234 910 3303 L'cimajus,
981 3233 1063 3286 uti
1122 3233 1391 3286 scribitur
1437 3250 1560 3302 cap.
1618 3237 1738 3288 133.

106 3315 265 3373 Plinius
287 3323 544 3392 superius
574 3326 924 3375 memoratus
953 3321 1239 3375 recensuit
1269 3321 1480 3391 oppida
1513 3323 1742 3375 Ucitana

118 3403 206 3470 duis,
234 3410 411 3477 majus,
441 3417 490 3464 et
518 3412 720 3477 minus,
746 3416 801 3464 et
828 3409 890 3464 in
932 3409 1201 3480 synodica
1246 3409 1742 3479 proconsularium

105 3497 454 3551 act.‘2concilii
501 3499 897 3552 Lateraneusis
941 3498 1210 3552 laudatur
1242 3499 1514 3566 Tripolius
1563 3499 1631 3551 G.
1676 3501 1740 3552 ι).

103 3582 319 3650 ερὶδοοριιε
359 3589 413 3642 S.
458 3590 526 3641 E.
590 3589 844 3641 Ucitanae.
879 3587 1065 3651 Quare
1118 3587 1210 3640 hic
1239 3586 1381 3639 forte
1430 3586 1540 3639 fuit
1586 3586 1744 3640 Octa-

103 3666 249 3723 vianus
277 3673 579 3745 episcopus
625 3675 918 3746 Ucimajus.

150 3757 496 3818 Pamaxrnus
548 3764 920 3817 SICILIBENSIS.
978 3766 1120 3818 Unus
1155 3765 1267 3830 fuit
1295 3779 1320 3816 e
1367 3763 1544 3817 decem
1595 3764 1742 3830 lega-

102 3845 149 3895 lis
166 3852 426 3913 provincia
454 3853 886 3920 Proconsula-ris,
913 3854 1027 3921 qui
1055 3868 1173 3905 cum
1200 3852 1326 3904 aliis
1348 3851 1586 3904 aliarum
1614 3865 1742 3918 pro-

97 3934 342 3992 vinciarum
390 3942 702 4008 recognovit
735 3955 963 3994 canones
992 3956 1120 3994 tum.
1171 3943 1275 3993 419
1319 3941 1532 3992 nomine
1579 3941 1743 3992 totius

98 4020 326 4081 Africana
352 4028 569 4096 synodi.
631 4029 825 4098 Neque
859 4029 1052 4083 sedem
1087 4028 1257 4097 hujus
1301 4027 1549 4096 episcopi
1597 4032 1745 4080 recte

96 4106 367 4182 divinatur;
397 4134 535 4172 nam
573 4118 946 4171 Prmtextatus
974 4117 1187 4186 praesul
1226 4115 1502 4169 Sicilibrze
1530 4131 1629 4168 seu
1659 4115 1743 4168 Si-

95 4196 271 4254 cilibbze
300 4210 417 4259 erat
465 4204 764 4276 dignitatis
793 4210 1052 4275 tempore
1098 4203 1381 4274 posterior
1428 4203 1744 4256 Penthadio

95 4282 385 4359 Carpitano;
445 4292 734 4364 siquidem
789 4292 851 4346 in
893 4291 1405 4362 subscriptionibus
1451 4290 1654 4361 synodi
1713 4307 1747 4345 a

95 4372 320 4432 Garnerio
350 4380 618 4445 laudata),
655 4380 970 4435 Penthadio
1020 4379 1408 4450 postponitur,
1439 4385 1503 4433 ut
1545 4396 1612 4432 ex
1643 4380 1747 4434 tri-

96 4457 173 4513 bus
196 4465 694 4538 subscriptionibus
726 4469 877 4538 apud
915 4469 1204 4522 Labbeum
1235 4472 1375 4522 tom.
1410 4468 1456 4521 ll
1509 4467 1776 4535 Concil.,_

97 4563 191 4619 P38.
223 4557 366 4621 1168,
401 4561 560 4624 1669,
601 4562 756 4618 1670,
791 4561 1048 4627 apparet,
1072 4572 1320 4627 quarum
1340 4572 1520 4610 unum
1553 4573 1745 4610 exem-

94 4637 217 4702 plum
243 4645 495 4714 superius
519 4645 819 4716 posuimus
853 4662 865 4711 ;
907 4650 965 4698 at
987 4644 1077 4697 hic
1100 4646 1471 4698 Praetextatus
1503 4645 1746 4706 Pentha-

95 4724 165 4777 dio
187 4734 545 4802 preponitur,
580 4750 709 4786 cum
741 4733 942 4787 tertius
971 4733 1030 4786 in
1075 4732 1388 4803 cpigraphe
1418 4733 1489 4787 ab
1542 4733 1744 4786 eodem

94 4815 332 4874 recitatur.
357 4822 457 4875 Hic
496 4821 776 4876 Holstenii
807 4820 1091 4874 sententia
1130 4820 1441 4890 rejicienda
1464 4819 1606 4873 mihi
1637 4825 1744 4887 est,

91 4902 167 4969 ‘lUi
187 4921 303 4977 pag.
337 4913 401 4964 36
434 4909 630 4964 scribit
661 4909 1026 4965 Cilibiensem
1061 4909 1323 4963 eamdem
1363 4925 1492 4962 cum
1526 4907 1744 4962 Sicilib-

94 4988 222 5046 bensi
250 4997 442 5052 urbem
465 4999 636 5053 fuisse
666 5019 680 5066 ;
705 5015 839 5052 nam
868 4997 1056 5052 eidem
1089 4997 1379 5051 collationi
1409 5013 1473 5050 ex
1515 4997 1744 5050 Donati-

93 5076 167 5130 stis
215 5081 518 5140 interfuere.
577 5087 986 5152 Quadratianus
1039 5088 1319 5154 episcopus
1375 5085 1744 5140 Sicilibbensis

93 5180 186 5235 Cap.
219 5174 329 5238 198,
363 5179 420 5227 et
466 5177 730 5229 Tertullus
768 5178 1047 5245 episcopus
1097 5175 1399 5230 Cilibiensis
1446 5189 1568 5242 cap.
1619 5176 1742 5226 206.

95 5250 137 5304 In
162 5260 362 5326 synodo
393 5262 663 5316 Bonifaeii
694 5280 786 5317 an.
955 5262 1287 5317 nominatur
1314 5264 1614 5316 Restitutus
1647 5263 1745 5314 Ci-

93 5338 290 5402 libiensis
318 5349 471 5404 inter
498 5353 948 5420 proconsulares.
1005 5354 1250 5422 Utraque
1308 5349 1552 5404 Ecclesia
1591 5350 1748 5403 deest

94 5424 134 5479 in
178 5432 375 5490 Notitia
404 5438 626 5493 Africae.
663 5439 896 5494 Carolus
942 5457 974 5493 a
1004 5441 1059 5494 S.
1109 5440 1284 5493 Paulo
1314 5455 1443 5509 pag.
1485 5438 1581 5491 114
1612 5437 1745 5492 Cili-

94 5513 305 5576 biensem
365 5524 760 5598 episcopatum
813 5527 1046 5583 incertas
1099 5526 1408 5598 provinciae
1463 5524 1742 5596 ascripsit,

1848 3060 2010 3125 Regio
2049 3057 2450 3125 Carthaginem,
2495 3075 2715 3128 eamque
2774 3063 2929 3128 ponit
2955 3063 3093 3114 inter
3124 3057 3463 3117 Cluacariam
3501 3070 3550 3117 et

1851 3145 2108 3211 Cigisam.
2135 3145 2282 3197 Duas
2316 3144 2481 3198 urbes
2511 3145 2930 3200 Tuburbitanas
2950 3147 3007 3200 in
3031 3163 3205 3201 unam
3227 3148 3546 3202 confundit.

1855 3234 1995 3286 Nam
2026 3249 2150 3302 cap.
2186 3235 2284 3287 l33
2313 3233 2501 3287 collat.
2531 3234 2867 3288 nominatur
2913 3236 3096 3288 Victor
3125 3239 3405 3305 episcopus
3437 3240 3548 3291 Tu—

1853 3319 2265 3374 burbitanorum
2303 3322 2598 3388 Minorum;
2636 3326 2691 3374 et
2710 3337 2833 3390 cap.
2871 3325 2967 3376 133
3002 3323 3321 3390 Cyprianus
3350 3327 3550 3392 episco-

1846 3423 1956 3476 pus
1981 3409 2152 3476 plebis
2203 3408 2695 3463 Tuburbitanorum
2748 3409 3048 3478 Majorum.
3083 3411 3267 3464 Victor
3308 3412 3404 3465 lib.
3444 3413 3544 3467 ult.

1853 3497 1921 3550 de
1952 3498 2247 3551 Persecut.
2286 3497 2462 3551 Vand.
2483 3498 2746 3551 meminit
2777 3498 3162 3553 Tuburbitanaa
3199 3502 3416 3554 civitati
3437 3516 3550 3553 ma-

1845 3586 2007 3652 joris,
2039 3589 2095 3638 et
2120 3585 2440 3639 Antoninus
2470 3586 2529 3638 in
2569 3586 2951 3656 descriptione
3000 3588 3301 3642 memorati
3330 3588 3551 3642 itineris

1853 3673 1977 3727 ait:
2031 3674 2322 3729 Cluacaria
2389 3691 2475 3729 xv.
2545 3675 2974 3730 Tuburbominus
3043 3693 3234 3730 xxviii.
3290 3679 3550 3744 Cigisam.

1855 3763 2160 3832 l’erperam
2201 3779 2338 3832 ergo
2361 3762 2754 3817 testimonium
2780 3764 3055 3818 Antonini
3074 3765 3390 3834 adducitur,
3419 3765 3555 3834 quia

1856 3850 2170 3920 Cyprianus
2219 3851 2450 3905 sedebat
2490 3853 2635 3921 apud
2681 3853 3160 3922 Tuburbomajus,
3193 3855 3352 3923 cujus
3395 3854 3554 3906 nulla

1856 3939 2008 4007 apud
2053 3939 2410 3992 Antoninum
2455 3939 2670 3992 mentio
2704 3943 2808 3992 est.
2843 3941 3049 3993 Verum
3101 3941 3400 4010 utriusque
3438 3942 3549 3993 Tu-

1855 4026 2021 4080 burbi
2051 4027 2221 4080 situm
2243 4026 2574 4080 describunt
2595 4028 2818 4080 Tabulae
2845 4027 3320 4096 Peutingerianm,
3353 4028 3450 4081 ubi
3473 4027 3555 4080 Si-

1855 4114 2046 4168 cilliba
2095 4115 2283 4169 media
2326 4114 2524 4168 visitur
2583 4114 2814 4183 oblique
2865 4121 3172 4184 utrumque
3216 4116 3552 4169 Tuburbum

1859 4202 2187 4272 respiciens,
2229 4202 2446 4256 distans
2475 4203 2857 4273 Tuburbomaj
2870 4221 2932 4256 us
2963 4204 3145 4257 millia
3167 4219 3438 4272 passuum
3460 4208 3549 4259 28.

1785 4270 1828 4325 D
1861 4270 2020 4344 Errat
2055 4288 2291 4360 insuper
2341 4290 2479 4343 dum
2512 4270 2858 4360 Cyprianum
2890 4270 3204 4355 Rentbadio
3252 4291 3554 4361 Carpitano

1855 4378 2234 4449 posteriorem
2273 4378 2460 4448 ponit,
2493 4377 2594 4450 qui
2622 4383 2814 4433 tamen
2855 4395 3004 4432 anno
3031 4381 3126 4432 411
3183 4383 3305 4432 erat
3334 4380 3556 4450 episco-

1853 4485 1981 4537 pus,
2013 4473 2070 4522 et
2095 4467 2464 4532 Penthadius,
2491 4468 2975 4538 quemadmodum
3015 4468 3229 4522 dictum
3269 4474 3371 4531 est,
3408 4486 3552 4525 ncu-

1855 4558 1994 4611 dum
2025 4574 2093 4611 eo
2123 4573 2276 4610 anno
2310 4557 2504 4626 Carpis
2531 4557 2780 4611 sedebat.

1924 4646 2227 4700 Sanvmus.
2285 4647 2486 4711 Ignotae
2554 4644 2695 4698 sedis
2784 4645 3232 4714 quemadmodum
3278 4649 3554 4702 PELAGIUS

1855 4732 2196 4797 Mauanws,
2254 4733 2585 4796 Vanmuus,
2646 4733 2916 4800 DIDYMUS,
2969 4734 3330 4798 Saruuxmus,
3383 4735 3555 4786 Tma-

1854 4835 2110 4884 zacanus,
2160 4820 2480 4883 Caesianus,
2536 4820 2952 4888 GERMANIANL'S,
3025 4822 3336 4887 JUVENTIUS,
3393 4822 3556 4873 Mmo-

1855 4924 2033 4972 quus,
2079 4909 2392 4962 JUVENTIUS.
2450 4906 2549 4961 Hic
2587 4906 2814 4960 collatio
2861 4907 3325 4978 Carthaginensis
3367 4906 3552 4959 homi-

1856 5013 1986 5050 nem
2032 4996 2307 5062 destituit,
2357 5011 2462 5050 nec
2511 4996 2740 5050 aliunde
2772 4996 3062 5065 suppetias
3098 5000 3291 5063 petere
3320 4994 3546 5063 potuit;

1855 5087 1952 5140 sed
1986 5101 2160 5155 quam
2187 5084 2492 5139 infeliciter
2541 5085 2742 5138 eadem
2769 5084 3070 5138 collatione
3109 5098 3244 5135 usus
3281 5082 3354 5136 sit
3380 5098 3550 5138 nemo

1855 5191 1972 5228 non
2003 5173 2208 5227 videat.

1927 5263 2199 5316 (lambinus
2243 5263 2591 5316 ABIRITANUS.
2627 5263 2751 5317 Fuit
2784 5275 2923 5314 unus
2967 5274 2992 5312 e
3023 5260 3214 5326 legatis
3257 5262 3554 5329 provinciae

1854 5350 2276 5417 Proconsularis,
2329 5354 2428 5404 etc.
2462 5349 2682 5414 Risum,
2714 5347 2912 5415 amice,
2943 5352 3159 5400 teneas.
3196 5346 3466 5419 Superius
3497 5348 3555 5402 in

1857 5439 2188 5500 Faucrcoso,
2224 5455 2396 5510 quem
2439 5437 2832 5494 Abbiritanum
2881 5435 3216 5507 episcopum
3254 5438 3426 5492 fuisse
3474 5455 3558 5492 as-

1854 5527 2049 5593 seruit,
2127 5526 2248 5582 htec
2286 5527 2455 5598 plane
2510 5526 2748 5581 dixerat.
2807 5526 2959 5580 Hunc
3028 5541 3152 5580 vero
3205 5528 3555 5582 Fructuosum
