3926 6192
341 301 434 353 291
1354 295 1910 350 SUPPLEMENTUM
1950 295 2039 349 AD
2076 294 2306 350 OPERA
2346 295 2400 349 S.
2441 295 2830 351 AUGUSTINI.
3705 313 3788 364 292

335 421 538 489 oportet
564 434 668 472 non
697 418 795 471 diu
829 419 1002 484 fuisse
1039 419 1396 486 superstitem,
1430 433 1558 472 nam
1579 433 1719 470 anno
1751 417 1854 470 419
1887 418 2025 473 Can-
2055 417 2098 470 A
2137 422 2217 470 sto
2257 418 2566 472 honorando
2608 435 2769 488 papa
2820 417 3122 472 Innocentio
3161 419 3434 489 Silvanus,
3481 428 3784 499 Valentinus,

339 509 501 562 (littus
559 507 922 561 Abbiritanus
979 511 1280 560 recensetur
1324 508 1466 560 inter
1497 507 1697 572 legatos
1738 508 2033 574 provincia:

338 597 768 650 l’roconsularis.
810 595 864 650 Si
895 596 1237 649 Fructuosus
1279 600 1335 648 et
1367 594 1651 649 Candidus
1682 594 1850 648 ambo
1880 593 2030 664 ejus-

333 687 463 740 dem
497 685 654 738 urbis
695 683 1067 738 Abbiritensis
1113 683 1365 753 episcopi
1408 699 1521 736 una
1569 683 1882 752 eademque
1938 683 2029 736 die

336 773 471 827 anni
516 776 620 828 416
659 772 830 826 simul
879 772 1108 826 adfuere
1153 772 1494 842 Carthagine
1552 771 1613 826 in
1641 773 1878 843 synodo,
1932 788 2033 825 cur

335 879 449 916 una
490 862 661 915 simul
713 861 774 914 in
819 857 996 914 altera
1035 876 1266 930 quoque
1325 860 1756 930 Carthaginensi
1813 861 2029 930 synodo

335 966 483 1003 anno
513 951 615 1003 419
636 964 756 1002 esse
786 947 1140 1018 nequivere?
1179 949 1316 1001 Tam
1345 947 1455 1001 cito
1505 947 1593 1001 sui
1619 947 1849 1015 oblitus,
1879 949 2031 1002 Can-

333 1037 533 1091 didum
562 1036 842 1106 collegam
862 1035 920 1088 in
949 1033 1279 1106 episcopatu
1314 1036 1622 1090 Fructuoso
1664 1035 1840 1104 dedit,
1859 1050 2030 1106 quem

334 1126 504 1196 paulo
565 1130 731 1179 antea
799 1124 1153 1178 decessorem
1212 1125 1702 1195 pronuntiaverat.
1789 1125 2029 1177 Putasne

332 1213 666 1268 Garnerium
699 1214 872 1267 ullam
904 1212 992 1266 his
1051 1212 1483 1283 responsionem
1528 1213 1811 1268 adornare
1840 1227 2027 1282 posse,

334 1303 442 1356 nisi
472 1303 541 1357 ad
580 1303 842 1356 calendas
889 1303 1110 1362 Graecas
1140 1302 1167 1356 ‘?
1199 1303 1480 1356 Caeterum
1528 1302 1588 1356 id
1617 1301 1788 1355 etiam
1836 1303 2031 1370 peccat

331 1391 483 1462 quod
512 1396 820 1461 utrumque
853 1390 1108 1460 ejusdem
1134 1391 1292 1444 urbis
1331 1390 1665 1460 episcopum
1717 1390 1867 1443 facit.
1896 1405 2026 1442 cum

333 1482 674 1534 Fructuosus
718 1479 1113 1534 Abziritanum
1140 1480 1415 1534 thronum
1466 1479 1695 1545 sederit,
1742 1479 2028 1532 Candidus

330 1567 498 1620 fuerit
550 1567 843 1638 episcopus
884 1567 1264 1622 Ahbiritensis
1311 1567 1899 1633 Germanicianorum,
1961 1582 2026 1618 ac

333 1655 520 1722 Felici,
553 1655 652 1726 qui
691 1655 976 1710 collationi
1018 1655 1297 1722 interfuit,
1345 1655 1692 1710 successerit.
1753 1654 2026 1725 quemad-

329 1745 561 1799 modum
591 1743 688 1800 ubi
713 1745 782 1799 de
813 1746 1118 1798 Fructuoso
1149 1745 1410 1816 superius
1441 1760 1629 1799 sermo
1669 1743 1889 1812 incidit,
1922 1759 2024 1813 pa-

330 1835 445 1888 lam
473 1833 716 1887 ostendi.

398 1923 706 1977 CYPRIANUS
788 1927 846 1976 et
904 1923 1246 1976 zEmLIANUS.
1297 1923 1496 1990 Ignota:
1555 1921 1718 1976 sedis.
1778 1921 1890 1974 Nec
1920 1935 2025 1991 ego

329 2010 466 2077 scio,
498 2027 604 2065 nec
626 2009 876 2082 inquiro.

400 2101 664 2154 Romanus
720 2101 1261 2153 MEGALOPOLITANUS.
1343 2101 1661 2153 Recenselur
1728 2097 1790 2152 in
1869 2100 2027 2152 colla-

332 2190 489 2241 tione.
516 2189 602 2240 Fit
629 2189 828 2242 mentio
857 2189 916 2240 in
942 2187 1150 2241 Notitia
1187 2187 1553 2255 episcoporum
1579 2187 1871 2254 provinciae
1889 2189 2028 2240 Pro-

327 2277 625 2330 consularis
664 2277 880 2332 Coronii
907 2276 1350 2343 Megalopolitani
1378 2276 1437 2326 in
1466 2273 1718 2327 eacsilium
1744 2275 1882 2339 acti;
1917 2289 2027 2341 qua

327 2380 447 2418 vero
472 2366 531 2418 in
555 2369 716 2432 parte
739 2365 1032 2432 provinciae
1059 2363 1461 2416 Proconsularis
1499 2363 1608 2416 sita
1635 2363 1807 2428 fuerit
1835 2364 2025 2428 Mega-

326 2455 516 2521 lopolis
544 2455 783 2520 ignotum
813 2453 949 2505 mihi
984 2456 1079 2506 est.
1104 2453 1225 2504 Imo
1258 2457 1314 2504 et
1341 2450 1489 2504 Afris
1527 2449 1680 2503 illius
1711 2449 1893 2503 intutis
1923 2450 2024 2503 ho-

325 2541 576 2594 minibus
605 2540 660 2594 id
687 2540 1188 2610 pariterignotum
1218 2539 1325 2592 fuit
1349 2556 1362 2606 ;
1390 2540 1546 2592 nulla
1584 2538 1737 2593 enim
1768 2555 2022 2610 unquam

325 2629 542 2684 exstitit
565 2629 624 2682 in
643 2628 832 2682 Africa
873 2628 1260 2698 Megalopolis,
1302 2627 1462 2697 cujus
1485 2625 1734 2680 nominis
1767 2627 1902 2680 urbs
1929 2643 2024 2680 ce-

327 2716 499 2776 lebris
524 2717 632 2770 fuit
662 2717 720 2770 in
755 2717 1174 2786 Peloponneso,
1222 2715 1442 2785 Polybii
1495 2714 1756 2769 Historici
1817 2714 2021 2784 patria.

327 2807 459 2860 Erat
489 2805 722 2876 quidem
754 2805 813 2858 in
841 2804 1026 2859 Africa
1056 2803 1403 2873 Meglapolis.
1439 2803 1599 2856 Unde
1630 2802 1691 2855 in
1722 2799 2023 2855 collatione

323 2911 454 2964 cap.
499 2897 596 2948 133
630 2893 894 2947 laudatur
943 2895 1215 2947 Romanus
1245 2895 1522 2961 episcopus
1547 2891 1717 2961 plebis
1751 2890 2026 2958 Meglapo-

2141 507 2418 572 Aurelius,
2455 510 2709 574 Donatus,
2742 506 3066 561 Restitutus.
3097 509 3383 575 Lucianus,
3415 513 3648 582 Alypius,
3684 521 3785 573 Au-

2137 597 2406 662 gustinus,
2460 596 2783 665 Placentius,
2853 596 3095 662 Severus,
3139 597 3472 666 Fortunatus,
3523 603 3786 674 Pcssidius,

2138 685 2398 748 Novatus,
2441 683 2735 750 Secundus,
2812 685 3169 752 Maurentius,
3229 687 3346 752 Leo,
3418 691 3788 765 Faustinianus,

2135 774 2465 837 Cresconius,
2517 773 2746 839 Malcus,
2803 773 3088 839 Littorius,
3145 775 3486 842 Fortunatus,
3551 779 3791 850 Donatus,

2135 862 2480 926 Ponticanus,
2549 861 2902 926 Saturninus,
2946 862 3318 927 Christonius,
3385 865 3655 934 Honorius,
3700 872 3796 924 Lu-

2139 950 2276 1016 cius,
2351 949 2693 1015 Adeodatus,
2765 952 3065 1017 Processus,
3151 952 3477 1018 Cresconius,
3540 955 3798 1026 Secundus,

2136 1038 2308 1102 Felix,
2354 1037 2652 1104 Asiaticus,
2707 1038 3085 1107 Ruf/inianus,
3126 1041 3436 1103 Faustinus,
3484 1042 3685 1105 Servus,
3722 1048 3800 1099 Te-

2135 1127 2362 1191 rentius,
2407 1126 2737 1191 Cresconius,
2794 1127 3136 1196 Sperantius,
3189 1129 3520 1194 Quadratus,
3568 1133 3798 1198 Lucilius,

2136 1214 2389 1279 Sabinus,
2435 1215 2746 1280 Faustinus,
2824 1216 3154 1283 Cresconius,
3215 1217 3420 1285 Victor,
3487 1220 3802 1287 Gignantius,

2136 1301 2473 1368 Posidonius,
2534 1305 2831 1367 Antonius,
2892 1305 3258 1373 Innocentius,
3318 1306 3639 1376 Praesidius,
3698 1311 3805 1362 Cre-

2136 1391 2388 1455 scentius,
2449 1390 2624 1454 Feliar,
2681 1390 2971 1458 Antonius,
3036 1393 3240 1457 Victor,
3292 1394 3614 1462 Honoratus,
3661 1398 3806 1450 Dona-

2136 1481 2242 1542 tus,
2318 1479 2526 1543 Petrus,
2579 1477 2892 1543 Prmsidius,
2927 1480 3258 1545 Cresconius,
3302 1481 3647 1550 Lampadius,
3694 1485 3807 1537 Del-

2130 1567 2357 1633 phinus,
2393 1581 2460 1618 ea:
2491 1567 2711 1619 concilio
2746 1568 3060 1620 Milevitana
3090 1570 3148 1621 in
3169 1570 3396 1622 Domino
3424 1571 3665 1626 salutem.

2209 1653 2471 1707 Pessimis
2500 1653 2702 1707 iisdem
2729 1654 3018 1724 auspiciis,
3051 1657 3256 1710 horum
3297 1673 3528 1728 quoque
3559 1659 3813 1730 episcopo-

2136 1758 2259 1796 rum
2312 1742 2471 1796 sedes
2523 1743 2827 1797 (laruerius
2871 1743 3172 1811 describit;
3221 1746 3389 1815 cujus
3430 1745 3658 1816 quidem
3691 1748 3816 1802 notis

2136 1829 2462 1884 refellendis
2505 1830 2780 1900 temporis
2830 1831 3116 1901 jacturam
3146 1833 3337 1888 facere
3373 1835 3520 1889 forte
3575 1835 3814 1890 videbor:

2136 1917 2233 1971 sed
2277 1917 2382 1970 hoc
2437 1917 2626 1988 ipsum
2679 1918 2738 1971 in
2795 1919 2938 1972 lucri
2982 1920 3104 1974 loco
3166 1923 3574 1992 reponendum
3621 1940 3818 1992 censeo,

2136 2005 2290 2076 quod
2317 2022 2447 2060 cum
2472 2005 2575 2060 tibi
2607 2007 2714 2061 hoc
2746 2007 2805 2060 in
2837 2023 3008 2078 opere
3053 2025 3272 2064 morem
3310 2027 3475 2081 gero,
3510 2013 3818 2083 obsequium

2137 2110 2272 2165 erga
2299 2099 2356 2148 te
2382 2110 2576 2147 meum
2607 2095 2850 2148 extendo
2884 2110 2896 2161 ;
2940 2111 3127 2166 neque
3158 2098 3320 2152 enim
3375 2099 3694 2170 periculum
3731 2105 3819 2169 est,

2136 2200 2208 2236 ne
2237 2182 2310 2236 sit
2347 2182 2611 2249 nimium,
2642 2184 2796 2253 quod
2845 2200 2964 2238 esse
3014 2185 3338 2241 maximum
3389 2188 3580 2243 debet.
3627 2189 3813 2258 Collige

2136 2271 2367 2324 interim
2400 2275 2475 2338 te,
2501 2275 2558 2324 et
2588 2287 2653 2324 ex
2687 2272 3083 2326 Proconsulari
3105 2273 3410 2343 provincia
3439 2275 3501 2328 in
3531 2276 3824 2330 Numidiam

2134 2375 2166 2412 a
2195 2360 2464 2413 Garnerio
2497 2364 2722 2414 vocatus
2754 2361 2995 2430 gradum
3017 2377 3264 2428 moveas,
3296 2368 3363 2417 ut
3385 2364 3581 2434 qualia
3609 2365 3676 2418 de
3705 2365 3820 2419 Car-

2135 2449 2489 2520 thaginensis
2543 2449 2769 2503 concilii
2823 2450 3108 2516 Patribus,
3159 2451 3372 2507 eadem
3417 2453 3489 2508 de
3538 2453 3816 2509 Milevitani

2136 2553 2429 2590 consessus
2459 2537 2738 2607 episcopis
2774 2543 3095 2592 commenta
3117 2539 3354 2596 audias.

2205 2625 2472 2679 SILVANL'S
2511 2626 2815 2679 Suumsusxs
2863 2627 2945 2679 vel
2992 2628 3283 2680 Zuuausxs.
3327 2631 3567 2699 Utroque
3602 2630 3746 2684 modo
3783 2633 3828 2682 in

2137 2714 2417 2766 collatione
2443 2713 2703 2767 scribitur
2749 2729 2936 2768 nomen
2983 2715 3146 2781 sedis,
3194 2733 3322 2784 qua
3363 2721 3559 2786 prima.
3588 2723 3707 2772 tunc
3734 2723 3831 2772 erat

2136 2803 2194 2854 in
2228 2803 2514 2870 provincia
2534 2803 2823 2871 Numidiae,
2857 2808 2961 2856 etc.
2999 2805 3100 2857 Ubi
3123 2821 3244 2858 vero
3297 2809 3414 2859 sita
3434 2809 3608 2872 fuerit
3639 2809 3832 2862 Summa

2134 2889 2216 2942 vel
2239 2891 2422 2942 Zuma
2453 2892 2714 2944 incertum
2744 2895 2843 2955 est,
2883 2893 2997 2944 nisi
3022 2893 3164 2957 forte
3222 2893 3460 2948 dicatur
3511 2911 3621 2950 esse
3670 2899 3833 2958 Zama,

323 2984 526 3049 titanas,
557 2986 614 3036 et
641 2982 699 3035 in
734 2981 950 3035 Notitia
981 2981 1150 3035 citata
1183 2998 1212 3034 a
1251 2980 1542 3046 Camerio,
1577 2980 1676 3034 sed
1715 2995 1833 3032 non
1884 2978 2026 3031 bene
2058 2989 2096 3044 ο
2140 2993 2303 3044 quam
2323 2979 2529 3032 Plinius
2559 2983 2608 3031 et
2638 2979 2947 3034 Ptolemaeus
3004 2983 3064 3032 in
3107 2983 3323 3046 Africa
3366 2998 3464 3036 seu
3516 2987 3696 3052 potius
3738 2985 3834 3042 Nu-

323 3069 487 3132 lecta,
519 3068 609 3120 vel
629 3072 778 3120 certe
807 3073 1098 3137 corrupta,
1131 3067 1462 3120 nominatur
1502 3068 1758 3122 Coronius
1804 3066 2014 3132 Megta-

319 3157 624 3224 politanus;
680 3154 926 3225 denique
976 3155 1036 3208 in
1098 3155 1368 3225 synodica
1423 3160 1530 3208 act.
1592 3159 1645 3220 2,
1700 3154 1902 3224 synodi
1961 3153 2013 3206 S.

323 3243 549 3297 Martini
601 3259 767 3312 papae
806 3250 1134 3296 recensetur
1181 3245 1486 3311 Reparatus
1538 3245 1817 3311 episcopus
1859 3243 1914 3296 S.
1951 3243 2012 3294 E.

323 3331 773 3399 Mcglapolitanae.
835 3331 948 3383 Hos
1005 3329 1300 3400 episcopos
1358 3329 1529 3382 unius
1586 3330 1789 3382 littera:
1829 3328 2015 3381 detra-

324 3419 510 3472 ctione
541 3418 846 3472 Garnerius
877 3434 941 3472 ex
971 3418 1158 3472 Africa
1189 3417 1248 3471 in
1306 3419 1589 3488 Europam
1626 3417 1791 3488 rapit.
1838 3418 2016 3470 Caete-

320 3523 450 3560 rum
472 3505 836 3560 amanueusis
877 3506 962 3558 vel
1010 3506 1400 3576 typographus
1431 3506 1639 3559 erroris
1690 3508 1887 3558 auctor
1920 3505 2018 3574 ju-

319 3595 571 3662 dicetur;
599 3595 900 3665 proprium
945 3594 1202 3649 Garnerii
1229 3601 1479 3648 erratum
1517 3598 1601 3648 est
1644 3594 1794 3664 quod
1821 3595 2018 3648 Roma-

319 3700 458 3738 num
491 3689 620 3736 ante
649 3699 865 3736 annum
905 3685 1000 3736 411
1059 3682 1387 3753 episcopum
1431 3682 1661 3754 quippe,
1699 3681 1798 3752 qui
1850 3682 2019 3734 colla-

318 3771 462 3826 tioni
487 3771 767 3841 interfuit,
816 3772 1024 3826 sedisse
1068 3771 1128 3825 in
1174 3775 1391 3842 synodo
1419 3775 1582 3842 putat
1611 3775 1738 3841 post
1766 3769 2016 3824 Pentha-

301 3860 477 3914 'dium
522 3860 916 3931 Carpitanum,
958 3866 1015 3914 et
1045 3859 1364 3914 Candidum
1393 3860 1462 3913 ab
1510 3859 1686 3912 Abbir
1728 3858 2016 3911 Germani-

315 3949 503 4017 ciana,
551 3949 653 4020 qui
707 3953 835 4020 post
881 3964 1100 4003 annum
1150 3950 1246 4003 411
1306 3949 1376 4001 ad
1431 3963 1616 4001 sacras
1644 3947 1806 4002 sedes
1836 3945 2013 4000 evecti

316 4047 465 4096 sunt.

382 4134 687 4186 AFRICANUS
727 4132 785 4183 et
841 4128 1239 4182 MARCELLINUS.
1300 4130 1521 4181 Incertae
1577 4127 1739 4181 sedis.
1797 4126 2013 4180 Marcus

317 4219 617 4289 episcopus
645 4216 939 4271 Donatista
972 4233 1094 4285 cap.
1123 4219 1217 4269 187
1272 4215 1596 4269 collationis
1628 4215 2012 4285 interrogatus

315 4323 348 4360 a
377 4311 568 4359 nostro
615 4305 818 4374 Alypio
845 4303 1212 4372 Thagastensi
1244 4317 1257 4358 ε
1319 4303 1466 4356 Unde
1495 4304 1586 4357 es?
1625 4319 1744 4371 qua:
1771 4307 1849 4356 est
1887 4305 2017 4356 civi-

316 4399 398 4447 tas
430 4395 564 4448 tua?
607 4390 902 4462 respondit
933 4407 946 4445 :
989 4391 1185 4446 Secuta
1213 4391 1403 4444 Pruna
1432 4391 1738 4444 Amidicca.
1776 4392 2019 4444 Melime-

316 4482 532 4534 limenia
577 4482 787 4536 Nasuta
818 4479 1246 4532 Prura.Poterat
1275 4477 1580 4532 Garnerius
1610 4495 1713 4548 pro
1748 4494 1813 4532 ea
1845 4495 2018 4548 quam

315 4567 375 4620 in
432 4565 798 4636 designandis
862 4581 967 4634 pro
1042 4564 1278 4618 arbitrio
1347 4563 1747 4636 episcoporum
1791 4565 2018 4619 sedibus

312 4654 708 4710 auctoritatem
739 4656 997 4723 usurpat,
1029 4652 1362 4707 Africanum
1391 4653 1608 4707 Secutae
1641 4654 1834 4706 Prura:
1867 4653 2016 4706 Ami-

313 4744 504 4811 diccze,
560 4741 950 4799 Marcellinum
1035 4757 1169 4796 vero
1248 4741 1724 4797 Melimelimeniac
1792 4743 2015 4796 Nasutus

311 4835 506 4888 Prurae
537 4831 834 4903 episcopos
871 4831 1163 4900 deputare.

386 4925 660 4976 Hactenus
691 4921 760 4975 de
791 4919 942 4973 notis
967 4918 1224 4972 Garuerii
1251 4919 1324 4973 ad
1381 4918 1732 4989 epigraphen
1782 4919 2014 4972 Patrum

309 5009 826 5080 proconsularium.
861 5009 1080 5061 Accedo
1113 5008 1181 5061 ad
1214 5006 1473 5077 ejusdem
1500 5012 1663 5060 notas
1691 5007 1752 5059 in
1782 5007 2012 5060 titulum

310 5100 542 5154 alterius
596 5098 882 5170 synodicae
910 5113 944 5150 a
985 5096 1269 5150 Numidia:
1317 5095 1597 5165 episcopis
1629 5112 1779 5150 anno
1809 5097 2013 5151 eodem

310 5189 436 5253 416,
468 5187 664 5241 itidem
694 5192 895 5241 contra
933 5184 1287 5254 Pelagianos,
1319 5183 1391 5237 ad
1424 5184 1821 5238 Innocentium
1869 5200 2012 5254 pon-

309 5273 521 5329 tificem
569 5275 772 5329 missae.

315 5415 620 5474 EJUSDEM
657 5413 1308 5470 ANIMADVERSIONES
1361 5412 1431 5467 IN
1483 5412 1695 5466 EPIST.
1735 5412 2001 5469 CLXXVI.

384 5539 615 5594 Domino
662 5537 967 5593 beatissimo
994 5539 1288 5606 meritoque
1324 5533 1638 5603 venerabili,
1661 5539 1712 5590 et
1738 5537 1798 5590 in
1845 5537 2009 5592 Chri-

2131 3067 2306 3120 midia
2332 3074 2614 3135 reponunt.
2650 3067 2766 3120 Nisi
2794 3068 3003 3137 hospes
3033 3067 3092 3122 in
3142 3069 3423 3125 Africana
3478 3072 3717 3126 historia
3746 3073 3835 3124 Za-

2129 3168 2282 3206 mam
2314 3169 2443 3206 cum
2473 3159 2713 3208 Zumma
2741 3155 3071 3210 confundet.
3108 3157 3349 3212 Etenim
3398 3177 3556 3214 anno
3597 3164 3719 3230 411,
3748 3161 3837 3214 cal.

2124 3242 2300 3306 Junii,
2326 3243 2620 3296 collationi
2642 3244 3076 3315 Carthaginensi
3101 3246 3347 3301 adfuere
3375 3250 3642 3317 Dialogus
3663 3253 3839 3319 episeo-

2121 3345 2226 3399 pus
2262 3333 2551 3396 Zamensis,
2589 3336 2787 3385 contra
2836 3349 3010 3403 quem
3043 3335 3356 3390 Montanus
3392 3354 3549 3392 unus
3590 3355 3620 3392 e
3643 3345 3842 3408 septem

2127 3419 2434 3472 Donatistis
2471 3419 2837 3474 collatoribus
2891 3423 3075 3476 stabat
3113 3438 3179 3476 ex
3229 3439 3369 3496 cap.
3413 3431 3546 3495 m,
3593 3433 3647 3481 et
3676 3429 3840 3482 Silva-

2123 3523 2224 3560 nus
2263 3510 2540 3576 episcopus
2591 3511 2920 3564 Zummcnsis
2972 3528 3093 3581 cap.
3129 3515 3218 3581 99,
3288 3515 3389 3568 cui
3454 3516 3846 3570 adversabatur

2125 3597 2324 3649 eadem
2355 3597 2414 3650 in
2459 3597 2687 3650 dioecesi
2723 3599 2871 3651 Felix
2930 3599 3240 3668 Donatista,
3285 3603 3396 3672 qui
3430 3621 3563 3674 cap.
3603 3607 3720 3670 114,
3750 3607 3832 3656 201

2121 3687 2177 3736 et
2228 3687 2352 3749 202,
2407 3684 2614 3738 dicitur
2667 3686 2972 3739 Zamensis.
3047 3687 3426 3758 Hicscriptor
3468 3691 3533 3745 in
3581 3693 3729 3745 notis
3784 3691 3843 3743 ad

2121 3771 2472 3841 epigraphen
2511 3773 3006 3842 proconsularium
3047 3775 3297 3831 dixerat.
3336 3779 3670 3834 MAJORINUS
3708 3785 3844 3833 Zem-

2119 3863 2344 3928 ptcnsis.
2401 3862 2486 3914 Ita
2539 3861 2737 3927 legitur
2801 3863 2859 3915 in
2905 3864 3217 3929 collatione;
3297 3869 3506 3922 melius
3563 3872 3846 3935 Zamensis,

2119 3963 2247 4000 nam
2302 3950 2360 4001 in
2396 3951 2775 4003 Proconsulari
2811 3954 3096 4018 provincia
3135 3955 3250 4018 fuit
3309 3958 3493 4010 Zama
3545 3961 3760 4022 civitas,
3802 3959 3846 4009 si

2121 4037 2314 4102 Plinio,
2340 4038 2614 4092 Ptolemmo
2655 4055 2717 4091 ac
2775 4039 3032 4093 Straboni
3070 4041 3370 4098 credimus.
3431 4048 3716 4102 Eamdem
3770 4047 3847 4099 in-

2121 4125 2500 4178 constantiam
2529 4142 2643 4196 qua
2671 4127 2882 4196 passim
2912 4128 3150 4196 laborat,
3186 4129 3247 4184 in
3291 4133 3526 4189 horum
3558 4137 3847 4206 episcopo-

2127 4228 2257 4266 rum
2306 4213 2534 4267 sedibus
2600 4214 2965 4284 designandis
3015 4217 3148 4271 viris
3198 4219 3575 4279 doctissimis
3627 4224 3851 4281 aﬂ‘ricat.

2128 4301 2247 4370 qui,
2299 4300 2357 4353 in
2401 4303 2762 4356 recensendis
2803 4303 3034 4356 illarum
3082 4307 3540 4375 provinciarum
3593 4314 3849 4374 urbibus,

2129 4393 2383 4442 exactam
2431 4390 2728 4460 utriusque
2775 4391 3081 4461 provincia:
3136 4394 3528 4462 divisionem,
3566 4402 3752 4472 qualis
3793 4401 3853 4453 ab

2125 4477 2518 4531 ecclesiasticis
2547 4483 2766 4533 servata
2796 4484 2898 4547 est,
2932 4497 3045 4534 non
3092 4482 3377 4552 afferunt,
3417 4490 3525 4544 sed
3558 4492 3858 4545 ﬂuminum

2126 4565 2372 4618 sectione
2400 4567 2524 4619 illas
2553 4566 2834 4637 dividunt,
2864 4573 2928 4622 ut
2951 4570 3020 4623 ad
3061 4572 3299 4627 oculum
3336 4582 3535 4644 patet.
3594 4582 3669 4634 Ex
3695 4581 3857 4634 colla-

2125 4653 2276 4707 tione
2306 4655 2580 4708 habemus
2622 4656 2922 4726 Dialogum
2961 4658 3301 4729 episc0pum
3338 4667 3728 4736 Zamensem,
3756 4670 3857 4722 cui.

2128 4742 2436 4796 Garnerius
2467 4743 2808 4812 Majorinum
2851 4749 2906 4798 et
2938 4745 3228 4802 Silvanum
3261 4751 3460 4808 etiam
3495 4758 3752 4827 collegas
3779 4775 3860 4809 su-

2121 4829 2488 4900 perimponit,
2524 4836 2586 4884 ut
2617 4831 3015 4902 episcoporum
3038 4836 3241 4890 eadem
3302 4839 3373 4893 in
3424 4843 3584 4899 urbe
3617 4846 3868 4900 triumvi-

2122 4923 2313 4971 ratum
2343 4918 2648 4972 constituat
2673 4922 2842 4974 Zama
2867 4922 3183 4992 Jugurthae,
3230 4925 3386 4982 dein
3419 4931 3598 4986 Juba:
3651 4936 3714 4988 in
3757 4935 3868 4988 Nu-

2121 5005 2299 5059 midia
2328 5005 2528 5075 Regia,
2562 5006 2732 5060 rebus
2753 5009 2902 5078 apud
2928 5011 3189 5064 eamdem
3218 5028 3250 5064 a
3275 5015 3536 5074 Metello
3568 5027 3630 5076 et
3657 5023 3871 5079 Ctesare

2121 5095 2294 5164 gestis
2335 5095 2657 5149 celebratur
2698 5113 2728 5149 a
2780 5097 3046 5152 Sallustio
3095 5103 3152 5153 et
3203 5103 3270 5154 A.
3343 5105 3585 5174 Hirtio;
3640 5111 3872 5162 Zumma

2117 5200 2249 5238 vero
2274 5183 2380 5238 fuit
2423 5185 2696 5254 exiguum
2739 5184 2801 5238 in
2856 5187 3055 5241 eadem
3102 5189 3421 5258 provincia
3470 5196 3776 5267 oppidum
3810 5211 3872 5250 ex

2120 5273 2241 5326 sola
2264 5273 2567 5327 collatione
2595 5273 3030 5345 Carthaginensi
3075 5277 3484 5348 scriptoribus
3535 5285 3878 5341 ecclesiasti-

2119 5361 2197 5414 cis
2244 5366 2467 5417 notum.

2189 5450 2551 5505 VALENTINL'S.
2611 5451 2942 5507 VAJENENSIS
2995 5455 3082 5508 Ita
3145 5456 3362 5523 legitur
3412 5463 3481 5515 in
3565 5467 3877 5519 collatione.

2115 5539 2328 5593 Incerta
2371 5537 2525 5594 sedes
2575 5544 2692 5606 est;
2723 5542 2837 5606 fuit
2886 5545 3063 5597 tamen
3103 5558 3284 5613 prope
3331 5548 3703 5621 Vegeselam,
3753 5569 3881 5608 nam
