3922 6188
128 313 203 359 293

126 433 166 482 in
187 427 422 481 collatione
461 438 560 492 pro
621 425 988 492 Vegeselitano
1034 427 1282 496 episcopo
1355 425 1742 495 subscripsisse
1771 429 1816 484 A

126 519 293 570 dicina.
330 514 388 566 In
415 529 534 582 cap.
574 515 670 567 135
695 513 1008 568 collationis
1038 514 1160 568 haec
1188 516 1492 587 leguntur:
1543 517 1742 571 Valen-

125 610 232 660 tinus
252 598 501 671 episcopus
555 602 800 671 Vajensis
847 619 946 671 pro
991 604 1361 658 consacerdote
1388 619 1500 658 meo
1542 606 1744 672 Regino

119 692 312 748 Ecclesiae
335 691 740 757 Vegeselitensis,
771 693 867 758 qui
903 691 988 744 hic
1026 693 1370 758 Carthagine
1407 694 1744 761 inﬁrmitatis

113 794 239 833 causa
259 777 521 844 detinetur,
555 783 686 844 etc.,
715 779 1036 848 subscripsi.
1083 779 1350 850 Ejusdem
1386 780 1746 834 adversarius

112 865 350 921 Donatista
367 881 482 936 cap.
522 869 617 921 186
650 866 856 921 dicitur
885 867 1202 933 Quintasius
1248 869 1520 938 Vajensis.
1573 869 1746 939 Vege-

111 955 197 1010 sela
219 953 394 1009 eratin
423 955 684 1009 conﬁniis
710 955 994 1010 Numidiae
1021 972 1217 1010 versus
1236 957 1569 1027 Byzacium;
1607 973 1744 1012 nam

111 1060 158 1097 ex
180 1042 432 1096 Antonino
452 1042 692 1098 distabat
721 1043 977 1098 Sufetula
999 1043 1139 1098 urbe
1162 1045 1383 1114 Byzacii
1404 1045 1584 1100 millia
1611 1062 1744 1116 pas-

109 1147 236 1186 suum
263 1134 340 1198 30,
371 1131 426 1185 in
453 1131 656 1187 itinere
683 1133 891 1187 Thenis
912 1133 1285 1188 Thevestema
1308 1135 1460 1207 Vaja,
1486 1152 1586 1190 seu
1613 1135 1746 1207 Baja

108 1236 193 1273 non
217 1221 373 1274 semel
399 1220 456 1274 in
487 1220 875 1276 ecclesiasticis
904 1222 1108 1276 Africae
1139 1224 1529 1278 monumentis
1553 1224 1746 1278 nomi-

107 1313 253 1362 natur.
283 1309 423 1363 Felia:
444 1310 759 1378 Brjanensis
789 1310 898 1365 fuit
926 1310 987 1364 in
1036 1311 1278 1366 concilio
1328 1311 1481 1366 Grati
1511 1313 1744 1368 Cartha-

106 1396 326 1466 ginensis,
355 1399 581 1466 Bejanus
610 1398 935 1467 Bejanensis
965 1400 1074 1455 fuit
1089 1416 1240 1455 unus
1269 1418 1300 1455 e
1321 1401 1620 1456 duodecim
1659 1417 1746 1454 or-

105 1485 403 1539 dinatoribus
423 1487 746 1541 Maximiani
760 1487 1067 1542 damnatus
1109 1489 1330 1560 Bagaiaa
1351 1507 1384 1544 a
1441 1490 1746 1545 Donatistis

103 1576 435 1645 exAngustino
451 1575 548 1631 lib.
574 1594 633 1631 in
650 1593 773 1631 con.
803 1577 984 1633 Cresc.
997 1621 1010 1645 ,
1025 1595 1148 1650 cap.
1165 1582 1252 1634 53.
1268 1581 1574 1650 Perperam
1611 1597 1744 1634 vero

103 1679 151 1716 ex
187 1662 572 1732 subscriptione
616 1664 897 1718 Valentini
957 1666 1256 1720 deducitur
1301 1666 1474 1722 istum
1529 1668 1738 1722 sedisse

103 1767 235 1822 prope
279 1753 618 1823 Vegeselam.
668 1754 734 1806 In
762 1753 1064 1808 collatione
1095 1771 1218 1826 cap.
1246 1758 1349 1810 208
1381 1762 1437 1810 et
1464 1758 1568 1812 209
1609 1757 1737 1827 plu-

101 1855 164 1891 res
186 1839 413 1910 episcopi
444 1841 757 1895 Donatista:
787 1841 1175 1913 subscripsere
1216 1860 1318 1914 pro
1355 1843 1601 1914 collegis,
1647 1843 1747 1914 qui

101 1931 140 1981 in
162 1930 322 1983 itinere
363 1929 706 1999 infirmitatis
745 1946 911 1986 causa
938 1931 1141 1986 detenti
1167 1931 1453 1999 dicuntur,
1500 1948 1745 2003 quorum

101 2023 245 2070 tamen
273 2017 530 2072 dioeceses
564 2035 681 2073 non
712 2024 877 2074 erant
903 2020 1294 2075 conterminas.
1331 2023 1395 2075 Et
1423 2036 1553 2076 cum
1583 2019 1748 2091 Regi-

100 2120 178 2158 nus
201 2105 512 2177 Carthagine
537 2111 865 2178 aegrotaret,
899 2107 1242 2164 invisentem
1272 2125 1331 2164 se
1380 2109 1745 2164 Valentinum

98 2208 258 2263 rogare
283 2194 460 2265 potuit
485 2199 553 2250 ut
585 2196 919 2252 mandatum
946 2213 1046 2252 suo
1081 2197 1312 2253 nomine
1366 2198 1743 2270 subsignaret.

101 2283 146 2334 In
188 2282 441 2352 Ephesina
490 2285 710 2355 synodo
763 2303 869 2356 pro
919 2287 1067 2341 Rufo
1096 2287 1586 2342 Thessalonicensi
1613 2287 1746 2341 sub-

100 2372 272 2441 scripsit
307 2372 604 2428 Flavianus
661 2374 1074 2446 Philippensis,
1137 2391 1386 2446 quorum
1435 2375 1596 2430 sedes
1633 2390 1750 2429 non

101 2465 219 2514 erant
259 2461 484 2530 vicinas;
517 2463 615 2516 hic
657 2463 810 2517 enim
853 2464 914 2517 in
954 2464 1286 2518 Macedonia
1330 2464 1597 2531 sccunda,
1651 2463 1748 2518 ille

100 2549 140 2601 in
159 2549 319 2620 prima
354 2566 654 2606 sacrorum
669 2552 964 2623 praefectos
983 2553 1248 2622 agebant.

146 2641 378 2694 AURBLIUS
437 2641 902 2695 Macouamansrs.
951 2643 1043 2696 Bis
1107 2642 1418 2696 Antoninus
1495 2641 1749 2697 meminit

100 2727 313 2781 civitatem
356 2728 738 2782 Macomadum
792 2731 852 2783 in
899 2731 1224 2784 Itinerario:
1273 2731 1432 2784 semet
1478 2729 1606 2784 dum
1662 2731 1744 2784 de-

103 2813 236 2867 scribit
261 2817 398 2869 viam
427 2832 552 2884 quae
601 2817 764 2871 dumit
810 2818 1016 2873 Cirtam
1043 2819 1407 2887 Carthagine:
1455 2821 1650 2872 iterum
1689 2821 1748 2874 in

111 2899 242 2953 itinere
277 2903 502 2958 Assuris
535 2904 784 2957 Ahenas.
817 2904 935 2958 Illic
959 2919 1066 2958 non
1090 2907 1284 2975 procul
1315 2921 1348 2959 a
1369 2907 1540 2973 Cirta,
1585 2906 1748 2960 isthic

105 3001 216 3056 prope
258 2990 458 3045 Thenas
499 2994 766 3060 ponitur:
802 3007 972 3060 quare
1020 3007 1226 3046 necesse
1276 2997 1356 3048 est
1381 2993 1512 3058 falli
1542 2993 1747 3046 lewico—

103 3075 278 3141 graphos
318 3080 412 3144 qui
445 3079 557 3146 legi
598 3078 783 3132 debere
818 3083 1018 3148 putant
1080 3081 1459 3148 Macomadem,
1529 3095 1751 3148 eamque

100 3160 265 3215 collocat
287 3179 450 3232 prope
491 3165 692 3220 Sirtim
735 3167 1014 3220 Minorem.
1048 3168 1288 3222 Postea:
1335 3169 1564 3222 Gemina
1609 3169 1750 3220 enim

99 3248 175 3309 fuit
205 3253 532 3308 Macomadia
581 3253 732 3323 apud
770 3255 1075 3322 Numidas;
1104 3272 1216 3310 una
1256 3257 1414 3326 cujus
1454 3256 1749 3310 Ecclesium

98 3345 253 3403 regeret
275 3343 555 3405 Aurelius,
611 3343 932 3413 haberetque
991 3344 1368 3400 adversarium
1430 3346 1750 3401 Sallustium

99 3425 416 3494 Donatistam;
461 3432 644 3484 altera
684 3433 1014 3501 Resticiana,
1064 3435 1154 3486 cui
1189 3449 1297 3502 pra
1334 3437 1495 3502 parte
1541 3433 1751 3488 Donati

98 3511 389 3579 Pro/uentius
427 3523 712 3586 praeesset.
759 3518 880 3572 lmo
911 3523 1026 3573 tres
1093 3520 1444 3574 Macomades
1492 3527 1750 3576 recenset

100 3601 384 3656 Antoninus.
454 3603 719 3659 Priorem
782 3604 844 3658 in
905 3604 1173 3660 Numidia
1231 3607 1393 3677 ponit
1443 3607 1750 3662 distantem

97 3684 211 3741 Cirta
239 3691 408 3746 millia
447 3708 729 3764 passunm
760 3696 824 3746 53
852 3709 866 3759 ;
894 3694 1134 3748 alteram
1187 3694 1248 3749 in
1297 3695 1531 3766 Byzacio
1570 3711 1749 3765 prope

97 3774 292 3845 Thenas,
341 3797 472 3850 quas
528 3781 669 3835 urbs
715 3787 835 3836 erat
886 3782 945 3836 in
977 3783 1230 3853 Byzacio,
1264 3783 1326 3838 in
1353 3784 1516 3855 cujus
1538 3783 1749 3838 Notitia

95 3865 375 3922 nominatur
416 3871 711 3924 Pascasius
747 3871 1115 3939 Thenitanus;
1161 3877 1219 3926 et
1240 3888 1436 3926 rursus
1461 3872 1522 3926 in
1547 3872 1749 3926 eodem

94 3951 256 4008 itinere
283 3974 313 4011 a
342 3959 550 4029 Magna
585 3958 761 4030 Lepti,
791 3976 919 4030 qua:
966 3966 1088 4015 erat
1132 3955 1484 4032 metropolis'
1505 3961 1747 4034 Tripoli-

94 4043 208 4096 tanae
227 4046 554 4114 provinciae,
587 4047 992 4102 Alexandriam
1018 4048 1135 4102 ait:
1165 4049 1503 4105 Macomades
1538 4051 1740 4118 Syrtis.

92 4130 336 4187 Antonino
382 4134 756 4190 consentiunt.
801 4135 1032 4190 Tabulae
1078 4137 1554 4208 Peutingerianac,
1619 4153 1748 4208 quae

94 4231 238 4288 prope
266 4222 482 4276 Thenas
516 4222 579 4276 in
614 4223 846 4292 Byzacio
877 4229 1163 4295 reponunt
1191 4227 1527 4280 Macomades
1568 4228 1743 4281 Mino-

91 4323 171 4362 res.
196 4311 392 4375 Quarta
435 4314 788 4369 Macomadia
829 4315 981 4386 apud
1030 4315 1303 4370 Numidas
1342 4315 1749 4387 lexicographi,

94 4410 207 4463 quos
231 4401 467 4471 vellicat,
501 4420 534 4456 a
565 4402 836 4456 Garnerio
863 4403 1096 4458 discent.
1143 4405 1328 4468 Quare
1377 4404 1754 4459 Proﬁcentius

94 4483 348 4543 Donatista
378 4491 619 4545 sedebat
647 4490 800 4562 apud
843 4491 1191 4546 Macomades
1243 4494 1597 4563 Byzacenos;
1630 4494 1754 4548 haec

93 4573 216 4627 enim
258 4577 384 4632 urbs
428 4579 642 4633 dicltur
689 4579 760 4633 ab
807 4579 1098 4634 Antonino
1135 4584 1514 4650 municipium.
1567 4581 1754 4637 Limes

93 4660 520 4723 Macomadiensis
570 4669 631 4722 in
680 4670 890 4724 Notitia
932 4671 1163 4741 imperii
1189 4672 1564 4727 Occidentalis
1593 4675 1755 4744 poni-

94 4752 168 4802 tur
193 4754 284 4808 sub
311 4756 573 4810 custodia
599 4756 759 4810 ducis
789 4757 1152 4828 Tripolitani.

146 4838 379 4899 Dossrcs
422 4848 795 4899 Aneoaaxsrs.
838 4848 1052 4901 Dicitur
1111 4847 1328 4914 quidem
1378 4848 1434 4900 in
1477 4847 1756 4902 collatione

88 4925 407 4999 .tuburensis,
443 4933 539 4986 sed
564 4935 623 4986 in
645 4934 856 4988 Notitia
900 4935 963 5001 ﬁt
999 4936 1195 4988 mentio
1244 4935 1514 4990 Cresconii
1549 4937 1755 5005 Ampe-

88 5019 246 5085 rensis,
275 5021 429 5089 ejecti
456 5023 516 5074 in
544 5019 800 5075 exsilium
829 5036 948 5075 cum
986 5022 1134 5077 aliis.
1158 5022 1222 5076 In
1275 5021 1580 5078 collatione
1628 5039 1752 5095 cap.

90 5102 159 5154 121
189 5119 298 5159 non
341 5107 699 5163 Aubnrensis
745 5107 972 5170 dicitur,
1033 5109 1132 5163 sed
1181 5109 1539 5178 Anburensis,
1596 5111 1757 5181 cujus

90 5186 409 5249 adversarius
475 5196 744 5250 Servatus
797 5212 922 5267 cap.
979 5199 1080 5251 198
1132 5197 1452 5268 appellatur
1477 5200 1756 5268 episcopus

89 5279 473 5348 Amphorensis.
505 5285 698 5340 Potuit
726 5287 977 5340 Donatus
1007 5285 1202 5340 sedere
1234 5285 1484 5340 Anburee
1527 5285 1587 5340 in
1613 5287 1757 5342 dia:-

93 5367 179 5419 cesi
240 5374 624 5443 Amphorensi
688 5391 789 5430 seu
855 5374 1216 5446 Amporensi,
1267 5376 1756 5446 quemadmodum

93 5451 366 5525 Delphinus
397 5478 466 5516 ex
496 5479 624 5534 cap.
663 5467 728 5518 65
758 5463 1015 5534 ejusdem
1045 5463 1382 5532 collationis,
1418 5465 1756 5520 morabatur

94 5538 139 5593 in
163 5543 378 5604 ἀίωωεὶ
407 5551 847 5620 Constantiensi,
884 5557 942 5609 et
991 5557 1240 5624 quatuor
1290 5551 1554 5610 catholici
1592 5559 1758 5610 erant

1777 1714 1820 1769 Β

832 303 1194 359 VARIORUM
1237 303 1846 361 EXERCITATIONES
1886 306 1952 370 IN
1992 308 2050 362 S.
2091 265 2758 366 AUGUSTINIIOPERA.

3444 317 3547 372 294

1853 424 1915 478 in
1945 424 2170 490 dioecesi
2195 426 2473 481 Adeodati
2517 427 2827 483 Milevitani
2874 431 3200 498 Donatistae,
3234 436 3298 486 ut
3334 432 3547 488 ibidem

1853 513 2171 567 Petilianus
2201 521 2542 586 conquestus
2574 521 2675 570 est.

1923 603 2248 657 Rasnwrvs
2305 604 2637 659 Novasuvus.
2682 607 2764 658 Ita
2818 607 2874 658 in
2899 607 3196 663 collatione.
3230 611 3302 662 In
3339 613 3547 665 Notitia

1851 693 2221 760 episcoporum
2276 693 2549 748 Numidiae
2595 698 2895 747 recensetur
2932 697 3073 747 inter
3105 698 3355 764 empulsos
3414 702 3550 755 Can-

1852 779 2017 834 didus
2061 782 2463 836 Novasinensis.
2517 782 2770 847 Interfuit
2821 783 3044 836 concilio
3091 788 3203 838 tum
3253 786 3547 854 Carthagi-

1851 869 2007 921 nensi
2035 872 2159 921 atate
2188 869 2521 923 collationem
2568 885 2708 924 tumo
2729 872 2853 937 411,
2891 875 3002 924 tum
3040 873 3352 927 Milevitana
3408 891 3548 930 anno

1853 956 1978 1022 416,
2013 960 2125 1010 tum
2150 959 2420 1024 Africano
2467 959 2765 1012 universali
2810 974 2899 1012 an.
2951 961 3075 1026 417,
3112 961 3168 1012 in
3198 976 3302 1028 quo
3357 966 3548 1018 tertius

1851 1044 1964 1108 fuit
1993 1045 2289 1112 legatorum
2311 1049 2606 1115 provinciae
2653 1048 2942 1103 Numidiae.
2989 1050 3114 1102 llaac
3144 1050 3354 1118 partim
3395 1056 3548 1106 recte

1855 1131 2200 1200 dicerentur,
2232 1135 2279 1187 si
2301 1151 2448 1188 unus
2480 1152 2510 1189 e
2542 1135 2809 1190 Numidia
2852 1136 3164 1191 Restitutus
3196 1139 3546 1193 Novasinen-

1854 1220 1928 1273 sis
1977 1222 2394 1292 appellaretur;
2453 1223 2550 1277 sed
2591 1224 2834 1278 occurrit
2880 1224 2940 1277 in
2990 1225 3187 1279 eadem
3245 1226 3548 1282 collatione

1853 1325 1976 1379 cap.
2010 1311 2108 1363 143
2138 1312 2438 1364 Restitutus
2469 1313 2748 1380 episcopus
2780 1313 3122 1379 Tagorensis,
3155 1329 3327 1382 quam
3363 1316 3547 1368 Eccle-

1854 1397 1997 1451 siam
2017 1398 2086 1452 ad
2120 1398 2445 1452 Numidiam
2477 1406 2732 1468 spectare
2759 1400 3017 1454 concedit
3047 1401 3371 1473 Garnerius,
3417 1403 3551 1474 quia

1854 1486 1913 1540 in
1946 1486 2158 1541 Notitia
2185 1487 2340 1542 illius
2372 1488 2684 1558 provinciae
2731 1489 2966 1558 ponitur
3016 1491 3319 1546 Timotheus
3370 1494 3551 1559 Tagu-

1853 1578 2042 1630 rensis.
2078 1576 2293 1630 Rursus
2318 1575 2377 1630 in
2409 1577 2623 1647 synodo
2653 1577 2790 1630 anni
2821 1578 2923 1632 418
2955 1578 3226 1632 dicuntur
3263 1581 3427 1634 electi
3468 1583 3549 1634 le-

1857 1661 1974 1731 gati
2017 1663 2086 1716 de
2134 1663 2426 1733 provincia
2461 1663 2741 1718 Numidiae
2773 1666 3060 1734 Alinqius,
3109 1667 3454 1735 Augustinus
3495 1672 3553 1722 et

1855 1752 2178 1806 Restitutus.
2245 1752 2428 1815 Quare
2473 1769 2602 1806 cum
2645 1753 2738 1806 hic
2786 1753 3100 1808 Restitutus
3131 1755 3339 1810 sederit.
3367 1756 3428 1810 in
3459 1774 3551 1828 sy-

1855 1839 2008 1893 nodo
2039 1839 2175 1893 anni
2221 1841 2326 1894 416
2374 1845 2503 1894 ante
2534 1840 2789 1911 Alipium
2815 1846 2872 1895 et
2899 1843 3303 1911 Augustinum,
3339 1861 3550 1915 perpe-

1853 1943 1978 1981 ram
2008 1927 2216 1982 dicitur
2252 1928 2346 1981 ille
2385 1927 2540 1982 idem
2571 1929 2837 2000 quianno
2863 1931 2966 1984 418
2993 1931 3324 1986 nominatur
3353 1934 3550 1988 Numi-

1855 2015 2059 2070 darum
2089 2016 2326 2086 legatus,
2360 2016 2495 2087 quia
2513 2016 2604 2071 hic
2635 2023 2765 2088 post
2787 2018 3041 2088 Alipium
3071 2024 3126 2073 et
3155 2021 3545 2092 Augustinum

1853 2103 2088 2171 ibidem,
2113 2109 2387 2175 tanquam
2421 2104 2479 2158 in
2511 2104 2834 2177 episcopatu
2866 2107 3148 2177 posterior
3175 2115 3549 2166 memoratur.

1927 2193 2202 2247 Lucanus
2250 2195 2562 2248 Gurannsxs.
2593 2197 2911 2250 Recensetur
2955 2199 3096 2250 inter
3151 2200 3422 2267 episcopos
3444 2201 3541 2268 qui

1857 2282 2198 2350 Carthagine
2243 2281 2509 2350 synodum
2555 2283 2857 2337 habuerunt
2891 2288 3015 2338 ante
3048 2286 3400 2352 collationem,
3443 2291 3550 2341 etc.

1855 2371 1950 2422 An
1973 2384 2096 2423 vero
2120 2375 2170 2423 et
2201 2371 2287 2424 hic
2309 2375 2358 2424 et
2401 2371 2494 2424 ille
2516 2375 2765 2440 corrupte
2811 2373 3021 2438 legatur
3067 2375 3310 2428 Ecclesiae
3341 2390 3550 2442 nomen,

1854 2459 2146 2526 reponique
2171 2457 2362 2512 debeat
2385 2473 2489 2527 pro
2537 2459 2791 2514 Guirensi
2845 2461 2928 2514 vel
2966 2462 3208 2530 Gire-nsi,
3251 2463 3547 2530 Girbensis,

1856 2545 2012 2613 cujus
2050 2548 2326 2614 episcopus
2349 2547 2551 2602 decimo
2582 2549 2690 2602 loco
2728 2551 3045 2603 sententiam
3066 2550 3211 2604 dicit
3229 2552 3284 2604 in
3310 2553 3552 2606 concillio

1855 2634 2335 2703 rebaptizantium,
2359 2635 2693 2690 dubitaverit
2703 2639 2846 2708 fortg
2866 2639 3086 2706 aliquis,
3103 2655 3196 2692 nec
3216 2655 3328 2694 meo
3337 2639 3553 2708 judicio

1855 2723 2014 2777 valde
2035 2728 2240 2778 temere.
2276 2725 2400 2778 Non
2432 2723 2525 2778 ibo
2547 2723 2765 2778 inficias
2791 2725 3005 2794 judicio
3034 2726 3351 2797 geographi
3382 2728 3551 2780 urbes

1858 2811 2100 2866 subinde
2127 2811 2416 2867 miscentis
2447 2829 2563 2866 non
2581 2813 2703 2866 fore
2724 2813 2804 2867 ita
2827 2813 3166 2868 sentientem
3186 2816 3350 2869 valde
3373 2820 3553 2870 teme-

1857 2897 2092 2952 rarium.
2125 2899 2231 2954 Sed
2262 2900 2470 2954 eruditi
2499 2900 2754 2954 riderent
2783 2902 3077 2956 hominem
3100 2903 3331 2958 Girbam
3357 2903 3415 2957 in
3440 2905 3554 2957 Nu-

1784 3005 1823 3060 c
1859 2988 2042 3042 midia-
2061 2990 2362 3044 locantem.
2399 2990 2504 3054 Qui
2536 2990 2771 3060 ponitur
2793 2993 3064 3047 Momillus
3093 3009 3128 3046 a
3158 2993 3341 3047 Garba
3372 2993 3430 3046 in
3460 3009 3548 3063 sy-

1859 3077 2007 3131 nodo
2039 3078 2535 3149 rebaptizantium,
2555 3084 2770 3149 spectat
2796 3079 2868 3132 ad
2895 3080 3309 3150 Tripolitanos;
3334 3097 3468 3134 nam
3493 3080 3553 3135 in

1861 3167 2071 3220 Notitia
2087 3168 2258 3237 hujus
2280 3168 2568 3238 provinces
2587 3168 2853 3222 laudatur
2876 3169 3171 3224 Faustinus
3202 3170 3549 3226 Girbitanus.

1858 3255 1921 3307 In
1979 3255 2247 3309 Numidia
2311 3255 2471 3309 nulla
2525 3255 2697 3308 Girba
2753 3255 3102 3323 nominatur,
3161 3258 3258 3312 sed
3324 3262 3547 3312 tantum

1861 3341 2042 3396 Garbe
2063 3361 2084 3408 ;
2112 3342 2266 3397 unde
2306 3342 2366 3396 in
2408 3343 2621 3414 synodo
2652 3343 2897 3397 Secundi
2927 3343 3226 3414 Tisigitani
3253 3345 3405 3416 apud
3423 3345 3553 3399 Gir-

1860 3433 1973 3483 tam
2005 3430 2188 3484 adfuit
2222 3433 2404 3484 Victor
2432 3447 2466 3484 a
2495 3432 2674 3487 Garbe
2698 3447 2762 3484 ex
2803 3433 3005 3502 Optato
3035 3433 3357 3487 Milevitano
3391 3433 3487 3488 lib.
3515 3451 3555 3500 ι,

1859 3524 1913 3572 et
1944 3522 2086 3586 Aug.
2118 3519 2218 3573 lib.
2254 3536 2332 3575 Ill.
2368 3536 2492 3574 con.
2530 3521 2918 3587 Cresconium,
2946 3537 3068 3590 cap.
3103 3525 3190 3575 27.

1927 3610 2151 3662 Αιιιιιυε
2191 3609 2616 3663 ΤΠΑοΑετεΝειε.
2669 3609 2912 3664 Nobilior
2957 3611 3049 3662 ille
3073 3614 3151 3664 est
3189 3625 3306 3663 cum
3335 3612 3558 3679 scriptis

1858 3698 2184 3764 Augustini,
2237 3699 2570 3765 Hieronymi,
2620 3711 2682 3749 ac
2737 3697 2978 3760 Paulini,
3032 3700 3081 3749 et
3125 3697 3373 3762 aliorum,
3439 3702 3551 3750 tum

1857 3789 2095 3840 maxime
2122 3787 2278 3841 rebus
2310 3790 2472 3854 gestis
2514 3789 2785 3855 fastisque
2821 3787 3101 3849 Ecclesiae,
3125 3787 3349 3862 quibus
3378 3790 3557 3842 ascri-

1853 3877 1984 3942 ptus
2005 3879 2083 3928 est
2113 3877 2255 3928 inter
2277 3875 2430 3929 divos
2451 3875 2539 3928 die
2572 3878 2632 3928 15
2655 3876 2917 3940 Augusti,
2943 3878 3047 3927 etc.
3071 3874 3274 3928 Omnia
3305 3875 3550 3945 egregie.

1859 3962 1968 4016 Sed
1993 3962 2215 4032 Alipius
2245 3979 2416 4033 supra
2447 3979 2618 4016 omne
2649 3962 2904 4017 Garnerii
2925 3962 3280 4032 praeconium
3309 3967 3410 4016 est.

1925 4054 2273 4106 AUGUSTINUS
2336 4053 2716 4104 HIPPONENSIS.
2778 4052 2944 4106 Nulla
2995 4052 3078 4104 hic
3124 4055 3252 4104 nota
3281 4066 3414 4118 opus
3457 4056 3552 4105 est.

1862 4139 2090 4193 Utinam
2124 4137 2614 4208 quemadmodum
2643 4137 2830 4190 nullas
2860 4137 2952 4191 hic
2977 4138 3218 4207 scriptor
3248 4137 3316 4190 de
3362 4140 3557 4207 Augu-

1866 4227 2014 4281 stino
2068 4230 2232 4280 notas
2274 4225 2568 4296 supponit,
2614 4224 2693 4278 ita
2744 4241 2845 4278 nec
2893 4225 2995 4278 ulli
3053 4224 3367 4294 Augustino
3399 4230 3558 4278 notas

1866 4315 2207 4370 inussissent
2233 4335 2247 4382 ;
2278 4331 2465 4386 neque
2496 4313 2650 4369 enim
2681 4313 2848 4367 nobis
2877 4313 3252 4367 vindiciarum
3305 4313 3557 4367 scriben-

1866 4406 2069 4460 darum
2095 4404 2399 4458 necessitas
2415 4403 2687 4474 imposita
2707 4403 2904 4457 fuisset
2927 4419 2942 4456 :
2965 4403 3115 4457 unde
3140 4419 3342 4456 eorum
3381 4403 3481 4472 qui
3503 4418 3558 4456 sc

1865 4511 1930 4549 ac
1957 4510 2060 4547 sua
2091 4497 2315 4548 tantum
2346 4493 2612 4564 probant,
2647 4495 2878 4563 querela
2902 4508 3016 4545 non
3049 4508 3159 4545 uno
3189 4492 3314 4545 loco
3337 4492 3554 4562 erupit.

1938 4585 2272 4636 Pnacaxrms
2321 4584 2722 4637 Mananaausxs.
2775 4583 2996 4648 Legitur
3050 4581 3268 4648 quidem
3305 4584 3362 4634 in
3387 4580 3561 4635 colla-

1867 4671 2007 4723 tione
2042 4670 2406 4734 Placentinus,
2462 4670 2568 4721 imo
2610 4672 2660 4721 et
2698 4669 2756 4720 in
2817 4667 2993 4721 codice
3056 4669 3252 4722 Latino
3301 4670 3559 4722 Ecclesia

1863 4758 2164 4825 Africanae,
2205 4772 2390 4810 verum
2437 4757 2496 4809 in
2547 4758 2730 4809 Graeco
2773 4755 3000 4807 habetur
3043 4756 3371 4820 Plucentius,
3441 4769 3560 4821 qua

1864 4861 1971 4900 vos:
2020 4847 2349 4899 communior
2404 4845 2555 4913 apud
2606 4845 2797 4909 Afros.
2844 4844 3104 4909 Interfuit
3141 4844 3362 4896 concilio
3391 4843 3562 4908 Afri-

1865 4948 2000 4988 cano
2038 4948 2180 4987 anno
2218 4935 2342 5000 418,
2367 4946 2761 5002 personamque
2795 4933 2962 5002 gessit
2998 4932 3164 4998 legati
3182 4930 3470 4997 Numidiae,
3498 4945 3561 4984 ac

1867 5026 1925 5077 in
1940 5039 2106 5078 causa
2134 5023 2430 5078 Maurentii
2463 5021 2866 5076 Tubursicensis
2894 5024 3079 5074 contra
3101 5021 3336 5073 seniores
3366 5023 3561 5073 nostra:

1869 5113 2179 5165 Germania
2235 5111 2586 5164 interlocutus
2650 5113 2746 5163 cst.
2814 5107 3238 5162 Correctionem
3296 5105 3554 5160 admitto.

1868 5201 2106 5255 Interim
2141 5215 2358 5254 annum
2391 5197 2594 5268 synodi
2623 5197 2714 5251 cui
2742 5196 2998 5250 interfuit
3019 5195 3334 5249 Placentius
3366 5200 3565 5251 contra

1867 5289 2120 5344 seniores
2173 5304 2332 5342 novae
2380 5286 2729 5342 Germanicae
2763 5286 2862 5353 (ita
2914 5285 3126 5354 legitur
3173 5301 3296 5354 cap.
3329 5288 3392 5338 67
3427 5285 3562 5340 Cod.

1866 5377 2135 5445 Africani)
2191 5377 2309 5448 ipse
2351 5375 2524 5430 etiam
2554 5373 2834 5443 corrigat;
2863 5371 3136 5425 dicendus
3166 5372 3319 5425 enim
3351 5377 3434 5426 est
3463 5389 3564 5426 an-

1868 5483 1975 5519 nus
2025 5468 2149 5531 407,
2200 5480 2330 5518 nam
2381 5465 2440 5517 in
2489 5462 2706 5534 synodo
2755 5459 2968 5514 indicta
3011 5461 3181 5514 Basso
3217 5465 3272 5514 et
3301 5459 3564 5529 Philippo

1867 5570 2034 5621 coss.,
2085 5569 2237 5608 anno
2292 5554 2416 5619 408,
2475 5551 2702 5606 nullum
2754 5547 3030 5603 Placentii
3104 5564 3316 5604 nomen
3373 5551 3559 5602 sonat.
