3926 6192
386 272 489 325 295

1395 269 1954 325 SUPPLEMENTUM
1994 272 2086 327 AD
2124 272 2354 330 OPERA
2391 274 2446 328 S.
2486 272 2876 330 AUGUSTINI.
3731 292 3817 346 296

452 392 704 447 Sevanus
742 391 1135 446 MILEVI‘I‘ANUS.
1190 391 1375 446 Severi
1415 391 1707 446 Ecclesium
1744 394 1866 447 silet
1902 394 2074 448 colla-
2113 394 2158 447 A
2192 395 2393 450 eodem
2446 395 2673 452 vivebat
2742 394 2916 450 etiam
2970 399 3309 452 Fortunatus
3357 399 3811 478 Constantinensis,

385 482 458 534 tio
474 484 639 549 prout
667 480 816 534 edita
853 484 948 542 est,
992 480 1240 549 quamvis
1288 478 1355 533 de
1390 480 1582 534 Severo
1626 482 1869 551 loquitur
1910 485 2084 537 serius
2194 500 2329 538 nam
2371 484 2467 539 lib.
2499 502 2518 539 1
2578 488 2727 539 cont.
2777 483 2964 550 Petil.,
3006 501 3130 555 cap.
3192 489 3243 553 1,
3285 487 3391 541 ait:
3437 492 3566 546 Cum
3603 510 3744 551 essem
3776 503 3823 554 in

383 570 769 637 Carthaginem
800 568 1027 637 appulsa
1052 583 1172 621 cum
1199 568 1558 623 novemdecim
1600 570 1728 623 aliis
1779 572 2080 637 catholicis,

2194 574 2432 628 Ecclesia
2481 574 2937 639 Constantinensi,
2986 573 3244 628 Absentio
3279 582 3540 643 prasente,
3584 587 3629 635 et
3652 586 3823 653 collega

381 672 609 726 quorum
667 657 941 711 catholica
993 656 1245 711 Ecclesia
1301 657 1671 726 appellantur,
1739 663 1844 713 etc.
1917 660 2083 713 Nulla
2190 676 2301 715 meo
2330 664 2646 716 Fortunatio
2676 662 2792 730 ejus
2822 662 3093 731 episc0po.
3131 663 3204 714 At
3230 661 3333 716 lib.
3369 681 3425 731 ιι,
3467 681 3581 735 cap.
3630 672 3676 734 5,
3719 670 3821 726 lau-

379 747 515 797 nota
550 742 643 797 hic
688 743 837 797 notis
875 742 1078 797 inferri
1123 748 1337 813 potest.
1389 744 1666 816 Loquitur
1708 764 1772 801 ex
1820 763 1943 818 cap.
1975 752 2079 802 215

379 831 713 887 collationis.
774 831 930 885 Sedit
970 832 1212 886 Severus
1252 832 1437 887 Milevi
1483 839 1615 888 ante
1678 851 1899 889 annum
1952 838 2075 891 397.

378 920 605 973 Mileum
636 918 843 973 dicitur
872 919 941 973 ab
977 920 1293 989 Antonino,
1326 925 1385 976 et
1412 921 1521 976 fuit
1551 922 1777 978 colonia
1804 940 1868 978 ex
1899 924 2079 978 Tabu-

376 1007 446 1060 lis
462 1006 937 1078 Peutingerianis.

449 1097 802 1151 Fonrunsrvs
854 1096 1403 1152 Coxsuxrmnnsrs.
1444 1100 1570 1153 Fuit
1619 1115 1758 1154 unus
1811 1116 1838 1154 e
1877 1105 2078 1170 septem

373 1186 652 1240 catholicis
706 1188 811 1255 qui
856 1187 1191 1241 collationem
1229 1190 1417 1241 contra
1461 1190 1777 1243 Donatistas
1825 1205 2077 1259 suscepe-

375 1280 530 1342 runt;
563 1276 704 1329 sitne
735 1276 1216 1331 Constantiniensis
1244 1276 1494 1330 Ecclesia
1521 1276 1706 1332 eadem
1729 1293 1847 1345 qua
1877 1280 2077 1335 Cirten-

376 1366 472 1430 sis,
506 1363 794 1432 disputant
820 1363 1042 1417 eruditi.
1081 1365 1145 1418 Et
1172 1363 1428 1419 adductis
1467 1365 1820 1435 argumentis
1864 1366 2074 1438 quibus

377 1450 579 1506 eadem
627 1451 762 1506 urbs
810 1456 1055 1523 utroque
1103 1453 1274 1507 modo
1326 1453 1622 1508 nominata
1654 1459 1914 1525 apparet,
1953 1455 2068 1511 ait:

379 1539 533 1607 Cogit
574 1554 675 1604 me,
725 1540 846 1593 licet
894 1540 1263 1607 reluctantem,
1309 1545 1465 1595 tanta
1498 1544 1581 1596 vis
1632 1547 2072 1610 argumentorum

378 1630 632 1681 assentiri
657 1630 862 1682 Gravio
883 1629 1239 1697 Pamelioque,
1274 1644 1429 1698 quem
1467 1629 1654 1684 ducem
1674 1634 1883 1685 secutus
1912 1636 2066 1687 esset.

380 1715 702 1784 Quanquam
729 1719 915 1786 prima
942 1720 1089 1772 ratio
1117 1733 1227 1786 qua
1264 1719 1442 1772 utitur
1462 1719 1675 1773 omnino
1707 1720 1927 1787 inﬁrma
1956 1725 2070 1788 est;

376 1804 645 1871 siquidem
682 1807 1009 1861 Fortunatus
1053 1807 1142 1860 ille
1193 1807 1453 1862 Cirtensis
1485 1822 1649 1877 quam
1679 1814 1939 1863 memorat
1961 1811 2076 1864 Au-

374 1894 624 1959 gustinus
674 1893 769 1948 lib.
810 1893 875 1947 de
916 1896 1077 1949 Unico
1109 1894 1397 1963 Baptismo
1440 1910 1560 1963 cap.
1590 1898 1673 1963 16,
1702 1896 1949 1952 diversus
1994 1902 2074 1952 est

373 1982 562 2049 procul
608 1981 773 2036 dubio
814 1997 850 2035 a
875 1983 1186 2046 Fortunato,
1225 1998 1380 2051 quem
1405 1984 1499 2037 lib.
1529 1999 1590 2037 ιιι
1626 1989 1813 2038 contra
1839 1985 2072 2040 Petilia-

375 2084 524 2133 num,
559 2084 679 2139 cap.
717 2072 766 2135 l,
798 2074 848 2123 et
877 2070 977 2123 lib.
1017 2087 1099 2137 ιιι,
1132 2086 1253 2139 cap.
1293 2073 1381 2136 38,
1434 2072 1940 2127 Constantinensem
1976 2088 2070 2127 vo-

375 2162 499 2212 cat:
525 2158 616 2211 ille
640 2159 781 2211 enim
801 2158 1107 2212 Possidium
1136 2158 1405 2226 dignitate
1439 2162 1736 2229 episcopali
1771 2164 2069 2230 praecessit,

364 2238 474 2300 iste
501 2250 711 2300 secutus
754 2248 850 2300 est.
893 2247 1152 2302 Cirtensis
1204 2246 1473 2315 siquidem
1510 2250 1861 2316 paucissimis
1885 2253 2067 2316 annis,

372 2338 663 2402 antequam
705 2335 1049 2401 Augustinus
1077 2334 1273 2388 librum
1314 2335 1381 2389 de
1413 2337 1574 2390 Unico
1605 2337 1882 2405 Baptismo
1927 2340 2070 2392 scri-

374 2420 516 2474 beret
556 2420 842 2490 (scribebat
887 2435 1011 2475 vero
1051 2436 1192 2475 anno
1231 2421 1383 2491 407),
1449 2424 1702 2477 successit
1750 2425 2067 2491 Profuturo,

374 2525 494 2563 cum
539 2514 717 2563 tamen
760 2510 1042 2564 Possidius
1090 2514 1216 2565 ante
1245 2527 1448 2565 annum
1488 2513 1592 2567 394
1624 2514 1903 2582 episcopus
1949 2518 2065 2579 est;

370 2602 428 2651 at
459 2598 929 2652 Constantinensis
955 2598 1291 2668 pracedebat
1340 2599 1662 2668 Possidium,
1693 2604 1754 2655 ut
1783 2616 1849 2655 ea
1881 2604 2068 2657 multis

371 2685 861 2755 subscriptionibus
909 2673 1142 2743 constat.
1198 2687 1407 2742 Scribit
1449 2688 1717 2743 Aurelius
1768 2689 1959 2744 Victor
2004 2690 2068 2745 in

367 2773 518 2828 libro
565 2773 635 2828 de
683 2774 1020 2842 Caesaribus,
1077 2774 1227 2830 victo
1276 2791 1428 2830 anno
1466 2776 1571 2831 306
1612 2793 1643 2830 a
1693 2777 2065 2833 Constantino

367 2878 550 2933 prope
606 2861 858 2917 Milvium
884 2866 1120 2933 pontem
1155 2863 1460 2930 Maxentio,
1502 2882 1537 2918 a
1575 2869 1771 2919 senatu
1803 2866 2063 2922 Romano

2192 748 2335 803 dans
2354 750 2674 804 Romanam
2713 748 3018 802 Ecclesiam
3048 748 3161 803 ait:
3195 752 3254 803 in
3290 767 3395 820 qua
3436 754 3579 809 hodie
3617 758 3821 813 Anasta-

2189 842 2301 892 sius
2322 838 2486 892 sedet.
2532 838 2637 893 Ubi
2670 837 2827 892 vides
2848 837 3021 892 libros
3051 842 3247 892 contra
3275 840 3598 897 Petilianum
3621 846 3825 916 scriptos

2186 925 2362 980 fuisse
2409 942 2443 980 a
2496 926 2549 981 S.
2597 926 2847 993 doctore,
2881 926 3189 997 superstite
3239 926 3295 984 S.
3360 931 3635 986 Anastasio
3685 949 3823 1004 papa,

2186 1015 2287 1085 qui
2333 1029 2466 1069 cum
2513 1013 2665 1069 diem
2711 1014 2916 1069 obierit
2963 1030 3114 1069 anno
3156 1016 3285 1083 402,
3328 1031 3658 1087 consequens
3692 1021 3750 1075 lit
3781 1029 3831 1077 ut

2191 1100 2531 1155 Fortunatus
2571 1101 3055 1157 Constantinensis
3102 1105 3234 1156 ante
3282 1118 3489 1157 annum
3545 1106 3643 1159 402
3689 1106 3832 1163 fuerit

2185 1186 2485 1258 episcopus
2536 1188 2944 1256 Constantina,
2995 1188 3095 1259 qui
3137 1205 3269 1243 cum
3313 1189 3374 1243 in
3401 1192 3679 1265 collatione
3706 1210 3830 1249 anno

2181 1275 2308 1345 4H,
2338 1280 2395 1329 et
2422 1274 2484 1329 in
2514 1277 2730 1347 synodo
2764 1277 3086 1332 Milevitana
3112 1293 3266 1332 anno
3296 1280 3416 1344 4l9,
3461 1296 3693 1349 prasens
3721 1284 3827 1337 fue-

2181 1363 2279 1429 rit,
2321 1380 2473 1419 anno
2520 1366 2622 1419 407
2669 1365 2836 1435 juxta
2882 1362 3141 1419 Garnerii
3190 1362 3609 1435 cbronologiam
3639 1368 3832 1424 sedebat

2183 1450 2573 1507 Constantina
2605 1468 2717 1507 una
2745 1467 2875 1507 cum
2911 1453 3218 1506 Fortunato
3246 1452 3358 1507 alio
3402 1453 3627 1508 Cirtensi
3664 1457 3828 1511 Profu-

2180 1539 2301 1593 turi
2332 1556 2676 1595 successore.
2712 1542 2795 1594 Ita
2836 1540 2978 1595 duos
3025 1541 3366 1595 Fortunatos
3396 1557 3464 1595 ex
3490 1558 3601 1596 uno
3628 1542 3827 1613 faciens,

2178 1626 2430 1682 fabulam
2484 1628 2553 1682 de
2601 1628 2822 1682 duobus
2868 1627 3232 1683 Menaechmis
3273 1627 3420 1682 belle
3457 1627 3655 1683 iterum
3690 1630 3829 1699 ludit,

2254 1716 2538 1769 Possmws
2580 1716 2936 1770 Canauaxsrs.
2984 1717 3102 1769 Fuit
3130 1720 3181 1769 et
3213 1718 3331 1785 ipse
3360 1716 3661 1772 collatorum
3696 1734 3827 1786 unus,

2183 1804 2289 1858 imo
2320 1803 2642 1858 individuus
2677 1805 2795 1870 fere
2849 1802 3301 1872 quemadmodum
3339 1807 3389 1857 et
3416 1804 3629 1873 Alipius
3662 1809 3830 1874 Augu-

2179 1893 2318 1947 stini
2369 1892 2429 1944 in
2469 1891 2626 1946 rebus
2674 1892 2925 1946 Ecclesia
2969 1890 3205 1959 agendis
3261 1893 3457 1959 socius,
3507 1898 3609 1948 etc.
3661 1893 3830 1948 Omnia

2180 1979 2327 2034 bene
2360 1996 2419 2033 se
2442 1980 2685 2047 habent;
2717 1980 2813 2034 sed
2842 1980 2996 2051 quod
3025 1979 3288 2051 proxime
3317 1981 3379 2035 in
3399 1981 3548 2036 notis
3567 1983 3627 2037 ad
3664 1984 3829 2038 Fortu-

2178 2071 2378 2123 natum
2435 2068 2574 2123 dicit
2617 2068 2924 2124 Possidium
2971 2073 3095 2123 ante
3141 2084 3347 2124 annum
3408 2071 3511 2125 494
3569 2072 3829 2140 episcopum

2177 2159 2372 2224 fuisse,
2432 2157 2871 2212 anachrOLismo
2930 2161 3127 2212 scatet.
3183 2158 3312 2228 Ipse
3360 2157 3640 2213 Possidius
3694 2158 3828 2213 Cala-

2179 2245 2393 2299 mensis
2442 2245 2501 2299 in
2553 2246 2653 2301 lib.
2708 2245 2778 2301 de
2828 2245 2954 2300 Vita
3003 2246 3309 2316 Augustini
3346 2263 3468 2318 cap.
3513 2249 3545 2302 8
3587 2246 3757 2301 scribit
3783 2247 3825 2300 S.

2178 2334 2466 2388 doctorem
2523 2334 2784 2405 Hippone
2830 2339 3187 2388 conscratum
3238 2351 3275 2388 a
3324 2338 3558 2405 primate
3598 2334 3829 2392 Numidia

2177 2423 2405 2491 Megalio
2431 2423 2735 2478 Calamensi
2772 2425 3037 2491 episcopo.
3087 2426 3162 2477 At
3200 2423 3556 2494 Augustinus
3584 2439 3645 2476 ex
3680 2423 3829 2477 Chro-

2179 2508 2305 2562 nico
2334 2509 2400 2563 D.
2454 2510 2720 2581 Prosperi
2762 2510 2870 2564 viri
2912 2514 2969 2564 et
3005 2510 3284 2565 coatanei
3311 2515 3369 2566 et
3399 2509 3731 2577 amicissimi,
3756 2510 3824 2562 in-

2178 2601 2491 2667 auguratus
2542 2603 2627 2653 est
2672 2598 2911 2653 antistes
2979 2598 3210 2669 Olybrio
3278 2605 3338 2654 et
3399 2585 3638 2653 Probino
3691 2614 3827 2663 coss.,

2177 2700 2327 2739 anno
2361 2687 2482 2740 395.
2513 2685 2698 2750 Quare
2729 2686 2991 2742 nondum
3019 2688 3117 2742 illo
3151 2705 3308 2743 anno
3338 2688 3602 2759 Megalius
3624 2687 3828 2742 obierat.

2176 2773 2456 2828 Caeterum
2488 2775 2867 2831 Fortunatum
2900 2777 3459 2845 Constantinensem,
3488 2783 3543 2832 et
3558 2775 3829 2832 Possidium

2175 2862 2565 2917 Calamensem
2610 2864 2901 2920 ordinatos
2948 2865 3123 2921 fuisse
3187 2883 3349 2922 anno
3416 2870 3515 2923 397
3579 2866 3827 2921 evidenter

366 2952 526 3007 Cirta
553 2950 771 3022 oppido,
804 2951 949 3019 quod
977 2952 1251 3006 obsidione
1297 2952 1618 3007 Alexandri
1654 2954 1941 3020 ceciderat,
1971 2971 2065 3009 re-
2105 2964 2145 3020 C
2173 2950 2394 3004 ostendi
2412 2950 2511 3005 lib-
2542 2968 2585 3007 Il
2618 2952 2879 3008 Historia:
2912 2953 3255 3024 Pelagianae.
3277 2970 3409 3025 cap.
3446 2957 3500 3010 8-

361 3041 556 3108 posito,
620 3045 984 3108 caarnatoque
1020 3055 1209 3095 nomen
1248 3042 1604 3097 Constantina
1632 3042 1890 3097 inditum.
1924 3042 2064 3097 Hinc

363 3128 637 3181 Constans
683 3135 739 3181 et
787 3127 1150 3182 Constantius
1195 3128 1554 3182 Constantini
1627 3128 1733 3183 ﬁlii
1782 3130 2064 3186 dederunt

366 3214 709 3284 rescriptum
766 3214 965 3270 Ordini
1012 3218 1252 3270 civitatis
1316 3216 1682 3272 Constantina
1738 3219 2062 3275 Cirtensium

364 3302 476 3369 lege
504 3304 571 3356 29
603 3302 668 3355 de
699 3302 1092 3357 decurionibus.
1124 3302 1241 3357 cod.
1270 3302 1470 3356 Theod.
1519 3304 1871 3373 Augustinus
1912 3306 2008 3363 lib.
2046 3324 2062 3360 ι

362 3406 488 3445 con.
530 3390 692 3446 Petil.
726 3406 847 3459 cap.
883 3394 936 3458 2,
972 3391 1089 3444 ait:
1117 3392 1190 3444 In
1219 3390 1404 3445 eadem
1438 3392 1901 3448 Constantiniense
1928 3398 2063 3449 civi-

363 3483 471 3532 tate
498 3480 796 3545 Sylvanum
827 3481 1137 3548 episcopum
1161 3480 1398 3547 majores
1428 3483 1600 3537 vestri
1623 3484 1678 3534 in
1700 3484 1818 3552 ipso
1839 3483 2062 3537 exordio

358 3569 449 3621 sui
476 3568 785 3623 schismatis
812 3568 1192 3622 ordinavrunt.
1247 3570 1312 3623 In
1357 3569 1505 3623 libro
1553 3585 1686 3623 vero
1734 3571 1902 3624 tertio
1930 3587 2061 3626 con-

359 3660 449 3709 tra
478 3655 843 3711 Cresconium
894 3672 1017 3728 cap.
1063 3659 1152 3723 27,
1186 3658 1482 3725 Sylvanum
1513 3659 1805 3714 Cirtensem
1845 3675 2060 3714 nuncu-

360 3748 477 3815 pat.
516 3745 581 3798 Et
608 3744 709 3799 lib.
742 3761 803 3798 ιιι
826 3761 952 3799 con.
986 3745 1330 3800 Pelilianum
1358 3746 1696 3817 episcopum
1728 3747 2059 3801 Constanti-

357 3847 592 3886 nensem
628 3833 977 3887 Donatistam
1008 3833 1122 3888 ait:
1156 3836 1271 3901 Ego
1304 3836 1714 3889 commemoravi
1748 3836 2048 3905 Sylvanum

353 3920 664 3988 Cirtensem,
697 3922 787 3974 cui
803 3920 1132 3990 quibusdam
1161 3923 1497 3991 interpositis
1523 3925 1688 3977 etiam
1717 3924 1832 3992 ipse
1851 3938 2051 3977 succes-

351 4011 444 4063 sit.
477 4008 581 4063 Ubi
612 4009 950 4063 Pelilianum
979 4008 1207 4079 Sylvani
1230 4009 1749 4064 concuthedraneum
1778 4010 2046 4081 appellat.

354 4098 597 4168 Legatur
616 4098 790 4168 epist.
826 4101 943 4164 165,
971 4097 1227 4168 itemque
1257 4104 1417 4168 gesta
1446 4099 1551 4153 sub
1596 4099 1892 4153 consulari
1941 4100 2052 4153 Nu-

355 4184 549 4239 midia:
574 4186 903 4256 Zenophilo.
939 4186 1082 4241 Hinc
1099 4186 1255 4242 idem
1283 4187 1341 4242 S.
1372 4186 1573 4241 doctor
1613 4187 1956 4242 Petilianum
1999 4194 2056 4244 et

356 4273 733 4329 Fortunatam
763 4274 936 4329 modo
975 4273 1278 4342 Cirtenses,
1330 4276 1504 4329 modo
1552 4275 2053 4332 Constantinenses

355 4361 653 4432 episcopos
692 4362 848 4428 dicit,
899 4366 963 4416 ut
1007 4362 1269 4434 pluribus
1299 4362 1523 4418 ostendi
1574 4363 1673 4417 lib.
1706 4380 1746 4417 ιι
1776 4363 1915 4418 Ilist.
1948 4365 2052 4419 Pe-

359 4450 496 4521 lag.,
525 4466 649 4521 cap.
682 4453 733 4505 8.
762 4453 891 4506 Hac
915 4456 1049 4504 sunt
1077 4450 1399 4505 evidentia:
1432 4455 1491 4504 at
1528 4451 1833 4505 Garnerius
1877 4456 2050 4507 testa-

353 4543 449 4593 tur
476 4554 531 4593 se
587 4540 937 4593 reluctantem
980 4538 1044 4592 in
1083 4538 1229 4593 hanc
1267 4539 1611 4592 sententiam
1661 4538 2041 4608 descendere;

356 4625 609 4681 malebat
638 4626 791 4680 enim
822 4627 1254 4682 Constantinam
1287 4644 1318 4680 a
1349 4626 1502 4682 Cirta
1543 4627 1913 4699 distinguere,
1964 4636 2048 4696 ut,

354 4715 454 4787 qui
483 4714 653 4769 toties
699 4715 842 4769 duas
887 4714 950 4770 in
978 4731 1153 4771 unam
1191 4715 1394 4771 urbem
1426 4716 1706 4784 confudit,
1752 4716 1845 4771 hic
1873 4733 2050 4773 unam

351 4803 413 4857 in
442 4803 583 4857 duas
614 4801 937 4857 dissecaret.
970 4799 1179 4857 Verum
1209 4803 1357 4874 quod
1387 4803 1457 4857 de
1489 4802 1728 4858 urbibus
1782 4804 2046 4873 malebat,

349 4891 455 4945 hoc
482 4890 552 4945 de
590 4889 883 4963 episcopis
911 4890 1064 4957 fecit,
1089 4890 1228 4944 dum
1250 4891 1628 4945 Fortunatum
1671 4890 1983 4945 Cirtensem
2015 4908 2049 4945 a

290 4992 299 4996 ‘
354 4981 671 5035 Fortunato
735 4979 1196 5035 Constantincnsi
1267 4980 1557 5034 diversum
1625 4980 2045 5051 pronuntiavit.

350 5066 553 5122 Scribit
592 5068 715 5123 hac
763 5067 1116 5137 Augustinus
1164 5066 1310 5121 libro
1341 5067 1572 5122 laudato
1616 5070 1685 5123 de
1729 5069 1902 5123 Unico
1954 5071 2049 5124 Ba-

348 5154 559 5225 ptismo
585 5173 708 5227 cap.
742 5159 842 5211 l5:
874 5155 1108 5211 Proinde
1122 5156 1171 5211 si
1224 5157 1557 5223 Profuturus
1602 5163 1727 5212 ante
1768 5161 2046 5228 paucissi-

348 5258 461 5297 mos
509 5259 677 5299 annos
719 5246 1030 5312 defunctus,
1073 5249 1124 5299 et
1167 5247 1517 5306 Fortunatus,
1578 5248 1675 5314 qui
1719 5248 1779 5299 in
1830 5262 2048 5315 corpore

350 5329 528 5385 adhuc
566 5336 665 5398 est,
688 5337 851 5400 atque
890 5332 978 5386 illi
1010 5333 1266 5387 successit
1290 5333 1552 5400 episcOpo,
1581 5336 1686 5386 etc.
1712 5333 1909 5403 Itaque
1949 5349 2040 5388 an.

346 5419 474 5483 407,
520 5432 651 5472 cum
695 5418 816 5472 haec
856 5420 1127 5474 scriberet
1168 5418 1548 5491 Augustinus,
1579 5419 1801 5474 vivebat
1849 5421 2046 5474 Fortu-

349 5509 516 5561 natus
569 5504 862 5561 Protutnri
912 5506 972 5560 in
1016 5508 1258 5564 Cirtensi
1314 5507 1446 5563 sedc
1504 5524 1809 5564 successor.
1864 5509 2042 5564 Porro

2244 3039 2496 3094 Novarus
2533 3039 2859 3096 SINITENSIS.
2908 3043 3001 3096 Ita
3027 3043 3227 3109 legitur
3262 3044 3331 3098 in
3384 3044 3671 3098 collatione.
3700 3041 3824 3094 Sini-

2173 3130 2340 3182 tensis
2370 3132 2548 3182 autem
2573 3130 2823 3184 Ecclesia
2873 3130 3118 3185 meminit
3159 3131 3511 3199 Augustinus
3546 3132 3692 3200 epist.
3734 3131 3830 3191 128,

2170 3231 2291 3285 qua
2318 3220 2397 3271 est
2429 3216 2505 3270 ad
2533 3215 2810 3272 Donatum
2834 3234 2847 3284 ;
2874 3220 3117 3273 meminit
3127 3222 3348 3289 pariter
3368 3221 3574 3277 Notitia
3598 3219 3830 3287 episcopo-

2167 3318 2290 3358 rum
2332 3305 2625 3370 Numidia,
2678 3307 2738 3359 in
2781 3320 2891 3373 qua
2922 3306 3184 3360 scribitur
3227 3308 3541 3378 Stephanus
3566 3306 3833 3377 :Sinitensis

2167 3393 2226 3445 in
2246 3394 2501 3447 exsilium
2533 3394 2747 3462 pulsus.
2792 3398 2918 3464 Qua
2939 3410 3104 3463 porro
3126 3397 3328 3462 fuerit,
3352 3401 3403 3451 et
3430 3397 3524 3450 ubi
3535 3397 3706 3465 posita
3718 3394 3832 3447 civi-

2170 3485 2256 3535 tas
2284 3482 2384 3534 illa
2420 3484 2687 3536 incertum
2729 3488 2848 3548 est;
2898 3485 3011 3537 nisi
3053 3484 3198 3552 quod
3237 3500 3314 3539 ea:
3355 3486 3661 3553 Augustino
3686 3481 3834 3547 colligi

2164 3572 2344 3636 potest
2362 3584 2469 3623 non
2507 3571 2696 3638 procul
2725 3570 2799 3623 ad
2826 3570 2959 3624 urbe
2988 3572 3332 3640 Hipponensi
3360 3571 3617 3637 abfuisse.
3642 3569 3723 3623 An
3751 3581 3833 3619 non

2165 3655 2368 3711 idcirco
2393 3659 2589 3725 putari
2609 3662 2784 3726 potest
2805 3671 2916 3712 esse
2960 3658 3172 3713 Sinistu
3217 3660 3456 3726 colonia,
3500 3658 3647 3726 cujus
3672 3654 3833 3709 mentio

2164 3742 2232 3812 ﬁt
2260 3743 2411 3813 apud
2427 3746 2767 3800 Antoninum
2786 3749 2844 3799 in
2871 3748 3067 3800 Itinere
3086 3746 3154 3799 ab
3177 3746 3438 3815 Hippone
3462 3744 3831 3811 Carthaginem.

2166 3831 2474 3900 diciturquc
2503 3835 2749 3903 Hippone
2777 3834 2984 3889 distare
3018 3851 3099 3893 ιιι.
3126 3851 3181 3889 ιι.
3216 3850 3383 3902 Lxxx,
3428 3851 3482 3888 ιι.
3519 3833 3619 3887 LL?
3663 3826 3831 3886 Omnia

2165 3917 2336 3988 plane
2367 3908 2650 3990 susdeque
2681 3921 2975 3991 pervertit,
3004 3920 3171 3976 urbes
3203 3937 3269 3975 ex
3308 3939 3428 3977 una
3460 3923 3521 3976 in
3543 3921 3703 3976 aliam
3727 3932 3832 3988 pro-

2164 4004 2408 4059 vinciam
2440 4012 2695 4077 portans,
2742 4012 2933 4062 textus
2973 4007 3301 4063 collationis
3330 4013 3389 4063 et
3415 4004 3684 4063 Antonini
3724 4018 3826 4073 pes-

2165 4093 2307 4149 sime
2354 4111 2747 4167 corrumpens.
2806 4096 2867 4150 In
2919 4112 3043 4167 cap.
3100 4100 3197 4152 143
3237 4096 3570 4153 collationis
3632 4093 3830 4164 legitur,

2162 4188 2401 4242 Novatus
2449 4190 2727 4258 episcopus
2775 4188 3023 4243 Ecclesia
3070 4189 3396 4256 Sitifensis;
3450 4193 3507 4243 et
3554 4203 3670 4257 cap.
3727 4182 3827 4241 204,

2161 4277 2402 4331 Novatus
2459 4278 2738 4346 episcopus
2778 4278 3030 4332 Ecclesia
3078 4278 3360 4333 catholica
3400 4277 3572 4347 Sitiﬁ.
3620 4276 3737 4329 Erat
3762 4269 3830 4324 Si-

2161 4363 2275 4418 tilis
2305 4360 2542 4419 celebris
2592 4364 2947 4419 Mauritania
2993 4365 3151 4432 urbs,
3192 4371 3270 4435 et,
3324 4371 3391 4421 ut
3447 4367 3529 4421 ait
3558 4359 3830 4430 Procopius

2162 4452 2260 4506 lib.
2291 4470 2327 4506 ιι
2359 4453 2427 4506 de
2457 4452 2606 4507 Bello
2623 4452 2947 4521 Vandalico,
2982 4459 3147 4523 caput
3189 4458 3442 4523 regionis
3489 4454 3664 4521 labis,
3705 4449 3830 4503 ultra

2158 4542 2459 4595 Aurasium
2503 4546 2731 4596 montem
2773 4542 2909 4609 sita,
2960 4558 2989 4594 a
3053 4558 3167 4613 qua
3214 4543 3561 4598 Mauritania
3588 4534 3831 4595 Sitifensis

2160 4628 2361 4700 quinta
2397 4628 2773 4683 ecclesiastica
2798 4628 2862 4683 in
2898 4629 3087 4684 Africa
3128 4631 3433 4701 provincia
3462 4622 3832 4686 denominaba-

2157 4722 2276 4773 tur.
2332 4717 2397 4771 In
2446 4716 2648 4773 Codice
2673 4717 2938 4772 Africano
2981 4734 3104 4789 cap.
3159 4718 3255 4773 127
3308 4719 3583 4775 laudatur
3623 4715 3831 4773 Novatus

2158 4806 2439 4873 Sitifensis
2479 4807 2687 4872 legatus
2733 4807 3083 4860 Mauritania
3116 4807 3423 4874 Sitifensis.
3459 4802 3755 4862 Garnerius
3781 4800 3833 4850 ut

2160 4894 2439 4947 Novatum
2467 4892 2618 4946 inter
2648 4892 2925 4947 Numidas
2957 4898 3272 4961 recenseat,
3309 4910 3382 4949 ex
3435 4890 3683 4950 Sitifensi
3724 4883 3834 4941 fecit

2156 4980 2520 5036 Sinitensem.
2580 4982 2712 5036 Erat
2756 4980 2928 5037 Sitiﬁs
2975 4980 3235 5053 proxima
3283 4982 3600 5048 Numidia,
3647 4976 3833 5032 distans

2156 5069 2393 5126 Guiculo
2420 5069 2561 5124 urbe
2596 5070 2898 5125 Numidica
2926 5087 2996 5125 ex
3017 5070 3310 5125 Antonino
3360 5071 3546 5125 millia
3591 5075 3834 5139 passuum

2156 5158 2359 5229 viginti
2386 5158 2664 5229 quinque,
2695 5161 2980 5229 Ampsaga
3003 5158 3176 5213 fluvio
3206 5158 3362 5213 inter
3402 5163 3701 5226 utramque
3743 5165 3830 5220 p0-

2154 5246 2285 5301 sito.
2319 5248 2609 5318 Nusquam
2640 5247 2961 5301 Antoninus
2982 5246 3245 5302 meminit
3273 5249 3497 5302 Sinistu
3546 5246 3605 5299 in
3643 5242 3825 5297 itinere

2154 5335 2414 5405 Hippone
2436 5333 2613 5405 [legio
2644 5335 3080 5404 Carthaginem:
3115 5334 3311 5388 scribit
3355 5335 3545 5388 enim:
3593 5326 3826 5388 Onellaba

2154 5438 2214 5476 ιι.
2247 5438 2295 5477 r.
2337 5439 2386 5477 ι.
2422 5422 2513 5477 Ad
2541 5424 2733 5490 Aquas
2760 5439 2817 5478 ιι.
2861 5438 2909 5477 r.
2950 5439 3083 5477 xxv.
3124 5424 3350 5480 Simittu
3390 5439 3447 5477 ιι.
3491 5438 3540 5477 r.
3565 5436 3613 5476 ι..
3644 5416 3831 5475 Bullam

2152 5512 2375 5580 Regiam
2407 5527 2500 5565 ιιι.
2544 5512 2617 5564 At
2672 5508 2767 5566 ille
2821 5526 2889 5566 ex
2930 5509 3163 5566 Simittu
3190 5510 3378 5569 reddit
3407 5509 3642 5566 Sinistu.
3676 5508 3827 5560 Porro
