3922 6188
136 341 207 390 297

131 448 300 504 Simittu
339 442 522 496 eratin
579 443 976 496 Proconsulari
1005 442 1327 511 provincia;
1363 460 1495 498 nam
1525 445 1582 498 in
1632 463 1718 516 sy-
1755 455 1797 506 Α

134 537 275 590 nodica
298 537 386 585 act.
409 534 456 596 ‘2,
492 535 537 596 1,
587 531 808 584 concilii
837 531 890 584 S.
927 531 1150 584 Martini
1183 531 1392 600 legitur
1435 535 1731 588 Benenalus

130 623 358 680 Simitensis
406 620 544 672 inter
598 621 788 672 Patres
859 620 1309 688 proconsulares,
1370 619 1428 672 in
1515 621 1729 689 synodo

125 712 324 765 anni-illi
365 707 660 762 Adeodatus
715 709 1100 773 Simittuensis,
1135 712 1190 760 et
1249 723 1371 776 cap.
1437 711 1535 762 1'25
1565 709 1728 761 colla-

122 799 244 854 tionis
288 797 590 850 nominatur
645 797 942 848 Benenatus
991 797 1340 862 Simittensis,
1394 797 1492 866 qui
1546 796 1723 850 dixit:

117 891 188 942 Nec
228 886 365 938 habeo
415 886 594 948 alium,
649 899 740 937 nec
797 886 1090 938 hasreticos.
1171 886 1380 937 Verum
1439 901 1560 954 cap.
1625 888 1726 938 202

115 975 355 1031 Cresconius
380 975 644 1041 episcopus
701 973 990 1026 Sinitensis
1039 987 1170 1026 cum
1204 973 1510 1025 Donatistis
1541 973 1723 1026 nomi-

113 1070 257 1127 natur;
301 1061 388 1114 ubi
417 1077 540 1113 vero
597 1061 716 1113 haec
746 1061 880 1114 urbs
926 1060 1098 1114 fuerit
1127 1060 1310 1114 dicam
1342 1077 1443 1114 suo
1487 1061 1725 1115 inferius

111 1154 198 1203 loco
223 1149 279 1202 ad
305 1155 451 1202 notas
484 1149 541 1200 in
575 1149 872 1201 LUCILLUM.

156 1240 386 1291 Secuxnus
433 1238 806 1289 Rtrsrirensis.
861 1235 948 1289 Ita
1019 1238 1217 1304 legitur
1291 1239 1349 1289 in
1421 1238 1717 1289 collatione.

107 1328 365 1380 I’ertinuisse
397 1341 511 1378 vero
557 1326 861 1378 Secundam
903 1341 1021 1378 cum
1070 1341 1170 1378 sua
1198 1325 1436 1378 Ecclesia
1485 1326 1558 1376 ad
1592 1341 1721 1393 pro-

107 1417 281 1466 vinciam
303 1414 556 1467 Numidiae
594 1419 800 1467 constat
831 1430 896 1466 ea:
937 1430 1056 1467 can.
1093 1415 1190 1466 100
1248 1413 1385 1466 Cod.
1439 1414 1722 1478 Africanae

105 1503 320 1565 Ecclesia;
368 1501 454 1554 ubi
481 1502 685 1554 dicitur
721 1503 913 1555 electus
942 1518 976 1554 a
1028 1504 1329 1555 Maurentio
1373 1517 1472 1570 pro
1505 1518 1608 1555 uno
1630 1503 1721 1570 ju-

103 1593 231 1643 ilieum
271 1605 357 1643 sua
387 1592 439 1642 in
467 1605 652 1657 causa,
687 1590 838 1658 apud
862 1593 1151 1658 primatem
1192 1591 1464 1645 Numidia
1486 1593 1714 1658 Xanlip-

98 1680 344 1745 pum..\'am
375 1681 469 1732 alii
495 1695 672 1732 omnes
710 1681 948 1747 episcopi
998 1679 1243 1733 Numidae
1268 1683 1414 1744 sunt,
1469 1685 1519 1730 et
1561 1680 1715 1746 judi-

100 1767 198 1817 cium
220 1765 339 1818 illud
375 1767 702 1834 provinciale
729 1768 861 1832 fuit.
913 1767 1014 1818 Tot
1043 1770 1175 1818 sunt
1217 1766 1276 1818 in
1309 1766 1504 1834 paucis
1532 1767 1716 1819 verbis

100 1857 248 1920 errata,
273 1857 325 1906 ut
354 1854 495 1907 unde
522 1869 824 1907 censuram
856 1853 1120 1907 exordiar
1156 1853 1440 1922 ignorem.
1477 1855 1714 1907 Haerebo

99 1941 289 2008 ejusdem
315 1941 576 2011 vestigiis,
612 1947 675 1995 ut
704 1941 944 1995 subinde
978 1941 1261 1995 labentem
1285 1941 1344 1994 in
1385 1942 1556 2011 pedes
1604 1942 1713 1994 eri-

98 2045 203 2097 gam.
233 2031 343 2083 Erat
370 2031 558 2100 Ruspa
604 2029 822 2100 Byzacii
878 2031 1032 2095 urbs,
1066 2046 1238 2100 quam
1290 2031 1345 2083 S.
1386 2031 1716 2100 Fulgentius

96 2122 132 2167 et
159 2118 256 2171 vita
281 2119 565 2172 sanctitate
607 2123 662 2171 et
691 2118 1034 2188 scriptorum
1085 2118 1418 2171 excellentia
1456 2119 1715 2172 illustra-

94 2206 160 2258 vit.
187 2206 435 2259 Laudatur
476 2207 536 2259 in
579 2206 786 2260 Notitia
819 2208 1103 2276 Byzacena
1143 2207 1448 2274 Stephanus
1475 2209 1714 2275 Ruspen-

93 2295 156 2354 sis,
181 2298 224 2344 et
249 2293 298 2345 in
327 2294 579 2364 synodali
634 2294 886 2364 ejusdem
936 2293 1242 2364 provincias
1277 2299 1382 2347 act.
1419 2297 1450 2346 2
1492 2294 1716 2347 concilii

92 2379 127 2428 ς.
167 2380 353 2434 Martini
391 2385 647 2438 Julianus
677 2384 985 2451 Ruspensis.
1046 2385 1109 2436 In
1157 2383 1385 2436 Tabulis
1416 2383 1717 2452 Peutinge-

96 2468 214 2519 nanis
238 2469 285 2521 in
315 2469 542 2538 Byzacio
576 2475 867 2539 ponuntur
908 2474 1086 2538 Ituspe
1114 2475 1163 2522 et
1208 2473 1476 2538 Ruspina.
1530 2471 1589 2523 In
1616 2471 1717 2523 Ta-

95 2556 196 2607 bulis
232 2557 570 2610 Ptolemaicis
614 2556 856 2625 legimus
907 2556 1026 2609 haec
1071 2556 1131 2608 in
1185 2557 1420 2624 Byzacio
1451 2557 1661 2626 oppida
1699 2573 1710 2609 :

96 2641 685 2712 .lilrumetum,Ru.spina,
733 2645 916 2712 Leptis
970 2661 1168 2713 parva,
1205 2649 1435 2712 Tapsus,
1484 2647 1711 2711 Achaia,

94 2726 237 2795 Ruspe,
279 2731 570 2784 Bracordes
609 2734 1056 2799 promontorium,
1092 2736 1176 2784 e’tc
1246 2731 1464 2784 Plinius
1519 2735 1713 2800 RuSpi-

98 2829 174 2865 nam
199 2815 412 2870 liberum
444 2818 724 2887 Oppidum
753 2818 887 2871 dicit
918 2819 1017 2872 lib.
1050 2835 1102 2884 ν,
1135 2834 1255 2888 cap.
1284 2821 1337 2872 4.
1383 2821 1579 2888 Itaque
1613 2820 1715 2872 Se-

103 2904 243 2956 cundus
270 2905 620 2974 Ruspilensis
651 2906 750 2975 qui
780 2905 839 2959 in
865 2905 1168 2959 collatione
1215 2906 1564 2971 nominatur,
1599 2906 1714 2959 sive

100 2990 252 3061 Ruspae,
290 3010 381 3047 seu
413 2994 688 3064 Ruspina
732 2994 894 3059 sedit,
948 3010 1252 3063 perperam
1283 2995 1352 3047 ad
1385 2995 1711 3048 Numidiam
1743 3011 1782 3065 ρ

95 3081 366 3136 transfertur.
419 3084 717 3138 Secundus
769 3083 870 3153 qui
925 3099 1141 3136 canone
1189 3085 1285 3138 100
1344 3083 1476 3136 Cod.
1538 3083 1705 3136 Afric.

92 3178 385 3236 memoratur,
464 3177 591 3225 erat
660 3171 958 3241 episcopus
1039 3171 1565 3240 i‘llegarmelitensis,
1647 3176 1709 3223 ut

89 3265 227 3323 postea
247 3261 547 3314 ostendam.
596 3261 849 3329 Denique
903 3259 1055 3329 quod
1084 3260 1162 3312 ait
1193 3260 1471 3313 antistites
1501 3260 1707 3312 electos

87 3347 122 3395 in
157 3363 291 3401 causa
344 3349 644 3402 Maurentii
703 3348 1135 3402 Tubursicensis
1184 3363 1360 3402 omnes
1441 3348 1706 3404 Numidas

83 3435 220 3498 fuisse,
246 3437 434 3491 falsum
461 3442 568 3491 est.
604 3438 743 3490 Nam
766 3437 825 3490 hi
874 3437 1039 3506 plane
1071 3437 1228 3489 fuere
1258 3436 1573 3505 Xantippus
1603 3437 1705 3488 Ta-

84 3525 274 3580 :osensis
328 3527 568 3595 primas,
623 3526 972 3595 Augustinus
1033 3525 1428 3594 Hipponensis,
1481 3527 1709 3578 Floren-

84 3619 158 3659 uus
231 3613 811 3683 llippoxarrhytensis,
895 3613 1164 3667 Theasius
1219 3613 1704 3677 Memblositanus,

81 3693 335 3753 Samsucius
370 3702 669 3756 Turrensis
699 3717 767 3755 ex
823 3701 1062 3770 cpistola
1107 3701 1412 3771 Augustini
1451 3704 1568 3766 168,
1611 3702 1710 3753 Se-

80 3787 242 3839 cundus
290 3789 794 3860 Megarmelitensis
842 3806 905 3842 ex
934 3790 1118 3844 collat.
1151 3804 1272 3858 cap.
1315 3792 1432 3853 l25)‘,
1491 3793 1542 3841 el
1574 3790 1706 3841 Pos-

79 3871 207 3927 sidius
240 3878 600 3933 Calamensis.
667 3882 734 3932 At
788 3883 1008 3931 certum
1058 3881 1142 3930 est
1196 3877 1606 3931 Memblositam
1652 3882 1709 3928 et

81 3962 332 4032 llipponem
399 3970 767 4039 Diarrhytum
818 3967 990 4021 fuisse
1039 3967 1098 4019 in
1152 3966 1565 4020 Proconsulari.
1633 3968 1708 4018 De

78 4049 259 4107 Ilieasio
286 4057 386 4110 hoc
416 4058 608 4128 ipsum
633 4057 774 4110 dixit
815 4055 1117 4110 Garnerius
1148 4055 1206 4108 in
1236 4055 1385 4108 notis
1432 4055 1504 4107 ad
1547 4070 1709 4122 supc-

75 4137 234 4195 riorem
262 4145 629 4214 epigraphen,
660 4145 792 4198 licet
817 4143 1085 4197 nescierit
1139 4143 1491 4211 distinguere
1543 4143 1710 4194 Mein-

75 4223 317 4283 bressama
354 4232 727 4286 Meinblosita.
772 4233 831 4284 In
877 4231 1137 4301 synodali
1193 4231 1344 4299 apud
1400 4229 1705 4283 concilium

73 4311 111 4362 ἓ.
153 4315 364 4383 Martini,
408 4321 561 4374 inter
614 4321 1046 4389 proconsulares
1108 4317 1409 4371 subscribit
1469 4321 1706 4370 Donatus

75 4399 526 4467 Ipponizaritensis.
563 4408 669 4462 Sed
701 4409 823 4461 haec
852 4408 1001 4460 clare
1031 4410 1246 4476 patent,
1284 4422 1470 4476 neque
1497 4405 1710 4459 diutius

75 4489 220 4544 inillis
242 4501 290 4548 te
313 4498 456 4550 volo.

125 4579 436 4638 MAURENTIL‘S
483 4585 928 4638 TL‘BI'RSICENSIS.
962 4585 1048 4636 Ita
1095 4584 1294 4648 legitur
1321 4584 1380 4634 in
1431 4583 1711 4634 collatione

73 4669 150 4719 etc.
201 4671 324 4725 Rem
387 4689 491 4725 acu
537 4672 765 4743 tetigit:
799 4671 1042 4725 hincilli
1095 4671 1264 4724 etiam
1321 4674 1490 4738 atque
1538 4669 1710 4721 etiam

73 4760 293 4819 gratulor.
339 4761 510 4814 Tollit
556 4777 615 4813 se
671 4761 887 4814 humo:
921 4760 1020 4812 sed
1063 4759 1175 4812 heu
1236 4757 1427 4810 statim
1477 4756 1706 4810 corruit.

121 4843 213 4899 Leo
255 4848 521 4903 MUNICIPII
565 4850 884 4903 Morrensrs.
929 4849 1023 4900 Ita
1072 4848 1273 4913 legitur
1305 4849 1363 4899 in
1406 4847 1705 4899 collatione.

74 4931 144 4982 Est
189 4942 347 4990 autem
415 4953 587 4990 sermo
637 4938 927 5004 Mum’cipii
964 4938 1021 4988 in
1077 4937 1288 4990 Notitia
1344 4937 1711 5003 episcoporum

71 5018 304 5088 .l'umidiae,
334 5025 426 5076 ubi
456 5025 716 5078 scribitur
765 5025 952 5077 Victor
982 5023 1408 5092 Municipiensis
1437 5039 1554 5076 cum
1584 5025 1710 5076 aliis

71 5113 182 5159 colus
207 5113 258 5162 in
283 5114 548 5166 exsilium.
579 5112 885 5168 Cauendum
910 5128 1074 5180 porro
1102 5127 1167 5164 ne
1199 5115 1322 5180 quis
1347 5117 1569 5179 propter
1597 5128 1708 5177 cog-

75 5199 292 5250 nationem
320 5204 590 5254 nominum
637 5203 860 5254 Leonem
925 5201 1064 5253 hunc
1109 5199 1408 5265 confundat
1437 5215 1555 5252 cum
1583 5200 1713 5264 alio,

73 5285 139 5344 qui
170 5286 466 5341 Moelensem
491 5291 774 5343 Ecclesium
805 5291 948 5340 reaiit
996 5289 1282 5354 ad/‘uitque
1339 5288 1558 5339 concilio
1609 5289 1715 5354 ple-

75 5374 190 5424 nior-io
214 5390 333 5428 ann.
359 5379 493 5440 419;
521 5379 618 5431 illa
647 5379 795 5431 enim
841 5378 1098 5440 Ecclesia,
1134 5391 1272 5443 quia,
1307 5376 1595 5444 Moptensis
1627 5375 1686 5426 di
1698 5404 1713 5413 -

73 5460 196 5524 είευν,
227 5463 296 5515 ad
327 5467 638 5519 Numidiam
676 5467 1036 5534 provinciam,
1081 5467 1210 5532 ista,
1243 5479 1360 5530 qua:
1400 5463 1713 5528 Moctensis,

77 5545 128 5595 ’λά
150 5550 516 5607 Mauritaniam
540 5554 850 5620 Sitifensem
873 5551 1197 5622 pertinebat.
1255 5551 1497 5620 Moptam
1524 5565 1587 5602 ex
1628 5549 1711 5603 Si-

337 5647 607 5716 PATROL.
658 5649 904 5717 XLVII.

1746 4291 1788 4343 D

823 303 1184 381 VARIORUM-
1225 328 1816 385 EXEBCITATIONES
1855 331 1922 384 IN
1963 334 2022 386 S.
2072 333 2440 388 AUGUSTINI
2479 331 2738 387 OPERA.

3438 337 3540 389 298

1837 446 2028 501 tifcnsi
2051 447 2278 501 dioecesi
2305 449 2363 501 in
2421 449 2748 502 Numidiam
2799 451 2969 520 rapit,
3025 451 3124 504 ubi
3174 453 3325 522 apud
3359 469 3538 507 unum

1841 536 2172 588 Carnerium
2210 539 2392 604 Mopta
2417 539 2743 592 collocatur.
2780 540 2840 590 In
2877 539 3104 591 Tabulis
3138 540 3539 612 Peutingeria-

1839 625 1928 675 nis
1958 624 2017 677 in
2046 624 2380 678 Mauritania
2423 625 2671 678 Sitifensi
2725 626 3034 680 scribitur:
3091 630 3263 696 Mopti
3309 631 3537 681 munici-

1835 715 2006 779 pium.
2040 715 2112 766 At
2140 713 2234 765 ille
2263 713 2638 781 municipium
2661 731 2763 784 pro
2797 715 3102 784 Municipio
3125 717 3353 786 oppido,
3385 717 3536 786 quod

1837 806 1958 853 erat
1986 801 2044 853 in
2077 801 2364 867 Numidia,
2392 803 2664 868 obtrudit,
2694 820 2821 856 cum
2854 805 3039 874 Mopta
3077 805 3364 857 diceretur
3409 821 3536 858 mu-

1838 889 2135 958 nicipium,
2183 889 2336 959 quod
2372 906 2486 942 non
2527 895 2650 943 erat
2688 892 2910 944 colonia
2957 909 3054 944 seu
3087 893 3222 945 urbs
3257 893 3410 946 Latio
3443 894 3538 947 do-

1836 982 1988 1042 nata,
2022 978 2120 1030 sed
2152 977 2374 1031 vivebat
2404 979 2527 1048 lege
2587 979 2956 1048 municipali;
2983 985 3038 1033 et
3069 981 3127 1033 in
3159 981 3402 1034 laudatis
3429 983 3533 1034 Ta-

1836 1065 1982 1118 bulis
2038 1065 2248 1135 oppida
2303 1082 2430 1134 quae
2486 1066 2798 1136 municipia
2860 1069 2947 1120 vel
3016 1069 3252 1122 colonia:
3323 1068 3535 1124 fuerint

1835 1153 2046 1222 optime
2100 1155 2578 1207 demonstrantur.
2643 1155 2806 1218 Quod
2859 1171 2988 1208 vero
3031 1156 3137 1208 Leo
3197 1155 3256 1208 in
3311 1157 3530 1225 synodo

1835 1257 1966 1293 ann.
2010 1244 2113 1295 410
2143 1241 2348 1294 dicitur
2403 1243 2722 1310 Moctensis,
2755 1243 3023 1296 mendose
3067 1243 3363 1307 scribitur;
3399 1261 3532 1297 nam

1832 1345 1895 1380 ex
1923 1328 2156 1381 vetustis
2203 1328 2491 1382 codicibus
2541 1329 2793 1382 Vaticani
2850 1329 3098 1384 Labbeus
3136 1334 3276 1384 tom.
3308 1333 3352 1384 II
3388 1333 3533 1385 Con-

1831 1417 1917 1469 cil.
1951 1435 2080 1486 pag.
2126 1421 2280 1482 1670,
2307 1418 2559 1487 reposuit
2612 1420 2926 1485 MOptensis.

1904 1506 2298 1556 FAUSTINIANI'S
2359 1507 2773 1557 'I‘auccanexsrs
2829 1507 2914 1557 Ita
2962 1507 3019 1557 in
3074 1505 3373 1557 collatione.
3433 1507 3529 1558 Est

1829 1596 2007 1646 autem
2052 1608 2221 1660 prope
2264 1593 2574 1644 The-vestam
2633 1593 2895 1644 coloniam
2925 1594 2983 1644 in
3036 1592 3294 1646 Numidia
3329 1594 3529 1645 Tuum-

1828 1681 1966 1744 gade
1994 1683 2188 1733 civitas
2227 1685 2355 1732 nota
2397 1681 2727 1745 Augustino,
2776 1682 3070 1744 Antonino,
3122 1681 3328 1744 Plinio,
3353 1679 3530 1734 Ptole-

1828 1784 1974 1834 maeo,
2011 1773 2059 1821 et
2088 1770 2234 1821 aliis.
2291 1767 2631 1837 Neutiquam
2666 1773 2867 1820 notum
2917 1773 2998 1820 est
3044 1767 3336 1820 Antonino
3381 1769 3526 1820 Tha-

1829 1856 2131 1924 mugadem
2189 1871 2307 1908 esse
2366 1854 2608 1907 vicinam
2652 1855 2940 1920 Thevesti;
2992 1871 3125 1907 nam
3161 1855 3252 1907 hic
3283 1854 3521 1907 scribit:

1831 1945 2155 1997 Thevesten.
2197 1960 2242 1997 Ρ.
2278 1959 2408 1996 xxii.
2466 1943 2758 2010 Timphadi
2787 1959 2843 1996 si.
2881 1959 2928 1994 r.
2978 1958 3065 1994 xx.
3116 1943 3367 2007 Vegesela
3412 1959 3521 1994 sui.

1825 2048 1975 2085 xvm.
2009 2033 2253 2086 Mascula
2301 2048 2358 2086 Μ.
2415 2048 2461 2084 Ρ.
2511 2047 2644 2085 xxii.
2695 2030 2978 2083 Glaudiu.
3045 2046 3090 2082 Ρ.
3122 2046 3232 2082 xxn
3285 2031 3526 2082 Thamu-

1825 2121 1974 2186 gadi.
2023 2120 2204 2190 Igitur
2244 2119 2610 2188 Tliamugada
2658 2134 2774 2170 non
2817 2123 2903 2170 est
2958 2134 3133 2186 prope
3192 2117 3524 2170 Thevestem

1825 2225 1888 2260 ex
1922 2208 2234 2273 Antonino,
2271 2224 2399 2260 cum
2432 2207 2631 2260 eodem
2671 2210 2832 2268 teste,
2885 2211 3102 2258 remota
3127 2203 3298 2257 fuerit
3327 2204 3397 2257 ab
3427 2205 3527 2258 illa

1824 2297 1964 2350 urbe
1998 2297 2177 2350 millia
2213 2313 2443 2366 passum
2498 2297 2616 2356 lO-i,
2669 2301 2724 2348 et
2769 2293 2972 2348 media:
3016 2293 3168 2346 inter
3221 2297 3525 2363 utramque

1825 2384 2038 2438 fuerint
2093 2385 2336 2438 Mascula
2389 2390 2445 2436 et
2476 2383 2746 2452 chesela
2799 2382 2965 2435 urbes
3013 2381 3392 2450 episcopales:
3436 2381 3525 2433 hic

1825 2473 1978 2526 enim
2039 2478 2295 2542 tempore
2348 2471 2666 2524 collationis
2717 2471 3031 2539 Hheginus,
3078 2470 3194 2522 illic
3224 2486 3356 2523 vero
3391 2470 3522 2522 Mal-

1824 2562 1961 2613 clius
1982 2561 2262 2613 antistites
2307 2561 2600 2614 sedebant.
2640 2561 2891 2629 Frugum
2939 2558 3164 2628 copiam
3196 2558 3346 2626 apud
3377 2557 3522 2610 Tha-

1823 2649 2135 2717 mugadam
2168 2649 2360 2702 laudat
2383 2648 2688 2717 Procopius
2722 2648 2816 2700 lib.
2852 2665 2889 2700 ιι
2925 2647 2992 2700 de
3019 2645 3170 2698 bello
3202 2643 3521 2696 Vandalico.

1827 2738 2043 2790 Ibidem
2071 2737 2240 2790 etiam
2284 2737 2455 2791 tradit
2476 2753 2603 2806 pag.
2631 2741 2692 2787 07
2749 2735 2842 2788 Ed.
2887 2737 3042 2788 Grot.
3091 2732 3522 2800 Thamugadam

1826 2824 1990 2877 sitam
2024 2841 2143 2877 esse
2171 2826 2230 2877 in
2277 2825 2494 2893 campis
2524 2824 2593 2876 ad
2626 2823 2933 2888 Orientem,
2968 2822 3236 2874 adversus
3267 2823 3519 2872 montem

1825 2912 2150 2978 Aurasium,
2185 2928 2357 2982 quem
2389 2911 2469 2966 ait
2526 2914 2689 2966 trium
2718 2911 2927 2963 dierum
2953 2912 3140 2961 itinere
3179 2905 3520 2974 Carthagine

1825 3005 2110 3052 remotum
2155 3001 2350 3053 fuisse.
2404 3001 2466 3052 In
2511 2999 2712 3052 eodem
2746 3014 2877 3050 vero
2907 2997 3052 3050 libro
3103 2995 3330 3048 laudato
3381 3009 3513 3062 pag.

1825 3093 1942 3148 1'20,
1992 3090 2294 3142 Thevestem
2341 3103 2434 3141 sea:
2459 3088 2670 3140 dierum
2711 3090 2904 3139 itinere
2954 3086 3281 3150 Carthagine
3309 3083 3519 3135 distans

1818 3177 2097 3245 Oppidum.
2132 3178 2342 3230 Verum
2375 3177 2528 3246 quod
2575 3174 2980 3228 Faustinianus
3012 3173 3108 3226 ille
3147 3173 3254 3224 fuit
3273 3171 3522 3224 Thamu-

1818 3265 2104 3334 gadensis,
2159 3281 2300 3335 pura
2344 3270 2485 3333 puta
2537 3263 2795 3318 Garnerii
2829 3261 3104 3315 divinatio
3137 3264 3247 3324 est;
3298 3275 3429 3312 nam
3461 3257 3525 3310 in

1818 3353 2117 3405 collatione
2191 3369 2313 3420 cap.
2363 3355 2466 3404 2l5
2514 3352 2783 3404 recitatur
2827 3351 3222 3403 Faustinianus
3268 3350 3523 3401 Rusicca-

1818 3439 2016 3494 densis.
2049 3442 2204 3493 Hanc
2247 3455 2381 3492 vero
2428 3439 2628 3492 urbem
2679 3438 2738 3490 in
2774 3437 3038 3490 Numidia
3089 3434 3254 3503 ponit
3292 3433 3513 3487 Plinius

1816 3525 1990 3590 1ib.v,
2023 3544 2146 3596 cap.
2183 3532 2232 3591 3,
2269 3527 2366 3579 ubi
2401 3525 2595 3578 scribit
2623 3525 2858 3577 distasse
2899 3524 3050 3578 Cirta
3081 3520 3362 3575 Numidiae
3398 3536 3516 3573 me-

1817 3616 2021 3684 tropoli
2060 3615 2237 3667 millia
2269 3630 2537 3683 passuum
2595 3615 2690 3666 48.
2732 3612 2970 3666 Ponitur
2991 3612 3062 3663 ab
3090 3609 3382 3663 Antonino
3419 3608 3516 3660 di-

1817 3708 1969 3756 stans
1999 3721 2029 3755 a
2069 3704 2234 3757 Gullu
2270 3703 2550 3756 Numidia:
2598 3701 2778 3755 millia
2809 3715 3077 3769 passuum
3110 3702 3196 3759 60,
3259 3715 3290 3750 a
3346 3699 3508 3750 Para-

1819 3790 1988 3842 tianis
2028 3792 2282 3859 50;-’quas
2323 3790 2444 3842 loca
2475 3795 2638 3842 erant
2677 3789 2736 3840 in
2780 3786 3047 3839 Numidia
3076 3790 3133 3837 et
3183 3784 3526 3838 ltusiccades

1820 3877 2008 3929 media
2028 3877 2178 3930 inter
2221 3877 2318 3929 illa
2361 3879 2601 3929 locatur.
2650 3877 2761 3928 Cur
2800 3891 2933 3943 ergo
2976 3871 3372 3926 Faustinianus
3418 3873 3523 3923 llu-

1819 3965 2154 4018 siccadensis
2191 3949 2402 4033 nequit
2443 3962 2717 4017 aftirmari
2772 3962 2866 4013 ille
2898 3961 3052 4013 idem
3103 3959 3199 4028 qui
3258 3956 3519 4010 interfuit
3563 3976 3578 3989 ι

1818 4053 2032 4123 synodo
2063 4052 2443 4107 Milevitana)?
2492 4051 2650 4120 Legit
2681 4050 2738 4102 in
2787 4049 3014 4102 laudato
3055 4047 3239 4115 capite
3273 4049 3373 4097 215
3405 4043 3518 4096 Ali-

1819 4141 1980 4211 pium
2027 4140 2231 4194 dixisse
2281 4139 2350 4192 de
2411 4137 2771 4192 Faustiniano
2827 4132 3258 4188 Busiccadensi:
3314 4134 3411 4185 llic
3441 4136 3518 4184 est

1819 4232 1873 4281 in
1897 4229 1996 4282 hac
2026 4231 2265 4293 civitate,
2299 4227 2393 4280 sed
2417 4226 2554 4278 male
2581 4225 2754 4278 habet.
2793 4224 2976 4286 Quare
3017 4222 3220 4274 morbo
3251 4220 3518 4273 eumdem

1818 4333 1968 4369 anno
1998 4318 2092 4369 411
2125 4315 2340 4385 putavit
2380 4312 2721 4382 Carthagine
2755 4311 3131 4374 exstinctum;
3172 4309 3322 4362 unde
3371 4324 3520 4361 unus

1817 4404 2305 4472 Thamugadensis
2353 4403 2413 4456 in
2455 4401 2754 4455 collatione
2813 4399 3166 4461 remanebat,
3219 4413 3391 4467 quem
3435 4413 3522 4465 sy-

1817 4495 1967 4547 nodo
1999 4493 2333 4547 Milevitanaa
2373 4495 2716 4561 praesentem
2759 4489 2900 4542 citra
2943 4487 3181 4540 dubium
3229 4500 3517 4538 assevera-

1816 4587 1920 4636 ret.
1958 4582 2126 4634 Visne
2156 4585 2270 4633 tam
2303 4581 2614 4649 speciosam
2647 4577 3037 4645 conjecturam
3063 4573 3361 4649 admittere
3385 4573 3412 4628 ?

1889 4672 2219 4724 CRESCONIUS
2250 4669 2665 4720 CITICI'LITANL’S.
2727 4667 2816 4719 Ita
2880 4667 2937 4717 in
2999 4640 3326 4716 collatione:
3377 4664 3518 4714 scri—

1821 4759 2047 4811 bendum
2074 4761 2216 4822 forte
2262 4757 2634 4817 Culcuitanus,
2675 4757 2751 4806 est
2786 4753 2926 4805 enim
2975 4754 3194 4818 cognita
3243 4764 3348 4802 non
3389 4753 3514 4800 tan-

1820 4851 1932 4900 tum
1967 4848 2258 4908 Antonino,
2287 4843 2380 4896 sed
2411 4845 2572 4896 etiam
2606 4843 2905 4907 Ptolemaeo,
2938 4840 3138 4894 Culcua
3165 4837 3369 4890 colonia
3403 4850 3518 4886 me—

1820 4935 1916 4987 dia
1943 4936 2056 4999 fere
2082 4936 2226 4986 inter
2248 4934 2480 4990 Cirtam,
2504 4932 2725 4985 Simittu
2747 4930 3026 4991 coloniam,
3062 4928 3239 4982 Lares.
3278 4929 3327 4976 et
3360 4920 3516 4973 Gan-

1819 5023 2066 5090 saphum.
2133 5021 2358 5084 ltideas,
2426 5034 2529 5087 per
2562 5033 2649 5070 me
2710 5017 2858 5081 licet,
2919 5017 3084 5068 Novae
3142 5009 3516 5078 Geographia:

1823 5113 2103 5180 portenta.
2160 5109 2328 5160 Ponit
2377 5107 2673 5161 Cuiculum
2725 5105 2975 5157 medium
3039 5101 3156 5152 fere
3196 5099 3254 5150 in
3311 5098 3517 5150 itinere

1823 5198 1973 5250 Cirta
2007 5195 2294 5248 Orientem
2325 5211 2516 5247 versus
2564 5210 2628 5247 ac
2667 5192 3093 5260 Carthaginem;
3128 5190 3184 5239 et
3235 5185 3386 5256 quod
3411 5185 3512 5238 mi-

1825 5285 2056 5338 rabilius
2085 5289 2190 5349 est,
2227 5300 2291 5335 ex
2340 5282 2643 5341 Antonino,
2695 5281 2794 5349 qui
2852 5291 3035 5331 tamen
3097 5277 3217 5328 limo
3275 5274 3512 5327 scribit:

1824 5377 1982 5426 Cirta
2022 5374 2235 5426 Mileum
2286 5388 2338 5424 δι.
2394 5389 2438 5425 Ρ.
2495 5387 2622 5432 xxv,
2667 5369 2900 5421 Idicram
2940 5382 2990 5416 Μ.
3025 5381 3070 5416 Ρ.
3123 5379 3250 5429 xxv,
3302 5364 3514 5416 Cuiculi

1825 5477 1858 5514 ιι
1926 5477 1973 5514 Ρ.
2025 5476 2150 5522 xxv,
2194 5461 2338 5526 Sitiﬁ
2395 5475 2448 5510 Μ.
2510 5474 2557 5514 Ρ.
2599 5470 2730 5507 xxv.
2775 5453 2962 5516 Vides,
3018 5456 3156 5503 teste
3207 5449 3516 5512 Antonino,

1823 5549 1993 5602 situm
2025 5561 2151 5601 esse
2175 5546 2469 5601 Cuiculum
2501 5544 2560 5596 in
2596 5542 2801 5594 itinere
2825 5539 2975 5593 Cirta
3022 5553 3215 5593 versus
3247 5537 3522 5592 Occiden-

3085 5643 3164 5700 10
