3926 6192
350 301 452 352 299

1358 293 1912 350 SUPPLEMENTUM
1956 293 2046 348 AD
2085 293 2318 348 OPERA
2357 296 2410 348 S.
2453 293 2843 349 AUGUSTINI.
3141 315 3153 324 ‘
3710 306 3800 357 300

350 425 466 473 tem
508 419 578 473 ad
616 419 937 474 Sitifensem
987 417 1282 476 civitatem,
1334 431 1463 485 qua
1493 431 1625 469 cum
1664 415 1725 469 in
1779 415 2039 470 Maurita—
2069 426 2113 478 Α
2155 417 2355 487 quinta
2379 416 2579 482 Martii,
2606 433 2734 470 cum
2769 419 3038 471 cessasset
3069 415 3127 469 in
3157 416 3341 470 Africa
3375 424 3672 488 persecutio
3698 435 3806 495 post

353 509 452 562 nia
479 508 730 563 Sitifensi
779 506 970 566 fuerit.
1020 509 1214 574 aperte
1261 504 1562 557 deducitur
1617 503 1912 558 Cuiculum
1962 520 2054 557 ex-

356 602 598 650 tremam
631 596 802 649 fuisse
836 592 1118 647 Numidia
1150 592 1351 645 urbem
1398 609 1593 646 versus
1633 593 2048 658 Mauritaniam,

359 702 533 756 quam
563 690 756 738 tamen
777 683 930 735 idem
963 681 1020 734 in
1051 681 1244 734 medio
1289 681 1407 734 fere
1438 681 1722 736 Numidia
1756 683 1920 735 locat.
1959 681 2054 736 Mi-

357 790 484 827 rare
514 772 741 825 interim
787 769 1036 822 hominis
1069 769 1376 835 solertiam,
1408 769 1508 840 qui
1535 770 1596 823 in
1625 770 1914 824 Antonino
1964 770 2051 824 in-

360 863 512 915 venit
547 859 945 914 Culcuitanum
992 857 1290 928 oppidum,
1337 860 1486 928 quod
1528 875 1813 929 nusquam
1853 858 1913 913 in
1938 862 2053 912 An-

356 949 542 1004 tonini
572 947 868 1002 Itinerario
909 947 1148 1017 legitur;
1181 963 1294 1000 non
1333 951 1523 1000 autem
1572 947 1710 1002 vidit
1740 947 2051 1002 Cuiculita-

359 1053 517 1102 num,
546 1036 699 1106 quod
741 1034 813 1090 ab
859 1036 1059 1089 eodem
1112 1040 1229 1088 tam
1283 1035 1492 1089 diserte
1541 1035 1894 1105 designatur.
1945 1035 2054 1090 Sed

355 1126 445 1179 vix
468 1126 586 1196 pati
607 1139 840 1195 possum
881 1124 950 1177 ab
983 1124 1087 1176 hoc
1133 1128 1584 1178 commentatore
1636 1124 2053 1178 Cuiculitanam

358 1214 664 1269 Ecclesiam
685 1214 743 1267 in
787 1211 1181 1267 Culcuitanam
1229 1212 1441 1266 mutari
1480 1212 1814 1266 auctoritate
1857 1212 2054 1266 Ptole-

356 1302 486 1356 mai
515 1301 644 1372 (qui
674 1306 864 1354 tamen
902 1302 1182 1367 Calcuam,
1219 1317 1333 1354 non
1363 1302 1638 1367 Culcuam,
1672 1306 1734 1354 ut
1787 1301 2052 1354 mendose

355 1391 515 1460 legit,
549 1390 701 1442 inter
732 1388 1014 1442 Numidia
1045 1405 1204 1442 nova
1234 1389 1403 1442 urbes
1438 1389 1670 1460 posuit),
1703 1405 1832 1442 cum
1862 1390 1921 1442 in
1953 1407 2051 1442 ve-

355 1478 523 1532 tustis
553 1477 831 1530 Africana
881 1477 1136 1530 Ecclesia
1183 1477 1572 1530 monumentis
1624 1477 1764 1530 nihil
1806 1477 2052 1531 Cuiculi-

355 1571 491 1620 tana
544 1565 685 1620 urbe
726 1565 1082 1635 frequentius
1131 1565 1479 1619 nominetur.
1534 1567 1599 1618 In
1657 1566 1872 1636 synodo
1895 1565 2052 1620 Grati

356 1657 620 1709 laudatur
676 1655 1076 1722 Elpidophorus
1155 1655 1556 1721 Cuiculitanus;
1604 1653 1664 1707 in
1722 1655 1936 1724 synodo
1990 1655 2044 1708 S.

357 1742 622 1814 Cypriani
681 1743 1047 1798 Pudentianus
1097 1757 1132 1795 a
1184 1743 1436 1807 Cuiculi;
1479 1743 1538 1795 in
1587 1742 1798 1796 Notitia
1849 1742 2050 1797 Africa

364 1833 542 1886 Victor
598 1821 980 1883 Cuiculitanus
1025 1827 1084 1882 in
1115 1829 1422 1883 collatione
1477 1830 1790 1885 Cresconius
1847 1831 2049 1898 episco-

353 1935 456 1989 pus
489 1920 660 1988 plebis
705 1917 1177 1982 Cuiculitensis;in
1235 1918 1450 1987 synodo
1477 1935 1507 1970 v
1557 1919 1736 1974 Creses
1774 1921 2053 1988 episcopus

358 2011 428 2062 Ε.
494 2008 845 2064 Cuiculitana
907 2009 1200 2074 provincia
1243 2006 1515 2060 Numidia
1567 2006 1798 2060 Memini
1848 2008 2054 2061 Garne-

356 2097 506 2150 rium
557 2095 721 2149 initio
764 2094 1116 2164 prafationis
1171 2095 1241 2148 ad
1297 2094 1604 2148 Historiam
1660 2095 2053 2149 Nestorianam

355 2184 610 2238 afﬁmare
656 2183 1040 2237 Christianum
1087 2185 1308 2252 Lupum
1335 2199 1610 2252 magnum
1663 2183 2051 2237 ecclesiastica

355 2271 711 2341 antiquitatis
767 2276 1159 2340 reparatorem
1200 2273 1462 2326 immensa
1522 2272 1841 2326 eruditionis
1897 2275 2054 2341 copia

352 2363 448 2414 cia:
477 2375 584 2412 non
617 2359 791 2412 obrui.
821 2359 1022 2412 Procul
1054 2358 1125 2413 ab
1150 2359 1259 2412 hoc
1283 2359 1539 2429 periculo
1591 2364 1876 2414 remotum
1899 2360 2052 2414 vides

354 2447 713 2513 Gamerium,
758 2447 1017 2500 nondum
1061 2447 1215 2500 enim
1264 2446 1547 2501 immensa
1590 2448 1689 2502 illa
1728 2448 2052 2502 eruditione

355 2537 699 2602 suffocatur;
757 2540 875 2589 tota
931 2535 1085 2589 enim
1152 2535 1409 2606 ejusdem
1456 2535 1729 2589 litteraria
1777 2537 2050 2607 supellex,

354 2624 508 2695 quod
542 2627 705 2677 notas
727 2629 1040 2692 prasentes
1071 2623 1293 2684 attinet,
1328 2639 1522 2694 pugno
1553 2623 1874 2695 stringitur,

423 2713 678 2766 MALCHUS
713 2713 1152 2766 MASCL‘LITANL‘S.
1186 2713 1280 2765 Ita
1318 2714 1375 2765 in
1431 2713 1730 2766 collatione.
1754 2715 1898 2768 Nota
1929 2729 2052 2767 vero

323 2801 623 2854 Antonino
652 2805 730 2854 est
788 2800 1030 2853 Mascula
1062 2816 1115 2852 λι.
1172 2815 1226 2852 ii.
1263 2815 1346 2852 Lx.
1389 2815 1434 2852 Ρ.
1469 2816 1503 2852 a
1547 2801 1796 2853 Thebcste
1841 2800 2052 2854 distans

351 2890 598 2944 euntibus
629 2889 703 2943 ad
732 2891 1042 2954 Sitifensem
1072 2889 1355 2942 coloniam.
1382 2890 1696 2942 Recensetur
1717 2891 1880 2943 etiam
1910 2892 2053 2943 inter

2161 505 2579 559 abdicationem
2632 504 2966 559 Diocletiani
3027 509 3083 558 et
3139 505 3475 569 Maximiani,
3516 509 3806 568 dominante

2163 594 2220 647 in
2251 595 2412 647 Italia
2451 600 2507 647 et
2545 594 2730 647 Africa
2785 593 2989 648 Severo
3031 593 3273 647 Casare.
3322 595 3520 648 Probat
3570 597 3683 652 hac
3708 601 3812 670 ipsa

2161 683 2422 754 pluribus
2477 682 2894 736 eruditissimus
2937 682 3210 736 Henricus
3240 676 3486 736 Valesius
3515 684 3572 737 in
3597 687 3728 740 notis
3752 691 3809 743 ad

2160 787 2283 840 cap.
2313 775 2345 824 2
2376 770 2474 824 lib.
2509 787 2603 823 vni
2645 770 2868 824 Eusebii
2915 768 3297 824 Casariensis.
3333 771 3593 825 Hadriani
3618 774 3814 830 Henrici

2161 859 2349 912 fratris
2409 859 2624 912 litteras
2664 873 2848 929 nuper
2899 858 2971 912 ad
3001 863 3056 912 te
3118 859 3277 912 datas
3342 859 3482 912 mihi
3533 862 3811 917 ostendisti.

2161 949 2338 1002 Ambo
2391 947 2460 1001 de
2517 946 2892 1000 ecclesiastica
2939 963 3001 1000 ac
3039 946 3279 1017 profana
3322 946 3553 1001 historia
3579 949 3814 1005 beneme-

2159 1035 2275 1101 riti,
2311 1052 2373 1090 ac
2401 1036 2646 1106 proinde
2679 1048 2778 1089 tua
2799 1035 3048 1089 amicitia
3087 1034 3428 1105 dignissimi.

2233 1125 2518 1179 LITTORIL'S
2549 1125 2872 1178 SUANENSIS.
2907 1125 3001 1178 Ita
3051 1124 3270 1191 quidem
3316 1125 3372 1176 in
3427 1126 3703 1191 collatione,
3741 1129 3818 1182 sed

2158 1214 2301 1278 forte
2330 1212 2606 1279 legendum
2635 1211 3006 1281 Sugunensis.
3049 1213 3279 1264 Ponitur
3306 1212 3446 1264 enim
3481 1213 3545 1264 ab
3581 1213 3819 1268 Antonino

2159 1301 2217 1351 in
2243 1299 2503 1354 Numidia
2526 1314 2696 1367 prope
2721 1300 2929 1355 Cirtam
2955 1299 3138 1365 Sugus
3172 1315 3186 1352 :
3221 1315 3530 1368 quanquam
3559 1302 3612 1354 in
3641 1302 3818 1355 Notitia

2160 1389 2533 1456 episcoporum
2563 1387 2832 1443 Numidia
2859 1391 2958 1456 ﬁat
2995 1390 3191 1442 mentio
3225 1388 3418 1441 Felicis
3461 1388 3728 1442 Suabensis
3769 1393 3819 1444 in

2159 1476 2415 1532 easilium
2438 1477 2608 1545 pulsi.
2642 1476 2698 1530 Si
2729 1492 2848 1530 non
2886 1476 3272 1546 perfunctorie
3311 1475 3579 1530 Notitiam
3606 1477 3819 1530 lectitas-

2161 1569 2264 1631 set,
2319 1564 2678 1635 cognovisset
2716 1565 2932 1619 ibidem
2980 1564 3289 1618 memorari
3341 1566 3600 1620 Victorem
3626 1566 3821 1633 Sugitu-

2161 1669 2325 1717 num;
2382 1653 2534 1706 unde
2579 1652 2887 1707 Suabensis
2912 1669 3014 1707 seu
3072 1651 3376 1707 Suavensis
3429 1654 3589 1720 (non,
3645 1658 3703 1706 ut
3743 1653 3822 1707 ille

2164 1741 2261 1809 ait,
2295 1742 2612 1809 Suanensis)
2655 1740 2916 1795 Ecclesia
2969 1741 3029 1794 in
3069 1741 3409 1811 Sugitanam
3465 1741 3824 1796 convertenda

2163 1829 2504 1884 sententiam
2534 1830 2796 1884 exuisset.

2234 1919 2586 1972 FORTL‘NATL‘S
2642 1918 3252 1973 CASENSl-CALANENSIS.
3307 1919 3402 1972 Ita
3445 1920 3504 1972 in
3539 1919 3816 1987 collatione;

2162 2007 2256 2060 sed
2284 2023 2402 2061 cum
2427 2008 2610 2076 plures
2635 2007 2874 2075 ejusdem
2899 2009 3132 2061 nominis
3173 2011 3510 2073 censeantur,
3533 2006 3739 2060 dubium
3767 2022 3824 2058 an

2162 2097 2487 2149 Fortunatus
2512 2101 2691 2149 noster
2709 2097 2781 2149 sit
2820 2095 3041 2162 hujusce
3067 2095 3319 2149 Ecclesia
3365 2096 3655 2164 episcopus.
3697 2093 3819 2146 Vah!

2163 2184 2359 2253 quales
2386 2183 2559 2237 modo
2609 2182 2904 2253 scrupulos
2934 2182 3168 2252 patitur,
3198 2181 3298 2252 qui
3340 2181 3553 2252 passim
3583 2182 3827 2252 quosdam

2164 2271 2455 2341 episcopos
2483 2271 2551 2324 ad
2597 2271 2745 2324 hanc
2789 2270 3072 2341 synodum
3119 2286 3186 2323 ex
3243 2269 3554 2324 collatione
3594 2269 3825 2332 admittit,

2163 2359 2286 2413 aliis
2321 2359 2574 2430 ejusdem
2612 2375 2844 2430 prorsus
2892 2359 3141 2412 nominis
3170 2375 3276 2429 pro
3322 2359 3558 2414 arbitrio
3588 2358 3824 2413 exclusis!

2162 2449 2268 2502 Sex
2309 2448 2606 2502 Fortunati
2660 2447 2720 2501 in
2769 2446 3072 2501 collatione
3121 2446 3273 2500 inter
3330 2447 3627 2501 catholicos
3663 2461 3826 2500 recen-

2161 2539 2358 2589 sentur
2391 2552 2404 2590 ε
2441 2534 2905 2600 Rusuccurensis,
2941 2535 3260 2606 Capsensis,
3307 2533 3820 2597 Constantiniensis;

2160 2623 2320 2693 prior
2359 2623 2605 2693 pertinet
2647 2624 2716 2677 ad
2771 2623 3118 2678 Mauritanos
3149 2623 3555 2692 Casarienses,
3603 2623 3734 2676 alter
3771 2621 3827 2673 ad

2163 2713 2504 2781 Byzacenos,
2541 2717 2867 2781 postremus
2915 2711 2986 2766 ad
3019 2711 3316 2778 Numidas,
3360 2712 3462 2783 qui
3507 2715 3634 2765 ante
3673 2709 3829 2764 Possi-

2163 2799 2323 2852 dium
2354 2800 2564 2868 legitur
2610 2801 2670 2853 in
2722 2800 3050 2870 epigraphe.
3109 2801 3244 2854 Tres
3268 2801 3374 2854 alii
3404 2800 3718 2865 recitantur,
3754 2798 3830 2850 Ca-

2163 2888 2693 2955 sensi-Calanensis,
2745 2888 3152 2954 Abbenzensis,
3189 2893 3247 2942 et
3299 2887 3698 2944 Undesitensis.
3746 2887 3831 2938 llas

352 2980 621 3047 episcopos
679 2977 948 3032 Numidia
973 2978 1360 3029 Januarianus
1405 2977 1817 3042 Masculitanus,
1859 2982 1909 3030 et
1940 2993 2048 3030 me—
2082 2987 2121 3043 (ς
2164 2977 2304 3031 duas
2363 2977 2633 3030 Ecclesias
2687 2976 2917 3030 incerta
2967 2976 3276 3048 provincia
3337 2978 3509 3047 vulgo
3556 2975 3828 3030 ascribunt.

351 3069 510 3118 minit
565 3067 902 3131 Augustinus
957 3064 1050 3117 lib.
1109 3081 1168 3116 ιιι
1225 3069 1361 3118 cont.
1416 3065 1783 3130 Cresconium,
1815 3081 1934 3134 cap.
1963 3069 2049 3132 2‘7,

352 3155 552 3207 Donati
576 3153 945 3217 Masculitani,
978 3153 1074 3219 qui
1095 3154 1153 3204 in
1201 3153 1424 3205 concilio
1455 3154 1686 3208 Cirtenei
1724 3153 2051 3208 Donatista-

351 3257 474 3295 rum
497 3255 638 3294 anno
670 3242 793 3305 303,
827 3242 915 3293 cui
965 3241 1194 3308 prafuit
1244 3241 1518 3294 Secundus
1567 3243 1898 3307 Tisigitanus
1931 3244 2050 3296 Nu-

352 3329 532 3382 midia
557 3331 788 3396 primas,
845 3329 1117 3392 confessus
1158 3333 1235 3380 est
1281 3342 1337 3380 se
1389 3328 1725 3380 traditorem.
1783 3329 1950 3381 Recte
1981 3327 2049 3381 de

353 3416 552 3470 Malcbi
595 3416 726 3469 sede
763 3433 774 3469 :
805 3431 940 3468 nam
972 3414 1145 3469 etiam
1201 3415 1260 3468 in
1309 3415 1526 3485 synodo
1556 3415 1826 3469 Bonifacii
1857 3417 2052 3470 lauda-

349 3511 444 3560 tur
471 3509 767 3560 Januar-ius
791 3507 1183 3560 Masculitanus
1209 3506 1417 3570 legatus
1442 3507 1733 3574 provincia
1756 3505 2044 3560 Numidia.

352 3597 755 3649 Verumtamen
798 3595 859 3648 in
903 3594 974 3648 iis
1027 3610 1157 3665 qua
1215 3593 1369 3647 addit
1411 3599 1610 3663 peccat
1656 3593 1877 3646 biennii
1916 3611 2047 3664 pro-

351 3684 766 3738 chronismum.
808 3684 949 3737 Nam
1007 3683 1259 3753 synodus
1296 3681 1394 3735 illa
1449 3685 1591 3735 teste
1635 3682 1840 3752 Optato
1874 3682 1969 3736 lib.
2007 3700 2044 3751 ι,

347 3777 469 3841 post
492 3773 905 3842 persecutionem
942 3771 1092 3840 apud
1113 3771 1319 3826 Cirtam
1365 3773 1548 3823 coacta
1579 3771 1711 3834 fuit.
1755 3771 1821 3823 Et
1851 3773 2046 3840 Augu-

348 3861 530 3914 stinus
578 3860 726 3914 libro
786 3859 1015 3913 laudato
1074 3874 1197 3928 cap.
1239 3860 1328 3925 26,
1379 3858 1497 3910 ait:
1559 3860 1760 3912 Exstat
1817 3859 2050 3912 Secundi

352 3949 648 4015 Tisigitani
677 3948 962 4002 concilium
1006 3962 1125 4000 cum
1173 3948 1524 4014 paucissimis
1583 3947 1800 4014 quidem
1838 3949 2047 4012 factum

346 4038 496 4106 apud
553 4039 780 4097 Cirtam,
831 4040 954 4104 post
995 4038 1417 4104 persecutionem
1467 4034 1708 4088 codicum
1749 4035 2046 4088 tradendo-

345 4141 486 4192 rum,
510 4130 568 4178 ut
597 4126 709 4178 illic
755 4127 814 4178 in
844 4126 1016 4178 locum
1061 4124 1306 4189 defuncti
1349 4123 1699 4178 ordinaretur
1741 4125 2043 4192 episcopus.

344 4217 414 4267 At
461 4229 526 4266 ex
557 4212 729 4282 gestis
775 4211 1216 4282 municipalibus
1246 4212 1566 4281 persecutio
1614 4210 1874 4265 codicum
1929 4217 2042 4264 tra-

343 4301 659 4355 dendorum
691 4299 923 4369 incapit
955 4300 1119 4354 Cirta
1150 4301 1478 4353 Diocletiano
1508 4316 1602 4352 vm
1632 4305 1682 4354 et
1700 4302 2038 4354 Maaimiano

341 4405 412 4440 vn
447 4403 816 4455 conss.,anno
847 4391 972 4442 303.
1017 4403 1109 4440 xw
1155 4389 1262 4440 kal.
1321 4389 1492 4453 Junii,
1531 4403 1597 4440 ex
1656 4387 1857 4440 eodem
1915 4405 2034 4457 cap.

342 4477 428 4540 29,
489 4475 655 4529 Cirta
703 4476 931 4528 sedente
984 4475 1151 4528 Paulo
1203 4477 1472 4544 episcopo,
1519 4474 1610 4528 cui
1659 4479 1856 4544 postea
1889 4492 2036 4530 anno

342 4565 444 4616 305
474 4567 702 4616 mortuo
746 4563 1019 4632 Sylvanus
1051 4577 1340 4616 successor
1396 4563 1560 4616 datus
1616 4566 1718 4623 est,
1772 4565 2036 4633 Augusti-

342 4667 449 4704 nus
474 4666 691 4704 annum
722 4658 779 4705 et
799 4651 949 4704 diem
981 4650 1181 4720 synodi
1225 4651 1494 4705 Cirtensis
1535 4651 1796 4721 designat
1825 4651 1884 4704 in
1913 4652 2036 4706 bre-

339 4739 524 4792 viculo
557 4738 870 4793 collationis
908 4738 1092 4793 tertia
1123 4738 1237 4792 diei
1293 4755 1422 4809 cap.
1469 4742 1551 4806 l8,
1585 4740 1683 4793 ubi
1713 4744 1768 4793 et
1809 4745 2036 4811 tempus

339 4828 599 4882 durantis
653 4828 712 4882 in
758 4827 944 4882 Africa
997 4827 1409 4898 persecutionis
1467 4828 1638 4882 etiam
1690 4828 2030 4883 declaratur.

339 4919 524 4982 Gesta,
557 4917 765 4988 inquit,
825 4921 1150 4986 martyrum,
1187 4917 1382 4985 quibus
1413 4916 1801 4972 ostendebatur
1830 4921 2035 4987 tempus

334 5008 720 5084 persecutionis
764 5005 1069 5059 consulibus
1111 5007 1264 5072 facta
1317 5010 1446 5059 sunt
1511 5007 1842 5060 Diocletiano
1885 5021 1939 5058 x1
1985 5011 2036 5060 et

337 5094 671 5148 Maximiano
727 5111 844 5161 VIII,
894 5093 1076 5163 pridie
1105 5093 1228 5148 idus
1277 5094 1600 5149 Februarias
1635 5113 1650 5147 :
1678 5099 1830 5162 gesta
1856 5099 2034 5148 autem

335 5182 662 5250 episcOpalia
689 5183 888 5236 decreti
927 5183 1185 5238 Cirtensis
1239 5186 1363 5250 post
1405 5182 1645 5235 eumdem
1697 5182 2032 5236 consulatum

338 5269 494 5321 tertio
529 5284 698 5322 nonas
726 5271 989 5335 Martias,
1052 5285 1113 5323 ac
1143 5285 1239 5338 per
1284 5269 1378 5322 hoc
1419 5269 1671 5322 tredecim
1711 5283 1911 5322 menses
1938 5270 2030 5321 in-

337 5361 528 5408 teresse
553 5357 918 5410 inveniuntur.
963 5357 1145 5410 Habes
1173 5373 1238 5410 ex
1281 5356 1600 5425 Augustino
1653 5354 1874 5408 savisse
1907 5370 2032 5423 per-

335 5444 685 5498 secutionem
737 5460 887 5498 anno
947 5445 1118 5498 etiam
1170 5446 1294 5508 304,
1353 5459 1480 5496 cum
1528 5447 1804 5512 martyres
1859 5443 2029 5496 occisi

334 5537 492 5598 sunt;
527 5531 808 5602 synodum
836 5547 968 5585 vero
991 5532 1305 5586 Cirtensem
1324 5534 1578 5584 coactam
1607 5546 1758 5584 anno
1782 5532 1903 5596 305,
1935 5531 2028 5586 die

2159 3069 2226 3120 At
2257 3066 2317 3119 in
2365 3065 2574 3120 Notitia
2605 3064 2884 3120 Numidia
2942 3065 3216 3119 recitatur
3257 3065 3556 3136 Optantius
3611 3063 3830 3116 Casensi-

2161 3155 2490 3209 Catanensis.
2527 3153 2833 3207 Garnerius
2871 3167 3006 3222 ergo
3055 3152 3278 3207 dubitat
3333 3170 3408 3206 an
3443 3152 3709 3207 Numidia
3733 3148 3832 3218 epi-

2159 3259 2361 3311 scopus
2402 3243 2742 3295 Fortunatus
2780 3241 2992 3295 sederit
3046 3241 3200 3310 apud
3250 3240 3565 3296 Ecclesiam
3612 3236 3830 3293 Casensi-

2160 3331 2551 3396 Calanensem,
2571 3346 2742 3400 quam
2765 3334 2984 3382 certum
3006 3335 3093 3383 est
3113 3329 3184 3382 ad
3204 3329 3543 3384 Numidiam
3559 3333 3826 3398 Spectasse,

2157 3419 2243 3471 vel
2268 3417 2459 3488 potius
2517 3417 2692 3471 fuerit
2721 3417 3026 3488 episcopus
3067 3417 3386 3483 Undesita,
3429 3420 3514 3472 vel
3563 3417 3826 3472 Abbenza.

2157 3505 2387 3560 incerta
2417 3523 2650 3576 prorsus
2676 3506 2983 3576 provincia
3030 3505 3404 3576 oppidorum.

2229 3596 2490 3648 Doxarus
2531 3596 2898 3648 TIBILITANL'S.
2944 3596 3167 3660 Legitur
3216 3596 3275 3647 in
3335 3596 3615 3648 collatione
3661 3591 3828 3658 Tigili—

2157 3683 2436 3749 tanus,sed
2477 3684 2667 3751 procul
2711 3683 2873 3736 dubio
2905 3682 3180 3748 mendose;
3231 3698 3408 3750 neque
3453 3684 3594 3736 enim
3640 3679 3827 3748 uspiam

2154 3776 2348 3827 mentio
2397 3775 2666 3842 reperitur
2720 3775 2962 3827 civitatis
3015 3772 3238 3840 Tigilis.
3301 3772 3576 3826 Libenter
3628 3767 3830 3824 admitto

2159 3863 2439 3915 Donatum
2493 3860 2604 3930 legi
2662 3860 2722 3914 in
2790 3859 3092 3914 collatione
3147 3861 3342 3929 procul
3399 3860 3565 3914 dubio
3618 3854 3828 3912 mendose

2155 3948 2546 4018 Tigilitanum,
2603 3949 2701 4002 sed
2733 3948 2802 4002 ab
2833 3964 2950 4002 uno
2998 3948 3293 4014 Garnerio,
3348 3965 3486 4001 nam
3520 3947 3617 4018 qui
3646 3945 3830 3999 litteras

2155 4037 2325 4101 norit,
2374 4037 2436 4089 in
2480 4053 2604 4106 cap.
2646 4040 2734 4090 1'21
2781 4035 3100 4090 collationis
3133 4037 3330 4106 leget:
3387 4039 3625 4090 Donatus
3661 4033 3830 4102 episco-

2150 4140 2256 4192 pus
2289 4125 2635 4178 Tisilitensis.
2668 4124 2814 4178 Idem
2843 4124 2990 4177 diait
3022 4140 3036 4177 :
3086 4126 3289 4178 Prasto
3319 4139 3475 4187 sum;
3507 4122 3602 4177 sed
3626 4136 3720 4174 non
3747 4119 3831 4170 ha-

2157 4213 2246 4266 beo
2288 4217 2475 4266 contra
2518 4228 2599 4266 me
2641 4214 2805 4266 etiam
2856 4214 3182 4281 episcopum.
3235 4213 3339 4266 Ille
3389 4229 3525 4266 vero
3564 4219 3829 4280 perperam

2157 4315 2260 4369 pro
2296 4301 2616 4365 Tisilitensi,
2647 4299 3135 4369 quemadmodum
3163 4298 3226 4352 in
3275 4299 3468 4354 tribus
3516 4294 3830 4353 editionibns

2149 4387 2438 4454 Massonis,
2469 4387 2841 4457 Albaspinai,
2882 4391 2940 4441 et
2969 4386 3179 4441 Labbei
3220 4387 3462 4457 legitur,
3509 4386 3830 4452 Tigilitanum

2148 4476 2313 4530 dixit.
2396 4475 2504 4530 Sed
2560 4491 2947 4545 prapropera
2997 4474 3230 4528 lectioni
3287 4474 3350 4530 id
3410 4475 3549 4529 vitio
3589 4474 3827 4526 vertatur.

2145 4563 2314 4618 Aliud
2346 4563 2583 4632 insuper
2614 4567 2826 4633 peccat,
2870 4563 3024 4633 quod
3054 4562 3114 4616 in
3147 4563 3286 4616 urbe
3337 4563 3643 4617 Tibilitana
3673 4561 3827 4612 Dona-

2146 4654 2268 4702 tum
2319 4649 2652 4720 episcopum
2697 4650 3043 4704 catbolicum
3082 4651 3247 4720 ponit
3275 4667 3434 4704 anno
3464 4652 3587 4713 411,
3620 4662 3738 4702 cum
3765 4641 3829 4694 id'

2144 4739 2418 4808 temporis
2467 4739 2618 4808 apud
2647 4738 3018 4792 Tibilitanum
3046 4738 3327 4809 oppidum
3359 4739 3585 4792 sederet
3627 4730 3825 4801 Simpli-

2144 4824 2263 4878 cius
2308 4825 2599 4879 Donatista
2643 4827 2963 4896 episcopus,
3020 4827 3122 4897 qui
3179 4843 3306 4897 cap.
3372 4831 3469 4881 I97
3531 4817 3822 4880 collationis

2144 4913 2326 4967 dixit:
2360 4913 2760 4969 Adversarium
2787 4931 2893 4969 non
2928 4915 3115 4969 habeo.
3155 4915 3296 4969 Huic
3327 4920 3548 4978 tamen,
3583 4911 3710 4965 velit
3738 4922 3823 4959 no-

2145 5002 2228 5055 lit:
2261 5002 2548 5056 Donatum
2581 5004 2940 5058 Catholicum
2970 5004 3030 5057 in
3055 5004 3254 5057 eadem
3281 5004 3431 5058 urbe
3464 4996 3824 5058 adversarium

2136 5091 2371 5162 jungit:
2405 5107 2535 5145 cum
2574 5097 2814 5164 uterque
2855 5109 2958 5146 sua
3003 5093 3062 5146 in
3090 5092 3319 5146 civitate
3352 5096 3594 5146 testatus
3635 5089 3702 5142 sit
3727 5098 3822 5138 non

2142 5180 2351 5234 habere
2405 5180 2800 5235 adversantem
2853 5181 3278 5252 coepiscopum.
3344 5182 3518 5234 Estne
3573 5179 3677 5233 hoc
3719 5185 3824 5226 eru-

2143 5268 2394 5322 ditorum
2435 5269 2713 5339 patientia
2754 5269 2948 5324 abuti?

2211 5359 2574 5423 PONTICANUS,
2652 5359 3020 5427 SATURNINL‘S,
3097 5360 3490 5421 Cnmsromcs,
3547 5357 3821 5410 Honoaws,

2143 5445 2358 5500 Lccws.
2391 5444 2616 5499 Incerta
2643 5445 2807 5501 sedis.
2845 5446 2966 5500 Uno
3014 5447 3186 5502 verbo
3217 5451 3404 5500 semet
3454 5457 3702 5498 censura
3730 5452 3822 5508 pe-

2140 5532 2339 5597 riculo,
2372 5548 2476 5586 nos
2511 5532 2774 5588 molestia
2795 5532 3020 5588 liberat.
