3926 6192
150 326 213 377 30l

853 309 1211 366 VARIORUM
1257 307 1859 367 EXERCITATIONES
1898 309 1968 363 IN
2009 312 2062 364 S.
2104 312 2471 369 AUGUSTINI
2511 316 2762 371 OPERA.

3456 328 3558 379 302

190 448 454 495 ADEODATL’S
506 436 936 488 BELLALITENSIS.
989 434 1074 486 Ita
1111 432 1329 501 quidem
1374 435 1435 487 in
1475 433 1754 487 collatione
1791 432 2011 486 Altufo
2066 434 2125 487 in
2179 437 2486 492 Breviario.
2539 440 2615 492 Ex
2666 441 2876 510 quibus
2926 442 3215 499 evidenter
3269 447 3560 517 colligitur

147 530 379 599 appellatur
415 524 644 578 Ecclesia
682 539 697 574 :
732 522 826 574 sed
876 524 933 574 in
987 523 1198 577 Notitia
1245 523 1514 577 Numidia
1558 522 1757 586 legitur

150 612 444 671 Bellalisensis.
491 610 586 663 Ubi
626 624 747 661 vero
794 607 1069 661 Numidia
1113 610 1223 662 sita
1266 608 1442 674 fuerit
1491 606 1756 676 ejusmodi

147 705 297 765 cintus,
337 701 668 765 incompertm
716 696 852 749 mihi
897 700 993 749 est.
1057 695 1165 749 Sed
1202 712 1331 749 cum
1355 696 1625 751 Garnerio
1665 712 1755 749 ex-

140 787 379 862 postulabit
416 787 552 839 alter
580 784 838 853 ejusdem
869 783 1122 837 nominis
1154 784 1454 855 episcopus
1488 784 1751 850 Numida,

140 880 206 949 qui
224 893 321 946 cap.
354 878 445 928 129
492 874 698 927 dicitur
746 872 1061 926 Adeodatus
1109 888 1387 942 episcopus
1429 873 1599 942 plebis
1655 874 1757 926 Ba-

139 970 360 1021 :eritana:
392 980 519 1017 nam
549 963 693 1016 hanc
722 963 925 1016 urbem
969 962 1029 1015 in
1062 962 1332 1017 Numidia
1378 962 1551 1016 fuisse
1592 962 1757 1015 docet

139 1056 297 1111 Notitia
323 1052 563 1123 ejusdem
595 1050 925 1121 provincia,
960 1050 1019 1103 in
1050 1067 1162 1121 qua
1192 1051 1460 1105 laudatur
1523 1052 1753 1107 Vitalia-

135 1160 202 1197 nus
226 1146 592 1205 I’azaritanus;
627 1145 683 1194 et
709 1141 810 1194 loci
837 1142 1165 1195 Vazaritani
1196 1140 1260 1194 lit
1290 1139 1504 1193 mentio
1535 1154 1660 1192 can.
1688 1140 1754 1192 54

137 1231 231 1284 Cod.
268 1228 517 1283 Africani.
562 1229 758 1299 Itaque
807 1244 963 1282 mere
1006 1244 1112 1298 pro
1148 1228 1380 1282 arbitrio
1431 1228 1752 1281 Bellaliten-

133 1334 217 1371 sem
240 1316 485 1382 obtrudit,
519 1318 739 1370 excluso
774 1316 1128 1371 Bazaritano.
1161 1318 1344 1381 Quare
1376 1318 1545 1387 hujus
1572 1317 1755 1371 Adeo-

132 1406 216 1459 dati
239 1405 395 1475 quiin
433 1405 647 1474 synodo
698 1405 1046 1470 nominatur,
1101 1406 1295 1460 civitas
1325 1406 1496 1460 etiam
1539 1406 1755 1460 incerta

129 1500 200 1559 est,
226 1498 271 1547 et
302 1509 408 1546 non
452 1497 676 1546 tantum
718 1492 858 1547 situs
902 1492 1164 1558 civitatis,
1195 1497 1256 1545 ut
1285 1493 1379 1546 ille
1408 1493 1749 1546 affirmabat.

176 1585 456 1637 Pnocsssus.
485 1584 684 1648 Ignota
713 1582 878 1635 sedis.
909 1582 1289 1635 Procedamus
1319 1583 1390 1636 ad
1433 1587 1610 1635 notas.

174 1674 465 1725 Casscoxms
536 1672 1026 1725 Cenrexamaxsrs.
1087 1673 1182 1724 Ita
1227 1672 1429 1741 legitur
1484 1674 1541 1724 in
1589 1671 1751 1726 colla-
1790 1709 1832 1763 Β

128 1764 239 1815 tione.
264 1763 324 1815 Et
342 1775 457 1814 vero
482 1762 539 1813 in
571 1762 780 1815 Notitia
829 1762 1199 1828 episcoporum
1244 1761 1516 1815 Numidia
1560 1776 1751 1814 nume—

127 1856 237 1901 ratur
269 1852 394 1901 inter
437 1848 629 1917 ejectos
660 1848 787 1901 inde
830 1851 1111 1917 episcopus
1141 1850 1441 1903 Florentius
1490 1850 1757 1904 Centena-

129 1940 286 1992 n‘ensis.
316 1938 449 1991 Cum
478 1937 674 2006 plures
701 1937 989 1991 Cresconii
1022 1938 1082 1990 in
1112 1935 1414 1991 collatione
1449 1954 1756 1993 numeren-

126 2030 203 2090 tur,
242 2025 376 2079 hunc
418 2026 545 2095 qui.
568 2024 865 2095 trigesimo
917 2026 1037 2078 loco
1068 2026 1127 2078 in
1154 2024 1467 2096 epigraphe
1496 2026 1754 2079 nomina-

126 2116 203 2177 tur,
229 2113 415 2166 sedisse
441 2116 595 2183 apud
626 2111 1031 2166 Centenarium
1060 2112 1165 2179 (ita
1207 2113 1317 2166 hoc
1347 2114 1623 2184 oppidum
1655 2131 1754 2184 ap-

124 2202 313 2268 pellatur
351 2202 409 2255 in
449 2201 683 2255 Tabulis
726 2200 1209 2271 Peutingerianis)
1262 2202 1386 2256 sine
1436 2206 1575 2257 teste
1640 2218 1756 2257 non

123 2288 327 2354 credam;
369 2305 495 2343 cum
530 2288 851 2360 prasertim
902 2288 1054 2342 idem
1085 2288 1393 2343 Garnerius
1423 2288 1494 2343 de
1527 2291 1755 2344 Cresco-

120 2376 294 2429 nierum
336 2377 391 2430 in
449 2376 722 2431 Numidia
777 2376 1015 2431 urbibus
1058 2376 1200 2431 nihil
1245 2377 1385 2434 certi
1414 2393 1473 2431 se
1510 2382 1755 2432 statuere

122 2480 239 2531 posse
267 2465 500 2535 ingenue
534 2466 803 2534 fateatur,
839 2471 904 2519 ut
942 2481 1046 2519 suo
1082 2465 1321 2519 inferius
1355 2466 1480 2519 loco
1516 2466 1752 2533 videbis,

165 2552 405 2608 SECUNDUS
460 2554 984 2621 Maeanuaurasus,
1058 2570 1159 2607 seu
1226 2556 1521 2614 AQUENSlS.
1592 2559 1755 2625 Quem

121 2641 569 2707 ilagarmelitanum
592 2642 809 2697 collatio
841 2642 994 2710 dicit,
1017 2643 1321 2709 Aquensem
1346 2647 1608 2710 praeterea
1655 2659 1751 2696 vo-

120 2734 179 2781 cat
195 2731 525 2797 Augustinus.
563 2731 857 2800 Nusquam
884 2730 943 2783 in
974 2730 1279 2800 Augustini
1319 2730 1478 2784 libris
1509 2732 1753 2786 Secundi

118 2830 189 2868 nec
224 2820 666 2885 Magarmelitani,
718 2835 820 2872 nec
863 2819 1135 2886 Aqucnsis
1176 2835 1390 2873 nomen
1433 2819 1743 2889 reperitur.

119 2903 161 2955 lu
184 2904 347 2960 libello
394 2913 625 2961 tantum
681 2906 909 2976 Leporii
957 2906 1079 2960 hac
1125 2907 1464 2977 subscriptio
1503 2907 1747 2977 legitur:

116 2992 330 3049 Secundus
348 2998 630 3065 episcopus
650 2997 948 3064 Aquensis,
980 2997 1093 3049 sive
1138 2998 1547 3063 Megarmitana
1578 2997 1753 3051 oblato
1791 2987 1831 3043 C

116 3080 225 3134 nobis
260 3099 290 3135 a
336 3085 561 3152 Leporio
599 3084 774 3137 libello
811 3083 1128 3153 subscripsi.
1177 3083 1281 3137 Ubi
1324 3100 1442 3137 non
1477 3085 1752 3155 Augusti-

117 3184 206 3234 nus,
226 3172 311 3240 qui
338 3172 551 3227 ibidem
586 3172 786 3225 eodem
817 3172 989 3226 modo
1014 3172 1363 3243 subscriptus
1393 3173 1620 3243 legitur,
1654 3174 1752 3228 sed

118 3253 199 3323 ipse
222 3258 490 3313 Secundus
522 3276 588 3313 se
618 3262 946 3330 Aquensem
987 3259 1145 3313 dixit.

165 3346 294 3400 Fam
346 3349 811 3403 VlLLAREGENSlS.
856 3352 979 3403 Etsi
1024 3353 1225 3403 certum
1277 3354 1355 3403 est
1424 3366 1491 3404 ea:
1547 3349 1752 3405 duobus

117 3434 297 3497 ejusdem
316 3441 545 3492 nominis
580 3439 849 3505 episcopis
878 3438 1151 3493 Numidia
1179 3438 1408 3491 alterum
1430 3440 1603 3503 fuisse
1630 3440 1750 3493 Vil-

117 3518 394 3591 luregensem,
441 3525 681 3578 alterum
722 3523 1057 3590 Tubiensem,
1102 3524 1326 3577 dubium
1397 3531 1573 3580 tamen
1636 3531 1756 3580 uter

118 3612 247 3662 utram
270 3613 533 3666 ecclesiam
566 3614 788 3665 reaerit.
823 3614 1041 3679 Postea,
1075 3628 1245 3666 canon
1277 3617 1343 3667 48
1382 3615 1508 3669 Cod.
1569 3615 1751 3680 Afric.

118 3698 292 3752 centinet
331 3716 551 3755 causam
594 3702 876 3755 Cresconii
927 3702 1333 3767 Villaregcnsis,
1368 3705 1609 3769 quicum
1645 3704 1753 3757 Tu-

122 3782 293 3840 bieusem
326 3791 627 3843 Ecclesium
664 3791 924 3843 violenter
952 3791 1259 3854 invasisset,
1294 3789 1487 3844 relicta
1522 3792 1754 3844 Vitiare-

122 3874 240 3939 ?fnsi,
283 3880 586 3944 saepiusque
614 3876 925 3930 admonitus
968 3879 1184 3943 fuisset,
1230 3882 1616 3933 contumaciter
1648 3895 1753 3948 pa-

117 3961 609 4018 reredelrectaverat.
639 3966 835 4020 Verum
864 3981 987 4019 cum
1015 3967 1379 4034 eapostulatio
1407 3968 1559 4033 facta
1587 3969 1758 4033 fuerit

118 4045 163 4095 ab
192 4049 430 4105 Honor-ato
463 4057 513 4105 et
569 4052 782 4106 Urbano
822 4054 1171 4107 Mauritania
1218 4055 1500 4119 Sitifensis
1541 4057 1753 4124 legatis,

118 4138 315 4200 amjicere
334 4145 513 4207 posset
546 4142 779 4208 aliquis,
811 4156 902 4195 nec
943 4146 1134 4195 temere
1162 4146 1447 4211 utramque
1463 4146 1758 4212 praefatam

119 4220 349 4278 Ecclesium
392 4228 465 4281 ad
512 4230 712 4282 hancce
744 4230 1141 4283 Mauritaniam
1179 4232 1467 4297 pertinere.
1502 4232 1607 4285 Sed
1633 4247 1752 4286 cum

116 4308 283 4367 Notitia
317 4322 501 4369 auctor
529 4320 593 4369 in
637 4319 970 4371 contrarium
1016 4320 1239 4385 sentiat,
1280 4320 1378 4371 via
1423 4333 1515 4384 ego
1549 4323 1754 4389 possim

119 4399 416 4462 conjecturam
460 4404 727 4471 probare:
777 4407 901 4472 quis
942 4407 1084 4458 enim
1137 4406 1347 4459 Victore
1379 4408 1615 4462 Uticensi
1643 4425 1757 4464 me-

120 4481 193 4536 lius
217 4490 359 4543 situm
378 4492 669 4546 civitatum
698 4493 926 4558 Africa,
964 4493 1430 4561 Ecclesiarumque
1458 4510 1492 4547 a
1525 4498 1639 4549 suis
1672 4513 1757 4551 re-

122 4574 278 4627 ctarum
339 4582 493 4633 sociis
562 4580 877 4635 distinctius
922 4583 1173 4635 noverit?
1227 4584 1406 4647 Quare
1452 4583 1615 4638 donec
1662 4588 1759 4641 lum

122 4659 289 4717 aliunde
338 4668 517 4736 major
580 4669 861 4737 a/fulgeat,
914 4671 1136 4725 Notitia
1165 4670 1551 4724 adharendum
1598 4677 1752 4740 puto.

124 4745 315 4817 Cespitat
351 4754 409 4808 in
448 4756 648 4824 plano,
696 4761 749 4809 et
778 4756 837 4809 in
896 4756 1135 4810 meridie
1165 4757 1424 4825 majorem
1454 4759 1621 4813 lucem
1658 4776 1761 4813 ex-

128 4840 261 4903 optat.
290 4840 399 4896 Sibi
427 4844 599 4914 tingit
628 4844 1024 4898 testimonium
1068 4845 1295 4899 Notitia:
1335 4845 1565 4899 canonis
1607 4847 1763 4901 Afri-

123 4925 217 4975 cani
255 4927 406 4983 dictis
450 4932 763 4986 adversari.
818 4933 883 4986 In
929 4932 1149 5005 Notitia
1179 4932 1462 4987 Numidiae
1496 4934 1763 4989 scribitur

125 5006 319 5068 Donatus
366 5020 791 5087 Villaregensis;
842 5027 897 5076 at
953 5021 1251 5076 Tubiensis
1282 5022 1526 5076 Ecclesia
1545 5022 1762 5077 ibidem

123 5110 209 5151 non
231 5104 501 5160 recitatur.
536 5109 733 5179 Itaque
764 5109 1101 5163 Cresconius
1130 5126 1198 5164 ex
1227 5111 1367 5164 urbe
1390 5110 1764 5182 Villaregensi

127 5182 349 5244 Numidia:
394 5194 463 5246 ad
514 5195 913 5250 Mauritaniam
961 5197 1285 5252 Sitifensem
1314 5199 1623 5268 profectus,
1653 5201 1763 5252 Tu-

126 5269 331 5357 biensem
373 5281 590 5337 ibidem
638 5284 945 5357 Ecclesiam
996 5286 1304 5341 invaserat.
1378 5287 1518 5340 Hinc
1589 5287 1765 5356 legati

129 5356 363 5420 Sitifenses
413 5371 629 5439 petiere
680 5391 709 5426 a
757 5356 973 5443 synodo
1012 5379 1075 5428 ut
1106 5390 1274 5444 agere
1306 5380 1539 5445 possent
1568 5380 1766 5429 contra

131 5446 453 5532 Cresconium.
517 5475 707 5515 coram
759 5468 960 5517 rectore
1020 5466 1355 5532 provincia;
1417 5468 1537 5516 erat
1609 5464 1765 5517 enim

133 5531 411 5598 Mauritania
438 5546 720 5603 Sitifensis
743 5531 1039 5620 provincia
1064 5549 1380 5624 praesidalis
1408 5556 1550 5606 teste
1597 5552 1764 5606 Sexto

1865 522 2206 576 Tubiensem
2259 526 2563 580 Ecclesium
2615 528 2749 582 huic
2788 531 3099 598 provinciae
3136 535 3555 607 ascribendam,

1864 626 1981 664 non
2012 627 2144 665 vero
2176 613 2489 681 Numidiae;
2523 616 2659 670 alias
2689 617 2853 671 istius
2882 620 3190 687 provincia:
3222 624 3395 693 legati
3421 642 3556 679 con-

1864 704 1952 752 tra
2000 700 2360 755 Cresconium
2431 704 2734 769 stetissent,
2796 722 2915 759 non
2980 712 3171 763 autem
3246 711 3553 770 Sitifenses.

1865 788 2099 842 Carolus
2155 806 2189 842 a
2241 790 2295 843 S.
2351 791 2525 844 Paulo
2576 793 2871 847 Tubiensis
2902 796 3262 867 episcopatus
3300 816 3417 854 non
3443 818 3560 856 me-

1864 874 2051 939 minit,
2098 880 2153 929 et
2210 877 2531 931 Holstenius
2560 895 2689 949 pag.
2721 884 2786 934 65
2819 886 2875 935 et
2901 885 2965 935 96
2994 888 3260 939 notarum
3296 887 3367 940 ad
3396 904 3558 942 eum-

1865 962 1993 1017 dem
2048 964 2239 1017 minus
2278 970 2429 1019 recte
2477 983 2607 1021 cum
2652 968 2983 1023 'l‘ubunensi
3003 972 3327 1041 confundit;
3367 977 3558 1030 Tubu-

1863 1066 1954 1104 nae
1978 1052 2132 1105 enim
2160 1058 2323 1106 erant
2349 1054 2411 1107 in
2444 1055 2733 1122 Numidia,
2767 1062 2831 1111 ut
2860 1063 3056 1127 postea
3085 1061 3290 1116 dicam.
3345 1064 3557 1118 Garne-

1862 1140 1986 1193 rius
2019 1142 2171 1211 quod
2243 1142 2575 1197 Cresconius
2644 1144 2841 1199 relicto
2900 1148 3114 1217 oppido
3185 1151 3561 1223 Villaregensi

1862 1230 2204 1283 Tubiensem
2280 1231 2469 1284 sedem
2520 1234 2834 1302 occupavit,
2899 1240 3199 1306 utramque
3272 1241 3557 1296 Numidia:

1864 1318 2066 1371 urbem
2116 1319 2378 1372 asseruit.
2441 1320 2662 1374 Scimus
2711 1338 2775 1375 ex
2821 1322 3070 1389 Socrate,
3121 1325 3453 1397 Sozomeno,
3502 1334 3560 1384 et

1863 1406 2212 1460 Theodoreto
2260 1408 2531 1461 Euzoium
2578 1410 2738 1478 prius
2786 1411 2998 1465 sedisse
3047 1414 3199 1483 apud
3258 1415 3555 1469 Germani-

1865 1494 2008 1547 ciam
2064 1494 2125 1547 in
2182 1497 2552 1565 Euphratensi
2583 1498 2894 1566 provincia,
2930 1500 3060 1553 dein
3119 1502 3559 1557 Antiochensem

1864 1583 2134 1637 thronum
2176 1584 2464 1645 invasisse,
2518 1590 2810 1655 postremo
2862 1589 3558 1660 Constantinopolitanam

1865 1670 2055 1724 sedem
2117 1688 2437 1742 usurpasse.
2502 1673 2777 1727 Eusebius
2827 1679 2966 1728 teste
3046 1678 3262 1745 synodo
3325 1681 3558 1734 Alexan-

1866 1759 2031 1812 drina
2066 1758 2125 1811 in
2170 1760 2439 1829 apologia
2483 1763 2734 1814 secunda
2782 1763 2837 1816 S.
2880 1763 3191 1832 Athanasii,
3234 1766 3422 1835 primo
3456 1769 3560 1821 Be-

1862 1848 1974 1917 ryti
2004 1848 2065 1901 in
2107 1848 2296 1916 prima
2346 1849 2635 1902 Phoenicia
2664 1850 2963 1921 episcopus
2992 1852 3117 1917 fuit,
3150 1852 3282 1908 inde
3312 1855 3371 1908 in
3404 1855 3559 1909 Nico-

1862 1936 2215 1991 mediensem
2264 1938 2325 1990 in
2369 1938 2635 2007 Bithynia
2674 1939 2866 1992 sedem
2918 1956 2974 1994 se
3036 1940 3290 2010 intrusit,
3327 1944 3556 1997 tandem

1862 2024 2086 2079 favente
2145 2025 2473 2080 Constantio
2545 2028 2801 2096 Augusto
2872 2028 3557 2099 Constantinopolitanam

1864 2112 2125 2183 arripuit,
2150 2128 2355 2181 semper
2385 2115 2617 2167 aliorum
2649 2115 2914 2181 civitates,
2946 2119 3111 2172 oculis
3150 2136 3248 2188 per
3292 2122 3559 2175 invidiam

1863 2202 2137 2270 conjectis,
2188 2202 2451 2256 oblimans
2482 2206 2643 2270 atque
2689 2204 2971 2259 arrodens.
3026 2207 3193 2260 Juxta
3240 2208 3559 2263 illationem

1864 2289 2121 2343 Garnerii
2150 2290 2211 2343 in
2238 2291 2437 2345 eadem
2470 2291 2763 2360 provincia
2793 2298 2964 2347 erunt
2993 2302 3328 2350 memoratae
3366 2298 3558 2365 urbes,

1863 2394 1994 2430 cum
2032 2383 2225 2432 tamen
2274 2379 2795 2450 Constantinopolis
2854 2382 3029 2436 fuerit
3058 2383 3115 2436 in
3158 2386 3401 2455 Europa,
3432 2385 3558 2438 alia.

1861 2482 1996 2543 vero
2040 2467 2100 2520 in
2151 2467 2319 2520 variis
2367 2484 2430 2521 ac
2477 2468 2575 2523 abs
2621 2485 2678 2521 se
2719 2469 2963 2524 invicem
2991 2472 3228 2531 remotis
3256 2474 3406 2527 Asia
3430 2490 3559 2543 pro-

1863 2554 2081 2608 vinciis.
2140 2556 2302 2609 Forte
2353 2572 2467 2626 quo
2515 2572 2778 2611 erronem
2812 2557 2985 2612 istum
3032 2560 3401 2615 Cresconium
3431 2562 3557 2615 lon-

1862 2643 2037 2712 gioris
2066 2643 2291 2696 itineris
2323 2644 2579 2697 molestia
2608 2645 2892 2713 liberaret,
2922 2652 3230 2718 utrumque
3282 2650 3559 2720 oppidum

1861 2731 2244 2800 Villaregense
2273 2735 2329 2785 et
2366 2732 2644 2785 Tubiense
2678 2732 2738 2785 in
2786 2736 2983 2788 eadem
3012 2736 3301 2805 provincia
3344 2739 3559 2807 posuit,

1861 2823 1927 2872 ut
1957 2819 2290 2873 Cresconius
2321 2819 2390 2873 de
2421 2836 2537 2873 uno
2567 2820 2637 2874 ad
2663 2821 2903 2875 alterum
2936 2823 3097 2876 facile
3119 2825 3447 2880 transiliret.

1931 2909 2236 2960 ASIATICUS.
2277 2909 2507 2961 Incerta
2557 2908 2717 2974 sedis,
2776 2912 3223 2977 quemadmodum
3282 2919 3333 2967 et
3392 2914 3559 2967 RUFI-

1862 3011 2078 3050 NIANUS.
2131 2995 2332 3049 Nullus
2396 2994 2488 3049 hic
2526 2997 2802 3051 censoria
2844 2999 3158 3053 severitatis
3208 3006 3356 3055 nota)
3403 3002 3561 3055 locus

1861 3087 1962 3137 est.
1993 3083 2189 3137 Melius
2213 3082 2295 3136 illi
2326 3084 2777 3153 vertitignorare
2808 3103 2979 3156 quam
3013 3088 3235 3142 docere.

1934 3173 2237 3225 FAL‘STINUS
2290 3172 2637 3227 SILLITENSIS.
2693 3177 2776 3229 Ita
2817 3176 2875 3228 in
2906 3177 3232 3240 collatione;
3271 3180 3334 3245 ﬁt
3381 3182 3560 3232 autem

1860 3263 1919 3313 in
1955 3263 2163 3317 Notitia
2194 3264 2565 3331 episcoporum
2594 3264 2864 3319 Numidia
2891 3267 3089 3319 mentio
3120 3267 3354 3319 Maximi
3400 3266 3559 3321 Silli-

1863 3350 1998 3403 tani.
2035 3350 2307 3419 Exspecta
2336 3365 2665 3420 parumper,
2697 3356 2753 3404 et
2801 3351 3044 3405 alterum
3089 3352 3421 3405 Faustinum
3463 3352 3561 3406 Sil-

1862 3435 2101 3489 litanam
2124 3437 2451 3490 cathedram
2484 3454 2598 3490 una
2629 3438 2799 3491 simul
2836 3439 3131 3493 sedentem
3167 3439 3398 3507 audies;
3446 3441 3563 3494 ima

1863 3523 2095 3577 tertium
2128 3524 2463 3578 Faustinum
2495 3525 2922 3595 supposititium
2947 3526 3007 3581 in
3038 3527 3144 3581 hac
3172 3528 3406 3597 synodo,
3430 3529 3563 3583 Gar-

1863 3612 2023 3665 nerio
2054 3617 2305 3679 auctore,
2328 3613 2560 3666 videbis.

1933 3698 2233 3753 SERVUSDEI
2265 3701 2554 3755 ltunENsrs.
2602 3705 2687 3756 Ita
2712 3704 2771 3757 in
2810 3705 3108 3770 collatione,
3139 3706 3250 3759 nisi
3281 3705 3426 3773 quod
3454 3706 3563 3759 ad-

1864 3788 2015 3841 ditur
2044 3790 2453 3844 Tubursicensis
2484 3790 2668 3845 Bura.
2711 3793 2912 3845 Verum
2946 3795 3005 3846 in
3038 3795 3249 3849 Notitia
3288 3792 3560 3862 episcopo-

1863 3893 1985 3931 rum
2033 3879 2303 3933 Numidia
2343 3879 2546 3932 dicitur
2583 3881 2901 3948 simpliciter
2952 3881 3205 3934 Leontius
3274 3880 3559 3935 Burensis.

1866 3966 1988 4019 Non
2020 3982 2134 4019 uno
2165 3966 2301 4020 vitio
2328 3968 2552 4021 laborat
2580 3968 2687 4021 hoc
2736 3968 3011 4021 scholion.
3062 3974 3362 4038 Agnomen
3406 3968 3560 4021 urbis

1865 4069 1970 4122 pro
2007 4054 2261 4123 ejusdem
2290 4054 2529 4107 nomine
2562 4055 2833 4109 obtrudit.
2870 4056 3010 4108 Cum
3042 4055 3248 4124 duplex
3282 4060 3427 4109 esset
3458 4057 3564 4109 Tu-

1866 4142 2124 4195 bursicus
2180 4141 2240 4194 in
2288 4142 2496 4208 Africa,
2552 4159 2666 4195 una
2724 4142 2871 4197 dicta
2904 4148 2988 4197 est
3017 4144 3357 4197 Tubursicus
3384 4146 3559 4211 Bura,

1868 4231 2045 4283 altera
2091 4230 2492 4287 Numidiarum.
2540 4232 2702 4284 Patet
2731 4246 2797 4283 ex
2831 4230 3156 4299 collatione,
3187 4231 3246 4285 in
3287 4248 3401 4301 qua
3436 4248 3559 4301 cap.

1872 4321 1961 4371 l2l
2002 4316 2269 4371 laudatur
2298 4318 2591 4373 Servusdei
2619 4320 2897 4387 episcopus
2934 4319 3106 4387 plebis
3158 4320 3565 4373 Tubursicensis

1874 4408 2044 4464 Bura,
2084 4408 2281 4459 contra
2332 4421 2504 4475 quem
2568 4406 2819 4458 Donatus
2862 4405 3162 4458 haereticus
3210 4405 3412 4473 stabat,
3466 4405 3566 4476 qui

1869 4510 1994 4563 cap.
2022 4495 2126 4548 206
2157 4492 2365 4546 dicitur
2392 4494 2641 4547 Donatus
2676 4494 3101 4559 Tubursioensis,
3129 4510 3313 4565 neque
3336 4495 3567 4549 additur

1871 4584 2045 4647 Bura,
2101 4581 2253 4635 unde
2304 4586 2526 4635 constat
2575 4582 2906 4635 Servumdei
2950 4598 3068 4635 non
3111 4598 3230 4636 esse
3260 4582 3566 4637 dicendum

1873 4671 2203 4735 Burensem,
2235 4670 2329 4723 sed
2363 4669 2837 4723 Tubursicensem
2864 4688 2877 4736 ;
2910 4687 2942 4722 a
2972 4671 3209 4725 nomine
3241 4672 3415 4732 enim,
3448 4687 3568 4724 non

1871 4760 1943 4813 ab
1977 4758 2283 4829 agnomina
2316 4757 2473 4810 urbis
2503 4757 2877 4827 appellandus
2905 4763 2988 4812 est
3018 4774 3029 4811 :
3065 4759 3175 4813 hoc
3196 4759 3351 4813 enim
3395 4760 3567 4828 hujus

1871 4845 2218 4901 Tubursicus
2268 4845 2338 4898 ab
2396 4845 2574 4897 altera
2621 4843 2781 4897 istius
2826 4844 3077 4897 nominis
3107 4845 3249 4899 urbe
3281 4845 3568 4898 distinctio

1874 4937 2103 4988 tantum
2134 4933 2506 5004 significatur.
2543 4933 2628 4985 Ita
2656 4930 2898 4985 dicimus
2940 4934 3307 5002 Ultrajectum
3359 4932 3565 4999 Rheni,

1875 5026 1937 5076 ut
1964 5021 2073 5075 hoc
2105 5021 2383 5091 oppidum
2422 5022 2491 5074 ab
2520 5020 2827 5090 Ultrajecto
2849 5020 2918 5074 ad
2950 5021 3162 5074 Mosam
3184 5036 3567 5087 secernamus,

1875 5114 1932 5164 et
1963 5125 2268 5181 perperam
2299 5109 2426 5180 quis
2474 5108 2643 5178 hujus
2681 5108 2922 5162 civitatis
2970 5108 3300 5178 episcopum
3347 5114 3572 5163 vocaret

1874 5201 2183 5254 Mosensem.
2234 5200 2425 5251 Altera
2464 5196 2808 5251 Tubursicus
2831 5197 3123 5251 dicebatur
3158 5197 3568 5267 Numidiarum,

1878 5287 1955 5340 ita
2001 5286 2061 5339 in
2121 5285 2317 5339 eadem
2366 5285 2667 5338 collatione
2720 5301 2842 5353 cap.
2901 5288 2995 5337 20l
3051 5283 3203 5337 inter
3250 5286 3570 5339 Donatistae

1876 5374 2209 5428 nominatur
2235 5375 2532 5427 Januarius
2562 5373 2627 5426 de
2678 5374 2977 5426 Tubursicu
3025 5373 3432 5442 Numidiarum,
3477 5375 3570 5428 cui

1879 5462 2279 5517 adversabatur
2317 5462 2531 5515 ibidem
2564 5460 2911 5516 Maurentius
2968 5462 3278 5516 catholicus
3326 5480 3388 5516 ex
3438 5479 3563 5533 cap.

1883 5552 2002 5619 143,
2035 5550 2134 5604 ubi
2165 5551 2487 5620 appellatur
2534 5552 2812 5618 episcopus
2858 5551 3107 5605 Ecclesia
3148 5551 3571 5616 Tubursicensis,
