3922 6188
436 294 460 307 ο

337 314 438 381 30‘3

1347 316 1899 372 SUPPLEMENTUM
1941 316 2033 370 AD
2069 314 2301 370 OPEBA
2338 315 2393 368 S.
2437 312 2819 368 AUGUSTINI.

3688 320 3772 374 30i

338 449 654 517 Utrumque
686 444 962 515 oppidum
1006 441 1261 496 confudit
1307 438 1627 493 Holstenius
1674 455 1804 508 pag.
1847 442 1934 499 55,
1971 442 2027 490 et
2066 437 2108 491 Α
2141 437 2484 507 collegarum
2529 452 2659 490 cum
2718 434 2827 506 ipsi
2869 451 3003 505 erga
3058 436 3327 491 Romanae
3381 437 3622 492 Ecclesiae
3666 441 3774 511 jura

336 536 509 590 unius
561 537 787 588 tantum
840 528 1106 585 meminit
1147 528 1381 582 Carolus
1423 542 1457 579 a
1505 526 1560 580 S.
1598 526 1790 579 Paulo.
1827 526 1901 579 Ex
1942 525 2029 578 his

337 624 513 680 etiam
563 622 825 685 infertur,
870 616 1269 681 Tubursicum,
1320 614 1418 668 ubi
1446 614 1677 668 sedebat
1707 612 2028 679 Servusdei,

339 728 457 765 non
494 715 644 763 recte
679 706 850 761 statui
869 706 928 759 in
960 704 1245 769 Numidia,
1278 719 1408 757 cum
1435 703 1506 756 ad
1564 701 2026 772 distinguendam

337 801 575 854 alteram
611 794 982 851 Tubursicum
1035 810 1069 846 a
1105 791 1421 846 Tubursicu
1471 791 1654 856 Burae,
1688 790 1786 843 illa
1814 789 2028 844 dicere-

336 896 433 943 tur
465 887 790 941 Tubursicus
819 882 1227 939 Numidiarum.
1278 882 1506 934 Poterat
1551 877 1857 933 Garnerius
1899 877 2029 931 Ser-

339 973 566 1029 vumdei
623 988 691 1025 ex
739 970 1059 1041 Augustino
1097 968 1197 1022 lib.
1250 985 1308 1021 in
1367 970 1564 1021 contra
1637 966 2024 1029 Cresconium,

337 1079 464 1133 cap.
502 1064 592 1129 43,
636 1058 844 1114 eximie
890 1057 1315 1120 commendare,
1369 1055 1530 1125 cujus
1561 1054 1735 1109 verba
1783 1054 1874 1107 hic
1906 1055 2026 1107 lau-

336 1150 524 1205 danda
574 1152 726 1215 sunt,
779 1162 841 1200 ac
876 1160 1148 1214 germana
1188 1143 1356 1197 lectio
1395 1142 1763 1196 restituenda.
1798 1144 2027 1210 Episco-

334 1255 457 1309 pus,
492 1236 700 1308 inquit,
747 1235 1041 1288 catholicus
1088 1248 1123 1284 a
1156 1232 1624 1286 Thubursicubure
1665 1232 1858 1285 Servus
1924 1243 2019 1282 no-

334 1329 495 1392 mine,
523 1339 644 1380 cum
668 1326 920 1377 invasum
948 1336 979 1374 a
1006 1323 1198 1374 vestris
1224 1321 1393 1373 locum
1419 1322 1677 1389 repeteret
1717 1322 1766 1371 et
1812 1318 2025 1370 utrius-

336 1431 439 1484 que
491 1414 675 1482 partis
734 1414 1109 1480 procuratores
1163 1409 1546 1477 proconsulare
1585 1406 2029 1475 praestolarentur

337 1517 578 1567 examen,
625 1504 839 1567 repente
876 1497 983 1551 sibi
1021 1497 1080 1548 in
1117 1494 1313 1563 oppido
1353 1498 1642 1547 memorato
1686 1494 1879 1546 vestris
1928 1507 2028 1544 ar-

336 1593 500 1644 matis
550 1586 899 1650 irruentibus,
953 1586 1050 1637 via:
1091 1584 1247 1636 vivus
1299 1583 1538 1648 aufugit.
1574 1580 1677 1634 Ubi
1719 1579 2027 1648 legendum

337 1694 459 1732 esse
489 1676 824 1730 Thubursicu
856 1672 1021 1725 Bura
1048 1674 1204 1741 patet
1224 1686 1289 1723 ex
1310 1668 1630 1734 collatione,
1652 1668 1807 1721 unde
1836 1668 1891 1721 S.
1919 1670 2028 1720 Au-

336 1765 598 1837 gustinus
621 1762 858 1817 Servum
890 1760 1097 1815 diserte
1127 1762 1422 1827 nuncupat
1456 1757 1914 1825 Tubursicensem,
1972 1762 2029 1810 et

338 1857 589 1908 Donatus
618 1848 920 1905 hazreticus
962 1864 1092 1917 cap.
1140 1849 1239 1901 106
1274 1846 1456 1901 dictus
1481 1849 1568 1899 est
1596 1846 2024 1911 Tubursicensis,

336 1959 449 1997 non
491 1956 624 1994 vero
685 1937 1255 1995 Tubursicuburensis.
1316 1935 1394 1988 Ex
1440 1933 1682 1987 laudatis
1722 1932 2027 2002 Augustini

332 2026 519 2081 verbis
543 2026 767 2080 videtur
798 2023 992 2093 colligi
1030 2024 1178 2077 hanc
1219 2021 1600 2076 Tubursicum
1645 2021 1809 2074 Bura:
1854 2020 2027 2074 fuisse

334 2114 395 2168 in
431 2112 848 2179 Proconsulari,
893 2111 1047 2183 quod
1096 2110 1248 2163 illius
1291 2109 1489 2180 oppidi
1518 2124 1702 2163 causae
1730 2123 2028 2177 proconsu-

336 2204 445 2257 lari
467 2200 685 2273 judicio
712 2199 1148 2270 subjicerentur,
1190 2213 1320 2252 cum
1366 2198 1734 2267 proconsules
1788 2197 2023 2251 Cartha-

336 2292 634 2361 ginensem
691 2287 1065 2360 provinciam,
1119 2286 1448 2341 consulares
1495 2285 1818 2339 Numidiam
1868 2302 2027 2354 rege-

336 2385 505 2446 rent;
560 2380 656 2432 sed
702 2377 865 2431 video
916 2376 1213 2430 inﬁrmum
1264 2390 1329 2428 ac
1374 2374 1545 2444 plane
1595 2373 1878 2426 lubricum
1908 2390 2028 2427 esse

335 2469 441 2523 hoc
472 2470 915 2538 argumentum;
947 2480 1084 2517 nam
1122 2462 1361 2517 Possidii
1387 2468 1442 2515 et
1474 2461 1719 2532 Crispini
1741 2462 1801 2515 in
1829 2462 2028 2515 Numi-

337 2558 430 2612 dia
472 2557 870 2628 episcoporum
910 2569 1137 2608 causam
1188 2552 1452 2622 cognovit
1481 2552 1783 2622 proconsul
1814 2568 1877 2605 ex
1908 2555 2027 2605 Au-

337 2646 566 2718 gustino
597 2645 697 2699 lib.
731 2661 813 2711 1n,
843 2658 968 2711 cap.
1014 2644 1102 2695 48.
1153 2640 1340 2711 operis
1394 2641 1647 2709 ejusdem
1678 2644 1873 2693 contra
1904 2641 2029 2693 Cre-

336 2733 615 2801 sconium,
646 2733 798 2803 quod
860 2731 1031 2784 etiam
1080 2734 1303 2783 constat
1328 2745 1392 2782 ex
1425 2728 1680 2798 epistolis
1717 2729 1813 2783 127
1845 2732 1901 2781 et
1929 2731 2027 2782 128

334 2820 407 2875 ad
433 2822 715 2874 Donatum
761 2818 1159 2888 proconsulem
1203 2815 1424 2870 Africae.
1460 2817 1835 2869 Proconsules
1867 2816 2021 2869 enim

334 2908 689 2977 amplissima
724 2910 997 2976 potestate
1046 2904 1108 2957 in
1156 2904 1426 2958 omnibus
1466 2903 1662 2958 Africa:
1700 2898 2024 2974 provinciis,

2067 1723 2109 1777 Β

2136 524 2652 595 obsequentissimi,
2701 525 2900 595 procul
2947 529 3151 583 essent,
3187 524 3314 578 ideo
3341 525 3411 578 ad
3434 541 3556 580 eum
3585 528 3774 598 episco-

2136 629 2343 683 porum
2373 616 2717 666 conventum
2751 628 2809 666 se
2835 613 3091 666 conferre
3121 618 3466 667 recusarunt.

2207 701 2543 755 Caascomus
2582 717 2649 754 ne
2688 717 2947 754 CASTELLO
2995 702 3311 755 TITULIANO.
3352 702 3564 768 Legitur
3605 704 3656 755 in
3686 705 3777 757 col-

2136 791 2336 844 latione
2367 790 2547 860 plebis
2574 789 2781 854 Tituli;
2830 790 2926 843 sed
2952 791 3152 844 notitia
3194 793 3434 844 meminit
3468 792 3705 845 Victorini
3727 793 3779 845 de

2134 880 2351 933 castello
2404 880 2679 933 Tituliano
2734 880 2973 947 episcopi
3011 878 3298 933 Numidiae.
3330 880 3555 932 Postea:
3585 880 3776 933 Manen-

2134 969 2264 1023 dum
2294 984 2459 1037 porro
2521 983 2683 1034 nunc,
2740 969 2995 1035 quoniam
3045 968 3284 1031 memini,
3337 966 3649 1020 vehementer
3692 982 3780 1021 esse

2129 1057 2412 1127 probabile
2468 1058 2735 1112 Notitiam
2780 1058 3168 1125 episcoporum,
3222 1070 3333 1123 qua
3393 1061 3503 1109 tam
3554 1070 3677 1124 saepe
3720 1057 3781 1124 (at

2136 1161 2310 1215 quam
2336 1143 2703 1213 infeliciter!)
2741 1146 2831 1198 usi
2858 1159 3061 1210 sumus,
3091 1146 3353 1211 scriptam
3380 1145 3546 1209 fuisse
3574 1143 3634 1196 ab
3669 1145 3781 1212 ipso-

2133 1238 2239 1286 met
2291 1235 2501 1286 Victore
2542 1234 2797 1295 Uticensi,
2849 1234 2946 1300 qui
2988 1236 3096 1285 tres
3144 1231 3308 1285 libros
3356 1230 3420 1284 de
3465 1233 3781 1285 Persecutione

2140 1321 2445 1375 Vandalica
2502 1323 2819 1389 composuit,
2863 1325 2971 1373 etc.
3019 1321 3201 1388 Atque
3255 1320 3379 1373 hinc
3417 1321 3631 1388 quisque
3674 1322 3782 1373 satis

2132 1412 2428 1477 perspiciat
2477 1413 2765 1476 utrumque
2819 1422 2952 1477 opus
2994 1407 3443 1477 conjungendum,
3505 1409 3552 1460 si
3605 1408 3782 1475 quando

2146 1498 2379 1551 Victoris
2402 1498 2633 1551 historia
2662 1496 2875 1563 edatur,
2904 1501 3165 1564 tanquam
3190 1497 3422 1549 alterum
3450 1495 3659 1549 alterius
3686 1510 3783 1564 sup-

2133 1586 2456 1653 plementum
2498 1590 2549 1639 et
2596 1586 2791 1639 lumen.
2847 1583 3060 1639 Passim
3134 1582 3363 1637 labitur.
3431 1582 3686 1636 Scribitur
3739 1583 3783 1636 in

2139 1672 2441 1727 collatione
2472 1690 2595 1744 cap.
2626 1675 2721 1727 125
2752 1674 3063 1729 Cresconius
3108 1674 3390 1741 episcOpus
3429 1670 3593 1740 plebis
3631 1672 3781 1735 Tituli,

2138 1765 2336 1815 contra
2383 1778 2556 1832 quem
2612 1760 2800 1815 Victor
2830 1760 3125 1815 Donatista
3160 1759 3368 1827 stabat,
3398 1758 3495 1830 qui
3519 1758 3684 1829 capite
3704 1762 3784 1811 202

2137 1850 2254 1903 inte
2282 1849 2579 1904 haereticos
2607 1850 2684 1903 ita
2725 1854 3052 1903 recensetur
3085 1864 3099 1902 :
3172 1849 3363 1903 Victor
3406 1850 3668 1916 episcopus
3710 1849 3784 1900 Ti-

2139 1940 2380 1992 tulensis.
2412 1939 2539 1991 Haec
2559 1942 2748 1991 autem
2781 1936 3024 1991 Ecclesia
3051 1936 3378 2005 pertinebat
3410 1935 3479 1990 ad
3522 1950 3783 2006 proconsu-

2138 2025 2302 2089 lares,
2365 2025 2519 2095 quod
2568 2024 2777 2079 diserte
2833 2022 3141 2079 Garnerius
3196 2025 3424 2093 poterat
3485 2021 3683 2075 discere
3734 2037 3783 2073 ex

2140 2113 2349 2168 Notitia
2382 2113 2803 2184 episcoporum,
2837 2129 2954 2183 qua
2980 2128 3039 2165 se
3070 2116 3186 2165 tam
3219 2127 3361 2181 saepe
3388 2126 3542 2165 usum
3593 2113 3787 2164 testatur

2138 2201 2235 2255 sed
2263 2201 2513 2272 profecto
2539 2200 2644 2254 hac
2664 2201 2785 2254 vice
2815 2216 2953 2254 usus
2974 2215 3090 2253 non
3113 2205 3237 2266 est;
3269 2214 3405 2253 nam
3436 2199 3637 2253 ibidem
3670 2199 3787 2250 inter

2136 2290 2571 2358 proconsulares
2633 2289 2864 2359 legisset
2918 2290 3285 2345 Cresciturum
3350 2290 3702 2341 Titulitanum.
3734 2288 3787 2337 At

2137 2376 2233 2431 ille
2282 2382 2345 2431 ut
2392 2377 2759 2432 Cresconium
2804 2377 2865 2430 in
2919 2376 3190 2431 Numidia
3242 2376 3570 2446 episcopum
3633 2373 3784 2434 faciat,

2138 2466 2402 2519 eumdem
2432 2482 2497 2518 ex
2531 2466 2745 2535 oppido
2773 2465 3082 2520 Titulitano
3105 2465 3163 2519 in
3184 2466 3463 2519 castellum
3504 2463 3785 2517 Titulianum

2137 2554 2249 2607 cito
2278 2554 2445 2607 citius
2474 2555 2664 2607 volare
2690 2556 2877 2624 jubet.
2919 2554 3080 2618 Quod
3108 2553 3288 2616 addit,
3324 2552 3578 2607 notitiam
3615 2551 3787 2619 episco-

2138 2658 2341 2712 porum
2383 2642 2583 2696 Africae
2628 2642 2989 2696 inserendam
3038 2641 3294 2695 historias
3344 2640 3575 2694 Victoris
3605 2639 3665 2692 de
3684 2639 3787 2691 Per-

2139 2729 2431 2783 secutione
2460 2729 2781 2796 Vandalica,
2807 2736 2969 2798 atque
2998 2735 3294 2797 utrumque
3341 2744 3473 2799 opus
3501 2728 3785 2796 conjunger-

2138 2819 2285 2883 dum,
2318 2822 2367 2872 si
2397 2819 2614 2887 quando
2662 2821 2895 2874 Victoris
2938 2820 3168 2873 historia
3197 2819 3414 2881 edatur,
3448 2817 3540 2872 vix
3569 2816 3675 2870 sine
3698 2814 3783 2866 risu

2138 2907 2320 2976 leges;
2362 2906 2536 2960 habes
2581 2906 2737 2961 enim
2775 2907 2836 2960 in
2875 2907 3100 2977 insigne
3146 2912 3249 2961 tua
3290 2906 3629 2961 bibliotheca
3650 2902 3787 2957 histo-

332 3000 565 3066 excepta
593 2993 926 3049 Mauritania
956 2992 1282 3061 Tingitana,
1309 2992 1635 3045 utebantur.
1685 2992 2028 3046 Tubursicus
2058 3005 2098 3064 ς,
2137 2994 2281 3048 riam
2339 2995 2583 3051 Victoris
2631 2996 2843 3049 editam
2886 3011 2919 3049 a
2953 2997 3119 3049 Petro
3142 2995 3453 3059 Chiftletio,
3478 3008 3639 3063 quem
3664 2991 3781 3043 inter

333 3082 615 3138 Numidiae
636 3086 757 3136 erat
783 3082 842 3135 in
874 3080 1077 3134 itinere
1107 3080 1364 3149 Hippone
1385 3079 1594 3132 Cirtam
1611 3095 1674 3132 ex
1704 3078 2024 3150 Augustino

332 3170 500 3240 epist.
536 3172 653 3223 163.
718 3169 975 3239 Denique
1019 3172 1181 3221 notes
1222 3167 1392 3219 velim
1439 3166 1697 3220 Garnerii
1768 3171 2025 3234 technas,

333 3258 466 3311 nolo
498 3257 653 3311 enim
710 3255 897 3309 dicere
947 3253 1249 3322 malitiam,
1300 3259 1398 3307 aut
1423 3254 1730 3317 vafritiem,
1755 3270 1788 3306 a
1817 3254 2027 3322 quibus

333 3346 502 3415 longe
534 3360 654 3398 esse
698 3344 885 3397 virum
933 3343 1113 3412 probe
1161 3341 1315 3409 scio;
1357 3342 1474 3408 ille,
1525 3346 1591 3394 ut
1620 3342 1757 3394 citra
1788 3342 2027 3395 dubium

334 3433 571 3487 Servum
603 3448 703 3486 seu
741 3430 1077 3485 Servumdei
1125 3445 1255 3483 cum
1303 3445 1406 3482 sua
1446 3428 1544 3481 illa
1594 3429 1830 3482 Burensi
1864 3429 2023 3488 urbe.

333 3536 463 3590 quae
491 3519 651 3572 nulla
679 3518 906 3587 uspiam
936 3517 1063 3583 fuit,
1098 3515 1156 3568 in
1184 3515 1512 3569 Numidiam
1544 3517 1813 3580 traheret,
1841 3517 2030 3586 appel-

333 3608 471 3661 lavit
497 3605 768 3660 Notitiam
807 3604 1030 3671 Africze,
1055 3604 1309 3657 scribens
1339 3604 1400 3657 in
1428 3620 1495 3657 ea
1538 3605 1649 3658 dici
1677 3607 2024 3673 simpliciter:

332 3697 586 3750 Leontius
626 3697 904 3759 Burensis,
946 3709 1074 3747 cum
1123 3697 1317 3746 tamen
1350 3709 1468 3745 non
1501 3692 1579 3745 ita
1612 3694 1861 3761 legatur;
1894 3709 2029 3746 nam

333 3785 654 3852 simpliciter
700 3782 913 3837 ibidem
957 3780 1262 3835 scribitur:
1325 3783 1571 3835 Leontius
1611 3784 1913 3835 Burcensis.
1948 3782 2030 3834 Ita

336 3890 401 3925 ex
435 3874 611 3926 Burca
645 3873 852 3925 Buram
892 3885 1097 3923 novam
1131 3869 1188 3922 in
1218 3869 1484 3923 Numidia
1527 3870 1723 3923 urbem
1756 3870 2025 3923 obtruxit.

338 3960 530 4015 Burita
556 3960 664 4015 fuit
694 3959 977 4015 Numidiae
1006 3958 1164 4023 urbs,
1192 3963 1254 4011 ut
1274 3958 1510 4011 inferius
1539 3958 1775 4024 patebit.

402 4051 710 4103 TERENTIUS
774 4048 1247 4102 Semnorasansrs.
1323 4046 1410 4099 Ita
1468 4047 1527 4097 in
1585 4045 1879 4098 collatione.
1948 4046 2031 4097 Fit

334 4142 511 4191 autem
550 4139 608 4190 in
649 4138 855 4192 Notitia
910 4137 1277 4203 episcoporum
1317 4134 1590 4189 Numidia:
1621 4136 1816 4187 mentio
1847 4133 2029 4200 Proﬁ-

333 4228 404 4278 cii
432 4226 874 4281 Seleucianensis.
907 4225 1137 4277 Poterat
1185 4222 1517 4275 Terentium
1576 4225 1633 4274 et
1669 4220 2026 4285 Servumdei,

335 4330 506 4383 quem
537 4313 796 4382 proxime
828 4310 1222 4365 nominaverat
1243 4310 1475 4363 laudare
1502 4325 1570 4361 ex
1611 4308 1889 4378 synodicis
1930 4309 2024 4362 lit-
2064 4289 2109 4344 Β

334 4401 468 4454 teris
501 4400 774 4455 Africanae
800 4398 1003 4468 synodi
1034 4398 1103 4451 ad
1135 4397 1503 4451 Caelestinum
1533 4412 1760 4466 papam,
1790 4397 1850 4450 in
1890 4413 2029 4466 qua-

335 4504 462 4542 rum
504 4487 874 4557 inscriptione
937 4487 1307 4538 nominantur
1362 4485 1616 4538 Aurelius
1689 4485 2027 4550 Valentinus,

335 4577 630 4640 Antonius,
695 4576 882 4633 Tutus.
944 4572 1248 4640 Servusdei,
1322 4574 1624 4640 Terentius,
1678 4574 2025 4639 Fortunatus,

336 4670 440 4719 etc.
489 4665 571 4717 Ita
624 4662 682 4716 in
724 4666 967 4732 utraque
1016 4661 1231 4731 synodo
1278 4660 1583 4716 Servusdei
1631 4665 1686 4715 et
1731 4662 2028 4715 Terentius

335 4758 608 4824 tanquam
661 4752 859 4806 eodem
908 4752 1025 4804 fere
1072 4755 1328 4820 tempore
1377 4750 1711 4815 consecrati,
1770 4749 2028 4818 proxime

335 4842 624 4896 sedebant.
665 4841 738 4894 Ex
777 4839 882 4892 hac
921 4854 1052 4891 vero
1092 4839 1403 4909 epigraphe
1445 4838 1707 4902 deducas,
1753 4838 2027 4891 maximos

335 4932 460 4985 illos
484 4928 914 4999 Augustinianse
944 4932 1153 4981 nostra:
1170 4926 1356 4997 gentis
1386 4928 1612 4992 heroas,
1643 4926 2027 4996 Augustinum

334 5018 605 5088 Alipium,
651 5018 945 5083 Severum,
991 5032 1053 5069 ac
1085 5015 1427 5079 Possidium,
1481 5031 1597 5069 non
1634 5013 1806 5068 fuisse
1856 5014 1913 5068 in
1962 5029 2028 5067 eo

333 5107 594 5161 Africano
623 5106 892 5170 concilio;
919 5121 1051 5158 nam
1078 5109 1207 5157 ante
1236 5102 1571 5157 Servumdei
1602 5108 1659 5157 et
1692 5103 2026 5156 Terentium

334 5191 591 5261 inscripti
620 5194 972 5261 legerentur,
1006 5188 1489 5261 quemadmodum
1520 5193 1814 5257 ponuntur
1861 5189 1920 5242 in
1949 5190 2028 5242 ti-

336 5280 455 5334 tulo
485 5280 741 5349 epistolae
770 5279 943 5333 tantis
973 5278 1123 5332 notis
1152 5293 1185 5331 a
1213 5278 1486 5331 Garnerio
1508 5277 1807 5330 illustrataz
1834 5294 1846 5341 ;
1872 5278 2025 5347 quod

336 5383 541 5437 nempe
570 5367 959 5437 intelligerent
988 5383 1055 5420 eo
1085 5366 1144 5420 in
1172 5364 1412 5419 concilio
1434 5379 1499 5417 ex
1550 5364 1814 5417 universa
1844 5364 2029 5419 Africa

334 5460 523 5509 coacto
546 5455 813 5508 adversus
846 5456 1127 5511 Romanas
1166 5451 1576 5523 appellationes
1609 5452 1879 5505 acerrime
1914 5452 2025 5506 dis-

333 5542 653 5615 putandum
703 5546 761 5596 et
827 5542 1249 5597 decernendum
1295 5555 1435 5606 esse,
1491 5556 1526 5594 a
1578 5556 1691 5611 qua
1747 5542 2028 5596 sententia

2136 3081 2559 3134 eruditissimos
2622 3081 2904 3135 societatis
2959 3083 3091 3135 Jesu
3138 3080 3448 3150 scriptores
3487 3083 3609 3149 post
3655 3078 3784 3130 Peta-

2135 3169 2293 3223 vium
2338 3185 2402 3223 ac
2443 3169 2813 3224 Sirmondum
2861 3168 3096 3223 laudare
3135 3169 3313 3233 soleo,
3361 3168 3422 3221 in
3481 3166 3633 3235 cujus
3672 3163 3787 3217 libro

2136 3262 2340 3327 quarto
2391 3262 2705 3311 memorata
2749 3257 2952 3311 Africae
3001 3256 3214 3311 Notitia
3268 3256 3501 3327 legitur.
3549 3252 3648 3317 Qui
3683 3264 3787 3304 sane

2134 3344 2220 3396 vir
2249 3344 2614 3398 doctissimus
2645 3345 2902 3399 Garnerii
2933 3350 3065 3397 vota
3094 3359 3211 3397 non
3238 3344 3414 3397 modo
3438 3342 3643 3414 jamdiu
3671 3353 3786 3408 pra!-

2136 3432 2310 3499 venit,
2356 3448 2558 3486 verum
2600 3432 2773 3486 etiam
2821 3432 3148 3503 superavit;
3180 3447 3313 3485 cum
3362 3432 3624 3486 Notitiam
3665 3426 3785 3479 illam

2138 3536 2251 3573 non
2292 3521 2524 3590 quidem
2573 3524 2847 3591 tanquam
2901 3519 3278 3591 appendicem
3314 3518 3566 3573 historia:
3597 3511 3786 3567 Victoris

2136 3613 2389 3662 assutam
2418 3609 2680 3674 voluerit,
2716 3609 2867 3679 quod
2897 3626 2955 3662 se
2979 3608 3304 3662 desiderare
3338 3606 3631 3662 Garnerius
3664 3599 3784 3663 dicit,

2137 3695 2231 3748 sed
2264 3695 2457 3748 medio
2492 3711 2727 3765 prorsus
2764 3696 2927 3765 operi
2965 3696 3291 3751 inseruerit.
3333 3697 3554 3750 Editum
3583 3695 3656 3746 est
3677 3686 3785 3743 illud

2137 3784 2406 3837 volumen
2438 3799 2470 3836 a
2513 3783 2799 3837 Chiftletio
2850 3784 3084 3837 Divione
3128 3801 3278 3838 anno
3337 3787 3488 3838 1664.
3523 3781 3651 3837 Hinc
3673 3778 3784 3831 forte

2137 3871 2364 3940 putabis
2399 3871 2737 3925 Garnerium
2771 3871 2879 3926 hoc
2900 3873 3168 3942 praesenti
3199 3890 3354 3927 anno
3391 3875 3544 3939 1673,
3565 3885 3666 3940 quo
3702 3865 3784 3918 hla-

2137 3959 2287 4011 rium
2328 3960 2700 4013 Mercatorem
2744 3960 2894 4013 notis
2942 3960 3289 4013 illustratum
3318 3957 3636 4031 publicavit,
3665 3949 3786 4008 Chii-

2138 4046 2280 4099 tletii
2311 4062 2472 4117 opus,
2507 4048 2663 4117 quod
2698 4047 2760 4100 in
2786 4065 2884 4101 ore
2914 4048 3081 4102 fama).
3108 4052 3390 4113 versatur,
3429 4053 3592 4116 atque
3638 4035 3785 4095 erudi-

2138 4139 2329 4189 torum
2374 4136 2633 4189 omnium
2671 4136 2936 4189 manibus
2983 4136 3208 4200 teritur,
3252 4137 3486 4205 penitus
3517 4134 3783 4204 ignorasse.

2139 4224 2346 4275 Verum
2386 4224 2433 4275 si
2491 4224 2566 4276 ita
2611 4223 2847 4291 judices,
2902 4239 3053 4292 aegre
3086 4222 3143 4275 in
3177 4228 3333 4276 tuam
3364 4219 3682 4276 sententiam
3709 4213 3783 4267 de-

2139 4310 2437 4375 scendam;
2469 4311 2598 4363 nolo
2630 4311 2783 4364 enim
2808 4316 2927 4365 tam
2960 4312 3226 4381 supinam
3280 4304 3694 4366 celebratissimi
3718 4315 3786 4352 vo-

2140 4398 2373 4451 luminis
2402 4398 2785 4468 ignorantiam
2807 4400 3029 4453 homini
3056 4399 3333 4454 at’fricare.
3359 4399 3613 4452 Arbitror
3629 4395 3781 4447 autem

2139 4485 2474 4539 Garnerium
2516 4487 2637 4556 jam
2680 4492 2810 4541 ante
2883 4488 3233 4542 novennium
3295 4488 3463 4541 hasce
3544 4496 3702 4537 nonas
3739 4476 3781 4527 in

2139 4579 2439 4645 utramque
2470 4575 2824 4645 epigraplien
2846 4576 3154 4630 adornasse
3177 4594 3190 4643 ;
3215 4575 3410 4630 scribit
3434 4574 3582 4628 enim
3600 4586 3651 4623 se
3672 4577 3783 4635 opus

2139 4662 2562 4725 difﬁcillimum,
2589 4664 2733 4733 quod
2750 4665 3005 4719 hactenus
3027 4669 3254 4719 tentavit
3284 4679 3434 4718 nemo
3469 4667 3782 4732 aggressum;

2136 4750 2229 4803 sed
2280 4766 2386 4804 non
2439 4753 2554 4805 sine
2605 4767 2737 4805 cura
2779 4758 2830 4806 et
2876 4753 3076 4807 labore.
3128 4754 3192 4807 Et
3238 4753 3475 4823 quidem
3520 4746 3715 4803 dissert.
3742 4741 3780 4799 5.

2136 4855 2266 4908 pag.
2319 4844 2442 4899 319.
2490 4844 2728 4894 testatur
2778 4857 2835 4894 se
2881 4847 3013 4896 ante
3063 4843 3207 4896 duos
3229 4847 3285 4894 et
3313 4839 3515 4911 viginti
3543 4847 3701 4892 annos
3729 4823 3780 4879 ad

2138 4927 2504 4997 Pelagianam
2537 4928 2844 4982 Historiam
2885 4929 3311 4983 commentariis
3353 4921 3781 4982 illustrandam.a

2136 5016 2439 5071 Sirmondo
2470 5017 2866 5071 vetustissimis
2892 5018 3116 5071 schedis
3146 5014 3573 5071 communicatis
3603 5006 3780 5063 anima-

2137 5110 2281 5158 tum.
2316 5104 2458 5157 llinc
2489 5104 2747 5173 ejusdem
2776 5105 3078 5158 consilium
3107 5106 3297 5172 laudo,
3327 5104 3426 5175 qui
3450 5104 3600 5172 juxta
3634 5095 3780 5165 p08“?

2138 5193 2205 5245 de
2241 5192 2449 5261 scripto
2479 5191 2827 5260 publicando
2856 5193 3166 5257 monitum,
3210 5204 3508 5260 nonumque
3546 5183 3781 5257 prematur

2138 5280 2194 5332 in
2242 5294 2475 5346 annum,
2532 5295 2661 5331 suas
2702 5284 2867 5333 notas
2914 5281 3086 5349 pleno
3137 5296 3167 5332 a
3215 5274 3555 5334 Chiﬂletiaui
3586 5262 3778 5322 Victoris

2137 5367 2387 5421 editione
2409 5367 2693 5420 novennio
2718 5372 3032 5421 maturatae
3064 5368 3216 5421 haud
3248 5371 3521 5421 maturate
3550 5352 3775 5427 vulgavit.

2137 5456 2297 5520 Quod
2326 5455 2374 5509 si
2403 5471 2471 5509 ex
2500 5455 2701 5510 eodem
2733 5455 2965 5509 Horatio
2986 5455 3177 5510 statim
3205 5470 3469 5525 reponas:

2644 5550 3027 5615 Reprehendite
3047 5550 3189 5616 quod
3216 5565 3324 5601 non
