3922 6188
151 304 234 354 305
912 300 1275 360 VARIORUM
1319 306 1897 368 EXERCITATONES
1937 313 2000 367 IN
2041 315 2098 367 S.
2139 315 2502 370 AUGUSTINI
2545 317 2798 371 OPERA.

244 422 390 489 stulta
423 421 529 489 dies
551 423 603 489 et
631 419 797 489 multa
824 420 982 470 litura
1010 425 1273 489 coercuit,
1298 431 1454 489 atque

247 486 538 533 Praesectum
565 483 733 530 decies
764 496 873 531 non
909 485 1181 547 castigavit
1215 488 1280 536 ad
1313 483 1542 551 unguem

200 600 403 652 Nullam
433 614 534 667 pro
564 597 798 651 homine
828 601 1268 668 responsionem
1315 605 1594 661 adornare
1641 609 1792 672 volo,

135 704 192 740 ne
225 703 279 739 ex
309 701 533 739 censore
566 692 822 755 repente,
857 688 994 741 dum
1048 690 1260 760 nescio,
1294 693 1602 747 advocatus
1631 695 1790 749 tiam.

189 775 518 840 SPERANTIUS,
549 776 652 839 vel,
708 779 766 828 ut
795 781 872 828 est
920 778 978 828 in
1008 778 1307 847 collatione,
1346 780 1621 835 Spsnarcs
1650 785 1792 837 Am-

131 862 485 916 madzerensis.
527 863 757 916 Dubium
788 865 926 917 mihi
950 867 1080 931 fuit,
1114 866 1368 922 debeatne
1387 872 1628 923 Ecclesia
1656 872 1790 925 Am-

127 951 442 1004 madavrensis
491 954 547 1003 in
584 951 845 1006 Numidia
891 956 1112 1019 censeri,
1145 971 1216 1008 an
1243 958 1301 1009 in
1335 961 1624 1024 provincia
1660 961 1786 1012 Pro-

123 1041 379 1104 consulari.
413 1042 662 1106 quamvis
692 1045 892 1094 certum
918 1045 991 1095 sit
1021 1043 1096 1095 ad
1137 1045 1458 1098 alterutram
1498 1049 1785 1113 pertinere,

119 1128 203 1179 etsi
222 1128 272 1178 in
315 1128 557 1180 neutrius
591 1129 801 1183 Notitia
853 1131 1202 1185 inveniatur:
1234 1148 1418 1186 verum
1458 1149 1577 1186 cum
1620 1151 1789 1203 prope

120 1215 241 1266 absit
266 1229 297 1265 a
329 1214 580 1267 Thebestc
611 1217 836 1283 colonia,
872 1222 931 1270 ut
955 1223 1033 1271 est
1062 1219 1213 1286 apud
1233 1223 1606 1285 Antoninum;
1656 1225 1786 1276 The-

116 1301 231 1353 beste
257 1317 390 1366 vero,
421 1307 481 1355 ut
508 1309 714 1356 constat
745 1320 811 1357 e'c
833 1307 1041 1360 Notitia
1079 1309 1448 1374 episcoporum
1489 1310 1781 1373 Numidiae,

118 1392 282 1441 ciuitas
309 1396 379 1442 szt
402 1391 697 1455 Numidiae,
732 1392 1080 1448 Ammadazra
1109 1395 1325 1448 videtur
1352 1411 1558 1464 quoque
1600 1399 1787 1452 Numi-

115 1477 199 1530 dia
235 1479 399 1531 tribui
443 1479 650 1546 debere,
694 1484 1042 1548 quantumvis
1097 1489 1393 1551 repugnent
1445 1486 1667 1549 uulgare
1701 1491 1782 1537 tu-

117 1569 244 1634 bulaz,
285 1572 530 1638 profecto
588 1587 692 1624 non
739 1575 1111 1626 emactissimze.
1153 1576 1226 1626 In
1269 1576 1489 1627 concilio
1536 1575 1783 1642 rebapti-

115 1661 324 1710 zantium
369 1658 660 1727 Eugenius
711 1660 780 1713 ab
827 1662 1186 1714 Ammadaera
1233 1663 1506 1728 trigesimo
1555 1663 1783 1715 secundo

115 1755 201 1806 loco
240 1757 559 1808 sententiam
613 1755 776 1822 discit,
824 1773 978 1823 quem
1027 1757 1100 1809 ad
1149 1758 1317 1810 locum
1356 1758 1624 1811 Pamelius
1643 1759 1782 1811 nihil

114 1843 270 1894 attulit
296 1845 352 1895 in
375 1846 546 1908 notis,
580 1845 825 1911 alioquin
854 1844 1100 1906 eruditis,
1159 1845 1302 1912 quod
1339 1851 1580 1912 optatam
1614 1847 1778 1899 lucem

115 1930 314 1996 afferret.
348 1930 540 1999 A/fert
570 1933 813 1998 aliquam
841 1934 1112 1985 Antonini
1140 1933 1516 1997 Itinerarium,
1545 1950 1663 1987 cum
1691 1937 1780 1987 uia

110 2032 202 2084 quae
225 2019 557 2085 Carthagine
589 2019 792 2072 Cirtam
813 2019 962 2072 ducit
998 2021 1080 2072 ita
1119 2020 1480 2074 describitur:
1526 2021 1777 2074 Unucam

112 2121 154 2157 ir.
192 2121 230 2158 ρ.
258 2121 388 2168 xxu,
434 2105 786 2158 Sicillibram
815 2123 868 2159 n.
906 2123 954 2160 Ρ.
997 2123 1092 2174 vn,
1129 2107 1316 2160 Vallos
1348 2124 1403 2160 ω.
1441 2123 1486 2161 Ρ.
1529 2124 1618 2173 xv,
1674 2111 1776 2162 (Jo-

109 2209 212 2246 reva
239 2211 290 2247 u.
320 2212 365 2247 ρ.
409 2211 508 2260 xv,
546 2194 712 2248 Musti
743 2212 796 2248 Μ.
840 2212 888 2248 P.
930 2212 1122 2264 xxvm,
1175 2196 1445 2250 Laribum
1493 2197 1774 2251 coloniam

110 2298 148 2332 tl.
171 2298 212 2333 ρ.
234 2298 347 2349 xxx,
380 2284 681 2336 Attieuros
710 2300 765 2336 Μ.
810 2300 858 2336 P.
899 2300 1009 2348 XVI,
1041 2286 1462 2338 Ammadaeram
1491 2286 1774 2339 coloniam

106 2386 148 2420 ιιι.
200 2386 241 2423 p.
291 2387 464 2434 xxx“,
516 2372 785 2424 Theveste
815 2372 1099 2425 coloniam
1157 2390 1212 2427 ir.
1247 2389 1295 2426 P.
1319 2389 1449 2440 xxv,
1479 2378 1588 2426 etc.
1639 2377 1774 2428 Hinc

105 2460 216 2510 enim
261 2464 409 2526 patet
467 2460 886 2513 Ammadacram
946 2461 1288 2514 tribuendam
1336 2477 1446 2515 esse
1484 2463 1769 2529 Numidiae,

105 2545 333 2612 siquidem
363 2547 556 2599 media
585 2552 661 2600 est
701 2549 842 2600 inter
895 2551 1178 2602 Attieuros
1207 2555 1256 2602 et
1290 2552 1618 2615 Thebestem,
1657 2567 1773 2618 quae

99 2633 192 2686 duae
230 2637 465 2687 civitates
530 2637 584 2687 in
623 2637 730 2688 ista
777 2638 1061 2704 provincia
1117 2640 1374 2691 existunt.
1410 2639 1635 2705 Quaeso,
1687 2639 1772 2691 vir

104 2722 468 2787 eruditissime,
521 2739 590 2775 ne
618 2740 767 2792 aegre
796 2741 856 2777 ac
888 2726 1122 2779 moleste
1153 2727 1300 2779 feras
1330 2742 1420 2780 me
1452 2727 1508 2780 in
1532 2729 1621 2780 his
1652 2729 1765 2781 dis-

101 2811 343 2864 cutiendis
393 2827 724 2881 parumper
775 2812 1112 2879 immorari;
1162 2816 1439 2868 nonnulla
1469 2815 1622 2869 enim
1655 2820 1766 2870 tra-

105 2897 200 2952 dam
241 2899 529 2952 hactenus
601 2900 998 2954 ecclesiasticis
1067 2903 1410 2972 geographis
1484 2904 1763 2972 ignorata,

100 2990 224 3055 queis
252 2994 442 3042 tamen
477 2988 768 3042 Africanae
809 2991 1110 3044 dimccseos
1141 2990 1352 3044 limites
1373 2992 1622 3045 exactius
1657 2997 1766 3045 sta-
1796 3008 1832 3062 ο

96 3077 304 3129 tuentur.
341 3079 551 3130 Unuca
578 3077 854 3130 Antonini
881 3078 1031 3146 apud
1063 3078 1470 3132 ecclesiasticos
1527 3079 1758 3149 scripto-

97 3179 161 3214 res
188 3166 346 3218 Uluca
374 3165 742 3218 nominatur.
774 3167 835 3218 In
863 3182 984 3235 cap.
1012 3169 1107 3219 1‘27
1133 3167 1454 3220 collationis
1491 3168 1759 3220 laudatur

94 3252 376 3306 Procericius
402 3255 708 3318 Uculensis,
755 3259 810 3306 et
839 3254 899 3306 in
946 3254 1214 3323 synodica
1261 3257 1414 3325 apud
1447 3256 1752 3309 concilium

96 3338 434 3394 Lateranense
499 3341 707 3408 saepius
757 3341 920 3394 nobis
983 3346 1380 3404 memoratum,
1452 3343 1758 3397 Cresconius

97 3427 327 3482 Eculeus-is
360 3429 525 3482 inter
578 3430 1013 3498 proconsulares
1057 3430 1346 3483 recitatur.
1387 3431 1459 3483 De
1493 3430 1759 3483 Sicilibba

91 3513 135 3565 in
155 3517 416 3585 superiori
449 3517 772 3586 epigraphe
804 3518 1017 3571 dictum
1050 3523 1152 3571 est.
1197 3519 1380 3571 Vallos
1430 3517 1600 3570 etiam
1653 3519 1760 3571 fuit

91 3603 201 3655 urbs
249 3605 617 3675 episcopalis,
676 3611 730 3660 et
773 3605 922 3658 inter
971 3607 1246 3676 praisules
1299 3606 1758 3676 Carthaginensis

89 3692 356 3759 provinciae
406 3694 473 3747 in
529 3694 743 3762 synodo
795 3693 1064 3747 Bonifacii
1112 3695 1430 3765 appellatur
1461 3697 1758 3749 Restitutus

87 3783 326 3849 episcopus
390 3782 578 3851 plebis
646 3783 953 3835 Vallitanae.
1001 3784 1226 3835 Corevae
1281 3781 1577 3852 episcopus
1646 3799 1754 3834 un-

89 3881 230 3935 quam
257 3871 397 3923 mihi
429 3869 726 3939 apparuit.
765 3871 863 3923 Hic
894 3871 962 3924 ab
991 3870 1382 3923 ecclesiasticis
1407 3871 1757 3940 geographis

87 3954 253 4010 Carolo
283 3975 314 4010 a
345 3959 398 4012 S.
437 3959 645 4023 Paulo,
679 3963 736 4010 et
769 3959 912 4010 Luca
936 3957 1223 4011 Holstenio
1258 3957 1390 4009 viris
1437 3958 1755 4010 eruditissi-

89 4045 195 4108 mis,
244 4045 625 4116 designantur
677 4045 928 4099 continia
974 4045 1280 4115 provinciae
1310 4045 1752 4114 proconsularis.

83 4130 277 4185 Etenim
308 4134 544 4187 Mnstim
578 4135 806 4188 Corevaa
836 4133 1146 4187 ﬁnitimam
1177 4133 1244 4186 ad
1272 4133 1598 4186 Numidiam
1628 4149 1754 4203 spe-

83 4222 206 4272 ctare
251 4238 312 4274 ex
372 4221 600 4275 Notitia
654 4222 858 4275 Africae
886 4222 1024 4274 citra
1054 4220 1295 4274 dubium
1319 4221 1749 4285 existimarunt;

3503 326 3605 379 306

1819 434 1865 487 Α
1903 435 2000 504 qui
2060 436 2224 489 toties
2274 437 2328 491 S.
2380 437 2696 506 Augustino
2747 438 2803 490 in
2849 439 3009 492 libris
3046 445 3247 495 contra
3285 443 3603 498 Donatistas

1908 527 2276 575 memoratur.
2312 524 2450 576 Inde
2482 540 2616 576 vero
2647 539 2837 577 assero
2886 526 3232 580 Felicianum
3287 545 3602 598 proconsu-

1904 610 2083 662 larem
2115 610 2441 680 episc0pum
2473 616 2527 663 et
2557 612 2752 681 magni
2784 613 2934 666 inter
2965 614 3286 668 Donatistas
3317 618 3599 672 Maximia-

1905 698 2079 751 nistas
2128 699 2401 764 nominis;
2451 700 2586 769 quia
2637 700 2860 770 Alipius
2907 701 3071 770 petiit
3117 719 3256 757 num
3287 706 3599 760 Felicianns

1904 789 2050 839 esset
2079 784 2139 838 in
2169 788 2572 840 communione
2625 787 2899 842 Primiani
2926 789 3186 858 primatis
3226 796 3593 861 proconsula-

1901 874 2072 941 rium,
2101 891 2219 927 non
2247 890 2379 926 vero
2409 875 2664 928 Januarii
2704 876 2961 946 primatis
3004 878 3430 946 Numidiarum;
3465 899 3594 937 cum

1900 966 2090 1014 tamen
2121 961 2178 1014 in
2229 964 2443 1031 synodo
2502 963 2653 1032 apud
2687 965 2952 1033 Bagajam
2990 965 3301 1020 Felicianus
3331 969 3401 1021 ab
3445 976 3595 1023 utro-

1899 1065 2008 1118 que
2055 1050 2298 1119 primate
2346 1052 2417 1103 ob
2466 1051 2790 1105 Maximiani
2839 1053 3262 1108 ordinationem
3292 1057 3593 1111 damnatus

1897 1137 2090 1190 fuerit.
2133 1139 2304 1190 Adest
2333 1139 2561 1192 evidens
2602 1139 2996 1192 testimonium
3028 1157 3131 1208 pro
3155 1142 3317 1195 Musti
3347 1160 3589 1212 procon-

1896 1226 2070 1278 sulari
2117 1226 2175 1279 in
2227 1227 2496 1296 synodica
2552 1230 2657 1279 act.
2721 1229 2754 1278 2
2812 1227 3039 1280 concilii
3067 1229 3120 1283 S.
3152 1230 3372 1284 Martini
3403 1249 3586 1301 papae,

1896 1329 2067 1383 quam
2118 1313 2270 1366 inter
2323 1315 2754 1384 proconsularcs
2811 1317 3114 1369 subscribit
3153 1321 3450 1373 Januarius
3479 1324 3588 1388 epi-

1893 1416 2082 1467 scopus
2139 1400 2199 1453 S.
2252 1405 2314 1455 E.
2369 1404 2714 1465 Mustitanze;
2773 1401 2831 1454 in
2867 1403 3074 1456 Notitia
3123 1421 3254 1457 vero
3308 1408 3586 1462 Numidiae

1893 1490 2066 1541 etiam
2121 1490 2332 1559 legitur
2388 1493 2735 1544 Antonianus
2777 1492 3122 1545 Mustitanus.
3190 1495 3329 1547 Urbs
3393 1501 3585 1550 autem

1891 1577 2188 1629 Turrensis
2218 1578 2279 1630 in
2310 1579 2726 1641 Proconsulari,
2773 1579 2934 1647 cujus
2967 1581 3137 1632 sacris
3180 1588 3424 1649 przeerat
3475 1585 3582 1637 Do-

1895 1669 2061 1717 natus
2110 1666 2419 1731 Donatista,
2478 1682 2649 1734 quem
2706 1667 3055 1720 Victorianus
3108 1670 3449 1723 Mustitensis
3475 1672 3582 1725 sibi

1893 1752 2141 1806 vicinum
2187 1754 2342 1813 dixit.
2379 1759 2614 1823 apparet
2651 1755 2706 1807 in
2749 1756 2976 1808 Tabulis
3019 1756 3490 1827 Peutingerianis,
3523 1760 3580 1813 in

1891 1841 2098 1910 quibus
2127 1841 2386 1905 habetur,
2429 1842 2654 1896 Thurris
2684 1860 2756 1907 vr,
2787 1844 3050 1898 Sicilibba
3089 1862 3205 1913 vin,
3253 1849 3438 1912 Inuca,
3469 1854 3576 1901 etc.

1888 1929 2185 1982 Turrensis
2236 1931 2370 1983 urbs
2419 1936 2540 1984 erat
2587 1932 2845 2000 proxima
2892 1933 3192 1999 Sicilibbze,
3231 1950 3405 2004 quam
3458 1952 3578 1989 esse

1890 2019 2348 2088 proconsularem
2398 2018 2459 2070 in
2505 2019 2653 2070 notis
2679 2020 2749 2073 ad
2812 2021 3160 2090 superiorem
3224 2022 3578 2092 epigraphen

1888 2105 2132 2170 ostendi,
2195 2106 2291 2158 ubi
2337 2106 2488 2158 inter
2532 2107 2746 2176 legatos
2789 2108 3097 2175 provincia:
3150 2111 3576 2164 Proconsularis

1885 2194 2110 2247 laudavi
2171 2195 2570 2246 Praetextatum
2622 2194 3067 2250 Sicilibbensem.
3123 2197 3235 2249 Hac
3282 2198 3574 2252 occasione

1885 2282 2056 2336 etiam
2103 2283 2436 2351 supplenda:
2490 2283 2630 2335 mihi
2670 2288 2804 2334 sunt
2835 2283 3041 2336 tabulas
3077 2283 3333 2337 Ecclesia:
3362 2285 3572 2338 Africa-

1882 2387 1990 2432 nae,
2047 2387 2220 2439 quam
2265 2371 2475 2423 laudati
2523 2371 2839 2439 geographi
2883 2372 3115 2425 Carolus
3145 2389 3178 2425 a
3212 2373 3266 2426 S.
3301 2373 3476 2425 Paulo
3519 2377 3574 2426 et

1885 2458 2206 2510 Holstenius
2268 2457 2653 2526 publicarunt,
2706 2458 2807 2527 qui
2866 2459 3201 2512 Inucensem
3269 2459 3570 2513 Ecclesium

1880 2545 2144 2599 Sicilibba
2175 2545 2353 2598 millia
2381 2561 2607 2614 passum
2643 2549 2703 2599 l3
2729 2545 3033 2599 distantem
3056 2547 3402 2614 omiserunt;
3438 2564 3569 2601 cum

1880 2639 2072 2687 tamen
2127 2633 2185 2684 in
2236 2632 2537 2685 collatione
2586 2649 2706 2702 cap.
2746 2637 2840 2686 187
2877 2634 3207 2686 nominetur
3243 2637 3573 2689 Valentinia-

1880 2737 1978 2776 nus
2017 2724 2296 2790 episcopus
2358 2723 2650 2774 Inucensis.
2708 2721 2844 2774 llinc
2873 2722 3031 2775 vides
3063 2722 3391 2792 Philippum
3424 2724 3572 2777 Lab—

1880 2812 2073 2875 beum,
2127 2810 2290 2878 cujus
2335 2809 2505 2861 morti
2550 2825 2706 2862 sacra
2746 2809 2990 2862 eruditio
3021 2810 3283 2874 indoluit,
3318 2815 3374 2863 et
3403 2811 3569 2864 colle-

1878 2914 2009 2968 gam
2063 2896 2407 2952 Cossartium
2456 2896 2640 2949 virum
2688 2897 2996 2964 insignem,
3049 2897 3240 2950 minus
3307 2902 3458 2950 recte
3508 2898 3568 2952 in

1877 2985 2138 3054 margine
2190 3001 2293 3054 pro
2357 2984 2621 3037 Inucensi
2684 2987 2994 3038 Juncensem
3063 2985 3418 3054 reposuisse;
3470 2985 3570 3039 illa

1873 3073 2024 3126 enim
2068 3073 2307 3127 Ecclesia
2355 3077 2474 3124 erat
2520 3071 2579 3124 in
2626 3072 3040 3139 Proconsulari,
3073 3073 3193 3126 hinc
3219 3072 3280 3125 in
3311 3073 3562 3143 Byzacio,

1872 3166 1927 3213 et
1955 3162 2224 3214 laudatur
2248 3160 2484 3230 synodus
2511 3159 2705 3213 habita
2736 3176 2767 3212 a
2806 3159 3067 3213 Liberato
3117 3161 3361 3230 primate
3394 3163 3565 3231 Byza-

1871 3265 2010 3302 ceno
2065 3253 2171 3302 act.
2227 3252 2260 3301 2
2298 3248 2520 3300 concilii
2562 3247 2837 3300 Bonifacii
2891 3248 3373 3318 Carthagiuensis,
3405 3250 3564 3319 cujus

1869 3337 2045 3390 etiam
2092 3351 2336 3390 canones
2379 3337 2743 3389 commendat
2776 3337 3096 3390 Ferrandus
3145 3337 3444 3390 Diaconus.
3501 3339 3565 3391 In

1871 3425 2074 3479 Laribo
2103 3425 2399 3478 statuendo
2431 3425 2606 3478 iidem
2634 3425 2952 3495 geographi
2981 3425 3205 3494 decepti
3235 3430 3385 3480 sunt.
3421 3427 3562 3479 Nam

1867 3522 1994 3566 cum
2029 3513 2090 3566 in
2118 3513 2348 3566 Tabulis
2366 3512 2722 3566 Ptolomaicis
2744 3513 3005 3566 viderent
3035 3514 3201 3566 Lares
3222 3514 3355 3584 poni
3385 3530 3561 3584 prope

1865 3603 2079 3670 Vagam
2112 3600 2172 3652 in
2213 3599 2500 3666 Numidia,
2542 3601 2803 3654 eamdem
2843 3601 3046 3654 urbem
3092 3601 3222 3653 huic
3253 3601 3560 3670 provincia:

1865 3688 2198 3758 ascripsere.
2261 3688 2369 3741 Sed
2445 3688 2514 3741 ad
2565 3689 2831 3742 eumdem
2879 3689 3130 3758 lapidem
3176 3689 3554 3744 offenderunt.

1867 3777 2079 3846 Duplex
2111 3775 2264 3828 enim
2297 3775 2407 3829 fuit
2435 3776 2607 3844 hujus
2640 3776 2889 3830 nominis
2947 3777 3249 3846 oppidum.
3295 3779 3358 3830 In
3387 3777 3557 3830 colla-

1864 3863 2020 3917 tione
2049 3880 2172 3934 cap.
2208 3866 2307 3918 207
2366 3864 2635 3916 recitatur
2671 3867 2969 3918 Restitutus
3003 3866 3318 3929 Laritensis,
3349 3870 3404 3918 et
3433 3881 3556 3934 cap.

1870 3955 1967 4004 107
2020 3955 2326 4005 Honoratus
2358 3953 2676 4018 Laur-ensis,
2729 3953 2899 4005 ambo
2963 3952 3215 4022 episcopi
3280 3969 3347 4006 ex
3398 3957 3558 4023 parte

1867 4041 2086 4094 Donati.
2124 4041 2290 4093 Lares
2339 4056 2472 4092 vero
2515 4041 2687 4092 etiam
2721 4042 2792 4094 ad
2821 4041 3253 4110 proconsulares
3280 4045 3557 4110 spectasse

1865 4133 2018 4199 patet
2045 4145 2110 4180 ex
2155 4128 2370 4196 synodo
2408 4127 2702 4192 Bonifacii,
2751 4144 2923 4198 quam
2973 4145 3102 4181 cum
3147 4129 3298 4180 illius
3335 4129 3559 4198 provin-

1865 4215 1964 4267 ciae
2021 4214 2282 4267 Patribus
2331 4215 2634 4268 subscribit
2684 4217 2900 4270 Vitulus
2944 4219 3220 4283 episcopus
3245 4217 3417 4284 plebis
3447 4218 3553 4270 La-

80 4304 142 4358 ibi
175 4310 320 4363 enim
360 4310 522 4363 inter
554 4309 837 4363 Numidiae
878 4310 1172 4380 episcopos
1203 4314 1555 4362 memoratur
1582 4310 1752 4363 Anto-
1787 4295 1829 4348 Ῑ)
1869 4305 2062 4357 remis.
2118 4303 2399 4356 Caeterum
2465 4319 2532 4354 ex
2601 4303 2828 4355 Tabulis
2891 4302 3360 4371 Peutingerianis,
3416 4319 3557 4372 quas

82 4397 249 4450 nianus
276 4401 637 4452 Mustitanus.
671 4398 778 4452 Sed
813 4398 869 4451 in
900 4414 966 4450 eo
995 4398 1214 4468 decepti
1247 4402 1398 4462 sunt,
1432 4398 1584 4467 quod
1616 4397 1754 4450 duas

82 4479 223 4550 hujus
251 4486 508 4539 nominis
535 4486 706 4539 urbes
737 4485 795 4538 in
825 4485 1012 4538 Africa
1043 4501 1156 4538 non
1189 4485 1581 4548 observarunt,
1614 4500 1752 4554 qua-

82 4583 187 4623 rum
231 4589 341 4626 una
392 4574 453 4627 in
507 4573 795 4639 Numidia,
853 4574 1032 4626 altera
1078 4572 1289 4626 eratin
1331 4571 1748 4625 Proconsulari.

85 4653 179 4708 Hoc
211 4664 359 4728 patet
410 4677 479 4713 ex
529 4659 832 4714 collatione
882 4658 1333 4728 Carthaginensi,
1374 4658 1432 4710 in
1465 4673 1578 4727 qua
1604 4657 1754 4710 inter

87 4742 376 4799 Donatistas
432 4763 557 4816 cap.
612 4749 714 4800 206
773 4747 1101 4800 nominatur
1133 4748 1442 4802 Cresconius
1475 4747 1752 4813 episcopus

83 4831 406 4889 Mustitensis.
465 4837 537 4888 At
592 4834 853 4904 superius
905 4851 1029 4905 cap.
1084 4837 1174 4888 121
1258 4835 1382 4887 haec
1441 4833 1748 4902 leguntur:

86 4921 403 4976 Victorianus
427 4925 708 4991 episcopus
734 4925 908 4992 plebis
961 4925 1313 4977 Mustitensis.
1364 4922 1509 4976 Idem
1564 4922 1747 4976 dixit:

79 5008 251 5062 Przsto
294 5027 436 5064 sum.
487 5011 661 5064 Habeo
711 5014 1039 5066 Feliczanum
1103 5013 1490 5077 Mustitensem,
1539 5015 1588 5064 et
1651 5014 1752 5064 Do-

75 5103 236 5151 natum
286 5102 607 5154 Turrenscm
655 5107 842 5154 contra
898 5117 998 5153 me.
1065 5102 1127 5154 Et
1185 5099 1377 5153 statim
1432 5115 1554 5168 cap.
1632 5101 1747 5163 1'22,

77 5186 268 5253 Alipius
313 5192 598 5257 episcopus
648 5191 896 5244 Ecclesiae
944 5191 1215 5243 catholicae
1274 5189 1462 5241 dia-it:
1512 5188 1594 5239 De
1648 5201 1750 5238 no-

78 5276 190 5328 mine
215 5278 482 5330 Feliciani
511 5283 693 5331 utrum
721 5281 780 5331 in
820 5280 1184 5332 communione
1215 5280 1287 5331 sit
1329 5277 1627 5330 Primiani.
1676 5275 1751 5326 Ex

80 5359 149 5411 his
187 5365 402 5432 optime
455 5365 724 5436 intelligis
771 5367 922 5436 apud
951 5366 1172 5420 Mustim
1208 5365 1267 5418 in
1303 5363 1569 5418 Numidia
1598 5378 1748 5415 anno

81 5447 182 5516 4H,
215 5468 344 5506 cum
398 5454 784 5508 celebraretur
830 5454 1074 5518 collatio,
1125 5454 1334 5508 sedisse
1385 5451 1748 5506 Cresconium

85 5536 434 5608 Donatistam,
470 5544 613 5612 apud
641 5543 865 5598 Mustim
893 5543 953 5597 in
981 5541 1376 5597 Proconsulari
1403 5539 1749 5596 Felicianum

1864 4390 2005 4443 mihi
2059 4389 2442 4459 inspiciendas
2493 4390 2796 4456 tradidisti,
2853 4406 2942 4442 res
2994 4390 3267 4444 illustrari
3332 4395 3553 4461 potest;

1862 4479 1940 4532 ita
1973 4479 2184 4532 ibidem
2216 4478 2516 4532 scribitur:
2555 4480 2800 4532 Theueste
2832 4495 2903 4547 x1,
2938 4480 3028 4533 Ad
3065 4479 3391 4533 Mercurium
3441 4495 3553 4545 xxv,

1862 4568 2170 4621 Admedera
2194 4584 2303 4628 xvr,
2347 4570 2522 4621 Mutia
2547 4584 2656 4632 xvi,
2686 4567 2830 4621 Orba
2857 4584 2950 4634 vn,
2989 4569 3236 4622 Larabus
3280 4584 3379 4633 xu,
3411 4572 3552 4622 Dru-

1861 4658 2066 4708 siliana
2122 4673 2214 4722 vn,
2263 4657 2471 4708 Thacia
2521 4672 2614 4720 vn,
2662 4657 2840 4710 Mubsi
2875 4673 2970 4720 vn,
3016 4657 3192 4709 Aboia
3221 4673 3295 4723 vr,
3331 4657 3557 4724 Tignica

1862 4759 1959 4806 xu,
1998 4743 2230 4797 Tichilla
2261 4758 2370 4806 xvi,
2413 4743 2737 4796 Membressa
2783 4760 2863 4807 iu,
2905 4748 3009 4797 etc.
3049 4744 3216 4798 Aliud
3268 4760 3401 4796 vero
3447 4743 3554 4796 iter

1861 4846 1893 4882 a
1951 4831 2121 4883 Mutia
2172 4831 2497 4884 describens
2533 4830 2646 4883 ait:
2701 4831 2998 4884 Altuburos
3024 4846 3136 4895 xvr,
3194 4831 3439 4884 Altesera
3495 4844 3546 4892 x,

1859 4919 2112 4984 Assures,
2155 4923 2261 4971 etc.
2313 4918 2416 4972 Ubi
2445 4918 2622 4972 Μαὸεί
2654 4919 2957 4987 legendum
3006 4920 3191 4971 Musti.
3228 4920 3300 4970 Ex
3331 4916 3416 4968 his
3446 4931 3547 4983 pa-

1859 5011 1960 5071 tet,
2007 5022 2126 5060 non
2175 5007 2308 5058 satis
2360 5012 2776 5076 consequenter
2818 5007 2956 5076 poni
3007 5005 3401 5059 Ammedcram
3444 5003 3549 5071 (ita

1860 5094 2112 5148 scribunt
2138 5095 2493 5162 Augustinus
2536 5094 2630 5146 lib.
2684 5111 2772 5146 vn.
2814 5094 2881 5146 de
2915 5095 3097 5160 Bapt.,
3128 5105 3247 5158 cap.
3275 5092 3340 5142 39
3368 5090 3545 5142 colla-

1859 5183 1937 5235 tio
1962 5199 2083 5251 cap.
2132 5185 2258 5247 207,
2308 5189 2364 5233 et
2392 5182 2724 5246 Antoninus)
2775 5182 2836 5235 in
2883 5178 3276 5234 Proconsulari
3305 5194 3336 5231 ει
3374 5178 3547 5231 sacris

1859 5270 2242 5340 geographis;
2277 5273 2443 5324 Lares
2493 5287 2645 5336 vero,
2699 5269 3096 5330 Drusilianam,
3143 5271 3197 5318 et
3235 5267 3458 5320 Mustim
3487 5267 3547 5320 in

1862 5361 2149 5424 Numidia,
2197 5376 2328 5413 cum
2370 5359 2493 5413 istm
2538 5361 2706 5413 urbes
2753 5361 2905 5410 recto
2953 5355 3157 5408 itinere
3217 5355 3546 5410 aTheveste

1861 5449 2145 5504 Numidia:
2173 5465 2343 5518 supra
2375 5448 2774 5501 Ammederam
2801 5444 2915 5496 sint
2947 5442 3274 5512 Carthagini
3317 5444 3548 5516 propin-

1863 5539 2118 5608 quiores.
2161 5537 2463 5590 Sallustius
2485 5534 2672 5602 oppidi
2698 5532 2860 5585 Laris
2891 5532 3155 5586 meminit
3187 5533 3243 5586 in
3271 5534 3422 5588 Bello
3448 5536 3545 5588 Ju-
