3922 6188
368 291 466 345 307

1355 287 1917 344 SUPPLEMENTUM
1957 286 2047 341 AD
2085 283 2318 340 OPERA
2356 285 2410 338 S.
2453 281 2840 340 AUGUSTINI.
3700 292 3777 343 308

367 413 663 484 gurtliino,
697 411 1006 483 Procopius
1050 411 1146 464 lib.
1195 427 1252 464 u.
1288 410 1356 464 de
1385 411 1538 464 Bello
1573 409 1878 464 Vandalico
1911 407 2059 462 Lari-
2095 407 2141 460 A
2173 405 2232 458 in
2265 405 2607 458 bibliotheca
2635 399 2985 457 serenissimi
3003 398 3196 470 magni
3221 399 3372 454 ducis
3391 400 3574 456 diserte
3591 403 3776 461 habent.

364 503 504 555 bum
553 502 707 567 dicit,
764 507 819 555 et
867 501 1052 553 Victor
1109 499 1345 552 Vitensis
1380 499 1474 552 lib.
1509 516 1565 551 11.
1593 498 1663 552 de
1695 499 1847 552 Pers.
1883 496 2058 550 Vand.

367 592 604 644 Laribus
662 589 875 655 scribit,
916 588 1014 641 ubi
1060 587 1232 640 etiam
1285 589 1574 641 Siccensem
1603 591 1652 640 et
1678 588 1964 640 Larensem
1992 586 2065 638 ci-

368 681 563 732 vitates
614 677 878 748 appellat.
935 677 1010 729 Ex
1051 675 1249 728 eodem
1285 674 1721 743 Peutingeriano
1745 674 2064 743 fragmento

374 772 609 836 apparet
639 765 778 818 situs
803 763 1050 833 Tignica
1080 764 1140 816 in
1164 763 1577 828 Proconsulari,
1610 763 1772 831 cujus
1803 761 2067 816 meminit

371 854 595 907 collatio
638 869 760 922 cap.
813 855 934 917 133,
984 852 1080 906 ubi
1129 850 1461 905 nominatur
1491 851 1748 919 Auﬁdius
1789 852 2064 919 episcopus

366 939 543 1008 plebis
577 940 934 1005 Tignicensis,
969 953 1098 1008 qua
1119 937 1352 990 incerta
1403 936 1714 1006 provincia
1759 937 2071 1006 deputatur

372 1043 405 1079 a
437 1027 636 1079 Carolo
683 1043 716 1078 a
761 1026 817 1079 S.
869 1026 1066 1089 Paulo,
1113 1029 1171 1078 et
1199 1025 1482 1079 omittitur
1507 1024 1577 1077 ab
1611 1023 1922 1078 Holstenio.
1959 1022 2068 1077 Sed

372 1113 509 1185 quid
545 1114 763 1167 dicetur
794 1114 862 1166 de
917 1111 1139 1166 Aboia?
1184 1112 1420 1165 Ponitur
1459 1112 1518 1164 in
1557 1110 2068 1180 subscriptionibus

371 1201 571 1270 synodi
618 1217 648 1251 v
700 1201 1023 1255 Valerianus
1073 1202 1348 1268 episcopus
1401 1200 1556 1254 Obba
1597 1201 1890 1267 provincia
1941 1201 2067 1253 Pro-

371 1290 688 1343 consularis.
725 1290 854 1341 [lac
879 1303 1108 1358 quoque
1156 1288 1288 1341 urbs
1319 1287 1676 1341 desideratur
1702 1288 1853 1356 apud
1894 1287 2066 1340 Caro-

372 1376 494 1430 lum
546 1393 578 1430 a
625 1378 684 1430 S.
719 1376 895 1429 Paulo
929 1379 984 1428 et
1012 1373 1388 1429 Holstenium.‘
1437 1377 1524 1428 An
1581 1375 1673 1429 hic
1723 1376 1932 1442 Aobia,
1983 1375 2069 1428 vel

375 1466 533 1520 Obba
580 1465 642 1517 in
688 1464 916 1517 Tabulis
965 1464 1273 1533 legendum
1332 1464 1752 1533 incompertum
1795 1463 1934 1516 mihi
1963 1469 2066 1516 est.

377 1553 534 1605 Ultra
579 1552 746 1605 Lares
790 1551 862 1604 ad
925 1554 984 1604 l6
1013 1550 1196 1604 millia
1229 1567 1501 1620 passuum
1534 1551 1768 1620 ponitur
1798 1551 1866 1604 ab
1890 1554 2070 1605 Anto-

376 1640 512 1693 nino
556 1639 859 1702 Altieuros,
917 1655 1037 1704 seu,
1071 1642 1132 1690 ut
1163 1638 1351 1692 Surita
1380 1639 1539 1709 legit,
1571 1639 1843 1693 Altituros
1869 1654 1881 1693 :
1913 1643 2069 1693 utro-

379 1727 552 1797 bique
599 1731 888 1796 corrupte,
937 1743 1069 1778 nam
1125 1725 1417 1779 Altiburos
1455 1728 1760 1797 legendum
1795 1731 1897 1782 est.
1941 1729 2071 1784 Hac

377 1815 574 1868 civitas
622 1818 743 1868 erat
779 1814 842 1867 in
889 1814 1307 1880 Proconsulari,
1360 1819 1416 1868 et
1443 1814 1505 1868 in
1532 1815 1735 1884 synodi
1757 1832 1906 1886 sape
1949 1817 2071 1869 lau-

377 1904 509 1957 data
537 1902 772 1973 ponitur
819 1903 1211 1956 Constantinus
1260 1905 1539 1972 episcopus
1593 1906 1647 1959 S.
1676 1905 1732 1957 E.
1787 1904 2072 1958 Altaburi-

377 1997 537 2057 tana,
570 1997 628 2045 et
653 1990 713 2044 in
740 1990 949 2044 Notitia
979 1991 1234 2061 ejusdem
1266 1991 1574 2060 provincia
1622 1991 1946 2046 Vindemius
1974 1993 2074 2046 Αι-

377 2081 740 2134 toburitanus.
774 2078 1082 2132 Garnerius
1130 2079 1402 2133 mendose
1441 2079 1584 2132 dixit
1605 2079 1899 2145 Atticuros,
1943 2096 2074 2134 cum

376 2170 650 2223 Altieuros
694 2165 917 2220 dicatur
952 2165 1013 2218 in
1073 2166 1391 2231 ltinerario,
1437 2167 1597 2236 cujus
1625 2167 1796 2220 verba
1825 2167 2080 2222 adducit.’

383 2255 488 2309 Ubi
517 2269 820 2324 perperam
849 2252 1138 2306 Altiburos
1167 2269 1264 2307 seu
1309 2254 1608 2308 Altoburos
1657 2253 1938 2309 Numidia
1980 2272 2076 2310 ac-

378 2345 593 2408 censet,
625 2345 822 2394 contra
849 2341 1081 2395 laudata
1136 2345 1391 2395 veterum
1423 2343 1766 2412 synodorum
1814 2342 2072 2398 testimo-

378 2429 496 2485 nia.
523 2432 600 2483 De
655 2429 994 2482 Ammedera
1037 2428 1180 2482 nihil
1219 2429 1358 2483 certi
1403 2429 1630 2483 invenio
1679 2446 1792 2500 quo
1843 2445 2075 2484 movear

377 2520 449 2572 ad
479 2518 740 2572 eamdem
770 2517 1164 2572 Proconsulari
1193 2517 1384 2588 potius
1407 2535 1578 2589 quam
1605 2520 1887 2573 Numidia
1909 2520 2075 2574 ascri-

374 2607 647 2662 bendam.
684 2607 827 2661 Cum
854 2607 912 2660 in
945 2606 1150 2660 Notitia
1173 2607 1572 2677 episcoporum
1598 2609 1878 2662 Numidia
1910 2609 2065 2662 illius

381 2696 544 2750 urbis
574 2695 874 2766 episcopus
899 2711 1014 2748 non
1046 2700 1333 2766 appareat,
1363 2695 1463 2765 qui
1489 2701 1681 2750 tamen
1724 2699 1820 2750 123
1859 2696 2074 2750 ibidem

377 2787 769 2848 recensentur,
825 2782 1085 2836 existimo
1136 2783 1540 2836 Ammederam
1597 2782 1768 2836 fuisse
1808 2783 2073 2837 ultimam

383 2871 807 2942 proconsularis
837 2871 1094 2925 dioecesis
1124 2871 1425 2936 civitatem,
1457 2887 1586 2924 cum
1617 2871 1905 2926 Thevestis
1941 2872 2074 2926 inde

2172 496 2230 547 in
2280 495 2494 547 castello
2535 494 2812 548 Sin-itensi.
2864 489 3216 559 Augustinus
3257 488 3314 541 in
3355 489 3570 559 epistola
3612 493 3691 547 l28
3729 498 3780 549 ad

2174 583 2458 636 Donatum
2501 579 2898 648 proconsulem
2928 577 3149 642 Africa,
3182 576 3511 630 mentionem
3533 579 3644 633 facit
3664 583 3780 636 colo-

2172 685 2400 736 norum,
2437 685 2582 739 quos
2611 668 2702 721 hic
2729 665 2977 721 habebat
3003 665 3064 719 in
3091 666 3350 718 Sinitensi
3396 667 3471 718 vel
3505 669 3778 736 Hipponensi

2175 773 2331 827 agro.
2383 739 2606 810 Ibidem
2641 756 2694 809 S.
2741 755 2936 809 doctor
2988 753 3186 807 Lucilli
3217 752 3550 808 decessorem
3584 756 3784 826 designat

2172 845 2479 917 inquiens:
2512 846 2735 911 Collega
2755 849 2880 899 tunc
2911 858 3057 896 meus
3100 844 3373 910 episcopus
3420 843 3672 898 Sinitensis
3709 850 3784 900 Ee-

2176 936 2363 988 clesia‘
2386 935 2740 988 Maximinus.
2791 933 2854 985 In
2908 930 3072 984 editis
3117 929 3396 984 codicibus
3431 930 3695 997 Synicensis
3719 934 3785 986 ilia

2178 1025 2307 1080 dem
2333 1025 2558 1094 legitur,
2610 1023 2711 1077 sed
2753 1039 2820 1076 ex
2858 1021 3021 1092 epist.
3075 1021 3196 1086 l63,
3239 1023 3418 1073 textus
3461 1021 3784 1075 emendandus

2179 1118 2282 1179 est,
2342 1113 2441 1166 ubi
2490 1111 2741 1166 scribens
2790 1110 2844 1165 S.
2885 1112 3052 1164 Pater
3099 1108 3170 1162 ad
3201 1107 3506 1162 Donatistas
3547 1108 3786 1164 aitzl-lodo

2175 1217 2469 1271 praconem
2494 1201 2743 1264 misistis,
2777 1200 2874 1267 qui
2902 1199 3159 1252 clamaret
3184 1197 3372 1260 Siniti,
3397 1197 3620 1263 quisquis
3648 1198 3786 1249 Maxi-

2178 1293 2322 1344 mino
2343 1290 2834 1353 communicaverit,
2866 1285 3181 1340 incendetur
3211 1284 3394 1338 domus
3421 1284 3548 1352 ejus.
3590 1284 3786 1337 Maximi-

2182 1394 2288 1430 nus
2315 1393 2382 1429 ex
2401 1375 2706 1446 Donatista
2729 1375 2911 1428 factus
2937 1377 3058 1427 erat
3077 1372 3401 1426 catholicus.

2251 1465 2486 1518 SABINUS
2546 1467 2868 1519 T—Uccausm.
2931 1465 3102 1517 Tucca
3145 1463 3359 1526 gemina
3405 1465 3477 1512 est
3524 1460 3576 1512 in
3611 1459 3790 1524 Africa;

2181 1555 2355 1607 altera
2401 1555 2462 1606 in
2509 1553 2848 1607 Mauritania
2896 1552 3156 1616 Sitifensi
3202 1549 3277 1602 ad
3306 1549 3558 1616 Serpetem
3593 1550 3791 1614 ﬂuvium;

2181 1642 2355 1695 altera
2398 1643 2456 1694 in
2508 1641 2766 1695 Numidia
2808 1655 2942 1709 pene
2978 1639 3177 1704 media,
3213 1642 3274 1690 ut
3317 1637 3505 1690 habent
3531 1637 3792 1690 Ptolemaicaz

2187 1730 2426 1783 Tabula.
2467 1731 2541 1782 De
2575 1727 2850 1785 Numidia
2877 1730 3125 1796 episcopo
3173 1725 3404 1790 intelligi
3455 1723 3592 1777 debet
3615 1723 3790 1788 collatio,

2183 1821 2290 1871 etc.
2339 1819 2402 1871 In
2441 1818 2662 1871 concilio
2709 1821 2847 1870 certe
2888 1815 3343 1884 rebaptizantium
3372 1815 3630 1880 utriusque
3663 1813 3794 1864 Tucca

2182 1906 2418 1973 episcopi
2429 1906 2745 1975 sententiam
2765 1902 3024 1957 dixerunt
3046 1919 3058 1956 :
3085 1903 3246 1967 alter,
3265 1901 3361 1971 qui
3379 1899 3640 1954 confessor
3655 1898 3794 1953 Satur-

2183 1993 2375 2059 ninus,
2407 1994 2834 2061 quinquagesino
2862 1993 3088 2046 secundo
3136 1992 3245 2044 loco
3273 2006 3287 2056 ;
3319 1990 3469 2055 alter,
3492 1990 3580 2056 qui
3599 1989 3796 2042 Honora-

2182 2084 2292 2147 tus,
2320 2078 2710 2150 septuagesimo
2730 2082 2971 2150 septimo.
2994 2077 3206 2148 Longis
3231 2077 3510 2132 erroribus
3529 2075 3703 2146 agitur,
3716 2089 3797 2127 ma-

2183 2168 2252 2222 lis
2282 2169 2477 2224 avibus
2508 2169 2750 2222 arduum
2781 2183 2926 2237 opus
2953 2182 3278 2237 aggressus.
3308 2164 3580 2235 Imprimis
3615 2166 3798 2234 quatuor

2183 2257 2380 2310 Tucca
2419 2256 2480 2309 in
2528 2255 2714 2309 Africa
2771 2259 3183 2320 memorantur,
3232 2258 3289 2307 et
3327 2253 3555 2308 Sabinus
3584 2267 3681 2304 non
3701 2251 3798 2304 Tuc-

2183 2344 2388 2413 censis,
2417 2344 2514 2398 sed
2539 2344 2685 2398 forte
2713 2343 3024 2398 Tuncensis
3043 2342 3348 2413 episcopus
3371 2341 3495 2396 fuit.
3525 2341 3795 2394 Ptolemaeus

2182 2432 2394 2503 prioris
2441 2434 2637 2486 Tucca
2684 2432 2948 2486 meminit
3009 2431 3070 2484 in
3122 2429 3458 2488 Mauritania
3505 2426 3796 2488 Casariensi;

2187 2523 2422 2574 alteram
2472 2521 2638 2590 ponit
2690 2520 2842 2574 inter
2889 2519 3060 2573 urbes
3099 2517 3386 2572 Numidia
3415 2511 3795 2578 nova;tertiam

2182 2608 2334 2662 inter
2351 2609 2666 2679 Bagradam
2690 2625 2941 2674 amnem,
2969 2612 3024 2661 et
3050 2608 3361 2660 Tabracam
3386 2608 3652 2676 ;quartam
3676 2602 3799 2653 Anto-

2182 2697 2354 2751 ninus
2389 2698 2532 2751 locat
2560 2697 2618 2750 in
2651 2696 2909 2766 Byzacio,
2953 2697 3039 2750 vel
3072 2693 3498 2758 Proconsulari;
3530 2706 3646 2745 nam
3663 2688 3712 2741 in
3734 2685 3798 2738 lli-

2184 2801 2320 2838 nere
2349 2785 2419 2838 ab
2447 2784 2671 2838 Assuris
2698 2785 2920 2838 Thenas
2953 2783 3069 2837 ait:
3103 2783 3337 2836 Assuris
3371 2784 3584 2834 Tuccam
3619 2772 3801 2829 Terebino

2187 2874 2398 2926 thinam
2444 2889 2500 2926 Μ.
2545 2889 2593 2926 Ρ.
2634 2888 2720 2926 xv.
2763 2872 2977 2940 Suﬁbus
3020 2889 3077 2925 Μ.
3111 2887 3160 2925 Ρ.
3193 2887 3322 2924 xxv.
3367 2871 3494 2928 Erat
3519 2881 3639 2935 ergo
3672 2862 3801 2915 Tucca

383 2960 563 3014 millia
616 2975 886 3030 passuum
929 2963 996 3013 25
1027 2958 1258 3023 distans,
1302 2959 1371 3012 ad
1403 2958 1726 3012 Numidiam
1767 2959 2068 3028 pertineat.
2106 2974 2145 3029 ο
2189 2959 2596 3013 Terebinthina
2624 2959 2816 3012 media
2846 2959 2997 3012 inter
3025 2960 3290 3022 Assuros,
3315 2972 3442 3027 qua
3471 2951 3683 3008 esturbs
3708 2963 3800 3016 prO°

381 3049 578 3117 Neque
606 3051 801 3100 tamen
830 3047 902 3100 ob
934 3046 1192 3098 eamdem
1224 3045 1283 3096 in
1317 3044 1583 3098 Numidia
1601 3046 1866 3113 locatam,
1895 3047 2074 3099 ullam

383 3133 652 3188 Garnerio
673 3133 833 3187 litem
863 3132 1102 3185 intendo
1130 3131 1282 3197 ;imo
1325 3131 1510 3184 eidem
1543 3133 1754 3201 gratias
1791 3149 1896 3202 ago
1922 3134 2076 3204 quod

380 3220 693 3292 provincia
722 3219 784 3273 in
829 3235 942 3289 qua
985 3219 1091 3272 sita
1129 3219 1236 3272 fuit
1263 3219 1626 3285 Ammedera,
1667 3221 2074 3290 investiganda

384 3308 678 3361 occasione
698 3307 850 3375 data,
883 3307 1110 3360 Mustim
1134 3322 1198 3360 ac
1230 3309 1398 3360 Lares
1429 3307 1569 3361 duas
1599 3310 1853 3378 ejusdem
1897 3311 2077 3364 nomi-

382 3395 473 3450 nis
506 3396 678 3450 urbes
707 3395 882 3449 fuisse
932 3394 1186 3461 ostendi;
1236 3395 1388 3448 unde
1425 3399 1483 3449 et
1527 3397 1775 3451 exactior
1801 3396 2076 3453 Africana

385 3483 644 3539 Ecclesia
696 3483 906 3537 Notitia
946 3482 1180 3548 relucet,
1223 3498 1286 3536 ac
1313 3483 1660 3553 synodorum
1711 3485 2076 3556 subscriptio-

383 3587 486 3626 nes
505 3569 862 3641 neutiquam,
895 3570 1050 3640 quod
1080 3570 1152 3624 ad
1189 3571 1612 3640 provinciarum
1655 3573 1825 3628 urbes
1855 3575 2075 3641 attinet,

302 3647 306 3652 ’
383 3658 537 3712 inter
595 3674 654 3712 se
711 3658 1030 3728 discrepare
1087 3658 1515 3728 intelliguntur;
1579 3660 1712 3714 inde
1757 3663 1929 3716 etiam
1978 3665 2078 3717 Ta-

385 3746 537 3801 bula
597 3745 904 3801 dioeceseos
952 3746 1154 3801 Africa
1204 3745 1367 3800 facile
1419 3747 1788 3818 corriguntur
1829 3766 1894 3804 ac
1937 3767 2078 3821 sup-

384 3835 634 3906 plentur.

455 3923 798 3987 Quananrus.
847 3925 1068 3977 Incerta
1119 3922 1280 3977 sedis.
1336 3923 1571 3977 Veritati
1633 3925 1881 3980 exactius
1941 3943 2079 3997 qua-

382 4011 616 4065 drarent
639 4014 858 4065 catera
887 4015 1054 4078 nota,
1088 4011 1135 4064 si
1165 4011 1393 4065 easdem
1440 4012 1593 4067 hisce
1632 4017 1857 4068 tantum
1895 4016 2078 4070 verbis

383 4103 684 4155 exarasset.

455 4189 737 4241 LUCILLUS.
777 4189 1005 4242 Incerta
1043 4189 1258 4256 pariter
1304 4188 1491 4254 sedis;
1531 4192 1644 4243 nisi
1669 4192 1810 4257 forte
1847 4192 1952 4258 legi
1980 4192 2072 4248 de-

2183 3047 2518 3113 consularis,
2543 3052 2596 3100 et
2624 3047 2785 3101 Sufes
2809 3047 3138 3117 Byzacenas.
3173 3046 3296 3099 Utri
3336 3040 3640 3115 deputanda
3666 3037 3799 3089 incer~

2181 3138 2326 3189 tum.
2367 3134 2465 3188 Ille
2511 3150 2646 3188 vero
2695 3134 2836 3188 duas
2899 3138 3120 3188 tantum
3147 3136 3358 3188 Tuccas
3403 3129 3567 3196 novit,
3617 3137 3798 3195 quarum

2182 3239 2359 3277 unam
2404 3223 2476 3276 ad
2516 3224 2809 3293 Serpetem
2859 3222 3099 3276 ﬂuvium
3145 3222 3206 3276 in
3239 3219 3562 3277 Mauritania
3595 3208 3798 3271 Sitifensi,

2183 3312 2426 3366 alteram
2456 3312 2517 3365 in
2547 3311 2735 3365 media
2765 3311 3034 3365 Numidia
3058 3311 3243 3381 ponit.
3270 3309 3487 3364 Plinius
3511 3307 3681 3360 Tucca
3711 3296 3800 3352 Siti-

2184 3400 2358 3454 fensis
2408 3400 2579 3453 situm
2633 3403 2827 3454 exacte
2859 3399 3035 3454 tradit
3083 3399 3181 3453 lib.
3233 3416 3286 3467 v,
3320 3414 3440 3468 cap.
3482 3399 3530 3448 2.
3577 3388 3798 3460 Oppidum

2183 3488 2389 3558 inquit,
2439 3488 2611 3542 Tucca
2667 3490 2978 3557 impositum
3024 3490 3169 3542 mari
3215 3494 3264 3542 et
3317 3487 3524 3556 [lumini
3556 3484 3796 3547 Αωρεαοκ-

2184 3577 2379 3646 Itaque
2426 3580 2547 3628 erat
2588 3575 2648 3628 in
2688 3575 2948 3630 conﬁniis
3000 3574 3308 3645 provincia
3353 3568 3674 3628 Mauritania
3709 3558 3799 3615 Siti-

2183 3663 2379 3731 fensis,
2413 3679 2541 3734 qua
2557 3666 2846 3733 Ampsaga
2867 3662 3105 3716 ﬂumine
3132 3679 3164 3716 a
3188 3661 3457 3717 Numidia
3483 3653 3797 3728 separabatur.

2187 3751 2756 3806 ConcinuntTabula
2778 3750 3256 3821 Peutingeriana,
3286 3749 3385 3804 ubi
3423 3745 3539 3801 haec
3568 3742 3798 3811 leguntur:

2190 3842 2360 3892 Tucca
2388 3839 2522 3908 ﬁnes
2551 3841 2898 3894 Mauritania
2926 3844 2975 3894 et
2994 3840 3222 3905 Africa.
3251 3835 3503 3894 Meminit
3523 3832 3613 3888 Dio
3638 3823 3800 3883 Cassius

2188 3927 2289 3981 lib.
2353 3945 2519 3982 vam
2576 3929 2771 3982 Tucca
2819 3927 3065 3981 civitatis
3103 3927 3208 3982 sub
3265 3929 3328 3982 T.
3377 3924 3550 3981 Sestio
3597 3915 3800 4003 pratele

2187 4015 2490 4082 Numidia,
2520 4031 2624 4085 pro
2650 4014 2903 4070 Antonio
2935 4015 3257 4069 triumviro.
3292 4016 3358 4068 In
3389 4011 3589 4068 Notitia
3613 4002 3800 4061 Sitifensi

2187 4108 2540 4157 memoratur
2583 4104 2780 4158 Uzulus
2835 4105 3172 4157 Thuccensis.
3207 4104 3425 4158 Rursus
3483 4100 3700 4153 Tuncam
3735 4087 3799 4182 Sf!-

2185 4190 2307 4244 bini
2334 4191 2584 4261 episcopi
2604 4208 2906 4262 perperam
2929 4193 2988 4246 in
3008 4192 3330 4246 meditullio
3349 4187 3614 4244 Numidia
3640 4179 3798 4235 statuit.

385 4277 503 4329 beat
525 4278 800 4330 Lucianus
837 4276 1117 4330 Guirensis
1135 4295 1156 4339 ,-
1181 4291 1306 4329 nam
1339 4277 1501 4344 hujus
1521 4281 1748 4332 nominis
1769 4281 1970 4349 aliquis
2014 4285 2071 4336 in
2111 4253 2152 4306 Β
2186 4281 2325 4334 Nam
2350 4281 2655 4334 Petilianus
2676 4281 2975 4350 episcopus
2997 4278 3479 4335 Constantinensis
3500 4270 3744 4330 Donatista
3762 4262 3799 4313 in

383 4365 601 4417 concilio
640 4363 784 4430 quod
841 4365 1174 4420 collationem
1223 4367 1498 4431 praecessit
1524 4366 1905 4434 subscripsisse
1948 4371 2074 4436 legi-

385 4453 494 4504 tur.
529 4453 652 4504 Fuit
677 4466 800 4503 vero
849 4453 907 4502 in
934 4452 1218 4518 provincia
1249 4452 1518 4506 Numidia
1559 4454 1840 4508 Guirensis
1867 4459 2071 4524 episco-

382 4553 524 4607 pus;
553 4539 794 4592 meminit
828 4541 967 4592 enim
992 4540 1200 4594 Notitia
1244 4541 1523 4594 Martialis
1570 4543 1866 4596 Guirensis.
1907 4545 2074 4598 Plura

383 4631 596 4696 peccat.
630 4626 918 4697 Imprimis
953 4625 1145 4681 Lucilli
1169 4643 1380 4681 nomen
1431 4628 1840 4684 diminutivum
1875 4631 2077 4703 implet

386 4723 695 4789 augetque,
753 4719 1054 4770 Lucianum
1099 4717 1422 4772 eﬂ'ormans.
1469 4720 1686 4773 Rursus
1751 4721 1936 4775 Guira
1974 4739 2075 4777 seu

386 4807 532 4862 Gira
559 4807 620 4860 in
653 4804 920 4860 Numidia
944 4806 1086 4859 duos
1116 4805 1286 4860 simul
1310 4807 1676 4878 coepiscopos
1705 4808 1910 4875 donat;
1941 4825 2076 4863 nam

383 4895 646 4966 superius
694 4894 936 4947 alterum
983 4893 1293 4948 Lucianum
1340 4895 1540 4949 itidem
1587 4896 1880 4952 Girensem
1935 4914 2074 4967 pro-

382 4983 761 5039 nuntiaverat.
799 4981 1055 5051 Denique
1078 4982 1274 5036 Lucilli
1305 4984 1506 5038 urbem
1542 4984 1799 5055 ignotam
1832 4987 2074 5056 putavit,

381 5088 512 5126 cum
542 5071 750 5126 diserte
777 5069 1109 5139 designetur
1138 5070 1209 5123 ab
1224 5071 1543 5141 Augustino
1576 5071 1672 5126 lib.
1705 5089 1820 5126 xxu
1867 5074 1936 5127 de
1980 5075 2076 5129 Ci-

381 5160 479 5213 vit.
531 5158 650 5218 Dei,
698 5174 824 5228 cap.
857 5160 927 5212 8:
982 5157 1076 5210 ubi
1121 5158 1361 5228 loquens
1409 5160 1479 5214 de
1505 5159 1796 5214 miraculis
1822 5165 1952 5229 post
1980 5161 2076 5214 de-

381 5247 524 5300 latas
552 5245 610 5299 in
637 5246 883 5299 Africam
913 5261 1062 5299 anno
1093 5248 1197 5300 416
1223 5246 1276 5300 8.
1311 5247 1587 5317 Stephani
1626 5248 1920 5318 reliquias,
1968 5249 2072 5302 ait:

382 5338 448 5390 In
480 5335 693 5388 castello
724 5332 1002 5394 Sinitensi,
1036 5335 1180 5403 quod
1208 5337 1549 5403 Hipponensi
1587 5338 1803 5390 colonia
1837 5337 2078 5390 vicinum

381 5427 478 5491 est,
529 5421 765 5491 ejusdem
805 5423 904 5475 loci
952 5421 1192 5477 Lucillus
1234 5425 1538 5491 episcopus,
1591 5428 1694 5478 etc.
1746 5425 1809 5476 In
1860 5424 2079 5478 excusis

379 5507 667 5564 codicibus
709 5507 918 5576 legitur
941 5509 1256 5578 Synicensi;
1289 5510 1385 5564 sed
1415 5515 1663 5582 quatuor
1691 5512 1912 5566 codices
1941 5529 2073 5569 mss.

2183 4368 2486 4422 collatione
2537 4386 2660 4439 cap.
2714 4373 2779 4423 65
2847 4370 2970 4423 hac
3005 4369 3174 4424 dixit:
3225 4372 3368 4426 Nam
3397 4371 3553 4422 etiam
3600 4363 3650 4414 in
3693 4352 3800 4424 plebe

2175 4459 2459 4525 praesentis
2489 4460 2819 4511 sanctissimi
2843 4458 3050 4526 (mulus
3102 4458 3326 4511 mulum
3357 4457 3535 4521 fricat)
3573 4449 3743 4512 collega?
3759 4453 3799 4489 σε

2181 4546 2380 4610 fratris
2399 4548 2503 4602 mei
2547 4547 2841 4614 Adeodati,
2888 4547 2948 4600 id
2985 4552 3082 4613 est,
3105 4549 3163 4600 in
3183 4548 3402 4600 civitate
3431 4542 3722 4598 Milevitana,
3747 4532 3798 4580 ila

2183 4635 2465 4688 commissa
2496 4650 2581 4690 res
2610 4639 2709 4700 est,
2732 4640 2792 4689 ut
2833 4651 2998 4689 unum
3025 4635 3231 4690 ibidem
3256 4634 3452 4688 habeat
3476 4623 3795 4686 adversarum.

2184 4723 2414 4775 alterum
2442 4726 2500 4776 in
2533 4725 2794 4777 Tuncensi
2821 4726 3060 4789 civitate,
3094 4726 3192 4792 qui
3216 4723 3292 4776 ad
3324 4724 3484 4790 hujus
3515 4716 3688 4773 scilicet
3715 4706 3796 4775 p16—

2183 4809 2297 4862 bem
2325 4813 2628 4878 antiquitus
2655 4813 2915 4879 pertinet,
2945 4817 2995 4866 et
3041 4817 3166 4866 ante
3198 4813 3470 4865 biennium
3501 4805 3689 4860 videtur
3724 4803 3798 4847 €856

2183 4901 2522 4952 constitutus.
2563 4878 2671 4952 Hic
2713 4900 2831 4970 ipse
2872 4907 2995 4955 erat
3044 4900 3325 4965 Sabinus;
3371 4896 3572 4953 etenim
3600 4904 3701 4957 cap~
3730 4878 3797 4934 13°

2184 4987 2318 5040 edit.
2370 4987 2573 5041 Labbei
2623 4989 2744 5041 hac
2789 4989 3109 5042 habentur:
3151 4989 3390 5042 Sabinus
3420 4987 3669 5054 episcopus
3704 4971 3798 5024 Tuc-

2183 5079 2372 5131 censis.
2415 5077 2561 5130 Idem
2600 5079 2783 5131 discit:
2835 5080 3034 5132 Prasto
3081 5093 3218 5132 sum.
3252 5075 3557 5131 Adeodatus
3584 5065 3797 5135 episcopus

2184 5165 2366 5220 dixit:
2415 5167 2477 5219 In
2506 5166 2718 5220 diacesi
2762 5182 2879 5220 mea
2925 5171 3004 5220 est
3047 5166 3353 5220 ordinatus.
3405 5164 3590 5230 Itaque
3636 5152 3796 5205 Tunca.

2185 5268 2282 5305 seu
2321 5253 2522 5319 Tucca,
2562 5254 2696 5307 nolo
2725 5254 2879 5306 enim
2911 5255 2980 5308 de
3011 5253 3245 5308 nomine
3276 5268 3404 5307 cum
3435 5241 3678 5304 Garnerio
3702 5245 3798 5287 con-

2183 5341 2454 5394 tentionis
2477 5341 2670 5395 funem
2691 5342 2915 5410 ducere,
2944 5347 3065 5396 erat
3085 5343 3143 5396 in
3171 5341 3399 5396 dioecesi
3439 5332 3728 5392 Milevitana-
3749 5319 3799 5371 At

2188 5429 2399 5483 Milevis
2428 5446 2600 5500 quam
2633 5430 2862 5485 Mileum
2889 5431 3167 5486 Antonius
3217 5434 3396 5494 vocat,
3447 5410 3797 5480 distabatCiria

2182 5533 2375 5571 versus
2404 5520 2750 5589 Ampsagam
2778 5519 2919 5574 mill.
2959 5535 3109 5590 pass.
3130 5523 3220 5585 25,
3252 5523 3308 5572 et
3344 5518 3403 5571 in
3447 5509 3652 5569 Tabulis
3690 5503 3796 5554 Ρθυο
