3922 6188
156 308 236 360 309
470 304 475 309 ’
891 292 1252 350 VARIORUM
1291 293 1890 351 EXERCITATIONES
1927 295 1998 350 IN
2037 296 2090 349 S.
2134 285 2500 350 AUGUSTINI
2542 292 2790 348 OPERA.

3490 297 3592 348 310

154 421 431 495 tingerianis
460 418 719 473 scribitur
750 419 932 472 Milev.
967 420 1190 487 colonia,
1225 423 1283 473 et
1335 420 1568 490 ponitur
1633 419 1779 472 infra
1809 420 1848 473 A
1889 419 2038 472 nodo
2071 418 2546 488 rebaptizantium
2577 418 2900 487 appellatur
2947 419 3099 488 apud
3131 422 3276 489 Aug.
3312 419 3389 473 lib
3437 436 3490 472 vr
3521 419 3589 473 de

154 511 482 570 Rusiccadem,
512 523 634 578 qua
655 507 808 561 Cirta
829 507 1026 560 aberat
1056 525 1119 561 ex
1152 507 1334 562 Plinio
1365 511 1432 562 48
1465 508 1605 562 mill.
1630 524 1779 577 pass.

153 603 268 657 Cirta
292 613 397 652 non
416 601 531 650 erat
558 595 616 648 in
647 587 836 648 media
866 595 1161 661 Numidia;
1210 612 1346 650 nam
1377 597 1619 650 distabat
1648 597 1782 666 Hip—

148 704 264 760 pone
283 685 444 755 Regio
467 684 602 737 mill.
629 700 778 753 pass.
805 686 894 751 94,
922 688 976 736 et
996 683 1262 737 Numidia
1284 686 1438 738 ultra
1463 685 1784 754 Hipponem

145 778 402 831 Tabracam
431 787 607 842 usque
646 772 914 824 ultimum
954 772 1264 840 provincia
1321 772 1560 826 limitem
1591 789 1784 826 versus

142 865 406 927 Orientem,
437 859 884 930 protendebatur
903 860 1046 914 mill.
1071 877 1220 929 pass.
1257 864 1342 914 64.
1376 861 1559 914 Milevi
1580 860 1781 913 Cuicu-

140 954 233 1006 lum
253 955 542 1004 extremam
563 948 846 1003 Numidia
861 948 1061 1002 urbem
1074 964 1270 1002 versus
1288 948 1646 1003 Occidentem
1664 953 1786 1002 erat

137 1041 222 1094 iter
246 1038 370 1091 mill.
395 1053 536 1106 pass.
561 1039 648 1102 50,
669 1037 978 1090 Tabracam
1000 1053 1134 1092 vero
1157 1038 1295 1092 mill.
1319 1053 1471 1106 pass.
1497 1039 1618 1104 183,
1641 1053 1783 1090 eun-

137 1127 255 1180 tibus
287 1126 349 1180 ad
387 1125 839 1196 proconsulares.
885 1126 1014 1178 Hac
1062 1141 1130 1178 ex
1160 1124 1463 1178 ltinerario
1509 1125 1785 1178 Antonini

135 1219 318 1284 patent.
344 1214 535 1284 Itaque
560 1214 770 1277 Tunca,
792 1230 920 1284 qua
951 1217 1075 1267 erat
1104 1213 1163 1266 in
1195 1213 1419 1267 diacesi
1441 1213 1781 1282 Milevitana,

134 1321 224 1357 non
251 1309 361 1356 erat
389 1303 444 1356 in
484 1303 672 1356 media
703 1304 990 1370 Numidia,
1016 1303 1111 1358 sed
1143 1319 1314 1373 supra
1354 1303 1563 1357 Cirtam
1595 1318 1784 1355 versus

133 1391 396 1443 Sitifenses.
429 1391 492 1442 In
530 1389 760 1443 Tabulis
813 1390 1268 1459 Peutingerianis
1309 1407 1397 1444 res
1454 1391 1523 1445 ad
1553 1391 1782 1444 oculum

133 1483 271 1549 patet.
303 1478 438 1532 Hinc
469 1477 641 1531 etiam
672 1478 892 1530 deduco
942 1479 1204 1532 neutrius
1246 1481 1465 1544 Tucca,
1527 1495 1667 1549 quas
1715 1495 1783 1532 ex

131 1567 306 1636 synodo
357 1567 410 1620 S.
478 1565 747 1636 Cypriani
812 1566 1029 1631 laudat,
1097 1566 1373 1620 Sabinum
1453 1567 1782 1637 episcopum

130 1655 293 1720 fuisse;
324 1670 450 1707 nam
481 1654 592 1707 illa
629 1654 799 1707 urbes
829 1670 962 1707 suos
1009 1654 1298 1708 habebant
1328 1655 1622 1724 episcopos
1653 1660 1780 1708 ante

130 1760 305 1796 annum
333 1743 558 1812 epocha
590 1741 923 1797 Christiana
962 1746 1088 1810 258,
1139 1760 1251 1812 quo
1283 1742 1598 1812 Cyprianus
1630 1759 1780 1796 mar-

131 1832 303 1901 tyrium
357 1831 562 1898 subiit;
597 1830 877 1900 oppidum
907 1847 1038 1884 vero
1096 1831 1293 1885 Sabini
1344 1835 1468 1884 ante
1513 1832 1784 1884 biennium

132 1936 267 1990 quam
310 1919 529 1974 collatio
582 1918 926 1989 Carthagine
980 1919 1306 1986 haberetur,
1367 1935 1575 1988 nempe
1631 1935 1781 1972 anno

130 2010 207 2061 109
233 2008 523 2078 episcopali
564 2007 818 2077 primum
852 2007 1132 2077 dignitate
1186 2010 1452 2059 ornatum
1492 2006 1620 2067 fuit,
1653 2021 1782 2058 cum

131 2099 387 2165 antiquitus
410 2097 564 2150 intra
593 2095 881 2149 diacesim
929 2094 1233 2149 Milevitani
1280 2093 1545 2147 antistitis
1585 2109 1782 2146 cense-

131 2192 254 2239 retur
266 2227 280 2240 .

185 2275 456 2328 Fwsrmus
513 2273 850 2327 SiLLnAmrs.
899 2276 985 2326 Ita
1029 2273 1089 2324 in
1139 2272 1420 2325 collatione
1457 2272 1673 2337 legitur.
1723 2273 1786 2324 In

131 2366 294 2417 Notitia
318 2379 434 2417 vero
463 2362 739 2418 Numidia
780 2365 841 2429 ﬁt
878 2361 1074 2414 mentio
1107 2361 1342 2414 Maximi
1387 2361 1654 2426 Sillitani,
1689 2361 1786 2426 qui

128 2452 258 2515 periit
274 2452 326 2501 in
353 2451 545 2504 itinere
578 2449 652 2502 ad
676 2450 947 2502 exsilium.
983 2449 1046 2501 In
1076 2449 1278 2502 eadem
1300 2448 1536 2501 omnino
1577 2448 1787 2518 pagina

127 2536 234 2589 duos
258 2537 541 2590 Faustinos
573 2535 774 2590 Sillita
805 2536 1102 2605 episcopos
1133 2552 1281 2589 anno
1313 2538 1417 2589 416
1451 2535 1786 2589 Milevitana

128 2624 300 2691 synodo
349 2628 665 2694 prasentes
721 2623 872 2676 facit.
939 2624 1108 2676 Error
1173 2622 1464 2688 immanis,
1515 2623 1615 2692 qui
1671 2638 1787 2675 non

131 2711 258 2765 modo
282 2712 596 2777 memoria,
630 2727 830 2766 verum
854 2711 1026 2764 etiam
1055 2711 1348 2764 oculorum
1372 2711 1786 2780 propemodum
1841 2741 1844 2744 ι

132 2799 368 2853 defectum
396 2800 616 2853 indicat
659 2816 672 2853 :
711 2799 757 2852 si
805 2805 998 2852 tamen
1028 2798 1272 2868 vigilans
1301 2814 1367 2850 ea
1418 2798 1659 2868 scripsit.
1690 2799 1786 2852 Mi-

132 2901 223 2940 rare
258 2888 480 2941 interim
541 2892 707 2941 notas
740 2887 944 2941 iisdem
978 2887 1210 2940 omnino
1247 2885 1433 2938 verbis
1484 2884 1789 2937 concinna-

1894 507 2076 575 Bapt.,
2109 522 2229 575 cap.
2269 509 2353 570 1'2,
2382 507 2728 561 Nemesianus
2776 495 2810 558 a
2863 508 3131 573 Tubunis;
3162 509 3315 561 idem
3372 509 3591 577 pariter

1892 595 2055 664 epist.
2078 597 2148 646 70
2185 594 2439 647 Tubunas
2470 593 2766 660 nominat;
2797 596 2894 648 sed
2929 612 3029 648 nec
3059 595 3250 649 addita
3282 595 3468 649 cautio
3499 597 3588 649 vel

1891 699 2094 754 parum
2128 683 2420 736 hominem
2443 684 2622 752 juvat.
2665 683 2822 737 Unde
2854 683 3030 735 habet
3070 683 3328 753 quinque
3362 684 3589 737 Cresco-

1893 772 2036 832 nios,
2070 771 2169 841 qui
2210 787 2360 823 anno
2406 773 2502 824 411
2563 770 2854 824 collationi
2899 770 3232 837 interfuere,
3281 788 3433 825 anno
3486 775 3590 827 416

1891 860 2074 913 adhuc
2124 859 2459 928 superstites
2508 857 2698 924 fuisse,
2736 875 2805 912 ne
2837 875 2952 911 uno
2981 859 3211 928 quidem
3243 859 3394 913 intra
3421 861 3589 930 quin—

1892 947 2208 1019 quennium
2263 945 2570 1000 defuncto?
2621 948 2778 1000 Itane
2837 948 3092 1017 quinque
3152 948 3590 1002 Cresconiorum

1893 1053 2164 1090 numerus
2225 1037 2399 1106 pleno
2469 1035 2865 1106 quinquennio
2921 1037 3110 1106 elapso
3161 1053 3276 1090 non
3320 1037 3586 1098 decrevit,

1892 1129 2122 1178 auctore
2169 1123 2464 1190 Garnerio,
2516 1123 2619 1193 qui
2664 1123 2732 1177 de
2782 1124 3059 1194 Delphino
3104 1125 3371 1192 scribens,
3433 1126 3590 1179 brevi

1891 1213 2108 1267 biennii
2142 1213 2322 1282 spatio
2349 1211 2666 1265 octodecim
2698 1211 2757 1264 in
2790 1229 2906 1265 una
2939 1212 3232 1281 provincia
3271 1212 3586 1282 episcopos,

1890 1305 1956 1354 ut
1989 1301 2302 1366 ostendam,
2353 1300 2506 1352 diem
2558 1298 2767 1351 obiisse
2799 1298 3103 1368 publicat?
3140 1301 3250 1353 Cur
3307 1316 3411 1353 nec
3439 1316 3590 1352 unus

1893 1389 2092 1442 saltem
2140 1388 2371 1441 illorum
2419 1387 2854 1440 Cresconiorum
2914 1387 3068 1440 domi
3146 1387 3440 1451 remansit,
3497 1388 3582 1439 vel

1891 1478 2083 1531 nullus
2132 1477 2387 1546 ejusdem
2429 1475 2678 1528 nominis
2727 1475 3028 1544 episc0pus
3069 1475 3220 1529 intra
3265 1475 3590 1545 quinquen-

1892 1566 2052 1620 nium
2082 1569 2440 1620 consecratus
2485 1563 2771 1617 Milevium
2803 1563 3107 1632 perrexit?
3140 1563 3234 1616 His
3265 1563 3408 1616 addo
3440 1563 3586 1617 alte-

1890 1671 2014 1708 ram
2064 1655 2236 1707 fuisse
2288 1653 2585 1706 Tubunam
2630 1651 2690 1704 in
2741 1651 3074 1704 Mauritania
3135 1651 3472 1705 Caesariensi
3522 1667 3588 1705 ex

1896 1743 2105 1797 Notitia
2128 1745 2462 1807 memorata,
2497 1745 2553 1793 et
2580 1739 2639 1792 in
2670 1740 2943 1792 alterutra
2968 1739 3107 1791 urbe
3140 1739 3286 1792 sedit
3304 1740 3591 1794 Nemesia-

1893 1848 2021 1895 nus,
2051 1847 2224 1901 quem
2257 1846 2324 1882 ex
2363 1828 2631 1898 Cypriani
2674 1827 2891 1897 synodo
2925 1826 3304 1896 appellabam.

1970 1921 2180 1983 Vm‘ron,
2221 1919 2572 1981 GIGNANTIUS,
2632 1921 2688 1969 et
2729 1917 3109 1968 Possmost.
3175 1916 3394 1968 Incerta
3423 1913 3587 1967 sedis.

1894 2009 2041 2072 Quid
2073 2007 2154 2060 illi
2186 2006 2325 2059 mali
2361 2005 2558 2058 intulit
2594 2007 2781 2058 Victor
2819 2006 3096 2072 episcopus
3130 2004 3456 2067 Cullitensis,
3489 2003 3589 2070 qui

1893 2113 2015 2167 cap.
2046 2099 2142 2150 125
2184 2094 2245 2148 in
2277 2093 2580 2148 collatione
2620 2091 3000 2146 nominatur?
3043 2090 3172 2144 Fuit
3219 2088 3375 2141 enim
3407 2088 3590 2154 Cultu,

1893 2201 1988 2238 seu
2023 2185 2225 2254 Colops
2256 2197 2518 2252 magnus,
2544 2179 2826 2234 Numidia
2854 2177 3134 2248 oppidum
3165 2176 3369 2242 Plinio,
3404 2177 3591 2229 Ptole—

1895 2289 2061 2338 mao,
2084 2271 2395 2337 Antonino,
2422 2269 2664 2338 aliisque
2695 2268 2757 2321 in
2784 2267 3053 2321 Numidia
3075 2268 3476 2330 memoratum,
3497 2279 3594 2317 cu-

1890 2362 1984 2432 jus
2014 2361 2186 2414 sit.um
2239 2359 2299 2412 in
2331 2357 2609 2411 littorario
2659 2356 2816 2409 illius
2848 2354 3155 2425 provincia
3187 2352 3392 2406 itinere
3433 2350 3596 2405 exhi-

1897 2450 2032 2502 bent
2063 2448 2290 2502 Tabula
2329 2444 2804 2513 Peutingeriana.
2857 2442 3087 2497 Solinus
3118 2457 3243 2505 cap.
3285 2443 3351 2492 27
3383 2440 3450 2493 de
3481 2439 3594 2492 Nu-

1898 2535 2074 2587 midia
2107 2550 2278 2604 agens
2312 2550 2325 2586 :
2361 2535 2544 2598 Urbes,
2579 2533 2788 2602 inquit.
2845 2533 2904 2585 in
2951 2547 3014 2583 ea
3061 2530 3474 2598 quamplurimas
3500 2543 3597 2579 no-

1899 2622 2134 2689 bilesque
2160 2620 2253 2673 sed
2294 2621 2447 2675 Cirta
2499 2621 2709 2682 eminet,
2760 2618 2884 2671 dein
2935 2618 3109 2682 Cullu,
3171 2630 3444 2684 purpureo
3472 2615 3597 2679 fuco

1903 2711 2084 2777 Tyriis
2105 2708 2386 2761 velleribus
2421 2711 2760 2775 compa-rata.
2793 2707 2919 2758 Hac
2949 2704 3062 2757 ille.

1971 2799 2253 2849 ANTONIUS
2319 2795 2466 2848 forte
2541 2797 2895 2846 Amommus
2962 2793 3388 2855 Lauronrmsrs,
3440 2790 3596 2858 cujus

1900 2885 2095 2936 mentio
2141 2887 2219 2935 est
2267 2885 2323 2934 in
2373 2883 2653 2934 collatione
2677 2897 2710 2954 ς,
2742 2881 3170 2945 Lamfortensem
3217 2893 3378 2946 porro
3425 2877 3598 2930 Eccle-

135 2980 208 3038 tas,
259 2976 478 3046 utrique
553 2976 825 3029 Faustino
881 2975 1146 3046 supponi.
1197 2975 1342 3028 Sane
1396 2989 1525 3043 qua
1575 2972 1644 3025 de
1685 2973 1792 3025 hoc
1831 2987 1868 3039 C
1900 2973 2037 3026 siam
2063 2971 2392 3039 pertinuisse
2419 2969 2493 3022 ad
2514 2969 2850 3031 Numidiam,
2898 2967 3095 3036 probat
3141 2967 3351 3022 Notitia
3392 2967 3594 3033 cpisco-

134 3062 350 3116 l‘austino
375 3067 741 3133 repetuntur,
788 3063 900 3117 dici
947 3065 1241 3134 nequeunt
1304 3077 1399 3115 nec
1429 3063 1544 3114 sine
1572 3075 1704 3113 cura
1743 3067 1793 3114 et

132 3150 272 3204 labore
313 3156 586 3206 exarata:
647 3150 785 3222 quid
833 3151 990 3205 enim
1052 3151 1272 3204 facilius
1329 3154 1414 3204 est
1477 3164 1651 3220 quam
1699 3164 1792 3202 ex-

133 3239 334 3294 scribere
357 3242 385 3294 ?

186 3329 458 3384 FAUSTINL’S
495 3345 682 3383 ALTER.
720 3329 814 3383 Vel
872 3329 977 3395 hic,
1009 3329 1091 3382 vel
1142 3329 1242 3381 iste
1296 3328 1587 3382 Sillitanus
1633 3327 1788 3392 fuit:

131 3419 350 3474 alteruter
385 3425 656 3489 ignorata
697 3419 859 3474 sedis.
892 3421 1006 3473 Nec
1047 3419 1174 3485 iste,
1229 3435 1331 3472 nec
1363 3419 1459 3471 ille
1501 3417 1792 3471 Sillitanus

131 3505 230 3573 fuit,
272 3510 374 3563 nisi
413 3509 580 3580 prior
637 3509 959 3574 Faustinus,
1018 3523 1189 3578 quem
1238 3507 1296 3559 in
1354 3506 1609 3561 Sillitana
1660 3505 1792 3558 sede

132 3593 384 3664 locaverat,
417 3596 738 3667 dejiciatur.
770 3597 1052 3650 Caterum
1095 3595 1295 3649 tertius
1354 3595 1445 3648 hic
1492 3593 1793 3648 Faustinus

130 3687 333 3755 emergit
359 3685 416 3739 in
447 3683 781 3740 Milevitana
805 3684 1021 3754 synodo
1061 3683 1164 3736 uni
1197 3682 1468 3737 Garnerio
1509 3680 1791 3751 cognitus,

129 3773 307 3826 cateris
327 3774 624 3843 hucusque
665 3773 980 3842 ignoratus.
1024 3771 1091 3825 Hi
1122 3771 1357 3842 quidem
1385 3775 1499 3823 tres
1539 3769 1792 3839 episcopi

131 3857 175 3912 in
199 3861 492 3933 epigraphe
524 3864 902 3916 numerantur
929 3861 1015 3914 vel
1036 3859 1186 3930 apud
1215 3859 1406 3928 ipsum
1432 3858 1787 3921 Garnerium,

131 3946 354 4018 SABINUS,
380 3953 704 4015 FAITSTINUS,
739 3951 1091 4005 Cnascoxms.
1125 3951 1196 4002 At
1225 3948 1320 4000 ille
1353 3947 1552 4000 eadem
1592 3950 1790 3998 aucto-

130 4033 268 4090 ritate
292 4055 398 4108 qua
422 4054 602 4092 novas
630 4038 801 4091 urbes
830 4035 1047 4100 condit,
1080 4051 1192 4106 qua
1221 4035 1387 4088 binos
1415 4034 1475 4086 in
1515 4049 1630 4085 una
1660 4032 1790 4085 sede

131 4123 385 4196 episc0pos
437 4128 605 4191 locat,
648 4141 761 4195 qua
799 4123 1094 4178 civitatum
1125 4127 1181 4176 et
1211 4122 1522 4192 prasulum
1553 4119 1790 4173 nomina

133 4208 408 4280 detruncat,
437 4217 634 4283 auget,
667 4216 999 4277 commutat,
1029 4211 1250 4279 eadem,
1282 4209 1539 4280 inquam,
1599 4213 1790 4261 aucto-

132 4298 270 4354 ritate
302 4303 628 4367 FAL‘STINL’M,
664 4317 849 4370 nuper
879 4299 1033 4354 domi
1067 4315 1184 4352 sua
1215 4302 1414 4352 natum
1435 4296 1787 4366 episcopum,

134 4385 232 4439 sine
279 4389 544 4444 tractoria
573 4390 786 4459 synodo
838 4388 1100 4455 intrudit,
1132 4403 1262 4440 cum
1304 4386 1432 4455 jure
1490 4383 1708 4437 ferendi
1736 4383 1796 4436 in

133 4473 402 4546 Pelagiana
432 4494 604 4532 causa
633 4476 906 4546 suffragii,
934 4476 1209 4529 Contineo
1239 4475 1542 4543 impetum,
1575 4488 1644 4524 ne
1676 4472 1791 4540 epi-

134 4562 255 4616 stola
274 4565 329 4617 in
357 4570 602 4636 satyram
636 4563 842 4634 migret
869 4579 882 4628 ;
915 4578 1112 4615 vereor
1141 4565 1334 4615 tamen
1363 4575 1435 4612 ne
1465 4559 1585 4628 ipse
1615 4557 1796 4611 risum

134 4651 389 4707 continere
417 4653 622 4724 possis,
658 4652 796 4706 dum
842 4651 962 4704 hac
991 4666 1099 4704 non
1136 4652 1254 4704 sine
1284 4664 1415 4701 cura
1448 4663 1480 4698 a
1519 4646 1793 4700 Garnerio

135 4737 312 4808 scripta
359 4741 542 4804 audis,
587 4740 686 4810 qui
720 4756 792 4793 ne
823 4739 973 4792 ullus
1008 4738 1068 4791 in
1117 4735 1485 4790 numerandis
1517 4733 1798 4803 episcopis

136 4839 270 4880 error
307 4829 585 4900 obreptet,
640 4826 981 4898 epigraphes
1046 4825 1256 4879 iterum
1299 4822 1554 4893 legenda
1600 4837 1797 4874 curam

137 4912 344 4971 dimisit.

196 5004 513 5060 CRESCONIUS
549 5006 917 5058 TUBINIENSIS.
963 5001 1098 5055 Cum
1155 5004 1355 5070 qinque
1399 5001 1798 5056 Cresconiorum

137 5091 328 5144 nomina
355 5096 464 5146 sint
488 5095 758 5160 inscripta
787 5090 1072 5158 synodica,
1115 5091 1253 5143 scire
1282 5087 1497 5156 quidem
1516 5101 1797 5155 possumus

139 5190 236 5242 qua:
256 5179 405 5233 abiis
433 5181 709 5248 indefinite
758 5179 1017 5232 Ecclesia
1069 5179 1129 5229 in
1174 5177 1432 5232 Numidia
1483 5179 1638 5228 rectae
1684 5176 1800 5239 fue-

138 5267 496 5335 rint;deﬁnire
533 5284 638 5321 non
663 5281 947 5337 possumus
968 5281 1088 5335 qua:
1114 5281 1148 5317 a
1194 5265 1445 5331 singulis.
1481 5264 1798 5315 Cresconius

145 5353 455 5410 Tubiniensis
509 5359 712 5425 aliquis
752 5356 1064 5424 appellatur
1103 5355 1162 5406 in
1215 5353 1513 5416 collatione,
1579 5352 1802 5418 ponitur

142 5453 244 5494 vero
276 5445 330 5497 in
346 5446 550 5501 Notitia
578 5445 848 5500 Numidia
885 5446 1189 5512 Reparatus
1238 5439 1617 5494 Tubuniensis.
1649 5437 1801 5491 Scri-

143 5525 366 5587 bendum
393 5537 476 5587 est
500 5533 713 5604 ubique
751 5533 1130 5598 Tubuniensis,
1163 5533 1229 5584 ut
1256 5529 1315 5582 in
1346 5527 1578 5581 Notitia.
1601 5527 1664 5578 In
1711 5541 1798 5596 sy-

1898 3075 2093 3129 porum
2136 3057 2422 3123 Numidiae,
2468 3072 2587 3110 cum
2619 3059 2851 3109 recenset
2881 3057 3024 3108 inter
3073 3056 3400 3120 confessores
3457 3053 3594 3105 Feli-

1899 3164 2008 3202 cem
2045 3148 2491 3212 Lamfortensem.
2531 3145 2573 3198 Ο
2605 3160 2778 3215 quam
2803 3144 3046 3213 turpiter
3071 3143 3153 3196 illi
3203 3141 3370 3194 vertit
3394 3156 3460 3194 ex
3489 3143 3600 3194 Au-

1901 3233 2060 3289 tonio
2099 3233 2325 3286 ﬁnxisse
2349 3229 2766 3286 Antonianum!
2805 3231 3097 3300 Nusquam
3142 3227 3426 3281 infelicius
3453 3227 3596 3280 allu-

1900 3323 2120 3376 cinatus
2151 3326 2270 3386 est;
2305 3320 2519 3374 etenim
2549 3318 2892 3372 catholicum
2918 3317 3248 3388 episcopum
3273 3316 3331 3369 in
3361 3314 3599 3369 hareti-

1899 3428 2030 3465 cum
2058 3408 2444 3464 commutavit.
2476 3410 2541 3461 In
2571 3406 2869 3460 collatione
2911 3423 3032 3475 cap.
3078 3409 3195 3470 149,
3229 3407 3357 3475 post
3388 3405 3598 3458 Janua-

1900 3500 2051 3553 rium
2076 3503 2131 3551 et
2154 3495 2502 3551 Primianum
2531 3494 2950 3547 Donatistarum
2970 3492 3396 3562 primates,fere
3409 3491 3598 3542 statim

1900 3587 2170 3640 recitatur
2223 3585 2570 3638 Antonianas
2599 3583 2877 3651 episcopus
2908 3581 3300 3642 Lansortensis,
3347 3577 3447 3648 qui
3473 3593 3596 3647 cap.

1903 3679 2025 3743 163,
2060 3689 2190 3727 cum
2219 3671 2428 3726 iterum
2471 3671 2624 3724 inter
2679 3669 3102 3722 Donatistarum
3145 3667 3373 3721 turbam
3411 3664 3598 3719 nomi-

1899 3763 2156 3830 naretur,
2184 3760 2361 3814 dixit:
2395 3761 2515 3816 Non
2542 3760 2656 3812 illic
2679 3758 2845 3810 habeo
2885 3757 3281 3810 adversarium.
3314 3753 3600 3807 Pessimus

1900 3851 2054 3905 enim
2087 3848 2376 3903 Donatista
2403 3849 2582 3899 totam
2607 3845 2896 3898 diacesim
2926 3844 2986 3897 in
3016 3848 3176 3912 parte
3208 3841 3412 3895 Donati
3439 3840 3599 3894 omni

1902 3937 2090 3993 studio
2143 3935 2394 3990 tenebat.
2457 3935 2520 3987 Et
2550 3934 2702 3986 hunc
2743 3934 3168 3986 Donatistarum
3207 3926 3590 3998 primipilum,

1901 4031 2177 4095 tanquam
2204 4023 2335 4078 Saul
2368 4023 2519 4074 inter
2562 4021 2880 4090 prophetss.
2942 4018 3088 4071 locat
3120 4013 3426 4069 Garnerius
3455 4013 3602 4066 inter

1903 4111 2206 4166 catholicos
2255 4108 2553 4178 episcopos
2602 4105 2805 4175 synodi
2862 4102 3248 4159 Milevitana?
3297 4102 3463 4154 Estne
3494 4100 3600 4151 ista

1903 4205 2161 4255 immensa
2189 4197 2512 4251 eruditionis
2542 4198 2698 4262 copia
2733 4209 2842 4261 qua
2869 4195 2966 4246 via:
3009 4207 3114 4244 non
3156 4191 3405 4243 obruitur
3438 4190 3601 4244 Chri-

1903 4292 2114 4345 stianus
2142 4285 2364 4354 Lupus?
2402 4283 2615 4338 Omitto
2668 4281 2819 4351 quod
2849 4281 3021 4350 hujus
3055 4277 3309 4332 liaretici
3353 4276 3598 4330 Ecclesia

1905 4391 2022 4429 non
2076 4374 2450 4438 Lanfortensis
2498 4370 2734 4424 dicenda
2781 4372 2883 4435 est,
2944 4368 3042 4421 sed
3084 4367 3477 4421 Lansortensis.
3521 4365 3603 4417 Ita

1903 4463 2116 4534 legitur
2143 4463 2203 4516 in
2226 4461 2553 4527 collatione,
2589 4460 2751 4530 cujus
2772 4456 3162 4512 testimonium
3194 4453 3455 4523 proxime
3480 4453 3604 4508 lau-
3633 4469 3638 4474 ·

1907 4553 2133 4618 dabam,
2179 4552 2238 4605 in
2272 4550 2482 4604 Notitia
2527 4549 2851 4619 appellatur
2905 4547 3056 4600 Fcliac
3099 4543 3514 4608 Lansortensis;
3545 4540 3603 4593 in

1905 4640 2121 4710 synodo
2191 4637 2461 4692 Bonifacii
2527 4652 2620 4690 an.
2679 4638 2778 4688 525
2833 4635 3133 4688 Florentius
3206 4631 3600 4685 Lansortensis.

1907 4731 2053 4782 Dum
2081 4726 2252 4780 audio
2284 4725 2621 4779 Garnerium
2658 4740 2724 4777 ex
2761 4723 3010 4776 Antonio
3057 4720 3469 4782 Antonianum,
3501 4718 3604 4770 hoc

1907 4822 2011 4882 est,
2048 4832 2114 4868 ex
2160 4813 2438 4868 catholico
2485 4812 2818 4865 hareticum
2867 4811 3189 4878 eil‘ormare,
3216 4824 3332 4861 non
3371 4821 3601 4876 possum

1907 4923 2023 4959 non
2053 4908 2308 4975 repetere
2341 4902 2597 4971 lepidum
2639 4900 2974 4970 Hieronymi
3008 4899 3219 4952 dictum
3251 4896 3312 4948 in
3341 4893 3605 4964 apologia

1906 4994 2086 5065 priori
2115 4996 2309 5046 contra
2341 4991 2634 5056 Ruﬁnum,
2688 4990 2785 5059 qui
2847 4986 3069 5042 Eusebii
3096 4984 3289 5038 Ariani
3339 4998 3443 5052 pro
3474 4981 3605 5035 Ori-

1908 5097 2050 5152 gene
2076 5081 2286 5134 librum
2318 5080 2374 5134 S.
2400 5076 2685 5148 Pamphili
2709 5077 2972 5146 martyris
3005 5075 3168 5127 titulo
3223 5075 3603 5140 pranotatum

1907 5170 2297 5240 publicaverat
2336 5184 2349 5220 :
2382 5168 2522 5220 Cum
2568 5170 2797 5229 tantam,
2833 5162 3040 5233 inquit,
3097 5160 3294 5211 habeas
3326 5158 3600 5210 licentiam

1907 5261 2183 5313 nominum
2223 5255 2701 5320 immutandorum,
2756 5258 2818 5305 ut
2855 5251 2919 5304 de
2963 5247 3197 5301 Eusebio
3236 5247 3604 5314 Pamphilum,

1911 5349 1974 5401 de
2002 5349 2242 5400 haretico
2270 5350 2565 5412 martyrem
2612 5343 2826 5408 feceris,
2859 5336 3125 5390 cavendus
3172 5336 3342 5401 homo,
3376 5339 3427 5386 et
3473 5335 3608 5386 mihi

1909 5438 2146 5489 maxime
2189 5432 2562 5495 decl—inandus,
2613 5445 2678 5482 ne
2722 5444 2803 5481 me
2853 5429 3066 5493 repente
3115 5423 3244 5476 dum
3289 5425 3483 5488 nescio,
3541 5422 3607 5474 de

1913 5525 2252 5589 Hieronymo
2301 5518 2742 5584 Sardanapalum
2777 5515 3032 5566 nomines.
3076 5513 3202 5565 Haec
3233 5511 3347 5564 ille.
3379 5511 3605 5563 Poterat
