3890 6186
348 284 441 335 311
538 238 539 247 γ

1373 269 1931 327 SJPPLEMENTUM
1973 270 2062 325 AD
2099 268 2335 326 OPERA
2374 269 2428 323 S.
2469 262 2855 322 AUGUSTINI.

3702 272 3783 325 312

346 400 670 468 Garnerius,
718 397 1041 452 Antoniano
1095 394 1387 450 Donatista
1435 394 1494 447 in
1544 393 1755 447 malam
1812 408 2036 447 crucem
2068 395 2108 448 A
2146 391 2395 461 probato,
2424 391 2495 444 M.
2530 389 2780 457 Crispum
2814 383 3093 442 tribunum
3148 395 3267 435 cum
3312 381 3526 449 cohorte,
3571 391 3615 438 et
3640 393 3787 456 sagit-

347 490 502 544 abire
526 489 708 558 jusso,
740 487 929 557 legere
959 489 1130 555 caput
1166 487 1264 538 133
1309 482 1649 544 collationis,
1685 482 1782 535 ubi
1808 482 2041 551 ponitur

347 576 497 632 inter
546 576 846 630 catholicos
884 576 1153 629 Antonius
1208 574 1486 641 episcopus
1537 570 1708 639 plebis
1758 574 2037 636 Mutugen-

346 668 543 721 nensis.
566 662 889 718 Hotstenins
918 663 1063 715 hanc
1095 660 1399 715 Ecclesiam
1443 658 1503 712 iu
1539 657 1808 711 Numidia
1854 658 2037 727 ponit.

347 753 703 822 Augustinus
740 752 927 805 villam
956 751 1353 816 Mutugennam
1411 748 1471 801 in
1509 745 1798 801 territorio
1832 746 2041 816 Hippo-

349 841 512 895 nensi
541 844 802 894 recenset.
831 838 996 908 epist.
1030 839 1156 893 204.

419 930 782 982 INNOCENTIUS
815 926 1236 981 GERMANIENSIS.
1272 927 1355 978 lta
1404 923 1603 989 legitur
1638 923 1695 974 in
1736 921 2038 974 collatione.

348 1016 455 1068 Est
483 1018 659 1067 autem
683 1014 1059 1068 Germanensis
1089 1014 1281 1066 ciuitas
1334 1013 1394 1063 in
1420 1009 1698 1072 Numidia,
1723 1012 1783 1061 ut
1836 1011 2043 1061 constat

348 1118 415 1155 ea:
454 1103 706 1157 Notitia:
759 1106 1001 1154 censetur
1041 1103 1183 1154 enim
1213 1102 1356 1152 inter
1398 1099 1719 1163 conﬁssores
1779 1095 2043 1150 Numidas

348 1191 618 1257 episcopos
665 1189 1069 1243 Crescentianus
1120 1188 1510 1242 Germanensis.
1562 1186 1621 1239 Si
1648 1186 1717 1238 ab
1758 1200 1908 1237 anno
1941 1185 2035 1236 411

348 1276 419 1329 ad
454 1291 668 1329 annum
713 1277 816 1329 416
869 1274 1234 1327 Innocentius
1289 1273 1710 1328 Germaniensis
1759 1277 2045 1342 superstes

349 1364 473 1431 fuit,
522 1364 828 1432 nullusque
852 1363 997 1416 alius
1027 1362 1262 1431 hujusce
1292 1361 1543 1415 nominis
1569 1361 1867 1431 episcopus
1898 1360 2045 1412 inter

355 1453 452 1505 123
485 1449 768 1504 Numidiae
798 1448 1081 1502 antistites
1107 1447 1337 1514 exstitit,
1373 1464 1567 1501 verum
1606 1447 1763 1500 dicit.

422 1540 721 1592 PBESIDIUS
753 1541 808 1591 et
849 1537 1226 1591 CREsCENTIUS.
1267 1538 1486 1590 Incerta:
1534 1536 1693 1589 sedis.
1757 1535 2045 1605 Nusquam

354 1626 609 1680 securius
639 1625 747 1679 sibi
778 1624 1022 1678 consulit
1049 1639 1222 1694 quam
1243 1638 1373 1676 cum
1413 1621 1493 1675 ita
1518 1621 1793 1691 loquitur.

424 1715 586 1767 anx
619 1715 932 1767 TUBIENSIS.
965 1715 1050 1766 Ita
1081 1713 1278 1779 legitur
1302 1713 1361 1764 in
1400 1711 1698 1763 collatione.
1736 1708 2047 1763 Tubiensem

350 1817 473 1855 vero
519 1802 814 1855 Ecclesium
857 1816 963 1854 non
1004 1800 1196 1868 procul
1246 1815 1280 1852 a
1360 1799 1715 1864 Villaregensi
1792 1800 2046 1865 positam,

352 1893 514 1957 atque
542 1888 676 1941 adeo
708 1890 769 1940 in
817 1887 1079 1942 Numidia
1135 1885 1517 1950 collocandum,
1561 1885 1744 1951 colligi
1779 1887 2049 1951 potestea:

352 1978 546 2031 can.48
602 1975 728 2031 Coi.
798 1976 1081 2041 Africana
1136 1975 1402 2028 Ecclesia.
1471 1971 1672 2025 Vidisti
1729 1987 1794 2023 ex
1849 1971 2049 2024 eodem

352 2080 567 2119 canone
598 2064 925 2134 oppositum
964 2062 1250 2116 evidenter
1298 2060 1521 2115 deduci.
1565 2059 1689 2113 Dixi
1721 2059 1889 2112 etiam
1925 2059 2050 2112 Hol-

353 2152 602 2207 stenium
634 2167 765 2221 pag.
797 2154 862 2204 65
894 2155 947 2205 et
974 2153 1041 2205 96
1073 2150 1411 2204 Tubiensem
1444 2148 1745 2203 Ecclesiam
1775 2163 1905 2200 cum
1934 2148 2050 2200 Tu—

352 2241 628 2296 buniense
673 2239 1020 2294 confundere
1064 2255 1076 2292 :
1129 2254 1259 2291 cum
1306 2242 1497 2291 tamen
1530 2236 1716 2290 eidem
1759 2235 2051 2289 collationi

353 2327 715 2381 interfuerint
797 2342 867 2380 ex
913 2342 1035 2396 cap.
1100 2328 1191 2380 121
1226 2326 1380 2379 Felix
1439 2326 1812 2391 Tubuniensis,
1877 2328 1933 2377 et
1984 2340 2047 2377 ex

354 2432 477 2486 cap.
515 2418 614 2469 133
643 2416 797 2469 Felia:
830 2415 1130 2479 Tubiensis,
1153 2415 1322 2468 ambo
1349 2412 1608 2467 catholici
1634 2412 1904 2483 episcopi.

420 2504 702 2555 ANTONIUS
752 2502 1127 2554 FUSSALENSIS.
1169 2502 1255 2553 Ita
1327 2499 1544 2568 quidem
1615 2500 1752 2552 mihi
1830 2498 2051 2551 videtur

353 2592 602 2659 quamvis
658 2589 813 2643 nulla
855 2591 1030 2657 ipsius
1084 2592 1282 2642 mentio
1340 2590 1397 2641 in
1434 2589 1712 2641 collatione
1758 2589 1876 2654 ﬁat,
1909 2588 2050 2652 forte

286 2746 289 2755 μ
351 2679 485 2746 quia
514 2676 756 2732 nondum
795 2676 1081 2730 ordinatus
1120 2678 1320 2742 fuerat.
1351 2676 1472 2739 Quo
1493 2691 1627 2745 ergo
1654 2676 1782 2745 jure
1813 2674 1903 2727 hic
1927 2678 2049 2727 An—

353 2764 545 2819 tonius
590 2767 718 2833 post
767 2778 984 2817 annum
1043 2763 1468 2829 littordinatns,
1524 2761 1670 2815 sedit
1723 2762 1781 2813 in
1834 2761 2047 2831 synodo

357 2851 680 2907 Milevitana
726 2856 859 2905 ante
907 2851 1217 2916 Donatum,
1274 2849 1670 2920 Lampadium,
1729 2854 1785 2901 et
1818 2849 2047 2919 Delphi-

352 2956 513 3007 num,
545 2955 690 3009 quos
734 2938 921 2992 eidem
953 2936 1245 2992 collationi
1275 2939 1518 2993 adfuisse
1564 2936 1868 2991 Garnerius
1918 2954 2049 2991 mox

355 3028 593 3082 scribit?
616 3027 820 3082 Junior
845 3027 1518 3097 autiquioreslepiscopos
1543 3042 1607 3079 ex
1644 3041 1768 3078 can.
1824 3028 1889 3079 53
1910 3026 2044 3082 Cod.

354 3113 604 3168 Africani
633 3116 956 3185 praecedere
978 3132 1094 3168 non
1131 3120 1372 3185 poterat.

425 3203 640 3256 VICTOR.
675 3203 879 3269 Ignota
918 3203 1147 3271 perinde
1183 3202 1346 3268 sedis,
1380 3207 1541 3270 atque
1591 3203 1729 3256 alter
1776 3218 1902 3257 mea:
1945 3219 2045 3272 ap-

349 3290 600 3359 pellatus.
638 3292 766 3344 Haec
792 3290 861 3344 de
884 3296 1126 3361 utroque
1150 3290 1371 3343 Victore
1397 3290 1669 3356 scribens,
1700 3307 1803 3344 nec
1833 3292 2042 3360 oleum,

350 3393 455 3431 nec
496 3394 727 3448 operam
758 3378 965 3448 perdit,
1017 3377 1503 3448 quemadmodum
1536 3380 1687 3432 malo
1719 3379 1901 3433 eidem
1932 3379 2046 3433 fato

351 3464 414 3517 in
441 3464 687 3518 aliorum
725 3465 951 3518 sedibus
980 3463 1351 3533 designandis
1391 3465 1651 3535 contigit.

424 3553 757 3605 Homonarcs
811 3552 1213 3611 TABENNENSIS.
1274 3551 1382 3606 Cur
1449 3557 1626 3605 autem
1676 3548 2042 3618 Honoratum,

352 3642 450 3709 qui
475 3641 790 3694 Milevitana
820 3640 1001 3693 huicce
1057 3640 1279 3693 concilio
1318 3641 1593 3705 inter/uit,
1654 3639 2046 3693 Tabennensem

347 3729 531 3796 potius
558 3730 742 3795 putem
773 3742 937 3795 quam
967 3728 1371 3780 Mactariensem
1401 3741 1495 3780 seu
1525 3729 1920 3795 Materiensem,
1951 3729 2048 3797 qui

352 3819 654 3869 recensetur
706 3817 849 3867 inter
872 3816 1141 3882 episcopos
1182 3815 1240 3867 in
1269 3815 1568 3880 collatione,
1622 3815 1743 3868 licet
1772 3816 1886 3882 ipse
1908 3831 2046 3883 quo-

353 3919 454 3971 que
478 3903 552 3956 ad
578 3902 891 3958 Numidiam
916 3904 1205 3970 pertineat,
1236 3902 1462 3970 perinde
1504 3918 1567 3955 ac
1620 3902 2041 3967 Thabennensis,

346 3994 489 4057 facit
535 3991 928 4044 Thabennensis
963 3992 1225 4044 sanctitas
1263 3991 1724 4059 familiaritasque
1762 4006 1879 4044 cum
1920 3992 2045 4047 Au-

349 4080 586 4146 gustino,
618 4081 772 4147 cujus
804 4080 1042 4147 impulsu
1068 4078 1308 4147 synodus
1334 4083 1519 4132 coacta
1558 4084 1656 4144 est,
1699 4095 1733 4131 a
1755 4095 1857 4146 quo
1901 4081 2046 4133 velut

347 4182 433 4220 res
461 4182 563 4220 sua
589 4171 812 4235 propter
844 4166 974 4234 ﬁdei
1000 4166 1244 4220 studium
1292 4172 1612 4235 procurata,
1664 4170 1875 4235 amicis,
1904 4184 2041 4236 reor,

350 4268 455 4307 non
479 4255 595 4306 sine
622 4256 945 4307 invitatione
960 4254 1362 4322 praetermissis.
1398 4254 1462 4306 Et
1490 4262 1691 4307 antea:
1724 4256 2044 4323 Suspicatur

351 4342 583 4395 Ortelius
622 4342 967 4394 Thabennam
1020 4340 1260 4394 eamdem
1302 4356 1411 4394 esse
1467 4356 1586 4395 cum
1634 4343 1877 4407 Thabba,
1929 4359 2047 4412 quae

347 4434 475 4483 nota
511 4431 626 4494 fuit
667 4429 966 4483 Ptolemaeo.
1045 4429 1415 4495 Suspicionem
1467 4444 1571 4482 non
1620 4432 1813 4498 opinor
1860 4432 2040 4497 levem,

351 4517 493 4569 Cum
549 4514 833 4568 Thabenm
894 4530 997 4568 nec
1047 4513 1285 4580 Plinius,
1359 4530 1462 4568 nec
1514 4516 1874 4581 Ptolemaeus,
1942 4534 2044 4571 nec

348 4601 549 4655 Strabo
600 4602 1004 4668 meminerint;
1062 4602 1179 4655 imo
1221 4619 1349 4657 cum
1408 4604 1663 4674 ejusdem
1708 4605 2044 4676 episcopalis

348 4689 510 4744 sedes
540 4688 748 4744 omissa
771 4689 943 4743 fuerit
970 4706 1004 4743 a
1042 4691 1240 4745 Carolo
1274 4708 1307 4745 a
1336 4691 1388 4747 S.
1420 4693 1594 4746 Paulo
1644 4697 1700 4747 et
1731 4694 2040 4755 Holstenio,

344 4776 479 4830 licet
526 4792 593 4830 ex
625 4777 685 4831 D.
722 4777 976 4832 Possidio
1036 4795 1155 4849 cap.
1212 4782 1280 4835 30
1331 4780 1399 4834 de
1450 4781 1574 4835 Vita
1630 4782 1684 4837 S.
1738 4783 2041 4853 Augustini

346 4867 652 4919 Honoratus
722 4866 1081 4922 Thabenensis
1127 4871 1405 4938 episcopus
1437 4869 1779 4939 innotescat,
1837 4873 2041 4925 Carne-

342 4953 462 5007 rius
500 4953 561 5008 in
591 4958 750 5008 tanto
804 4955 1145 5025 scriptorum
1188 4957 1440 5028 silentio,
1487 4960 1607 5013 sine
1640 4964 1795 5024 teste,
1828 4960 2034 5014 Thabe-

345 5056 480 5094 nam
529 5040 813 5096 Numidia:
869 5043 1117 5097 ascribit.
1158 5046 1310 5099 Unus
1349 5048 1415 5099 A.
1455 5045 1663 5100 Hirtius
1687 5047 2033 5101 Thebanam.

344 5126 641 5196 oppidum,
706 5130 942 5200 ejusque
981 5129 1153 5184 situm
1193 5132 1423 5203 egregie
1464 5133 1638 5187 tradit
1668 5133 1726 5187 in
1776 5135 1918 5187 libro
1968 5136 2035 5189 de

344 5214 498 5266 Bello
582 5216 895 5271 Africano:
984 5218 1367 5286 Thabenenses,
1450 5221 1735 5291 inquiens,
1795 5226 1893 5291 qui
1937 5224 2034 5277 sub

341 5300 543 5356 ditione
565 5307 616 5355 et
640 5309 902 5371 potestate
941 5306 1091 5360 Juba:
1140 5322 1250 5360 esse
1300 5313 1655 5376 consuescent,
1686 5312 1744 5363 in
1796 5316 2035 5364 extrema

336 5389 456 5456 ejus
485 5392 701 5458 regione
730 5396 1006 5447 maritima
1036 5396 1216 5460 locati,
1258 5395 1539 5461 interfecto
1566 5399 1714 5462 regio
1748 5398 2028 5465 praesiido,

337 5478 539 5543 legatos
589 5478 664 5531 ad
719 5482 977 5535 Caesarem
1040 5484 1281 5537 mittunt.
1334 5483 1511 5539 Caesar
1568 5499 1755 5539 eorum
1811 5489 2030 5541 consilio

2151 482 2329 545 tariis,
2372 478 2755 543 tormentisque
2810 471 3176 541 compluribus
3224 470 3472 537 praesidio
3536 474 3789 532 Thebenam

2151 570 2338 621 mittit.
2371 567 2505 620 Tres
2543 563 2602 619 id
2630 561 2905 633 temporis
2936 559 2994 614 in
3029 557 3221 613 Africa
3252 574 3434 633 reges
3486 566 3633 615 erant
3673 565 3791 619 Juba

2151 655 2483 710 Massinissa:
2507 667 2793 722 pronepos
2814 650 3295 704 mediterraneum
3347 647 3609 703 Numidia;
3633 653 3791 721 regio-

2153 761 2283 798 nem
2306 760 2340 797 a
2367 743 2520 798 Cirta
2550 757 2731 811 usque
2760 742 2987 794 Zamam
3020 735 3371 809 possidebat,
3399 736 3631 808 itemque
3660 741 3792 795 Man-

2147 832 2418 886 ritaniam
2473 829 2797 885 Sitifensem
2849 840 3029 897 usque
3074 825 3149 879 ad
3208 824 3517 879 Molucham
3564 826 3787 885 ﬂuvium.

2155 919 2289 972 Inde
2324 916 2570 971 Bocchus
2601 914 2995 969 Mauritaniam
3037 909 3439 965 Caesariensem
3475 913 3714 981 regebat:
3740 917 3793 970 de

2153 1025 2268 1079 quo
2298 1008 2420 1061 haec
2448 1006 2620 1060 habet
2654 1004 2754 1058 Dio
2790 1004 2889 1058 lib.
2922 1018 3049 1057 XLIX
3081 1018 3094 1057 :
3135 1004 3262 1056 Fuit
3304 1003 3350 1054 is
3378 1017 3472 1055 rem
3498 1004 3796 1061 Mauritania:

2155 1097 2527 1150 Caesariensis.
2551 1095 2879 1147 Postremus
2897 1090 2956 1144 in
2982 1089 3320 1145 Mauritania
3340 1089 3623 1159 Tingitana
3639 1107 3794 1147 rerum

2154 1183 2520 1253 potiebantur
2542 1180 2755 1251 Bogud,
2780 1196 2845 1233 ex
2877 1178 3083 1233 eodem
3107 1177 3206 1231 lib.
3241 1193 3426 1232 XLvin.
3467 1177 3672 1243 Jubam,
3698 1190 3799 1249 post

2154 1272 2403 1324 occisum
2432 1286 2562 1323 eum
2601 1268 2782 1339 copiis
2819 1267 3127 1322 Curionem
3156 1281 3260 1335 pro
3295 1268 3507 1319 Cmsare
3559 1266 3613 1319 in
3647 1268 3798 1320 Africa

2157 1359 2379 1423 ducem,
2446 1355 2753 1426 Pompeius
2809 1354 2976 1424 eique
3033 1352 3334 1407 adhaerens
3383 1357 3598 1405 senatus
3641 1369 3800 1423 regem

2156 1447 2411 1511 dixerat;
2444 1461 2559 1516 quo
2604 1450 2860 1515 tempore
2916 1441 3165 1496 Bocchus
3214 1446 3271 1495 et
3310 1440 3503 1509 Bogud
3530 1440 3709 1494 eadem
3736 1443 3802 1494 di-

2157 1535 2369 1605 gnitate
2395 1550 2429 1587 a
2465 1536 2681 1605 (lassare
2712 1531 2970 1602 insigniti
2992 1535 3143 1589 sunt,
3171 1545 3300 1600 quae
3326 1544 3390 1581 ex
3423 1527 3590 1582 Dione
3616 1529 3703 1583 lib.
3733 1546 3802 1583 xu

2156 1622 2320 1676 initio
2350 1622 2465 1675 fere
2514 1621 2650 1675 belli
2685 1620 2864 1674 civilis
2903 1618 3212 1688 contigere.
3260 1616 3405 1671 Juba
3449 1621 3631 1671 tamen
3671 1623 3804 1671 antea

2090 1684 2127 1738 Β
2153 1711 2283 1781 jure
2304 1709 2462 1779 regio
2508 1708 2787 1763 Getuliam
2839 1722 2903 1760 ac
2950 1707 3185 1776 Libyam
3216 1704 3482 1769 tenebat;
3536 1720 3656 1757 cum
3681 1705 3804 1758 enim

2160 1799 2328 1854 Curio
2372 1802 2518 1851 esset
2557 1797 2820 1850 tribunus
2870 1794 3072 1866 plebis,
3105 1796 3441 1859 tentaverat,
3487 1791 3652 1862 ejecto
3673 1793 3803 1859 Juba,

2160 1903 2399 1958 regnum
2427 1885 2488 1939 in
2517 1884 2866 1954 provinciam
2905 1884 3221 1937 Romanam
3247 1880 3531 1950 redigere,
3559 1884 3686 1933 teste
3714 1882 3806 1934 Cte-

2159 1995 2283 2030 sare
2327 1977 2426 2029 lib.
2482 1992 2518 2028 u
2556 1975 2654 2043 {de
2716 1974 2866 2027 Bello
2896 1972 3071 2026 civili.
3133 1970 3303 2026 Curio
3358 1974 3545 2023 autem
3599 1972 3811 2040 gesserat

2158 2066 2517 2121 tribunatum
2589 2079 2657 2115 ex
2716 2061 2891 2115 Dione
2944 2060 3045 2114 lib.
3103 2066 3194 2128 XL,
3238 2058 3504 2114 Marcello
3571 2062 3622 2111 et
3672 2057 3805 2110 Rullo

2159 2170 2365 2218 conss,
2390 2151 2621 2205 biennio
2652 2155 2963 2219 antequam
2995 2165 3025 2201 a
3062 2147 3206 2203 Juba
3236 2147 3605 2201 occideretur.
3635 2144 3811 2199 Plinius

2158 2240 2278 2293 hazc
2316 2238 2628 2293 scribitlib.
2674 2254 2729 2307 v,
2775 2253 2900 2307 cap.
2933 2240 2986 2290 2.
3019 2236 3090 2290 de
3139 2234 3499 2300 Mauritania,
3548 2232 3805 2302 Tingitana

2158 2333 2215 2382 et
2262 2327 2612 2382 Caesariensi.
2643 2329 2886 2395 Namque
2914 2326 3010 2379 diu
3047 2340 3235 2393 regum
3281 2326 3499 2378 nomina
3556 2323 3807 2378 obtinuere.

2157 2421 2218 2470 ut
2272 2416 2603 2483 Bogudiana
2669 2416 3036 2485 appellaretur
3084 2416 3310 2477 emtima,
3367 2415 3592 2480 itemque
3632 2409 3808 2473 Bocchi,

2159 2520 2277 2574 qua
2304 2519 2446 2558 nunc
2490 2505 2852 2560 Caesariensis.
2890 2503 2975 2558 Ab
3028 2518 3091 2556 ea
3114 2506 3310 2571 portus
3362 2514 3586 2568 magnus
3613 2514 3645 2551 a
3669 2498 3810 2566 spatio

2160 2592 2484 2661 appellatus,
2526 2593 2723 2645 civium
2758 2593 3117 2645 Romanorum
3172 2589 3478 2658 oppidum;
3509 2587 3671 2640 amnis
3709 2586 3809 2639 Mu-

2178 2681 2335 2734 lucha
2394 2679 2595 2734 Bocchi
2658 2679 3179 2747 Massesulorumque
3248 2676 3399 2747 ﬁnis.
3453 2677 3654 2729 Verum
3701 2672 3811 2726 olim

2158 2773 2287 2838 post
2316 2768 2528 2820 bellum
2552 2766 2983 2837 Jugurthinum,
3011 2772 3074 2819 ut
3101 2765 3181 2819 ait
3213 2765 3416 2829 Rufus,
3447 2767 3505 2818 in
3531 2763 3704 2833 populi
3728 2763 3813 2814 lto-

2158 2858 2308 2909 mani
2330 2860 2647 2924 potestatem
2693 2855 2955 2912 Numidia
2996 2855 3159 2908 venit.
3193 2853 3336 2917 Quae
3392 2852 3617 2923 quidem
3658 2850 3810 2903 dere-

2079 2962 2118 3018 C
2160 2942 2329 3012 gione
2350 2943 2635 2996 maritima
2667 2942 2965 3008 Numidiae,
2991 2958 3120 3012 qua:
3159 2942 3349 2996 fuerat
3387 2940 3524 2996 ditio
3560 2937 3813 2994 Adherba-

2161 3030 2231 3083 lis
2259 3047 2290 3083 a
2336 3030 2617 3100 Jugurtha
2673 3030 2840 3083 occisi
2881 3028 3256 3101 intelligenda
3309 3032 3463 3095 sunt,
3494 3042 3559 3081 ex
3586 3023 3812 3081 Sallustio

2160 3134 2282 3188 cap.
2316 3121 2383 3173 26
2420 3119 2487 3173 de
2523 3118 2676 3172 Bello
2705 3119 3088 3189 Jugurthino;
3121 3119 3355 3171 Zamam
3385 3116 3535 3170 enim
3567 3120 3616 3168 et
3639 3113 3813 3169 Cirtam

2156 3206 2342 3277 regias
2370 3208 2429 3260 in
2474 3207 2903 3261 mediterraneis
2932 3207 3086 3260 illius
3124 3206 3440 3276 provinciae
3472 3204 3635 3258 urbes
3662 3203 3815 3256 Caesar

2154 3295 2315 3349 Juba:
2342 3296 2574 3349 abstulit
2595 3311 2609 3364 ;
2637 3295 2788 3349 unde
2809 3312 2877 3349 ea
2897 3294 3175 3350 Numidiae
3202 3312 3339 3367 pars
3370 3292 3666 3366 provincias
3682 3303 3815 3344 novae

2157 3399 2368 3436 nomen
2426 3382 2623 3436 sortita
2676 3386 2780 3450 est,
2829 3383 3159 3437 auctoribus
3215 3382 3486 3454 Appiano
3545 3384 3599 3433 et
3649 3377 3810 3432 Dione.

2156 3470 2340 3535 Quare
2388 3471 2436 3524 si
2508 3471 2904 3525 Thabenenses
2963 3475 3127 3525 erant
3176 3474 3279 3525 sub
3333 3471 3538 3525 ditione
3584 3465 3730 3521 Juba
3771 3464 3816 3515 in

2155 3564 2397 3615 extrema
2434 3561 2550 3628 ejus
2605 3563 2819 3627 regione
2866 3560 3150 3615 maritima
3192 3561 3378 3624 locati,
3431 3574 3563 3613 sane
3591 3559 3736 3610 erant
3770 3551 3815 3603 in

2156 3663 2258 3700 ora
2286 3647 2573 3702 maritima
2602 3647 2954 3702 Mauritaniae
2985 3647 3268 3703 Sitifensis
3291 3664 3412 3702 non
3445 3645 3637 3717 procul
3673 3658 3703 3695 a
3727 3640 3817 3694 Mu-

2155 3735 2343 3802 lucha,
2389 3752 2503 3806 qua
2548 3735 2942 3790 Mauritaniam
2997 3735 3414 3791 Caesariensem
3454 3731 3648 3788 Bocchi
3692 3726 3814 3796 regis

2156 3823 2463 3892 spectabat.
2520 3825 2583 3877 Et
2641 3823 2873 3895 quidem
2922 3824 3174 3893 aliquam
3234 3822 3592 3878 Mauritaniae
3630 3820 3813 3888 partem

2153 3911 2312 3966 Juba:
2353 3912 2641 3966 subditam
2687 3911 2881 3974 fuisse,
2935 3913 3127 3982 palam
3157 3928 3221 3966 ex
3252 3916 3317 3967 A.
3369 3910 3551 3965 Hirtio
3580 3900 3815 3971 intelligi—

2155 4004 2268 4066 tur,
2305 3999 2405 4071 qui
2448 4000 2641 4054 seribit
2674 4017 2892 4069 regem,
2933 4017 3062 4055 cum
3094 4001 3444 4055 destinasset
3467 4000 3526 4053 in
3557 3991 3813 4066 Byzacium

2157 4103 2287 4140 cum
2341 4088 2593 4141 exercitu
2623 4089 2695 4142 ad
2735 4087 3059 4158 Scipionem
3101 4105 3364 4160 pergere,
3403 4088 3669 4143 Saburam
3712 4090 3813 4132 cum

2157 4174 2283 4228 aliis
2322 4175 2503 4245 copiis
2545 4176 2605 4229 in
2640 4176 3037 4231 Mauritaniam
3066 4177 3316 4243 misisse,
3348 4192 3425 4230 ne
3457 4190 3549 4228 rex
3579 4166 3752 4239 Bogud
3772 4168 3816 4217 et

2081 4246 2126 4299 D
2159 4262 2331 4317 Sitius
2353 4262 2587 4317 Caesaris
2606 4264 2906 4333 praefectus
2931 4263 3002 4317 ab
3022 4264 3202 4317 altera
3221 4268 3391 4333 parte
3414 4261 3591 4332 ipsius
3609 4264 3815 4325 regnum

2151 4350 2501 4404 invaderent.
2538 4350 2676 4404 Hinc
2703 4351 2856 4421 apud
2902 4351 3130 4405 Florum
3160 4350 3260 4406 lib.
3294 4368 3372 4417 vr,
3407 4366 3529 4419 cap.
3562 4350 3613 4411 2,
3642 4341 3816 4411 legitur

2150 4439 2508 4492 Mauritaniae
2533 4454 2632 4492 rem
2653 4439 2823 4493 Juba.
2857 4439 3029 4493 Addit
3056 4438 3210 4493 idem
3236 4438 3457 4493 Hirtius
3479 4436 3593 4492 fere
3620 4433 3671 4486 in
3692 4428 3813 4483 calce

2151 4526 2368 4596 operis:
2420 4527 2641 4581 Publius
2696 4530 2913 4581 interim
2942 4528 3132 4588 Sitius.
3160 4530 3325 4597 pulso
3355 4528 3594 4580 exercitu
3623 4518 3814 4574 Sabura

2146 4614 2397 4681 praefecti
2436 4614 2604 4680 Jubae,
2636 4618 2859 4684 ipsoque
2890 4616 3188 4682 interfecto,
3223 4630 3347 4668 cum
3384 4617 3491 4668 iter
3518 4625 3632 4666 cum
3651 4604 3812 4676 paucis

2142 4715 2243 4768 per
2270 4702 2663 4755 Mauritaniam
2692 4702 2767 4755 ad
2818 4703 3078 4757 Cesarem
3102 4705 3332 4770 faceret,
3372 4704 3517 4767 forte
3541 4694 3721 4752 incidit
3764 4691 3809 4740 in

2146 4790 2405 4842 Faustum
2443 4791 2869 4859 Afraniumque,
2924 4794 3030 4844 etc.
3092 4791 3222 4844 Erat
3252 4790 3312 4844 id
3345 4785 3621 4858 temporis
3654 4781 3809 4835 Caesar

2151 4875 2323 4930 Uticae
2352 4876 2415 4929 in
2461 4877 2871 4945 proconsulari.
2928 4880 3125 4949 Itaque
3155 4878 3257 4932 illa
3305 4873 3655 4932 Mauritaniae
3704 4878 3811 4937 pars

2147 4979 2276 5033 quae
2308 4964 2442 5018 olim
2472 4964 2715 5035 Micipsa:
2745 4971 2801 5020 et
2830 4965 3317 5038 Hiempsaliillius
3353 4965 3474 5019 ﬁlio
3506 4959 3741 5035 parebat,
3768 4954 3809 5003 et

2144 5055 2341 5122 postea
2371 5068 2440 5104 ex
2487 5052 2768 5108 divisione
2799 5071 2832 5108 a
2860 5055 3063 5124 legatis
3113 5055 3512 5109 Romanorum
3548 5051 3704 5112 facta,
3729 5043 3808 5095 Ju-

2145 5140 2366 5210 gurtha:
2398 5140 2604 5195 tradita
2630 5142 2754 5204 fuit,
2778 5142 2839 5196 in
2881 5143 3041 5197 Jubas
3089 5141 3434 5213 Hiempsalis
3472 5138 3574 5194 ﬁlii
3601 5133 3810 5208 potesta-

2142 5232 2259 5281 tem
2328 5232 2578 5296 venerat,
2632 5230 2691 5283 in
2741 5232 2903 5300 cujus
2960 5230 3251 5284 maritima
3296 5235 3552 5285 extrema
3600 5221 3807 5293 regione

2143 5317 2539 5371 Thabenenses
2576 5319 2647 5371 ab
2694 5319 2877 5373 Hirtio
2916 5324 3226 5389 ponuntur.
3294 5321 3427 5373 Haec
3460 5332 3550 5370 me
3595 5314 3804 5381 fortasse

2140 5402 2419 5457 curiosius
2486 5410 2853 5473 prosecutum
2918 5405 3107 5476 dices;
3151 5406 3251 5459 sed
3301 5405 3386 5459 rei
3417 5400 3712 5458 obscuritas
3762 5391 3809 5446 id

2138 5490 2326 5560 03138it
2346 5510 2368 5557 ι’
2425 5491 2632 5561 sacpius
2661 5491 2816 5546 enim
2871 5493 3102 5549 illorum
3140 5492 3348 5548 Africae
3386 5508 3587 5563 regum
3635 5488 3806 5541 linesa
