3922 6188
153 267 228 316 3'3

870 255 1232 311 VARIORUM
1277 255 1874 316 EXERCITATIONES
1910 260 1978 314 IN
2017 261 2071 316 S.
2115 258 2481 315 AUGUSTINI
2521 258 2768 313 OPERA.

3467 260 3570 313 314

154 384 362 439 Romanis
388 380 574 434 mutati
603 384 752 446 sunt,
784 383 844 432 ut
875 379 1091 449 optime
1119 395 1188 433 ex
1217 379 1492 434 Strabone
1513 382 1607 436 lib.
1647 400 1755 436 xvii
1798 387 1840 438 A
1876 385 2025 437 Hane
2054 383 2251 436 urbem
2306 381 2533 451 egregie
2568 381 2829 450 designat
2865 380 3165 434 Sallustius
3198 380 3253 434 in
3287 381 3442 435 Bello
3465 382 3566 435 Ju-

152 479 190 526 et
207 473 347 525 Dione
380 467 609 521 noveris.
634 467 787 530 Quod
821 467 865 519 si
885 467 1191 520 Garnerius
1218 467 1280 520 in
1321 474 1576 522 extremo
1621 488 1762 540 quo-

151 561 240 612 dam
261 574 314 609 ac
340 555 433 608 sibi
464 559 683 607 tantum
731 559 866 606 noto
911 553 1196 608 Numidia
1247 557 1458 624 angulo
1491 555 1561 609 ad
1591 557 1762 610 Medi-

147 655 402 698 terraneum
430 642 749 695 Thabeuam
779 641 948 695 fuisse
981 643 1306 707 contendat,
1350 659 1529 696 unum
1564 645 1763 697 saltem

141 740 294 787 testem
337 731 612 802 appellare
663 731 852 798 debet,
899 735 958 784 ut
997 735 1081 784 tot
1126 732 1606 799 testimoniorum,
1637 747 1764 801 qua

137 822 297 874 adduxi
323 820 481 873 ﬁdem
510 820 822 872 labefactet.
857 821 932 872 Ex
959 819 1046 872 his
1075 819 1348 890 intelligis
1377 820 1763 889 suspicionem

134 911 249 963 illam
285 909 346 962 de
394 907 655 961 Thabena
713 923 840 960 cum
887 908 1183 961 Ptolemai
1250 908 1482 961 Thabba
1531 908 1766 960 confun-

133 998 290 1056 denda,
315 1013 473 1065 quam
508 1013 612 1049 non
655 997 814 1049 levem
846 996 1212 1066 opinabatur,
1244 1013 1364 1050 esse
1394 1013 1629 1066 prorsus
1669 1013 1760 1048 va-

130 1085 407 1148 nissimam;
454 1085 734 1154 siquidem
789 1085 1129 1138 Ptolemaus
1185 1085 1476 1138 Thabham
1512 1085 1672 1154 ponit
1702 1086 1760 1139 in

129 1175 310 1243 regione
357 1173 456 1225 sita
503 1173 648 1225 inter
698 1172 897 1226 fluvios
954 1174 1268 1241 Bragadam
1327 1180 1382 1226 et
1426 1175 1758 1240 Tritonem;

126 1277 321 1333 quorum
361 1261 576 1330 primus
616 1278 792 1330 prope
830 1261 1044 1315 Uticam
1079 1262 1135 1314 in
1177 1263 1583 1331 proconsulari,
1619 1266 1763 1316 alter

126 1367 262 1420 prope
281 1351 538 1418 Tacapem
573 1349 627 1401 in
664 1351 892 1419 Byzacio
921 1351 1064 1403 mari
1087 1351 1390 1417 miscetur;
1422 1357 1477 1404 et
1503 1357 1761 1420 tempore

126 1437 223 1489 belli
246 1436 408 1488 civilis
437 1437 660 1489 nullum
692 1438 966 1506 oppidum
1000 1437 1352 1490 maritimum
1388 1438 1444 1490 in
1477 1455 1542 1490 eo
1580 1445 1761 1491 tractu

123 1541 146 1575 a
166 1525 282 1576 Juba
309 1524 620 1587 tenebatur,
651 1525 744 1578 sed
777 1527 857 1577 vel
885 1527 1234 1588 Caesarianis,
1267 1528 1350 1579 vel
1403 1527 1757 1596 Scriptionis,

124 1618 160 1662 et
185 1611 375 1665 Catonis
408 1613 686 1680 prasidiis
717 1629 914 1666 omnes
947 1613 1056 1665 illa
1094 1615 1262 1666 urbes
1293 1614 1523 1667 insessa:
1576 1622 1756 1681 erant,

125 1705 236 1752 utex
264 1700 676 1754 commentariis
709 1701 892 1767 llirtii,
934 1701 1198 1771 Appiani,
1242 1707 1297 1755 et
1345 1703 1540 1756 Dionis
1590 1721 1756 1774 aper-

123 1788 292 1840 tissime
308 1794 540 1841 constat.

179 1876 392 1928 DONATLTS
449 1877 786 1943 [lruxmmrs,
845 1894 945 1930 seu
999 1879 1316 1932 Buncnxsrs.
1367 1882 1452 1933 Ila
1508 1882 1565 1932 in
1607 1881 1760 1933 colla-

125 1965 243 2015 tione.
292 1967 383 2017 libi
413 1982 532 2018 tero
589 1969 770 2028 posita
811 1968 983 2030 fuerit
1033 1969 1203 2020 Burca
1232 1969 1330 2021 illa.
1362 1971 1573 2031 civitas,
1607 1971 1761 2036 cujus

123 2052 356 2104 Ecclesium
387 2054 640 2106 Donatus
671 2058 834 2121 remit,
859 2058 1119 2108 incertum
1148 2062 1242 2109 est.
1279 2058 1349 2108 In
1398 2059 1606 2111 Notitia
1640 2062 1754 2125 epi-

120 2155 341 2206 scoporum
361 2143 634 2194 .-\"umidia':
672 2145 946 2210 ﬁtmentio
977 2145 1187 2196 Leontii
1217 2147 1514 2199 Burcensis.
1561 2147 1762 2200 Omnia

121 2243 300 2295 prorsus
329 2229 574 2282 invertit.
623 2230 900 2283 Scribitur
931 2231 991 2284 in
1018 2248 1138 2300 cap.
1182 2236 1277 2286 133
1309 2233 1626 2286 collationis
1661 2239 1762 2288 Do-

118 2321 237 2369 natus
261 2321 525 2386 episcopus
571 2319 745 2386 plebis
787 2319 1194 2373 Bm‘itane-nsis.
1239 2324 1309 2373 At
1349 2323 1762 2374 excellentissi-

120 2419 211 2454 mus
235 2403 714 2458 immutandorum
749 2407 1048 2459 nominum
1080 2408 1276 2460 artifex
1312 2425 1375 2460 ex
1412 2411 1764 2465 Buritauensi

123 2493 400 2546 Burcensem
435 2495 645 2555 reddit,
678 2501 740 2547 ut
770 2495 826 2548 in
861 2496 1122 2548 Numidia
1155 2502 1472 2562 censeatur,
1504 2515 1631 2551 cum
1665 2501 1765 2552 Bu-

118 2578 256 2632 ritana
284 2583 516 2635 Ecclesia
547 2583 780 2635 incertae
830 2585 1136 2651 provinciae
1187 2585 1276 2638 sit.
1333 2587 1547 2638 Rursus
1595 2604 1761 2656 supe-

120 2667 202 2718 rius
225 2667 273 2720 in
299 2670 443 2724 notis
470 2671 544 2724 ad
581 2672 920 2738 Seruumdei,
954 2672 1176 2724 dixerat
1210 2673 1360 2727 hunc
1391 2674 1600 2727 sedisse
1654 2677 1761 2728 llu-

122 2769 172 2804 ra:
196 2761 422 2826 tempore
453 2759 798 2824 collationis,
831 2776 944 2829 qua
974 2760 1033 2812 in
1061 2761 1200 2813 urbe
1229 2767 1426 2830 postea
1465 2779 1612 2816 anno
1662 2766 1764 2817 425i

125 2847 162 2892 ut
183 2842 226 2894 in
255 2845 448 2899 Notitia
482 2846 751 2910 habetur,
783 2846 894 2900 fuit
925 2848 1242 2917 episcopus,
1267 2854 1332 2901 ut
1351 2850 1447 2901 ille
1475 2849 1572 2914 ait,
1596 2852 1762 2902 Leon-

130 2931 195 2980 tius
216 2931 478 2988 Burensis.
509 2938 589 2987 At
619 2934 770 2988 hunc
818 2935 1006 3004 ipsum
1040 2936 1342 2989 Leontium
1394 2938 1560 2989 modo
1603 2939 1762 2991 aftir-

127 3022 204 3069 mat
234 3019 391 3072 fuisse
439 3037 829 3074 successorem
869 3027 1000 3091 post
1044 3025 1232 3092 plures
1285 3024 1506 3078 medios
1562 3026 1762 3079 Donati

125 3103 341 3173 Buritani,
373 3126 470 3162 seu
504 3110 826 3174 Burcensis,
868 3110 965 3179 qui
1015 3111 1196 3164 eidem
1232 3111 1512 3166 collationi
1559 3114 1757 3168 adfuit.

121 3190 330 3260 Suspicor
360 3198 696 3250 Buritauam
758 3197 1057 3250 Ecclesiam
1090 3205 1367 3268 spectasse
1419 3201 1491 3254 ad
1521 3204 1762 3256 Procon-

117 3280 340 3336 sularem:
395 3301 530 3338 nam
586 3289 688 3338 act.
747 3288 778 3336 2
835 3285 1061 3338 concilii
1091 3287 1145 3340 S.
1183 3287 1408 3340 Martini
1435 3289 1761 3342 interillius

114 3369 364 3433 provincia
396 3374 697 3442 episcopos
728 3373 1028 3427 subscribit
1059 3375 1385 3443 synodicam
1427 3379 1759 3432 Cresciturus

113 3455 369 3525 Busitanus,
397 3462 494 3531 qui
530 3461 679 3514 forte
711 3463 1014 3515 lluritanus
1041 3463 1313 3516 dicendus
1339 3470 1454 3530 est;
1489 3465 1546 3517 ni
1567 3466 1759 3534 potius

113 3552 326 3599 econtra
366 3549 625 3602 Donatus
678 3551 974 3602 Busitanus
1036 3551 1414 3620 appellandus
1476 3553 1753 3609 videatur.

113 3629 213 3684 item
241 3634 293 3687 in
323 3637 507 3690 medio
545 3637 830 3708 relinquo.

161 3721 360 3790 Persas,
419 3728 743 3793 Pnasmius,
797 3731 851 3780 et
907 3726 1262 3781 CRESCONIUS.
1329 3731 1548 3784 Incerta
1589 3731 1753 3789 sedis.

110 3806 180 3860 llic
205 3816 372 3866 sextus
397 3815 735 3868 Cresconius
770 3815 927 3869 tarde
957 3817 1110 3870 venit
1139 3817 1209 3870 ad
1259 3819 1612 3884 Garnerium,
1657 3821 1755 3888 qui

107 3911 204 3949 cum
230 3901 467 3972 quinque
495 3903 626 3956 aliis
656 3907 822 3957 antea
854 3904 1167 3958 nominatis
1193 3905 1253 3957 in
1283 3905 1593 3976 epigraphe
1625 3909 1752 3962 Cre-

106 3988 271 4040 sconiis
297 3992 451 4045 sedes
485 3992 550 4044 in
595 3992 863 4045 Numidia
907 3993 1262 4057 destinasset,
1315 3994 1534 4048 duabus
1581 3996 1752 4050 etiam

107 4074 300 4130 urbibus
328 4080 640 4133 Titulitana
670 4097 736 4133 ex
767 4081 1179 4150 proconsulari,
1210 4081 1473 4136 Tubiensi
1503 4100 1570 4136 ex
1602 4085 1752 4136 Mau-

104 4160 271 4217 ritania
297 4167 548 4221 Sitifensi
580 4169 638 4221 in
670 4169 1045 4222 Numidarum
1078 4185 1309 4223 censum
1344 4172 1650 4236 translatis,
1685 4189 1753 4224 ne

101 4249 202 4315 quis
237 4255 659 4310 Cresconiorum
692 4262 849 4311 extra
881 4259 1209 4311 Numidiam
1259 4260 1428 4312 sacris
1463 4266 1748 4329 praesset,

101 4340 277 4395 nullam
306 4351 500 4414 postea
532 4346 592 4399 in
625 4347 729 4400 hac
754 4346 1066 4416 provincia,
1098 4346 1213 4399 imo
1243 4362 1346 4399 nec
1392 4347 1452 4399 in
1493 4347 1750 4400 finitimis

101 4425 262 4482 urbem
293 4431 485 4486 habuit
517 4434 817 4503 reliquam,
844 4435 914 4488 ad
946 4450 1119 4504 quam
1141 4439 1359 4487 sextum
1383 4436 1748 4490 Cresconium

101 4513 383 4597 episcopum
413 4522 686 4575 mitteret.
724 4523 898 4576 Doleo
937 4523 1099 4576 istius
1140 4523 1410 4575 antistitis
1440 4524 1606 4590 vices,
1651 4527 1748 4595 qui

101 4604 237 4657 sacris
263 4610 522 4663 omnibus
577 4610 869 4664 civitatum
914 4610 1114 4664 Africa
1146 4610 1498 4679 praefecturis
1528 4629 1561 4664 a
1613 4613 1748 4666 Gar-

102 4691 230 4745 nerio
257 4696 374 4749 aliis
406 4698 722 4751 Cresconiis
752 4715 856 4767 pro
897 4699 1056 4752 libito
1113 4698 1443 4758 distributis,
1494 4708 1746 4755 remanet

102 4778 276 4836 incerta:
303 4787 440 4841 sedis
473 4787 790 4857 episcopus.

156 4868 439 4928 LAKPADILTS
476 4877 866 4930 Tisnmraxsrs.
920 4878 1003 4929 Ita
1047 4875 1265 4944 quidem
1327 4877 1384 4928 in
1432 4877 1744 4940 collatione;

99 4957 142 5002 at
171 4957 496 5016 Tididitanus
546 4967 726 5031 potius
754 4965 865 5017 dici
906 4963 1074 5016 debet.
1127 4965 1267 5018 Nam
1298 4965 1507 5017 Notitia
1553 4967 1748 5019 Numi—

98 5038 259 5097 darum
287 5052 650 5120 episcoporum
678 5053 918 5104 meminit
951 5051 1207 5104 Abundii
1259 5051 1583 5106 Tididitani.
1625 5055 1746 5108 lmo

99 5126 291 5185 Notitia
322 5141 500 5191 textus
530 5156 593 5192 ex
624 5141 927 5193 collatione
959 5139 1192 5192 fortasse
1213 5140 1583 5209 corrigendus
1615 5147 1698 5195 est
1729 5159 1741 5208 ;

98 5213 169 5268 hic
193 5223 332 5276 enim
363 5227 530 5280 etiam
562 5227 711 5280 inter
743 5227 1058 5281 Donatistas
1092 5234 1442 5281 memoratur
1475 5246 1596 5298 cap.
1649 5234 1744 5284 198

100 5303 296 5364 bimulus
320 5317 591 5384 episcopus
622 5317 1003 5379 Tiseditensis;
1047 5316 1208 5383 cujus
1266 5317 1498 5385 quidem
1533 5334 1742 5372 nomen

100 5393 239 5460 capiti
271 5403 360 5453 135
394 5401 758 5457 inserendum
789 5407 891 5468 est,
950 5403 1049 5457 ubi
1099 5404 1393 5473 Lampadii
1434 5405 1742 5460 Tisediten-

102 5481 157 5533 sis
183 5486 512 5545 adversarius
542 5509 657 5546 non
691 5493 921 5563 legitur.
951 5493 1155 5546 lacuna
1187 5477 1399 5546 ibidem
1449 5492 1740 5549 existente.

1793 2949 1831 3002 C

1875 472 2144 539 gurthino
2174 487 2296 540 cap.
2331 475 2420 537 62,
2452 469 2549 522 ubi
2578 469 2749 524 tradit
2777 469 2996 522 Metello
3026 469 3269 522 Romani
3291 470 3570 523 exercitus

1875 559 2218 628 imperatore
2249 562 2444 610 contra
2472 556 2810 625 Jugurtham
2846 556 3124 608 Numidia
3150 573 3344 626 regem
3377 557 3434 610 in
3465 558 3570 610 hac

1875 647 1993 716 ipsa
2044 647 2332 717 provincia
2361 646 2576 698 bellum
2615 650 2866 712 gerente,
2902 660 3004 710 pro
3036 645 3431 712 componenda
3466 661 3567 714 pa-

1873 753 1954 801 ce,
1999 736 2267 788 eumdem
2309 734 2648 803 Iugurtham
2701 733 2978 788 Tisidium
3041 733 3300 786 accitum.
3370 735 3567 803 Itaque

1877 825 2218 892 Lampadius
2249 823 2603 877 Tisiditensis
2634 822 2718 874 vel
2765 822 3104 874 Tisiditanus
3158 821 3430 874 dicendus
3459 827 3564 887 est,

1876 929 1986 965 non
2035 912 2405 966 Tididitanus.
2467 909 2757 980 Lampadii
2814 910 3011 962 urbem
3055 909 3332 962 Tisidium
3374 909 3568 964 omisit

1875 999 2104 1052 Carolus
2149 1017 2180 1051 a
2237 1000 2292 1053 S.
2345 999 2544 1066 Paulo,
2599 997 2922 1051 Holsteuius
2977 996 3207 1048 incerta
3253 995 3564 1065 provincia

1873 1089 2168 1158 ascripsit;
2205 1105 2375 1158 quam
2407 1093 2598 1140 tamen
2641 1087 2808 1139 fuisse
2847 1088 2903 1137 in
2938 1085 3201 1138 Numidia
3249 1091 3467 1137 constat
3498 1101 3565 1138 ex

1870 1177 2151 1238 Sallustio,
2189 1184 2242 1228 et
2273 1193 2334 1229 ex
2369 1178 2472 1228 hac
2503 1176 2812 1244 epigraphe
2845 1174 2903 1226 iu
2925 1190 3037 1244 qua
3063 1173 3398 1242 Lampadius
3417 1173 3564 1242 ejus-

1871 1265 2000 1318 dem
2037 1265 2235 1334 oppidi
2267 1265 2561 1334 episropus
2593 1264 2743 1315 inter
2778 1263 3048 1315 Numidas
3099 1263 3386 1314 recitatur.

1947 1355 2274 1407 DELPHINL’S.
2303 1355 2497 1407 Incerti
2521 1355 2750 1405 nominis
2783 1353 3072 1405 Ecclesium
3105 1352 3249 1403 rea-it
3275 1366 3286 1402 :
3333 1350 3565 1402 vicinam

1873 1446 2047 1494 tamen
2080 1444 2474 1508 Constantina,
2505 1446 2562 1493 ut
2597 1442 2873 1507 colligitur
2903 1456 2968 1492 ea?
3000 1455 3118 1506 cup.
3143 1441 3208 1491 65
3243 1437 3568 1502 collationis,

1870 1531 1963 1582 ubi
2012 1531 2315 1584 Petilianus
2372 1532 2664 1582 Donatista
2715 1530 3096 1581 interlocutus:
3129 1528 3190 1579 lu
3224 1527 3386 1595 plebe
3421 1543 3566 1593 mea,

1871 1619 2070 1684 inquit,
2124 1617 2179 1670 id
2231 1623 2314 1670 est
2357 1618 2578 1671 civitate
2634 1616 3112 1678 Constantineusi,
3181 1615 3568 1668 adversarium

1875 1703 2056 1756 habeo
2115 1705 2514 1766 Fortunatum;
2573 1703 2629 1756 in
2679 1702 2869 1755 medio
2911 1709 3098 1754 autem
3139 1701 3393 1754 diacesis
3425 1716 3568 1754 mea

1873 1807 2024 1842 nunc
2081 1791 2406 1843 institutum
2456 1791 2658 1853 habeo,
2711 1790 2825 1842 imo
2875 1789 2983 1859 ipsi
3033 1788 3261 1850 habent,
3330 1787 3562 1840 nomine

1877 1877 2238 1946 Delphinum.
2292 1881 2536 1932 Mrminit
2608 1879 2828 1945 hujusce
2909 1877 3161 1944 Delphini
3223 1877 3566 1940 Augustinus

1872 1968 2025 2033 epist.
2085 1969 2204 2032 158,
2252 1971 2355 2018 etc.
2393 1966 2488 2018 llic
2535 1966 2936 2034 episcoporum
2988 1964 3328 2033 epigraphes
3359 1979 3564 2033 agmen

1872 2055 2120 2118 claudit;
2158 2057 2212 2107 in
2250 2071 2360 2124 quo
2391 2054 2622 2124 quidem
2657 2053 2858 2106 vellem
2891 2069 3020 2106 cum
3051 2052 3321 2105 Garnerio
3366 2068 3566 2105 conve-

1876 2143 1997 2196 nire
2025 2161 2036 2207 ;
2074 2148 2135 2196 ut
2163 2149 2464 2213 postquam
2497 2143 2555 2195 in
2592 2142 2868 2195 litteraria
2897 2142 3160 2210 pultestra
3193 2139 3403 2193 diutius
3433 2156 3563 2193 cum

1874 2233 2073 2286 eodem
2109 2233 2354 2284 luctatus
2384 2248 2530 2298 sum,
2565 2230 2748 2284 amico
2781 2246 2915 2299 erga
2966 2229 3229 2282 eumdem
3281 2228 3472 2281 animo
3504 2244 3569 2281 ex

1873 2320 2182 2374 certamine
2215 2321 2585 2386 discederem,
2634 2325 2689 2372 et
2735 2320 2832 2372 ubi
2865 2318 3122 2387 delphini
3167 2317 3564 2370 imminentem

1873 2410 2180 2480 procellam
2213 2409 2399 2462 nautis
2431 2409 2705 2473 indicant,
2737 2408 2816 2460 ita
2842 2408 2933 2460 hic
2967 2405 3281 2474 Delphinus
3309 2422 3338 2458 e
3368 2408 3566 2458 contra

1872 2503 2215 2552 commotam
2246 2499 2536 2566 hucusque
2560 2495 2997 2565 geographicam
3041 2499 3458 2564 tempestatem,
3505 2493 3566 2546 in

1872 2603 1985 2656 qua
2034 2587 2334 2639 I‘larnerius
2384 2585 2680 2654 naufragio
2729 2582 3023 2652 proximus
3063 2581 3186 2645 fuit,
3219 2581 3374 2633 illata
3408 2585 3564 2633 tran-

1873 2676 2157 2746 quillitate
2186 2675 2423 2728 sedaret.
2462 2678 2528 2726 At
2571 2672 2702 2725 novi
2754 2672 2960 2724 iterum
3012 2668 3409 2722 difﬁcultatum
3451 2669 3565 2721 ﬂu-

1873 2767 1995 2814 ctus
2020 2762 2341 2830 insurgunt.
2369 2764 2474 2814 [les
2506 2761 2694 2817 altius,
2717 2760 2849 2812 licet
2879 2757 3090 2828 paucis,
3129 2756 3431 2826 repetenda
3459 2762 3562 2810 est.

1874 2853 2038 2902 Anno
2089 2853 2182 2903 411
2238 2849 2547 2901 Petilianus
2597 2847 2654 2900 in
2702 2846 3002 2900 collatione
3061 2846 3136 2897 ita
3176 2843 3559 2898 Marcellinum

1867 2939 2117 3007 judicem
2157 2939 2434 2990 allocutus
2481 2936 2689 2989 dicitur
2740 2952 2859 3004 cap.
2902 2938 2995 2988 1133i
3031 2950 3159 2986 cum
3209 2934 3400 3002 plures
3440 2933 3562 3002 epi-

1875 3028 2030 3095 scopi
2079 3025 2340 3079 catholici
2387 3025 2773 3094 gloriarentur
2830 3039 2886 3076 se
2939 3023 3054 3074 suis
3083 3022 3139 3074 in
3182 3021 3416 3074 urbibus
3445 3037 3561 3074 non

1872 3116 2081 3168 habere
2109 3113 2432 3184 episcopum
2485 3115 2834 3166 Donatistam
2861 3127 2879 3164 :
2912 3113 3143 3165 Lucrum
3181 3113 3318 3162 enim
3348 3111 3566 3164 videtur

1873 3205 1956 3257 his
1987 3204 2184 3267 cedere,
2219 3205 2313 3270 qui
2341 3204 2534 3256 multos
2595 3217 2649 3256 se
2691 3202 2949 3254 adversus
2991 3205 3199 3252 nostros
3232 3198 3424 3256 habere
3463 3215 3562 3265 per

1872 3294 2006 3346 hanc
2033 3294 2371 3360 provinciam
2407 3291 2770 3354 ostenderunt,
2811 3293 2860 3342 si
2898 3291 2954 3341 in
2990 3290 3271 3356 prouincia
3302 3289 3564 3343 Numidia

1868 3397 1973 3434 non
2010 3380 2371 3445 ostendamus,
2422 3395 2504 3433 eos
2552 3381 2766 3447 penitus
2813 3394 2917 3431 non
2959 3378 3175 3440 habere,
3228 3381 3324 3429 aut
3369 3377 3562 3430 habere

1867 3475 2022 3529 certe,
2058 3469 2152 3521 sed
2179 3471 2322 3522 ruris
2354 3469 2497 3521 locis.
2534 3469 2670 3531 Qua
2701 3467 2831 3520 licet
2859 3467 2928 3519 ab
2961 3465 3230 3519 baretico
3263 3463 3401 3517 olim
3425 3481 3557 3518 cau-

1869 3558 2065 3622 sidico,
2120 3557 2438 3626 emphatice
2499 3556 2644 3609 dicta
2703 3561 2852 3622 sunt,
2911 3555 3049 3608 illud
3109 3559 3300 3607 tamen
3344 3558 3566 3606 constat

1866 3646 2131 3699 haresim
2170 3645 2613 3708 Donatistarum,
2649 3660 2796 3714 qua,
2829 3648 2894 3696 ut
2918 3642 2993 3696 ait
3008 3641 3361 3710 Augustinus
3390 3641 3560 3711 epist.

1870 3736 1969 3788 134
2026 3735 2097 3787 ad
2153 3733 2580 3786 Pammachium
2626 3735 2682 3785 in
2747 3731 2928 3784 media
2978 3731 3252 3783 consulari
3298 3729 3563 3784 Numidia

1837 3828 2057 3880 .ortum
2104 3822 2399 3885 habuerat,
2452 3821 2614 3873 istius
2645 3818 2952 3889 provincia
3007 3817 3177 3869 urbes
3229 3816 3308 3868 ita
3356 3833 3557 3885 perva-

1796 4229 1837 4282 D

1867 3911 2022 3972 sisse,
2062 3916 2124 3963 ut
2180 3911 2373 3978 plures
2421 3909 2750 3978 episcopum
2803 3905 3165 3958 solummodo
3203 3903 3554 3956 Donatistam

1866 3998 1989 4051 sine
2044 3999 2251 4050 ainulo
2282 3997 2560 4050 catholico
2589 3995 2839 4048 antistite
2869 3995 2920 4047 id
2953 3991 3228 4062 temporis
3257 3991 3555 4044 haberent.

1868 4089 1961 4139 Ha
2010 4086 2326 4155 prasertim
2367 4084 2620 4138 Ecclesia
2677 4103 2706 4135 a
2753 4083 2884 4136 solis
2942 4080 3248 4135 Donatistis
3279 4078 3558 4148 episcopis

1865 4181 2152 4243 occupata
2209 4173 2268 4226 in
2315 4173 2617 4226 collatione
2671 4171 3000 4233 recitantur,
3032 4170 3407 4223 Lansortensis
3429 4183 3553 4236 cap.

1869 4265 1986 4328 143,
2020 4262 2320 4315 Idasscnsis
2351 4278 2474 4330 cap.
2532 4262 2650 4323 182,
2699 4261 2967 4322 Legmisis,
3024 4257 3417 4321 Lamiggensis,
3451 4258 3554 4310 Ro-

1862 4353 2114 4404 tariensis
2146 4367 2268 4419 cap.
2308 4352 2430 4412 187,
2467 4347 2763 4402 Tibilitana
2792 4363 2914 4415 cap.
2968 4349 3090 4412 197,
3132 4346 3556 4399 Rusticianensis

1861 4457 1983 4509 cap.
2021 4441 2140 4504 198,
2175 4439 2582 4493 Lambi—ritensis
2613 4454 2733 4506 cap.
2773 4438 2897 4502 206,
2931 4441 2985 4488 et
3013 4435 3138 4488 alia
3171 4434 3458 4504 plurima,
3491 4439 3557 4488 ut

1860 4546 1925 4581 ex
1987 4528 2415 4582 interlocutione
2475 4525 2760 4595 frequenti
2811 4523 3027 4578 Aurelii
3093 4522 3557 4577 Macomadiensis
3637 4572 3647 4588 ,

1860 4617 2234 4670 Numidarum
2268 4615 2518 4684 episcopi
2546 4629 2660 4666 non
2691 4614 2929 4666 obscure
2978 4611 3286 4680 colligitur.
3338 4613 3554 4666 Rursus

1859 4710 2118 4773 tempore
2151 4703 2468 4756 collationis
2499 4703 2770 4756 vacabant
2826 4701 3232 4754 catholicorum
3269 4699 3554 4752 cathedra

1859 4808 1961 4861 per
1994 4807 2087 4844 sex
2121 4791 2395 4844 Africana
2427 4789 2731 4844 dioeceseos
2763 4790 3078 4859 provincias
3098 4790 3388 4854 sexaginta
3414 4803 3552 4854 qua-

1861 4886 1999 4941 tuor,
2033 4895 2155 4948 cap.
2187 4883 2288 4932 215
2319 4895 2332 4944 ;
2368 4894 2610 4948 quarum
2643 4883 2703 4930 ut
2727 4877 3030 4930 minimum
3060 4877 3252 4929 decem
3303 4874 3460 4926 fuere
3491 4873 3551 4926 in

1862 4967 2147 5034 Numidia,
2180 4984 2305 5020 cum
2342 4967 2399 5020 in
2439 4966 2782 5036 Tripolitana
2820 4965 3109 5035 provincia
3156 4961 3410 5030 quinque
3460 4974 3550 5010 so-

1859 5056 1978 5108 lum
2010 5056 2258 5125 episcopi
2290 5052 2748 5108 numerarentur.
2789 5056 3014 5107 Peracta
3053 5048 3377 5112 collatione,
3420 5046 3552 5100 victi

1857 5145 2106 5214 episcopi
2161 5144 2469 5197 Donatista
2507 5146 2676 5212 atque
2726 5141 2958 5194 urbibus
3009 5135 3154 5207 pulsi
3187 5135 3257 5188 ab
3303 5134 3552 5188 Honorio

1856 5233 2225 5301 imperatore,
2261 5233 2442 5284 solum
2491 5235 2709 5284 vertere
2756 5227 2932 5280 coacti
2978 5229 3130 5286 sunt,
3175 5227 3239 5276 ut
3293 5227 3450 5292 patet
3485 5241 3551 5277 ex

1856 5322 1978 5374 cod.
2013 5321 2222 5374 Theod.
2284 5321 2394 5385 lege
2415 5323 2481 5373 ϋ-ἱι
2520 5324 2570 5372 et
2600 5323 2687 5381 55,
2720 5317 2784 5369 de
2813 5315 3094 5376 hareticis,
3121 5312 3235 5366 dat.
3271 5313 3550 5366 Constan-

1856 5412 1927 5463 tio
1954 5414 2003 5462 ct
2063 5411 2347 5464 Constante
2391 5423 2558 5467 coss.,
2616 5420 2764 5458 anno
2811 5405 2933 5455 414.
2985 5402 3140 5454 Tunc
3185 5417 3216 5453 a
3259 5399 3551 5454 catholicis

1854 5497 2134 5566 episcopis
2164 5497 2222 5550 in
2253 5496 2518 5550 omnibus
2547 5493 2744 5548 Africa
2775 5489 3031 5554 urbibus,
3093 5489 3188 5543 ubi
3227 5489 3386 5559 prius
3431 5489 3545 5541 ha-
