3890 6186
384 283 485 335 315
1395 276 1956 332 SUPPLEMENTUM
1999 275 2087 329 AD
2125 273 2359 329 OPERA
2397 273 2452 328 S.
2492 271 2878 328 AUGUSTINI.
3731 291 3806 341 3m

381 402 543 458 retici
591 418 748 456 sacra
790 401 1206 466 ministrabant,
1259 399 1563 453 orthodoxi
1608 399 1889 453 antistites
1922 415 2040 452 con-
2093 401 2136 452 A
2176 398 2390 450 Catone
2431 399 2704 455 ostensas,
2757 394 3316 449 senatusconsultum
3340 395 3404 450 de
3427 401 3616 454 aemula
3641 419 3696 458 ac
3731 407 3809 459 La-

379 491 582 545 secrati
629 495 780 557 sunt,
815 495 868 543 et
921 489 1166 543 viduatis
1205 489 1488 564 cathedris
1514 489 1648 541 novi
1691 489 1966 558 praesules
1988 504 2074 540 as-
2179 485 2302 538 tino
2331 485 2552 539 nomini
2607 500 2834 554 semper
2880 483 3103 547 infesta,
3137 482 3274 536 urbe
3305 487 3604 554 evertenda,
3645 491 3809 548 invitas

381 580 608 652 signati.
661 582 857 650 Itaque
908 579 970 632 in
1019 578 1285 632 Numidia
1340 578 1542 648 viginti
1591 578 1788 630 saltem
1821 576 2072 646 episcopi
2181 573 2630 627 fereextorsisse.
2657 573 2798 626 Hinc
2819 571 2938 642 ipse
2960 571 3177 642 pariter
3215 575 3460 625 recentes
3503 579 3810 647 geographia»

381 670 553 739 paulo
597 673 724 738 post
772 683 989 721 annum
1026 668 1121 720 411
1161 666 1486 736 inaugurati
1514 670 1663 731 sunt,
1699 681 1841 735 quos
1875 680 2073 718 omnes
2180 662 2416 728 fructus,
2447 678 2610 732 quos,
2637 667 2692 716 te
2713 662 2975 730 jubente,
3008 661 3082 713 in
3105 659 3292 713 Africa
3334 676 3618 732 parumper
3649 681 3807 720 censo-

384 757 698 827 Delphinus
721 757 841 826 jam
874 755 943 808 ab
975 771 1124 808 anno
1156 757 1250 809 411
1291 760 1422 807 ante
1453 754 1815 808 collationem
1855 753 2072 823 episco-
2180 750 2266 803 rio
2303 751 2447 820 stylo
2497 754 2753 804 versatus
2807 749 3082 819 decerpsi,
3116 748 3231 801 tuis
3263 748 3436 801 oculis
3464 751 3696 820 subjicio,
3722 771 3811 824 quo

297 849 308 858 '
379 862 486 916 pus
535 844 907 914 praecedebat.
958 845 1154 913 Itaque
1200 846 1245 895 si
1297 843 1390 896 hic
1422 843 1515 894 ille
1543 843 1692 895 idem
1727 848 1810 895 est
1840 843 1935 911 qui
1962 858 2067 912 po-
2181 841 2266 892 tot
2318 839 2491 892 urbes
2543 854 2731 908 nuper
2780 855 2812 891 a
2841 837 3114 892 Garnerio
3147 851 3250 906 per
3279 835 3516 890 Africam
3537 845 3810 900 exstructas.

380 938 624 986 stremus
678 932 738 985 in
808 932 974 985 titulo
1048 931 1329 1002 synodicae
1379 930 1714 984 Milevitante
1778 930 2068 995 recitatur,
2181 939 2298 976 non
2333 925 2516 978 dicam
2548 926 2668 978 solo
2701 925 3011 995 aaquandas
3041 923 3334 988 decernas,
3367 923 3460 976 sed
3501 927 3638 994 quod
3679 929 3810 980 aeriae

380 1021 573 1074 nullus
606 1021 836 1074 illorum
863 1020 1068 1090 viginti
1098 1019 1418 1073 antistitum
1448 1023 1576 1090 post
1603 1035 1816 1072 annum
1847 1020 1942 1072 411
1981 1035 2071 1072 or-
2179 1027 2421 1081 prorsus
2449 1018 2599 1079 sunt,
2650 1013 2820 1066 unico
2870 1012 2983 1066 oris
3012 1011 3151 1065 ﬂatu
3206 1011 3504 1082 dispergas.
3537 1014 3626 1067 Ille
3659 1019 3812 1070 tamen

383 1110 713 1163 dinatorum
763 1109 833 1163 ad
875 1109 1153 1178 synodum
1202 1109 1340 1162 anni
1382 1111 1484 1162 ⁴416
1534 1124 1592 1160 se
1634 1109 1887 1161 contulit.
1937 1108 2072 1171 Quae
2185 1106 2448 1166 testatur,
2481 1119 2588 1157 non
2636 1105 2750 1157 sine
2796 1118 2928 1156 cura
2959 1107 3008 1156 et
3055 1102 3234 1156 labore
3260 1117 3318 1154 se
3347 1117 3654 1171 aggressum
3682 1120 3810 1174 opus,

378 1199 613 1268 quidem
665 1215 814 1252 unus
859 1197 1166 1252 Garnerius
1213 1197 1321 1251 sibi
1373 1197 1738 1266 persuaserit.
1792 1199 2073 1250 Praeterea
2181 1191 2326 1260 quod
2366 1193 2621 1246 hactenus
2679 1193 2907 1245 tentavit
2951 1205 3119 1244 nemo.
3179 1190 3244 1243 In
3275 1204 3404 1259 quae
3432 1190 3666 1244 Garnerii
3700 1192 3814 1245 dicta

379 1287 531 1339 idem
562 1285 874 1340 Petilianus
918 1285 978 1337 in
1013 1285 1315 1338 collatione
1351 1301 1472 1354 cap.
1510 1287 1576 1338 65
1609 1284 1677 1338 de
1716 1284 1921 1338 Sabino
1953 1284 2071 1354 epi-
2180 1279 2473 1334 libeathoc
2500 1280 2631 1334 rudi
2661 1279 2910 1334 carmine
2949 1279 3166 1332 ludere.

378 1389 547 1444 scopo
577 1373 856 1426 Tuncensi
899 1373 1039 1426 dixit
1063 1389 1075 1426 :
1108 1376 1254 1427 Ante
1275 1374 1543 1427 biennian
1572 1373 1786 1427 videtur
1814 1388 1923 1426 esse
1942 1388 2072 1426 con-
2303 1385 2625 1434 Mancuoms
2660 1399 2812 1448 opus,
2839 1384 3000 1432 tantis
3063 1383 3169 1431 uod
3203 1382 3464 1430 mercibus
3484 1386 3693 1431 auctum.

381 1463 602 1495 unum“.
648 1461 830 1495 rinam
862 1477 1010 1495 anna
1067 1463 1168 1495 mo
1199 1461 1438 1495 eam...“
1484 1461 1703 1495 ηνςπιηα
1739 1461 1882 1495 οηιπι
1914 1461 2071 1495 'r.m_
2376 1448 2607 1495 Plurima
2639 1448 2852 1495 Garneri
2873 1459 3012 1495 cura
3028 1398 3292 1495 (Liberque
3328 1444 3440 1492 fuit.

378 1463 622 1514 stitutus.
648 1461 830 1524 Quare
861 1477 1010 1513 anno
1065 1463 1168 1514 409
1199 1461 1442 1514 Sabinus
1484 1461 1704 1530 primus
1737 1461 1885 1530 apud

1947 1462 2071 1512 'un_
2376 1448 2607 1496 Plurima
2639 1444 2852 1495 Garneri
2873 1459 3012 1496 cura
3045 1444 3292 1507 laborque
3328 1444 3440 1492 fuit.

1984 1553 1992 1558 .
2300 1510 2536 1558 Exstruit
2565 1510 2652 1557 hic
2676 1510 2832 1557 urbes
2855 1523 2866 1556 :
2900 1509 3027 1556 alias
3050 1523 3077 1556 e
3099 1507 3220 1555 sede
3254 1506 3483 1555 revulsas

611 1550 620 1560 .
661 1515 688 1524 ‘
885 1568 890 1570 _
953 1552 959 1558 .
1105 1550 1114 1559 .
1487 1515 1503 1530 ‘
1599 1550 1608 1559 .
1641 1550 1650 1558 .
1771 1515 1786 1530 ‘
2300 1515 2536 1563 Exstruit
2566 1515 2652 1557 hic
2676 1515 2866 1557 urbes:
2900 1515 3027 1556 alias
3050 1523 3077 1556 e
3099 1515 3220 1555 sede
3254 1515 3503 1563 revulsas,

377 1566 503 1604 cam
533 1550 1010 1620 episcopussedit;
1034 1550 1254 1602 Ibidem
1278 1555 1466 1603 autem
1495 1551 1801 1603 Petilianus
1833 1553 2072 1603 testatur
2368 1574 2464 1620 Ρρι.
2499 1573 2674 1630 Libyae
2697 1572 3117 1619 celerescurrere
3132 1582 3294 1630 regna
3343 1567 3502 1629 jubet.

379 1639 728 1709 Delphinum
778 1655 918 1692 nunc
970 1641 1276 1692 institutum
1329 1639 1657 1708 episcopum
1722 1638 1782 1691 in
1843 1638 2070 1692 dioecesi
2110 1680 2151 1734 Β
2301 1640 2395 1688 Jus
2415 1635 2575 1682 habet
2596 1623 2658 1705 in
2680 1635 2894 1704 Manes}
2925 1632 3138 1702 quand?
3166 1623 3231 1678 εδ
3254 1623 3502 1701 suffragia
3532 1630 3675 1678 mittit

381 1728 416 1743 η
535 1731 572 1743 .,
633 1727 667 1743 ..
826 1727 836 1736 -
993 1742 1002 1743 ,
1078 1741 1100 1743 η
1131 1742 1139 1743 ,
1213 1729 1226 1743 .
1251 1730 1261 1743 .
1285 1729 1296 1743 .
1429 1731 1437 1743 .
1639 1727 1648 1736 -
1677 1742 1698 1743 ,,
1861 1730 1870 1743 .
1915 1725 1928 1743 .
2370 1701 2511 1743 Ouos
2546 1695 2672 1743 olim
2697 1709 2724 1743 e
2759 1709 2893 1742 v1v1s
2922 1693 3141 1742 abstulit
3174 1696 3287 1741 atra
3313 1692 3442 1740 dies.

379 1701 875 1781 Constantinensi:
941 1741 1149 1795 nempe
1204 1729 1328 1789 411,
1363 1701 1446 1779 7ut
1488 1701 1747 1795 proxime
1779 1730 1908 1779 nota

2370 1701 2511 1756 Quos
2546 1701 2672 1744 olim
2697 1709 2724 1744 e
2759 1701 2893 1742 vivis
2922 1701 3141 1742 abstulit
3174 1701 3287 1741 atra
3313 1701 3442 1740 dies.

2307 1760 2550 1814 Orpbeus
2573 1758 2696 1805 huic
2726 1757 2888 1804 cedit:
2927 1757 3100 1803 minor
3129 1758 3208 1803 est
3225 1754 3521 1814 Amphiona
3546 1752 3703 1802 laude.

388 1777 445 1781 τ’
463 1777 519 1780 77'
538 1777 841 1780 77777777777777
865 1777 874 1780 7
941 1777 1100 1795 777—7‘7
1127 1777 1144 1779 7
1214 1777 1231 1779 7
1251 1777 1262 1779 7
1287 1777 1298 1779 7
1319 1777 1328 1789 ’
1392 1777 1412 1778 77
1433 1777 1442 1779 7
1489 1777 1504 1795 ι
1537 1777 1545 1778 7
1570 1777 1581 1778 7
1599 1777 1712 1779 777777
1731 1777 1738 1778 7
1780 1777 1786 1779 7
1803 1777 1839 1778 77
1865 1777 1890 1779 77
1918 1777 1941 1780 77
1960 1777 2066 1780 77777'
2307 1777 2376 1809 ljl"
2395 1777 2550 1814 )DBUS
2573 1777 2696 1805 Πυιῦ
2726 1777 2888 1804 (3601ιῖ
2927 1777 3100 1803 llllLlUl'
3129 1777 3208 1803 υδι
3225 1777 3521 1814 Λιιινυιυιιη
3548 1777 3572 1800 li

379 1815 518 1869 Cum
554 1830 684 1867 vero
718 1814 778 1867 in
809 1814 1124 1884 epigraphe
1157 1813 1304 1866 inter
1329 1814 1603 1867 Sabinum
1632 1819 1689 1866 et
1729 1814 2074 1883 Delphinum
2370 1777 2522 1880 (Suod
2553 1819 2712 1868 semel
2741 1819 2822 1867 his
2852 1822 3046 1875 actum,
3083 1817 3275 1880 saepius
3311 1815 3399 1864 ille
3433 1816 3572 1863 facit.

377 1900 691 1954 οοῖοδθοίω
721 1900 973 1971 episcopi
999 1899 1389 1966 nominentur,
1423 1899 1469 1952 Si
1501 1900 1594 1953 hic
1636 1900 1950 1970 Delphinus
1979 1901 2074 1954 ille
2256 1920 2354 1974 Hic
2404 1925 2597 1973 tamen
2652 1922 2707 1971 te
2736 1915 3020 1970 monitum
3048 1914 3237 1981 velim,
3291 1929 3366 1967 ne
3396 1911 3623 1966 feliciori
3651 1911 3754 1965 aliis
3776 1911 3820 1964 in

379 1994 463 2078 eis?
501 1989 662 2078 cujus
720 1989 1038 2078 minimi“
1064 1989 1278 2078 in_c_ap'
1411 1988 1744 2078 collatioflis,
1789 1989 2074 2078 afﬁrmare
2184 2007 2406 2078 scriptis
2429 2005 2687 2062 Garnerii
2716 2002 3029 2059 eruditioni
3083 2001 3386 2074 quidpiam
3441 2017 3540 2072 per
3566 2017 3646 2054 me
3675 2001 3819 2054 detra-

375 2075 543 2166 debel
587 2074 1092 2166 Gargfarillfimra
1126 2075 1440 2166 biennium}
1479 2075 1792 2166 οοίοᾷεξςίω
1849 2076 1908 2129 in
1961 2093 2078 2166 “Da
2183 2074 2335 2150 ctum
2368 2101 2570 2166 putes;
2603 2093 2768 2147 illum
2794 2093 2948 2146 enim
2974 2090 3120 2146 tanti
3148 2091 3322 2158 facio,
3355 2096 3416 2145 ut
3457 2091 3498 2143 si
3531 2089 3750 2160 ejusdem
3771 2089 3822 2142 de

375 2163 670 2234 provincia
712 2163 997 2216 Numidia:
1048 2163 1344 2233 episcopos
1386 2163 1538 2217 diem
1585 2163 1811 2228 obiisse,
1844 2181 1906 2217 ac

2287 2200 2350 2236 us
2406 2181 2727 2252 Pelagianis
2784 2181 3194 2234 c‘ommentaria
3224 2178 3523 2232 historiam
3571 2195 3722 2249 quam
3772 2178 3821 2231 de

379 2252 510 2305 dem
542 2251 899 2321 subrogatos,
932 2251 1028 2321 qui
1060 2251 1236 2304 medii
1258 2252 1530 2322 leguntur
1551 2253 1700 2306 inter
1719 2253 1910 2307 Sabini

2281 2276 2383 2325 tem
2412 2271 2619 2324 haeresi
2648 2270 2752 2324 boc
2780 2285 2930 2323 anno
2960 2267 3244 2323 Patavinis
3278 2267 3426 2339 typis
3448 2283 3688 2321 excusam
3711 2267 3817 2319 emi-

381 2338 752 2430 Pelphinumf
786 2339 923 2402 Ουεε
955 2339 1076 2392 Sine
1107 2340 1485 2430 tfihUIi§o_5ine
1509 2344 1648 2430 tesle
1680 2357 1794 2394 ηοη
1821 2342 2070 2396 (π’θάδω·
2184 2359 2252 2424 si,
2307 2359 2738 2430 praevenissent,
2794 2374 2922 2412 mea
2966 2357 3154 2410 statim
3203 2338 3413 2426 scripta
3457 2356 3626 2426 (quod
3649 2355 3822 2409 sincere

382 2427 593 2480 Verum
641 2427 741 2514 qui
789 2431 871 2480 tot
915 2427 1192 2514 novasiu
1236 2428 1485 2481 Africam
1527 2429 1694 2482 urbes
1743 2431 2074 2499 transvexit,
2187 2427 2409 2499 δαὶπῇιο
2445 2461 2508 2499 ac
2538 2445 2896 2514 sanctejnm)
2928 2443 2986 2496 in
3018 2445 3298 2514 angulum
3327 2443 3553 2496 omnino
3595 2440 3822 2512 proﬁcis-

380 2516 600 2603 pestem
631 2513 882 2584 aliquam
919 2513 1196 2568 Numidia:
1220 2514 1363 2568 forte
1395 2515 1745 2584 importabit,
1777 2533 1890 2586 qua
1929 2517 2076 2572 intra
2187 2551 2307 2588 sem
2334 2551 2346 2601 ς
2375 2533 2588 2588 etenim
2616 2513 2868 2603 plurima
2898 2549 3026 2602 qua,
3060 2513 3151 2585 Πέθ
3179 2531 3452 2601 primitus
3483 2548 3546 2584 ea
3574 2531 3638 2586 de
3663 2547 3714 2583 re
3739 2546 3823 2599 pu-

381 2600 682 2655 biennium
714 2605 930 2655 tamam
951 2603 1348 2673 episcoporum
1372 2605 1753 2672 Stragemlate
1774 2611 2069 2677 Propaget-
2185 2623 2526 2678 blicaturum
2584 2600 2931 2689 arbitrabar,
2971 2626 3088 2675 tam
3135 2600 3380 2674 feliciter
3435 2625 3699 2674 assecutus
3745 2622 3822 2678 est,

382 2689 494 2780 Ne_°
540 2689 708 2780 θῖέῗάο
729 2689 1143 2780 -Νυξηίδδδ-δθ
1191 2695 1275 2744 ταοὶ
1303 2691 1536 2744 Summis
1556 2696 1672 2745 tam
1703 2693 1859 2747 Ῑπθνί
1891 2695 2074 2764 δραίίο
2184 2714 2247 2764 ut
2286 2711 2458 2765 dubio
2487 2710 2688 2780 procul
2719 2709 2899 2779 plagii
2955 2725 3085 2762 reus
3134 2709 3357 2762 delatus
3394 2707 3638 2773 fuissem,
3667 2707 3704 2760 si
3729 2712 3827 2776 post

381 2777 662 2869 θΡίθοοῐξξδ
712 2777 781 2831 de
826 2777 1098 2869 Gjmlerio
1152 2783 1587 2869 οοηίῖΡθεξίυῐόδγ
1631 2797 1761 2834 Cum
1801 2782 1989 2852 Μοριδ
2022 2787 2078 2837 et
2187 2777 2508 2869 vulgatum7
2537 2777 2794 2852 Garnerii
2828 2777 3115 2849 volumen
3159 2796 3364 2850 eadem
3422 2801 3664 2866 repetere
3691 2809 3824 2846 ausus

378 2866 557 2918 altera
587 2866 932 2919 Macomodia
962 2865 1022 2918 in
1053 2882 1119 2918 ea
1149 2866 1441 2936 provincia
1493 2872 1783 2921 momento
1812 2885 1914 2922 con

2286 2903 2392 2941 em.
2429 2888 2630 2940 Fateor
2660 2902 2750 2939 me
2780 2885 2840 2938 in
2871 2884 3212 2955 quibusdam
3247 2885 3319 2938 ab
3353 2900 3418 2938 eo
3447 2882 3740 2948 dissentire,
3767 2887 3822 2936 et.

375 2968 442 3006 ac
475 2953 534 3006 in
565 2952 720 3006 illius
750 2953 1038 3007 dioecesim
1069 2954 1358 3007 translatis
1383 2953 1621 3007 urbibus
1650 2955 2072 3022 Tituli,’l‘ubiae,
2105 2965 2144 3020 ο
2187 2980 2248 3029 ut
2273 2980 2476 3030 uetera
2505 2976 2722 3040 sileam,
2759 2952 2980 3044 neqdeo
3012 2973 3336 3044 approbare
3385 2973 3627 3044 ejusdem
3670 2985 3825 3024 emen-

377 3040 584 3108 Girbte,
640 3040 1024 3110 Dionysianae,
1074 3041 1258 3103 Zellaa,
1313 3040 1602 3109 Ruspinze,
1655 3046 1710 3094 et
1755 3042 1902 3108 aliis,

2286 3063 2478 3117 ionem
2522 3078 2635 3134 qua
2685 3040 3004 3116 litterarum
3047 3040 3383 3115 antistitum
3414 3040 3822 3130 Pelagianorum

381 3127 665 3195 ﬁnitimis,
714 3129 803 3181 vel
851 3127 1082 3182 incertae
1130 3127 1436 3198 provinciae
1479 3129 1917 3198 ascribebantur,

2287 3156 2400 3205 tum
2431 3151 2682 3221 corrigit.
2744 3152 2886 3205 Nam
2928 3151 3152 3204 dissert.
3181 3154 3211 3204 ὅ
3246 3167 3311 3204 ex
3343 3149 3560 3203 schedis
3603 3166 3633 3202 a
3658 3163 3823 3216 magno

379 3219 534 3268 arcte
568 3215 839 3268 Numidas
866 3215 974 3268 sibi
1016 3215 1350 3276 devinxerit.
1381 3219 1443 3267 ut
1481 3215 1542 3268 in
1569 3216 1712 3268 lucri
1741 3218 1862 3270 loco
1895 3219 2072 3288 depu-
2184 3239 2484 3294 Sirmondo
2533 3215 2767 3292 νξτοηεη
2815 3238 3176 3291 Venetiarum
3231 3237 3371 3291 urbe
3418 3237 3563 3291 intra
3588 3215 3823 3288 ἀίωοεείω

375 3305 497 3354 tare
529 3300 768 3369 possint,
798 3301 1110 3355 octodecim
1160 3301 1451 3372 episcOpos
1497 3301 1691 3356 statim
1723 3303 1792 3356 ab
1827 3304 1911 3356 hoc

2287 3325 2520 3379 riarchze
2560 3324 2935 3396 Aquileiensis
2977 3325 3243 3392 inventis,
3285 3324 3508 3394 sibique
3554 3318 3823 3376 communi-

380 3387 707 3483 Ρξξιίοθίίδίθ
741 3390 1017 3483 δυωίῗίθδν
1052 3406 1182 3443 cum
1208 3391 1355 3483 Ῡέθίῗί
1399 3407 1503 3483 ΡῗΓ
1546 3391 1812 3483 eumdem
1848 3396 1939 3483 _t°t
1971 3409 2072 3461 OP’
2182 3387 2345 3483 catis,
2375 3387 2848 3467 recitatlibellum
2879 3413 3014 3467 ﬁdei
3045 3387 3509 3482 Pelagianorum,
3543 3426 3696 3482 quem
3723 3407 3824 3460 scri-

378 3477 654 3571 Pidmllm‘
696 3477 1034 3544 θθοθδδίοηθν
1085 3478 1390 3548 Provmciac
1440 3479 1581 3532 ﬁnes
1627 3479 1800 3549 Ιοηεθ
1848 3479 2073 3550 lateque
2182 3502 2266 3556 bit
2290 3477 2341 3554 a7
2377 3503 2600 3556 Juliano
2655 3502 2951 3556 Eclanensi
3004 3503 3076 3556 ad
3109 3477 3304 3555 sedem
3339 3477 3692 3571 apostolicam
3719 3494 3824 3548 mis-

377 3565 702 3661 prgt‘ilerit'
738 3655 747 3661 .
906 3654 916 3661 _
989 3653 1000 3661 _
1379 3655 1394 3661 _
1485 3655 1513 3661 _
1696 3655 1727 3661 __
1885 3656 1914 3661 ν,
2054 3657 2069 3661 _
2185 3606 2332 3656 sum,
2384 3591 2446 3643 in
2490 3607 2604 3660 quo
2665 3607 2794 3644 cum
2832 3607 3012 3661 prope
3043 3591 3219 3644 ﬁnem
3255 3565 3690 3658 haec7legantur:
3720 3580 3828 3637 Illud

447 3655 651 3722 Habes:
697 3655 799 3748 νίν,
834 3653 1060 3748 “milia!
1364 3655 1433 3708 de
1477 3655 1734 3748 Gamefll
1798 3656 1947 3748 P0“?
2004 3657 2074 3748 ad
2183 3653 2365 3742 etiam,
2399 3653 2580 3733 sancte
2601 3695 2662 3733 ac
2693 3653 3013 3733 venerabilis
3042 3681 3223 3744 frater
3263 3685 3314 3733 et
3356 3653 3512 3748 pater
3551 3674 3825 3741 Augustine,

377 3746 679 3836 “ira'P‘I‘ﬁ’
711 3743 1469 3836 θΡίενδέξξθηΡΡίῗΨῙῖξῗιξω
1509 3743 1731 3836 calculi
1787 3743 2075 3836 θδτίξλὲεί·
2181 3769 2479 3821 necessario
2507 3767 2934 3836 respondendum
2962 3743 3318 3836 putavimus;
3352 3743 3407 3819 et
3437 3769 3644 3818 certum
3683 3760 3758 3825 sit,
3783 3762 3829 3808 ut

376 3831 588 3897 nensis,
622 3831 874 3902 itemque
905 3830 1212 3887 Milevitani
1236 3830 1510 3900 judicium
1540 3847 1553 3896 ;
1589 3831 1649 3884 in
1679 3847 1793 3901 qua
1840 3832 2074 3901 quidem
2185 3854 2401 3924 optime
2432 3830 2657 3925 promit,
2686 3855 2809 3908 hwc
2851 3830 2981 3908 illo;
3019 3870 3131 3907 non
3165 3830 3458 3925 scripsisse
3487 3852 3554 3906 ad
3577 3851 3627 3905 δ’
3673 3852 3828 3915 Aug“-

374 3944 615 3982 censura
659 3929 787 3993 levi,
843 3933 900 3982 ut
931 3929 1112 3994 aiunt,
1163 3927 1393 3982 brachio
1446 3929 1672 3982 easdem
1703 3928 1910 3997 repasti

2288 3959 2396 3996 ium
2428 3945 2874 4012 Hipponensem,
2925 3942 3148 4013 putavit
3177 3959 3438 3996 errorem
3468 3941 3526 3993 in
3572 3932 3824 3992 vetustissi-

377 4016 634 4070 Profecto
665 4017 801 4070 dum
829 4017 982 4087 leges
1011 4017 1162 4070 hunc
1183 4017 1520 4086 scriptorem
1551 4020 1635 4070 tot
1661 4016 1863 4072 Africae
1904 4017 2072 4070 urbes
2181 4047 2342 4084 mum
2373 4031 2625 4084 codicem
2664 4030 2976 4100 irrepsisse,
3008 4047 3072 4084 ac
3102 4046 3206 4101 pro
3240 4032 3548 4097 Augusti-no
3594 4025 3824 4080 Zosimum

375 4103 714 4169 confudisse,
772 4104 980 4157 multas
1023 4103 1338 4173 ignorasse,
1380 4103 1658 4174 quasdam
1690 4120 1877 4173 nuper
1914 4105 2071 4158 exci-
2181 4134 2391 4189 papam
2431 4119 2867 4188 reponendum;
2915 4118 3126 4172 ctenim
3191 4119 3528 4188 pelagianos
3555 4109 3557 4111 ’
3585 4113 3826 4183 episcopos

372 4195 539 4257 tasse,
583 4191 860 4260 plurimas
907 4191 966 4244 in
1018 4191 1218 4245 alienae.
1264 4192 1569 4245 dimceseos
1619 4193 1752 4262 jura
1802 4193 2070 4246 transcri-
2108 4241 2151 4295 Β
2179 4207 2487 4261 rescribere
2536 4207 2748 4260 ibidem
2791 4208 2860 4260 ad
2913 4222 3078 4260 suum
3132 4206 3465 4276 primatem,
3497 4222 3526 4257 ἃ
3555 4217 3658 4272 quo
3691 4201 3825 4252 περ.

374 4279 574 4349 Ρδίεδθν
627 4279 1023 4349 episcoporum
1071 4296 1386 4350 eorumque
1433 4279 1665 4333 urbium
1704 4281 1935 4333 "omina
1965 4297 2067 4350 ρνο
2108 4279 2150 4295 77
2183 4295 2288 4348 sim
2319 4295 2473 4347 illam
2495 4295 2769 4349 damnare
2798 4310 2898 4365 per
2927 4295 3143 4348 litteras
3164 4295 3540 4364 jubebantur,
3575 4291 3710 4344 idem
3730 4287 3830 4339 Gar-

376 4366 544 4420 libito
573 4366 838 4430 variasse,
872 4367 1039 4420 binos
1071 4367 1309 4420 subinde
1333 4368 1637 4421 catholicos
1660 4369 1941 4423 antistites
1970 4370 2072 4423 uni
2182 4382 2373 4436 ncrins
2406 4383 2723 4436 luculenter
2752 4383 3126 4436 demonstrat,
3164 4383 3404 4436 Labitur
3433 4387 3616 4435 tamen
3641 4376 3716 4429 vir
3730 4386 3827 4425 eru-

377 4453 678 4523 eidemque
709 4454 923 4524 oppido
955 4454 1294 4524 praefecisse,
1331 4455 1625 4509 defunctos
1655 4457 1870 4510 dudum
1919 4474 2072 4527 prm-
2183 4469 2370 4535 ditus;
2428 4486 2560 4523 nam
2607 4470 2663 4524 id
2709 4470 2985 4541 temporis
3032 4470 3272 4524 celebris
3344 4475 3465 4524 erat
3533 4463 3829 4535 Augustinus

376 4542 528 4595 sules
577 4547 887 4611 praesentes
944 4543 1175 4612 synodis
1223 4543 1472 4606 ﬁnxisse,
1525 4550 1583 4599 et
1611 4546 1933 4600 Donatistas
1969 4564 2072 4616 pro
2184 4557 2567 4628 Aquileiensis
2646 4558 2860 4628 primas
2925 4558 3320 4625 Venetiarum,
3367 4547 3624 4620 Histriae,
3681 4544 3826 4604 Norici

375 4629 704 4683 orthodoxis
751 4630 1013 4683 Patribus
1072 4631 1424 4698 obtrusisse;
1469 4633 1629 4694 dum,
1660 4635 1911 4704 inquam,

2287 4646 2486 4716 iusque
2545 4650 2601 4700 et
2652 4647 2890 4701 Rhaetiae
2947 4649 2988 4701 Ι.
3022 4648 3172 4701 Audi
3202 4648 3510 4702 Henricum
3545 4639 3823 4698 Palladium.

375 4720 638 4787 portenta
669 4717 840 4787 leges,
870 4717 1000 4787 jure
1047 4717 1262 4788 optimo
1313 4721 1711 4790 pronuntiabis
1763 4723 1822 4775 in
1861 4724 1911 4776 [ἐς

2289 4753 2297 4783 ι
2340 4749 2510 4788 nemo
2552 4734 2884 4804 diligentius
2927 4740 3026 4789 aut
3071 4735 3395 4806 elegantius
3435 4726 3825 4804 Aquileiensium

375 4805 545 4872 rium,
599 4821 729 4859 cum
772 4822 916 4876 opus
965 4807 1117 4876 quod
1167 4824 1201 4860 a
1243 4811 1453 4862 nemine
1507 4811 1760 4865 hactenus
1809 4815 2073 4866 tentatum
2182 4835 2272 4873 res
2303 4820 2363 4873 in
2390 4820 2608 4875 litteras
2637 4822 2829 4877 misit:
2858 4825 2983 4878 Post
3013 4805 3406 4889 Chromatium,
3456 4820 3651 4892 inquit,
3703 4813 3829 4875 eligi.-

374 4895 588 4961 scribit,
642 4894 839 4959 illotis,
899 4899 964 4948 ut
1014 4895 1197 4959 aiunt,
1258 4897 1500 4967 pedibus
1560 4916 1952 4970 aggressurus,
2013 4901 2072 4954 in
2183 4913 2274 4961 tur
2301 4909 2625 4978 patriarcha
2653 4911 3017 4980 Augustinus,
3045 4927 3149 4981 quo
3171 4917 3407 4982 tempore
3431 4912 3564 4964 alter
3608 4900 3831 4970 Augusti-

373 4983 620 5038 Africam
649 4983 1081 5050 transmitteret,
1112 4984 1250 5038 illud
1273 4987 1512 5054 Augusti
1533 4989 1963 5058 apopblbegma
1990 5005 2073 5044 re-
2181 5012 2284 5051 nus
2312 4998 2690 5067 Hipponensis
2733 5001 3010 5068 episcopus
3057 5002 3374 5070 eloquentia:
3423 5004 3473 5053 et
3503 4997 3735 5052 doctrina:
3753 4991 3828 5056 ﬂu-

373 5071 493 5140 geri
526 5071 802 5142 potuisse,
839 5073 960 5142 qui,
993 5076 1134 5127 teste
1184 5075 1462 5128 Macrobio
1513 5075 1617 5130 lib.
1672 5095 1709 5130 11
1761 5077 2068 5145 Saturnal.,
2184 5082 2420 5135 minibus
2469 5084 2836 5137 haereticorum
2881 5087 3159 5139 vesaniam
3187 5088 3246 5138 in
3271 5086 3474 5150 Africa
3499 5079 3748 5135 obruebat.
3782 5073 3829 5122 In

374 5174 495 5228 cap.
547 5162 603 5225 4,
659 5161 1084 5215 Nomenclatori
1135 5180 1236 5217 suo
1285 5164 1422 5217 satis
1451 5165 1727 5219 oblivioso
1760 5167 1936 5220 dixit:
1961 5168 2070 5220 Ac-
2183 5170 2314 5222 aula
2341 5169 2676 5238 patriachali
2702 5171 2853 5241 apud
2877 5171 3108 5225 Utinum
3139 5172 3404 5225 omnium
3429 5159 3830 5240 Aquileiensium

373 5249 488 5314 cipe
516 5249 1001 5314 commendatitias,
1036 5253 1167 5318 quia
1198 5253 1312 5306 illic
1340 5254 1598 5306 neminem
1643 5258 1803 5308 nosti.
1856 5255 2072 5308 Plinius
2183 5257 2494 5328 primatum
2524 5259 2712 5328 elogia
2742 5259 3162 5330 grandioribus,
3193 5263 3252 5313 et
3284 5260 3580 5330 plusquam
3626 5246 3831 5306 unciali—

374 5333 470 5386 ille
501 5340 694 5390 noster
736 5339 1072 5392 Veronensis
1120 5339 1220 5393 lib.
1253 5356 1340 5406 xv,
1374 5356 1494 5409 cap.
1534 5343 1617 5406 18,
1641 5341 1837 5394 scribit
1875 5358 2071 5395 recen-
2180 5343 2286 5396 bus
2338 5344 2762 5399 cbaracteribus
2836 5346 3154 5415 antiquitus
3219 5344 3507 5416 descripta
3583 5337 3828 5408 leguntur-

372 5423 458 5472 tes
487 5420 626 5473 ﬁcus
671 5438 700 5476 e
731 5423 1264 5494 Carthaginensium
1307 5425 1487 5479 hortis
1517 5426 1692 5480 tridui
1722 5432 1944 5480 tantum
1976 5444 2070 5482 na-
2184 5433 2357 5485 Porro
2403 5431 2619 5486 ibidem
2673 5437 2804 5504 post
2853 5434 3240 5489 Chromatium
3281 5415 3593 5504 Augustino
3619 5427 3715 5480 hoc
3738 5415 3830 5486 εΡί·

373 5507 662 5578 vigatione
706 5511 944 5566 Romam
989 5514 1224 5581 delatas,
1275 5530 1336 5567 ac
1391 5514 1652 5568 Patribus
1673 5515 2006 5585 conscriptis
2038 5533 2071 5570 a
2181 5533 2440 5587 gramma
2459 5519 2806 5574 inscribitur.
