3922 6188
128 318 203 369 317
845 300 1205 357 VARIORUM
1246 298 1846 357 EXERCITATOINES
1884 301 1950 354 IN
1990 301 2044 355 S.
2088 302 2448 357 AUGUSTINI
2488 301 2747 355 OPERA.

3448 301 3549 351 318

172 420 1276 491 Αυϐῐὶδᾙδρξ-ῌΒΨΒΕ,ῐξΟᾏᾼΑ-ρρῖῇξῇ
1310 419 1689 491 ΙᾷξξξᾋξῖΑΤΑ
1785 421 1827 473 Α
1860 420 2183 475 discrimine
2209 422 2432 491 evades,
2460 420 2556 491 qui
2588 436 2863 491 magnum
2898 420 3306 491 philosophum
3352 419 3547 473 Socra-

264 485 734 538 CUNSTEHNATOS
768 484 922 541 AQUI
935 484 1279 531 LEIENSIUM
1315 482 1562 531 ANIMOS

246 549 493 599 JEJlTNllS
548 547 622 594 ET
680 546 1296 594 SUPPLICATIONIBUS
1354 544 1579 592 SACltIS

211 616 278 662 AD
315 610 573 661 DlVlNAM
624 609 797 656 OPEM
847 607 1321 655 lMl’LORANDAM
1368 606 1624 654 EHEXIT.

173 693 336 748 Scribit
361 691 564 744 ibidem
594 688 878 742 Palladius
907 687 1292 757 Augustinum
1324 686 1740 757 Aquileiensem

118 784 263 837 sedem
290 780 573 849 indeptum
598 777 770 830 fuisse
799 792 951 829 anno
1000 777 1127 842 414,
1171 791 1412 845 eamque
1461 790 1589 827 cum
1629 774 1744 826 vita

117 870 353 941 reliquisse
376 884 519 921 anno
539 868 661 931 422,
698 866 829 920 dato
862 865 1048 918 eidem
1088 864 1347 933 Adelpho
1400 876 1739 917 successore.

117 962 326 1014 Errorem
370 954 579 1026 [Ighelli
629 954 687 1007 in
736 957 977 1023 utroque
1027 952 1272 1021 primate
1302 951 1455 1005 haud
1487 967 1588 1003 suo
1619 950 1741 1003 loco

112 1046 375 1109 statuendo,
425 1044 529 1096 scis
573 1058 663 1096 me
702 1042 998 1095 adnotasse
1028 1041 1124 1094 lib.
1173 1058 1207 1094 ιι
1242 1040 1385 1095 Hist.
1422 1040 1563 1105 Pel.,
1619 1054 1738 1107 cap,

116 1138 175 1189 l2.
222 1134 345 1187 Cum
379 1131 624 1185 Zosimus
674 1146 824 1183 anno
865 1131 969 1183 418
1018 1128 1351 1199 Pelagianos
1400 1128 1739 1187 damnasset,

110 1221 363 1292 encyclicas
388 1221 455 1273 ad
496 1219 922 1290 Aquileiensem
972 1222 1030 1271 et
1092 1216 1575 1271 Mediolanensem
1628 1214 1742 1284 pri-

110 1313 248 1360 mates
288 1305 444 1370 misit,
496 1309 558 1357 ut
617 1304 843 1357 easdem
874 1302 989 1355 suis
1028 1302 1088 1355 in
1113 1301 1448 1355 dimcesibus
1490 1299 1742 1369 publica-

108 1396 231 1455 rent;
272 1388 745 1460 quemadmodum
794 1387 967 1456 paulo
1016 1390 1184 1440 antea
1223 1384 1503 1439 damnatis
1548 1384 1743 1437 Romae

109 1479 160 1531 ab
197 1477 461 1531 Anastasio
515 1493 665 1546 papa
712 1475 1069 1545 Origenistis,
1140 1473 1499 1529 Chromatius
1572 1471 1744 1541 Aqui-

110 1564 289 1619 leiensis
320 1563 619 1632 Augustini
656 1563 938 1630 decessor,
972 1571 1029 1616 et
1056 1562 1327 1616 Venerius
1358 1561 1742 1615 Mediolanen-

109 1654 163 1705 sis
184 1652 397 1720 acceptis
427 1658 496 1705 ab
528 1651 839 1721 apostolica
868 1649 997 1703 sede
1024 1650 1249 1715 litteris,
1291 1649 1490 1702 itidem
1542 1648 1600 1699 in
1628 1646 1743 1699 suis

107 1740 383 1794 dicacesibus
437 1755 540 1809 per
606 1740 958 1808 suffraganos
1023 1738 1319 1808 episcopos
1394 1735 1745 1805 Origenistas

108 1828 481 1899 proscribendos
542 1832 897 1893 curaverant,
952 1831 1093 1880 teste
1143 1826 1489 1895 Hieronymo
1547 1824 1643 1877 lib.
1708 1840 1745 1875 ιι

107 1917 334 1987 apologiaz
365 1921 562 1970 contra
598 1916 889 1969 Ruﬁnum.
944 1915 1085 1969 Hinc
1130 1916 1481 1984 Augustinus
1532 1912 1747 1983 primas

104 2005 423 2075 Aquileiensis
467 2005 799 2074 apostolicae
857 2003 1003 2057 sedis
1049 2008 1245 2057 contra
1286 2002 1617 2071 Pelagianos
1649 2001 1746 2054 de-

107 2098 275 2145 cretum
302 2109 420 2146 cum
451 2092 659 2146 litteris
689 2092 756 2145 ad
788 2108 1023 2146 suarum
1056 2091 1483 2161 provinciarum
1523 2090 1748 2160 cpisco-

106 2197 180 2249 pos
201 2181 367 2247 misit;
395 2196 645 2251 quorum
676 2181 964 2249 nonnulli,
996 2196 1126 2233 cum
1166 2178 1488 2249 Pelagianis
1538 2176 1749 2231 errori-

107 2267 183 2319 bus
207 2272 537 2333 tenerentur,
583 2270 965 2320 memoratum
997 2266 1128 2320 fidei
1160 2266 1413 2319 libellum
1436 2266 1506 2319 ad
1549 2268 1749 2336 Augu-

108 2356 273 2409 stinum
302 2356 605 2426 primatem
634 2356 934 2409 dederunt.
962 2355 1144 2418 Quam
1166 2370 1299 2407 vero
1324 2354 1493 2408 altius
1524 2355 1583 2407 in
1614 2354 1750 2407 dioe-

110 2445 192 2497 cesi
238 2445 479 2514 primatis
528 2443 909 2515 Aquileiensis
957 2444 1109 2513 apud
1166 2443 1568 2496 ecclesiasticos
1600 2460 1751 2514 prm-

109 2532 278 2597 sertim,
309 2532 619 2602 Pelagiana
648 2532 880 2585 haeresis
920 2531 1137 2584 radices
1168 2530 1401 2595 ﬁxisset,
1437 2534 1657 2583 constat
1687 2546 1754 2583 ex

112 2620 266 2672 litteris
290 2620 549 2690 Septimii
579 2620 843 2674 Altinatis
871 2620 940 2673 ad
973 2620 1035 2674 S.
1076 2620 1323 2673 Leonem
1380 2620 1666 2688 Magnum,
1700 2624 1755 2673 et

112 2708 237 2777 hujus
258 2709 539 2779 rescriptis
571 2709 643 2762 ad
671 2708 978 2778 primatem
1008 2707 1433 2778 Aquileiensem
1458 2725 1471 2773 ;
1508 2708 1578 2761 de
1627 2708 1753 2778 qui-

113 2797 185 2850 bus
207 2798 367 2851 fusius
396 2799 486 2868 egi
518 2798 580 2851 in
614 2798 817 2851 eodem
846 2798 993 2851 libro
1027 2798 1095 2851 de
1128 2797 1337 2850 Haeresi
1360 2796 1680 2865 Pelagiana.

165 2886 225 2938 Ad
249 2886 583 2941 Garnerium
608 2886 797 2940 redeo.
836 2886 935 2939 Hic
965 2885 1025 2939 in
1055 2885 1172 2939 suis
1199 2884 1349 2938 notis
1397 2883 1755 2955 publicandis

1851 514 1965 562 tem
1992 509 2266 576 imitatus,
2300 510 2441 563 nihil
2475 526 2588 562 non
2618 510 2799 562 dicam
2832 509 2891 561 in
2924 509 3157 573 litteras,
3204 507 3400 574 mittis,
3454 508 3549 561 sed

1853 597 2005 667 quod
2032 598 2089 649 in
2125 603 2177 651 te
2210 598 2405 651 mirari
2438 602 2555 651 tam
2586 614 2734 667 szepe
2764 597 2964 649 solitus
3002 612 3150 661 sum,
3192 595 3552 649 tenacissima

1852 686 2128 739 memoria
2174 686 2371 751 fultus,
2414 685 2844 739 succenturiatis
2894 686 3216 755 quibusque
3293 684 3551 753 ejusdem

1851 773 2134 844 praesidiis
2167 772 2432 835 dimissis,
2470 789 2538 825 ne
2567 773 2805 825 verbum
2845 772 3077 842 quidem
3128 771 3361 823 unicum
3406 771 3551 839 stylo

1851 862 2085 930 alligas;
2125 861 2215 913 sed
2249 861 2538 913 volumina
2577 862 2874 925 devorans,
2925 859 3026 912 tibi
3058 859 3339 928 Musisque
3372 858 3553 910 instar

1851 949 2124 1019 Aspendii
2154 949 2327 1014 canis,
2360 949 2571 1018 publici
2599 949 2799 1017 judicii
2832 950 3012 1001 aleam
3045 947 3278 1015 refugis,
3307 951 3362 999 et
3391 946 3549 999 nullo

1852 1036 2135 1089 scribendi
2163 1037 2425 1089 cacoethe
2453 1036 2724 1089 titillaris.
2768 1036 2908 1088 Hinc
2934 1039 2988 1087 te
3024 1034 3414 1087 felicissimum
3438 1049 3549 1102 pu-

1852 1128 1931 1190 to,
1982 1124 2079 1195 qui
2124 1126 2320 1194 procul
2367 1124 2435 1177 ab
2475 1124 2804 1177 invidorum
2845 1123 3117 1188 censuris,
3152 1120 3373 1174 eximiis
3418 1137 3551 1191 erga

1852 1214 2129 1266 litteratos
2163 1212 2367 1265 officiis
2394 1229 2605 1266 nomen
2626 1218 2784 1265 tanto
2807 1211 3055 1265 nobilius
3073 1210 3393 1280 posteritati
3415 1226 3550 1278 pro-

1852 1301 2091 1371 pagasti,
2125 1306 2339 1370 quanto
2364 1301 2593 1371 dignius
2628 1306 2710 1353 est
2754 1300 2913 1353 factis
2963 1299 3151 1369 potius
3183 1314 3355 1367 quam
3390 1297 3551 1351 dictis

1851 1406 2064 1443 nomen
2110 1390 2169 1442 in
2217 1406 2401 1443 ravum
2433 1389 2751 1442 extendere.
2789 1390 2958 1441 Plura
2984 1388 3152 1457 justm
3194 1385 3361 1439 molis
3390 1386 3550 1438 volu-

1851 1478 2007 1531 mina
2054 1479 2343 1532 Gallorum
2392 1495 2455 1531 ac
2514 1479 2848 1530 Batavorum
2902 1475 3049 1545 typis
3089 1489 3313 1537 excusa,
3347 1489 3410 1527 ac
3450 1473 3554 1525 tibi

1851 1566 2113 1621 certatim
2142 1568 2373 1621 honoris
2404 1567 2586 1636 gratia
2616 1570 2964 1635 nuncupata,
3000 1568 3085 1617 tot
3116 1562 3303 1633 elogia
3333 1563 3404 1616 ab
3423 1577 3553 1615 eru-

1856 1656 1987 1710 ditis
2017 1655 2338 1727 quibusque
2370 1654 2525 1708 Italis
2554 1655 2670 1707 suis
2702 1654 2762 1707 in
2791 1654 2950 1707 libris
2982 1652 3085 1705 tibi
3116 1651 3325 1721 passim
3350 1650 3552 1703 inscri-

1853 1749 1950 1816 pta
1989 1750 2140 1809 sunt,
2164 1749 2227 1797 ut
2249 1745 2440 1797 nullus
2469 1747 2829 1812 posterorum
2863 1742 3073 1812 quibus
3096 1740 3263 1793 bona:
3311 1744 3459 1792 artes
3492 1738 3553 1791 in

1857 1850 2049 1887 amore
2080 1837 2267 1901 erunt,
2297 1833 2558 1901 ignorare
2588 1846 2845 1900 unquam
2883 1828 3077 1901 possit,
3126 1828 3330 1881 vixisse
3376 1829 3553 1880 Anto-

1856 1922 2016 1976 nium
2062 1921 2489 1990 Magliabecum,
2536 1920 2605 1973 de
2645 1918 2919 1973 litteraria
2968 1916 3258 1986 republica
3288 1915 3360 1968 ad
3406 1914 3553 1968 invi-

1856 2010 2009 2063 diam
2039 2025 2219 2079 usque
2258 2008 2717 2061 benemoritum:
2752 2011 2816 2061 ut
2858 2006 2957 2059 illa
3000 2009 3222 2058 tantum
3267 2006 3555 2073 postrema

1857 2101 1956 2151 tuo
2005 2097 2227 2151 nomini
2266 2097 2386 2151 dies
2435 2100 2581 2149 stare
2622 2111 2789 2165 posse
2829 2094 3110 2159 videatur,
3144 2108 3273 2163 qum
3304 2089 3553 2161 pessimo

1862 2186 2190 2240 mortalium
2220 2185 2335 2239 fato
2366 2184 2640 2238 librorum
2666 2199 2729 2236 ac
2756 2184 3074 2236 litterarum
3100 2179 3361 2233 omnium
3383 2178 3557 2232 altam

1862 2273 2209 2328 oblivionem
2240 2273 2489 2327 inducat.
2523 2274 2635 2342 Ego
2666 2287 2801 2325 sane
2830 2270 3055 2324 nullum
3088 2268 3234 2339 grati
3266 2265 3445 2319 animi
3472 2266 3556 2319 of—

1859 2363 2050 2416 licium
2077 2363 2315 2415 missum
2341 2362 2565 2426 faciam,
2590 2377 2703 2430 quo
2731 2359 2833 2413 tibi
2856 2358 3388 2429 quantulascunque
3410 2354 3559 2408 vices

1859 2451 2194 2521 rependam.
2248 2450 2470 2505 Etenim
2518 2466 2635 2502 non
2686 2448 2857 2502 modo
2906 2447 3062 2517 prior
3109 2443 3449 2499 doctissimis
3491 2459 3555 2496 ac

1862 2538 2294 2593 humanissimis
2323 2538 2526 2592 litteris
2559 2554 2649 2590 me
2679 2535 3014 2600 convenisti,
3043 2550 3239 2587 verum
3272 2533 3444 2586 etiam
3486 2532 3559 2585 il-

1862 2627 2189 2681 lustrissimi
2216 2627 2494 2680 senatoris
2526 2631 2581 2679 et
2611 2625 2822 2696 equitis
2853 2622 3139 2677 Ferrantis
3159 2621 3435 2691 Capponii
3462 2635 3561 2690 ge-

1863 2716 2016 2770 neris
2044 2716 2359 2780 nobilitate,
2391 2730 2583 2767 rerum
2606 2713 2955 2783 agendarum
2989 2710 3212 2780 peritia,
3240 2709 3385 2777 juris
3427 2708 3561 2760 utri-

1866 2820 2048 2873 usque
2082 2803 2337 2868 scientia,
2370 2806 2425 2856 et
2450 2818 2660 2870 magna
2678 2801 2851 2854 etiam
2886 2799 3039 2869 apud
3074 2797 3391 2867 principem
3432 2811 3560 2864 gra-

1864 2893 1946 2947 tia
1966 2891 2282 2961 conspicui,
2314 2907 2550 2960 operam
2598 2889 2829 2958 rogasti,
2871 2892 2936 2940 ut
2966 2886 3023 2939 in
3077 2884 3358 2939 Etruriam
3389 2899 3559 2937 sacrm

121 2976 365 3028 nonnullam
385 2976 452 3029 ab
478 2974 714 3029 eruditis
737 2976 1020 3029 lectoribus
1041 2976 1279 3041 gratiam
1301 2976 1436 3027 iniri
1455 2988 1619 3043 posse
1637 2990 1670 3042 s3

2011 2981 2202 3034 itionis
2248 2980 2531 3050 professor
2573 2993 2819 3031 vocarer.
2871 2974 3090 3029 Annuit
3128 2972 3388 3028 omnium
3424 2988 3560 3041 gra—

115 3061 265 3128 rabat;
295 3080 487 3117 verum
520 3067 641 3117 tam
666 3062 966 3116 infeliciter
996 3078 1063 3116 ea
1090 3062 1149 3115 in
1183 3079 1244 3117 re
1274 3062 1517 3117 calculos
1546 3062 1751 3132 posuit,

113 3151 219 3203 utin
242 3152 371 3205 lucri
402 3154 527 3206 loco
564 3152 744 3205 eidem
798 3151 1194 3221 reponendum
1242 3151 1518 3215 videatur,
1555 3150 1603 3203 si
1638 3155 1754 3204 tam

110 3236 252 3293 densae
268 3257 523 3295 errorum
549 3239 823 3310 farragini
844 3240 1070 3293 veniam
1091 3257 1123 3292 a
1144 3240 1448 3293 lectoribus
1463 3240 1753 3309 impetret.

111 3325 213 3383 Hinc
244 3328 455 3383 fatearis
486 3344 719 3382 necesse
759 3332 861 3395 est,
906 3328 1057 3381 viros
1108 3328 1361 3382 eruditos
1391 3328 1755 3397 quandoque,

109 3418 153 3465 ut
172 3420 249 3468 tuo
276 3418 436 3471 verbo
472 3423 626 3484 utar,
679 3416 1174 3487 paratragoediare,
1228 3432 1292 3469 ac
1340 3416 1453 3468 suis
1505 3416 1758 3486 ipsorum

110 3503 286 3573 scriptis
312 3506 557 3559 nimium
591 3505 931 3571 lenocinari;
962 3506 1164 3558 eadem
1202 3504 1552 3558 confidenter
1596 3520 1758 3574 reque

110 3606 156 3643 ac
173 3593 408 3647 audacter
432 3594 493 3647 in
528 3593 722 3646 oculos
772 3609 1090 3663 manusque
1119 3593 1418 3647 hominum
1448 3593 1756 3654 mittentes,

110 3693 207 3746 quae
247 3685 425 3735 tamen
483 3699 515 3736 e
568 3698 625 3735 re
673 3681 930 3751 ipsorum
961 3686 1107 3735 esset
1131 3682 1339 3736 scrinio
1380 3682 1666 3747 claudere,
1698 3698 1760 3734 ac

108 3765 260 3821 blattis
304 3770 663 3824 corrodenda
703 3770 1046 3841 relinquere.
1089 3772 1153 3823 Et
1195 3770 1446 3840 quidem,
1489 3774 1551 3823 ut
1573 3770 1643 3823 de
1666 3786 1756 3823 me

108 3854 285 3927 loquar,
310 3876 422 3914 non
452 3860 611 3932 quod
643 3858 701 3912 in
728 3859 1084 3912 eruditorum
1104 3873 1410 3912 numerum
1434 3858 1627 3911 venire
1657 3873 1758 3911 au-

107 3944 205 4010 sim,
245 3949 334 4002 sed
379 3949 520 4019 quia
568 3948 955 4013 indoctorum,
1007 3951 1066 3999 ut
1114 3947 1194 4000 ait
1238 3951 1424 4016 poeta,
1462 3945 1757 4000 volumina

104 4034 273 4100 passim
287 4036 659 4091 scribentium
678 4040 882 4089 turma:
899 4051 1203 4089 accenseor
1227 4034 1646 4101 ;existimabam
1665 4050 1757 4087 me

104 4125 285 4177 caeteris
305 4125 637 4196 diligentius
652 4124 710 4177 in
733 4123 1038 4193 Pelagiana
1064 4123 1309 4178 Historia
1327 4123 1757 4192 chronologiam

102 4214 357 4279 tractasse;
382 4216 479 4268 sed
504 4217 785 4284 quantum
806 4228 933 4267 mea
952 4229 1044 4266 me
1067 4212 1263 4282 opinio
1283 4212 1546 4266 fefellerit
1566 4212 1755 4265 statim

1868 3071 2077 3125 tiarum
2106 3068 2209 3135 vir,
2247 3084 2358 3139 quo
2390 3068 2459 3121 ad
2489 3065 2765 3121 beneﬁcia
2785 3064 3021 3135 pronior
3047 3078 3119 3117 ne
3151 3067 3279 3115 voto
3327 3061 3561 3131 quidem

1867 3158 2008 3229 tingi
2038 3160 2252 3227 potest;
2288 3155 2500 3209 sciebat
2524 3154 2678 3208 enim
2707 3151 3073 3207 serenissimo
3101 3148 3376 3203 cardinali
3419 3149 3563 3202 Leo-

1867 3248 2037 3317 poldo
2068 3247 2198 3317 (quo
2222 3244 2281 3299 in
2313 3244 2547 3298 nomine
2570 3256 2841 3312 magnum
2874 3239 3135 3294 Mediceae
3166 3236 3363 3308 glorize
3385 3235 3565 3288 incre-

1869 3339 2148 3405 mentum,
2183 3338 2237 3387 et
2264 3333 2583 3387 litterarum
2606 3346 2768 3401 aeque
2800 3344 2859 3382 ac
2882 3330 3261 3382 litteratorum
3288 3325 3564 3378 cultorem

1869 3428 1927 3477 et
1952 3425 2314 3477 Maecenatem
2344 3418 2852 3490 incomparabilem
2885 3416 3036 3470 orbis
3067 3415 3392 3480 veneratur)
3419 3410 3565 3464 nihil

1870 3528 1990 3566 esse
2016 3511 2322 3581 antiquius,
2360 3526 2533 3581 quam
2562 3512 2627 3561 ut
2656 3506 2890 3560 historia
2920 3520 3095 3569 sacra,
3124 3517 3254 3572 quae
3285 3500 3433 3570 apud
3467 3515 3566 3552 no-

1870 3605 2070 3654 strates
2093 3599 2353 3653 exsilium
2374 3598 2491 3668 pati
2507 3597 2828 3661 videbatur,
2846 3592 3090 3664 patriam
3109 3591 3169 3643 in
3193 3588 3413 3643 Etruria
3436 3602 3565 3640 cum

1868 3690 2089 3743 honore
2120 3686 2420 3755 reciperet.
2458 3684 2598 3738 Hinc
2628 3678 3266 3752 amplissimisenatoris
3288 3692 3462 3747 opera
3488 3676 3566 3729 fo-

1870 3782 2023 3830 ctum
2043 3778 2147 3841 est,
2172 3778 2237 3826 ut
2255 3770 2653 3825 serenissimus
2674 3785 2917 3840 magnus
2941 3766 3180 3823 Etruriae
3199 3765 3312 3819 dux
3330 3766 3567 3819 Cosmus

1871 3862 2311 3918 Ecclesiasticam
2336 3860 2660 3924 Historiam,
2680 3875 2809 3929 quae
2830 3856 3075 3927 publicis
3098 3854 3422 3924 sapientum
3440 3868 3570 3905 con-

1869 3950 2132 4002 ventibus
2154 3949 2395 4012 exclusa,
2426 3963 2554 4001 cum
2589 3945 2919 3999 umbraticis
2949 3943 3289 4013 quibusdam
3323 3937 3569 3993 homini-

1866 4036 2044 4090 busin
2060 4035 2220 4088 Italia
2237 4036 2341 4088 sub
2351 4049 2603 4103 paupere
2621 4036 2765 4085 tecto
2778 4031 3193 4099 hospitabatur,
3209 4027 3365 4095 regia
3394 4040 3566 4077 manu

1867 4124 2229 4194 prehensam,
2256 4122 2315 4174 in
2347 4122 2611 4174 Pisanum
2667 4120 3009 4180 Atheneum,
3035 4117 3141 4169 hoc
3162 4118 3264 4179 est,
3296 4114 3353 4165 in
3403 4126 3565 4164 suam

1873 4212 2133 4267 omnium
2155 4210 2519 4263 scientiarum
2542 4207 2758 4277 regiam
2800 4203 3200 4267 introduxerit,
3255 4200 3565 4269 insignem-

103 4297 343 4355 intellexi:
378 4303 664 4373 siquidem
693 4303 780 4355 vel
811 4301 872 4354 in
903 4301 1028 4370 ipso
1062 4301 1259 4354 limine
1294 4301 1354 4353 in
1392 4300 1755 4370 prochronis-
1797 4271 1842 4325 Β
1874 4318 1985 4373 que
2016 4300 2199 4354 eidem
2233 4299 2558 4352 cathedram
2591 4294 3036 4363 inauguraverit.
3089 4293 3229 4345 Cum
3276 4287 3571 4359 sapientis-

104 4400 233 4440 mum
250 4388 475 4461 impegi.
512 4391 650 4443 Nam
681 4390 740 4443 in
770 4390 952 4459 priori
982 4390 1190 4460 pagina
1220 4390 1415 4460 scripsi
1445 4406 1573 4443 cum
1596 4392 1762 4443 Baro-

104 4476 179 4528 nio
206 4478 254 4531 S.
284 4480 651 4534 Athanasium
669 4495 819 4532 anno
851 4482 953 4533 372
977 4480 1128 4532 diem
1154 4479 1360 4534 obiisse
1390 4496 1402 4545 ;
1435 4478 1574 4546 imo,
1607 4479 1759 4550 quod

106 4578 210 4617 cum
232 4568 441 4636 pudore
484 4569 630 4633 dico,
680 4568 920 4621 laudans
967 4568 1208 4622 Proterii
1256 4567 1619 4621 Alexandrini
1657 4584 1760 4637 pa-

106 4652 318 4709 schalem
346 4658 414 4711 ad
446 4658 695 4711 Leonem
726 4658 994 4727 Magnum
1020 4657 1344 4726 epistolam,
1372 4672 1501 4709 cum
1550 4655 1762 4709 ibidem

108 4755 161 4792 ex
185 4744 382 4812 epocha
403 4745 755 4804 Diocletiani,
788 4750 843 4798 et
872 4746 1197 4799 charactere
1227 4744 1479 4813 paschali
1534 4744 1762 4797 eviden-

109 4831 178 4881 ter
204 4831 526 4898 deducatur,
559 4850 707 4887 anno
737 4833 1065 4902 insequenti
1096 4833 1352 4902 ejusdem
1383 4830 1603 4885 obitum
1650 4836 1765 4885 sta—

108 4920 347 4975 tuendum
380 4922 571 4976 fuisse.
606 4922 804 4975 Plures
834 4922 973 4974 meis
1004 4921 1064 4974 in
1111 4921 1272 4975 libris
1320 4936 1541 4974 errores
1598 4920 1761 4973 inve-

106 5005 242 5061 nient
263 5010 429 5079 rigidi
455 5027 735 5075 censores,
769 5026 1006 5081 quorum
1041 5026 1249 5079 agmen
1270 5026 1361 5063 me
1391 5014 1613 5062 manet:
1635 5009 1765 5078 qui-

107 5091 212 5159 bus,
239 5098 333 5151 ubi
352 5114 444 5152 me
464 5099 832 5153 allucinatum
856 5099 1227 5164 ostenderint,
1252 5099 1463 5168 gratias
1488 5098 1766 5167 plurimas

108 5182 343 5255 referam,
363 5188 575 5258 quippe
589 5188 815 5258 quinon
846 5203 994 5253 mea,
1032 5188 1127 5240 sed
1147 5187 1402 5256 ipsorum
1434 5203 1569 5239 cura
1600 5201 1662 5238 ac
1687 5187 1766 5238 la-

107 5267 240 5333 bore,
273 5291 387 5329 non
420 5276 601 5330 dicam
641 5275 881 5341 doctior,
912 5276 1010 5330 sed
1051 5275 1242 5328 minus
1292 5274 1551 5329 indoctus
1598 5274 1763 5339 ﬁam;

110 5356 227 5413 illud
255 5364 406 5417 enim
437 5365 672 5419 subinde
702 5365 928 5419 Seneca:
956 5364 1173 5417 dictum
1204 5368 1399 5433 repeto
1424 5379 1490 5416 ex
1522 5378 1647 5432 cap.
1704 5365 1766 5415 18

111 5442 165 5497 de
202 5448 315 5503 Vita
337 5450 518 5517 beata,
562 5454 692 5508 Cum
744 5452 894 5506 vitiis
950 5454 1249 5506 convicium
1294 5454 1460 5517 facio,
1488 5452 1766 5520 imprimis

110 5538 216 5588 meis
242 5539 399 5601 facio.
427 5540 506 5594 Tu
534 5541 790 5611 quidem,
823 5540 911 5593 vir
938 5538 1265 5605 clarissime,
1299 5553 1529 5592 securus
1560 5536 1628 5590 ab
1658 5538 1767 5591 hoc

1872 4392 2050 4444 simus
2098 4388 2365 4457 idemque
2414 4383 2897 4455 prudentissimus
2939 4380 3205 4451 princeps
3232 4378 3445 4447 optime
3477 4376 3565 4428 in-

1870 4478 2154 4547 telligeret
2181 4489 2357 4528 unam
2388 4473 2687 4526 historiam
2720 4484 3064 4538 magnorum
3093 4482 3295 4534 regum
3335 4462 3569 4517 nomina

1872 4566 1942 4619 ad
1989 4568 2245 4635 posteros
2284 4577 2411 4615 cum
2462 4560 2628 4613 laude
2667 4557 3076 4622 transmittere,
3128 4553 3390 4607 eamdem
3450 4556 3569 4605 tam

1872 4650 2051 4705 nobili
2075 4648 2292 4720 judicio
2322 4664 2385 4700 ac
2415 4660 2688 4715 generosa
2719 4642 3109 4696 muniﬁcentia
3145 4639 3427 4695 demereri
3472 4656 3568 4693 vo-

1873 4739 2014 4793 luit:
2050 4743 2113 4791 ut
2136 4737 2365 4808 quando
2399 4735 2560 4788 illum
2603 4748 2871 4803 suprema
2899 4736 2957 4784 et
2985 4731 3123 4784 seris
3143 4734 3364 4783 tantum
3392 4744 3568 4797 nepo-

1872 4830 2024 4884 tibus
2079 4833 2213 4882 nota
2271 4827 2390 4879 dies
2420 4825 2561 4878 coelo
2619 4824 2853 4886 inseret,
2914 4819 3167 4873 historiae
3226 4832 3460 4871 munere
3512 4816 3571 4868 in

1875 4919 2123 4971 Etruscae
2153 4913 2338 4985 gentis
2370 4911 2685 4975 desideriis,
2713 4909 2775 4961 in
2809 4907 3072 4961 omnium
3103 4905 3445 4975 populorum
3470 4900 3569 4971 qui

1873 5007 2093 5060 litteras
2154 5007 2307 5056 extra
2342 4999 2668 5053 barbariem
2717 4996 2930 5063 norint,
2984 4994 3191 5048 animis
3238 4990 3572 5062 perenniter

1874 5094 2042 5147 vivat.
2078 5094 2143 5146 Et
2165 5092 2296 5144 licet
2326 5090 2487 5142 illum
2519 5088 2719 5157 ingens
2752 5101 2887 5154 erga
2918 5098 3153 5151 superos
3204 5077 3428 5147 religio,
3472 5092 3569 5130 ra-

1874 5198 1971 5234 rus
2003 5181 2061 5233 in
2089 5178 2342 5232 subditos
2393 5191 2574 5239 amor,
2631 5173 2871 5226 eximius
2906 5170 3226 5222 litterarum
3266 5165 3473 5221 cultus.
3507 5179 3571 5217 ac

1876 5269 2113 5323 sollicita
2159 5266 2406 5335 felixque
2456 5262 2694 5333 gerendi
2743 5256 2970 5328 imperii
3023 5270 3159 5308 cura
3193 5254 3313 5323 jam
3346 5254 3568 5323 pridem

1876 5359 2003 5413 orbi
2030 5357 2297 5411 universo
2328 5353 2690 5425 spectabilem
2716 5347 2974 5411 fecerint,
3007 5360 3070 5397 ac
3101 5344 3315 5414 grande
3354 5344 3420 5397 iis
3468 5344 3573 5413 qui

1876 5451 2096 5517 sceptra
2126 5445 2499 5499 moderantur
2528 5438 2852 5507 exemplum
2882 5433 3175 5505 posuerint
3206 5453 3221 5499 ;
3267 5436 3427 5502 grato
3476 5437 3567 5485 ta-

1876 5551 2009 5589 men
2038 5532 2290 5588 historiae
2322 5528 2594 5598 obsequio
2621 5526 2770 5578 ultra
2795 5538 2978 5577 aevum
3010 5538 3114 5593 per
3142 5538 3241 5576 ora
3266 5520 3566 5575 hominum
