3922 6188
404 269 507 321 319

1413 267 1963 324 SUPPLEMENTUM
2003 269 2093 324 AD
2128 269 2361 326 OPERA
2397 268 2452 325 S.
2493 267 2876 324 AUGUSTINI.
3736 283 3804 335 320

401 387 636 455 feretur,
704 388 1020 459 iisdemque
1069 388 1274 458 quibus
1317 388 1595 444 virtutum
1651 406 1716 445 ac
1781 391 2097 446 litterarum
2129 393 2171 447 A
2211 392 2304 445 nia
2344 392 2578 446 meritus
2614 396 2779 460 esset,
2825 391 2871 445 si
2910 391 3078 445 modo
3108 372 3400 463 Evangelio
3429 404 3646 465 pareret,
3682 403 3807 456 misso

404 476 629 544 notitia,
681 478 873 548 spatiis
915 477 1334 547 pervagabitur.
1385 479 1661 532 Caeterum
1714 496 1843 533 cum
1883 480 2093 549 singuli

405 566 553 620 felici
592 566 985 619 Ecclesiasticze
1045 565 1305 618 Historiae
1356 566 1459 621 sub
1519 568 1760 621 Maximo
1836 569 2093 638 principe

406 655 547 708 sorti
601 655 1053 725 adgratulentur,
1104 653 1223 722 ipse
1270 655 1377 708 hoc
1406 656 1571 708 unice
1604 656 1788 719 doleo,
1821 660 1971 726 quod
2006 674 2093 710 me

407 743 564 796 nulla
612 758 782 795 sacrae
830 741 1170 794 eruditionis
1217 744 1564 812 supellectile
1613 750 1900 810 ornatum,
1941 747 2096 814 ejus—

405 832 536 885 dem
570 830 826 901 Historiaa
859 830 1109 900 primum
1139 831 1199 885 in
1223 832 1425 885 Pisana
1465 834 1766 887 Academia
1820 835 2095 903 interpre-

399 922 513 971 tem
571 917 925 988 designavit;
969 934 1168 973 vereor
1219 920 1371 972 enim
1434 937 1505 973 ne
1554 938 1683 974 cum
1737 922 1996 975 sublimis
2027 922 2097 975 sit

402 1005 653 1060 historiae
704 1007 994 1076 majestas,
1028 1007 1357 1077 interpretis
1390 1009 1523 1061 vitio
1550 1009 1740 1062 minor
1766 1026 1885 1063 esse
1908 1009 2097 1063 videa-

401 1097 512 1148 tur.
571 1095 724 1149 Unus
754 1099 967 1161 tamen,
1015 1095 1101 1147 vir
1146 1096 1527 1166 undequaque
1570 1097 1975 1163 eruditissime,
2009 1098 2095 1151 in-

399 1186 632 1251 gentem
691 1183 869 1235 animi
901 1183 1217 1236 molestiam
1253 1185 1479 1250 minuis,
1515 1185 1650 1238 dum
1695 1201 1725 1239 e
1764 1186 2093 1255 locupletis-

399 1270 544 1324 sima
594 1270 959 1337 bibliotheca,
1009 1289 1137 1341 qua:
1168 1273 1321 1326 domi
1368 1278 1482 1326 tua:
1530 1274 1773 1337 atrium;
1815 1274 2095 1343 cubicula,

400 1359 641 1429 angulos
674 1376 930 1430 quosque
962 1365 1220 1430 occupat,
1245 1360 1392 1414 libro
1422 1362 1663 1415 subinde
1694 1363 1760 1415 ad
1792 1379 1883 1417 me
1913 1369 2095 1415 trans-

396 1447 598 1515 mittis,
632 1452 697 1501 ut
731 1454 904 1501 tantae
943 1449 1280 1503 eruditionis
1331 1450 1607 1519 suppetiis
1656 1450 1933 1516 ﬁrmatus,
1972 1451 2094 1503 ani-

398 1551 558 1590 mum
588 1552 702 1590 non
734 1536 1134 1605 despondeam.
1170 1538 1244 1591 Te
1275 1537 1506 1592 interim
1537 1555 1757 1608 precor,
1790 1545 1851 1593 ut
1879 1556 1969 1592 me
2009 1555 2094 1593 se-

399 1623 702 1678 renissimo
731 1624 966 1678 domino
997 1625 1099 1695 qui
1128 1629 1181 1679 te
1210 1642 1372 1696 aeque
1404 1642 1466 1679 ac
1496 1626 1711 1680 litteras
1743 1633 1915 1691 amat,
1947 1643 2095 1680 com-

400 1712 737 1765 mendatum
767 1712 959 1781 facias,
991 1718 1053 1766 ut
1076 1713 1221 1766 tanti
1253 1713 1526 1784 principis
1556 1714 1873 1784 patrocinia
1895 1715 2092 1777 fultus,

401 1798 551 1853 felici
580 1800 878 1869 faustoque
910 1800 1163 1870 auspicio
1195 1801 1603 1856 demandatum
1636 1818 1845 1857 munus
1892 1819 2093 1873 aggre-

400 1883 541 1939 diar.
588 1885 716 1938 Vale
746 1903 809 1939 ac
831 1903 941 1949 me,
974 1893 1039 1941 ut
1069 1888 1235 1955 soles,
1270 1905 1416 1943 ama.

400 2027 1064 2083 ANIMADVEBSIONES
1137 2030 1208 2083 IN
1306 2031 1589 2085 EAMDEM
1687 2031 2090 2088 EPISTOLAM.

473 2149 723 2219 Epistola
770 2154 886 2205 I75.
940 2151 1343 2222 Inscriptiones
1391 2154 1564 2224 hujus
1614 2154 1866 2225 epistolae
1915 2159 1972 2208 et
2008 2171 2095 2210 se-

402 2238 630 2308 quentis
661 2238 889 2308 c0piose
921 2240 1189 2309 explicuit
1218 2240 1568 2296 eminentiss.
1604 2243 1930 2306 cardinalis,
1962 2260 2093 2297 con-

397 2329 487 2379 tra
513 2327 673 2381 Joan.
709 2328 1068 2382 Garnerium.
1101 2329 1209 2383 Sed
1235 2346 1362 2383 cum
1395 2331 1463 2384 ad
1504 2331 1653 2400 ipsas
1697 2332 1966 2400 epistolas
2008 2333 2095 2385 ni-

401 2414 479 2468 hil
513 2413 738 2481 dixerit,
774 2417 1047 2469 nonnulla
1076 2416 1147 2470 ad
1180 2434 1272 2471 eas
1294 2418 1654 2471 monebimus
1681 2420 1753 2472 ad
1776 2420 2095 2473 doctrinam

401 2518 572 2572 quam
606 2504 1063 2573 complectuntur
1090 2506 1453 2574 pertinentia.
1500 2507 1765 2570 Quamvis
1814 2508 1990 2573 enim,
2025 2523 2095 2561 ne

399 2589 527 2660 quis
556 2589 939 2645 calumnietur
967 2592 1272 2645 candorem
1297 2597 1574 2657 nostrum,
1606 2594 1784 2647 multa
1821 2594 1935 2647 sint
1966 2611 2093 2664 quae

398 2678 799 2747 improbemus
829 2679 887 2732 in
916 2679 1172 2734 doctrina
1199 2680 1414 2749 Pelagii
1459 2681 1695 2750 ejusque
1742 2682 2091 2751 sequacium,

396 2766 701 2820 adversarii
732 2771 923 2820 tamen
973 2768 1095 2837 ejus
1125 2784 1238 2820 non
1270 2768 1347 2820 ita
1378 2783 1496 2820 sese
1542 2773 1842 2839 gesserunt
1897 2785 1961 2822 ac
1998 2785 2095 2822 ra-

393 2853 643 2908 tiocinati
695 2860 843 2921 sunt,
901 2859 965 2908 ut
1012 2856 1235 2924 possint
1280 2855 1452 2909 etiam
1496 2872 1529 2908 a
1569 2856 1731 2909 nobis
1760 2872 1863 2926 per
1900 2857 2094 2910 omnia

394 2943 643 3014 probari.
699 2945 1006 2997 Damnatus
1051 2944 1287 3014 quidem
1336 2945 1429 2998 ille
1465 2950 1551 2999 est
1577 2950 1633 2998 et
1660 2945 1931 2999 conviciis
1958 2962 2095 2999 exa-
2124 2956 2162 3011 c

394 3034 605 3102 gitatus
634 3032 703 3086 ab
734 3033 1021 3096 omnibus,
1050 3034 1221 3087 etiam
1245 3034 1452 3103 quibus
1471 3035 1592 3104 ejus
1612 3034 1879 3104 dogmata
1899 3035 2095 3105 ignota

392 3124 576 3186 erant,
610 3136 679 3173 ex
718 3137 830 3191 quo
853 3126 937 3174 est
968 3121 1038 3174 ab
1087 3122 1366 3175 Africanis
1418 3122 1698 3191 episcopis
1745 3123 2089 3178 infamatus:

396 3207 493 3260 sed
520 3208 680 3261 nulla
710 3207 1008 3261 hominum
1039 3207 1332 3261 damnatio
1368 3209 1591 3262 efﬁcere
1621 3213 1808 3279 potest
1837 3215 1900 3263 ut
1941 3212 2091 3279 quod

394 3310 593 3348 verum
624 3294 732 3350 fuit
761 3296 964 3348 falsum
991 3295 1111 3361 ﬁat,
1145 3300 1201 3349 et
1228 3296 1346 3349 vice
1378 3313 1543 3349 versa
1572 3298 1745 3350 nulla:
1789 3298 2091 3352 hominum

395 3382 594 3436 laudes
633 3398 699 3436 ex
740 3399 931 3436 errore
963 3384 1261 3437 veritatem
1303 3384 1534 3438 faciunt.
1580 3387 1862 3439 Praeterea
1890 3392 2091 3440 notum

395 3475 475 3524 est
499 3470 556 3523 in
580 3471 802 3540 magnis
819 3473 1057 3525 coetibus
1078 3489 1166 3525 res
1188 3473 1410 3543 magnis
1432 3474 1725 3528 affectibus
1747 3475 2045 3544 dijudicari
2073 3492 2086 3543 ;

394 3575 498 3613 nec
539 3558 597 3613 iu
630 3575 689 3611 re
720 3564 807 3612 sat
832 3559 1049 3613 difficili
1082 3560 1243 3614 facile
1272 3561 1382 3615 fuit
1412 3578 1607 3616 verum
1645 3579 1678 3616 a
1715 3563 1857 3616 falso
1906 3579 2087 3615 secer-

391 3662 528 3700 nere
558 3647 825 3701 omnibus
854 3648 966 3701 illis
996 3648 1273 3702 Africanis
1314 3648 1608 3721 episcopis,
1645 3666 1886 3721 quorum
1940 3668 2087 3705 non-

393 3734 540 3788 nulli
566 3750 637 3789 ne
663 3736 909 3791 scribere
939 3736 1174 3806 quidem
1206 3738 1456 3807 potuisse
1500 3739 1769 3793 dicuntur
1824 3744 1842 3793 1
1894 3741 2082 3793 collat.

396 3823 659 3894 Carthag.
689 3842 736 3878 c.
777 3828 899 3889 133,
927 3830 983 3879 et
1002 3825 1331 3892 doctissimi,
1388 3832 1595 3897 praeter
1634 3827 1859 3881 dicendi
1905 3829 2083 3882 facul-

391 3915 589 3972 tatem,
616 3928 718 3982 pro
762 3914 996 3967 modulo
1045 3913 1174 3967 illus
1204 3915 1325 3979 aevi,
1378 3917 1514 3985 quid
1554 3916 1825 3969 eximium
1870 3916 2085 3969 habue-

392 4001 506 4055 rint
534 3984 651 4055 non
680 4002 865 4056 video.
901 4003 1021 4056 Non
1050 4002 1293 4057 dicerem
1320 4004 1463 4069 haec,
1498 4003 1605 4057 nisi
1634 4004 1880 4057 viderem
1929 4005 2085 4057 mul-

389 4089 636 4144 titudine
667 4093 725 4144 et
752 4090 1108 4158 auctoritate,
1144 4093 1322 4145 multo
1346 4092 1527 4162 magis
1558 4108 1733 4162 quam
1766 4092 2084 4148 rationibus

394 4178 636 4248 pugnari
653 4220 667 4234 .

2204 480 2279 548 ei,
2307 497 2372 534 ex
2403 497 2559 534 mera
2579 481 2782 551 gratia,
2812 486 3031 534 servato
3042 496 3098 532 re
3118 481 3245 534 Jesu
3268 482 3496 545 Christo,
3521 485 3607 554 qui
3627 489 3809 556 gratiam

2205 568 2364 621 illam
2414 568 2514 621 Dei
2570 568 2621 620 ei
2665 569 3053 633 annuntiaret,
3103 572 3159 620 et
3188 568 3257 622 ad
3289 567 3526 623 ofﬁcium
3558 572 3809 631 misericor-

2205 656 2352 709 diter
2397 660 2720 722 revocaret;
2766 670 2908 709 neve
2959 656 3134 708 homo
3200 671 3396 724 parum
3453 659 3687 713 credibile
3728 680 3813 719 esse

2206 749 2482 811 censeret,
2546 744 2707 814 quod
2751 744 2848 798 ille
2900 743 3218 811 nuntiabat,
3269 744 3538 799 addidisse
3594 747 3814 807 Christum

2206 832 2502 897 miracula,
2531 832 2741 902 quibus
2780 832 2951 885 ﬁdem
2980 831 3086 885 sibi
3116 832 3201 884 vel
3233 833 3380 901 apud
3405 835 3688 902 pertinaces
3710 840 3814 894 face-

2209 923 2332 981 ret;
2358 918 2647 971 internum
2680 918 2849 972 etiam
2881 917 3156 971 auxilium
3199 919 3547 987 suppeditare
3588 938 3683 990 quo
3727 928 3814 980 aui-

2207 1018 2330 1055 mos
2355 1001 2655 1056 hominum
2688 1002 2952 1067 illustrat,
2984 1002 3244 1073 quamvis
3276 1019 3388 1056 non
3432 1006 3711 1060 necessario
3745 1010 3813 1062 ad-

2208 1090 2379 1144 ducat
2406 1090 2477 1144 ad
2508 1091 2888 1157 credendum;
2922 1091 3063 1160 quin
3092 1096 3149 1145 et
3176 1106 3280 1160 per
3316 1091 3637 1161 baptismum
3679 1096 3814 1149 homi-
3884 1088 3885 1101 ¹

2207 1195 2307 1231 nes
2334 1178 2683 1247 regenerari,
2716 1184 2772 1232 et
2814 1178 2962 1232 ﬁlios
2986 1179 3083 1232 Dei
3113 1179 3253 1233 ﬁeri.
3288 1179 3445 1243 Quod
3476 1197 3507 1234 a
3528 1183 3720 1251 Pelagio
3759 1186 3815 1237 di-

2207 1272 2361 1320 ctum
2414 1267 2610 1320 multis
2654 1267 2901 1321 ostendit
2949 1268 3179 1337 Dionys.
3236 1270 3488 1321 Petavius
3532 1269 3586 1322 in
3639 1271 3816 1324 Historia

2211 1356 2549 1424 Dogmatum
2590 1355 3052 1425 Pelagianorum,
3087 1373 3216 1427 quae
3268 1362 3349 1410 est
3395 1362 3529 1411 tom.
3577 1359 3639 1411 lll
3667 1360 3814 1427 Dogm.

2207 1443 2331 1512 ejus
2353 1443 2810 1513 theologicorum
2844 1444 2931 1498 ed.
2965 1444 3516 1498 Amstelodamensis.
3552 1448 3650 1499 Hoc
3689 1463 3816 1501 unum

2208 1530 2429 1585 dicebat
2460 1532 2723 1601 Pelagius
2750 1533 3002 1602 pendere
3032 1532 3101 1586 ab
3133 1533 3366 1586 homine
3388 1534 3533 1605 quod
3549 1541 3700 1603 posset
3715 1541 3815 1589 recte

2206 1619 2291 1672 uti
2315 1624 2413 1673 aut
2440 1620 2594 1673 abuti
2619 1626 2703 1673 tot
2729 1620 2935 1674 divinis
2957 1621 3252 1675 beneﬁciis
3279 1638 3292 1688 ;
3324 1637 3435 1691 qua
3464 1622 3519 1675 in
3543 1637 3598 1674 re
3624 1620 3816 1692 quamvis

2207 1725 2570 1779 summopere
2622 1710 2985 1780 vituperandi
3034 1710 3150 1764 sint
3178 1711 3279 1780 qui
3322 1711 3598 1765 beneﬁciis
3622 1710 3703 1765 Dei
3726 1711 3817 1763 abu-

2204 1801 2427 1865 tuntur,
2458 1813 2574 1851 non
2605 1802 2737 1851 sunt
2782 1798 3092 1852 admodum
3143 1798 3435 1863 laudandi,
3486 1798 3529 1851 si
3557 1798 3703 1867 rigidi
3731 1813 3817 1850 cen-

2206 1902 2362 1939 sores
2391 1891 2611 1939 natura;
2650 1890 2861 1940 nostra:
2883 1903 3001 1940 esse
3032 1888 3296 1953 velimus,
3331 1886 3509 1957 quiiis
3539 1892 3667 1940 recte
3690 1891 3815 1939 utun-

2205 1978 2334 2039 tur;
2367 1990 2499 2027 nam
2550 1975 2700 2044 quod
2728 1974 2947 2044 possint
2975 1974 3081 2027 hoc
3127 1980 3417 2045 praestare,
3474 1980 3642 2028 totum
3674 1990 3815 2027 mune-

2206 2062 2282 2115 ris
2333 2066 2417 2115 est
2464 2063 2663 2128 divini,
2714 2078 2820 2116 nec
2870 2063 3083 2119 mirum
3110 2069 3198 2117 est
3244 2079 3338 2117 eos
3365 2063 3546 2117 felices
3573 2078 3675 2115 esse
3698 2062 3816 2115 malle

2205 2150 2264 2203 in
2298 2156 2597 2217 aeternum,
2630 2167 2805 2220 quam
2832 2150 3087 2205 miseros.
3124 2151 3424 2204 Furiosum
3452 2150 3663 2222 quidem
3695 2157 3758 2202 est
3780 2154 3817 2202 et

2203 2237 2464 2308 impium,
2504 2240 2616 2293 Deo
2639 2240 2808 2292 vitam
2841 2243 2897 2292 et
2918 2244 3159 2292 mortem
3182 2239 3476 2304 offerente,
3499 2239 3681 2309 eligere
3715 2253 3817 2291 mor-

2206 2332 2316 2381 tem
2345 2332 2437 2392 ;at
2465 2328 2718 2396 profecto
2744 2343 2865 2381 non
2893 2332 2979 2380 est
3009 2327 3235 2381 eximiae
3257 2327 3543 2397 cujusdam
3572 2326 3814 2397 prudentia

2205 2419 2262 2469 et
2292 2413 2520 2467 virtutis
2551 2415 2722 2467 malle
2751 2414 2945 2467 vitam.
2979 2414 3116 2477 Quis
3145 2415 3434 2483 superbiat
3463 2414 3530 2467 ob
3556 2413 3815 2483 sapientiam

2205 2508 2262 2556 et
2292 2518 2551 2563 acumen,
2598 2502 2753 2572 quod
2811 2503 3079 2556 maluerit
3124 2502 3314 2557 vivere
3367 2518 3533 2572 quam
3579 2501 3815 2555 mori?list

2204 2590 2400 2659 igitur,
2435 2607 2503 2643 ex
2536 2591 2820 2644 sententia
2844 2590 3081 2660 Pelagii,
3102 2606 3204 2643 cur
3239 2592 3353 2644 Deo
3376 2590 3576 2661 gratias
3592 2593 3733 2658 agant
3753 2588 3816 2639 ho-

2205 2679 2410 2744 mines,
2444 2679 2541 2732 scd
2572 2696 2688 2732 non
2718 2695 2819 2733 cur
2868 2679 2975 2733 sibi
3020 2680 3288 2749 placeant
3324 2695 3387 2733 ac
3430 2678 3691 2750 plaudant.
3715 2675 3813 2730 Afri-

2205 2784 2361 2821 canae
2423 2772 2522 2821 aut
2567 2768 2796 2821 Punicae
2845 2767 3143 2821 rhetorica:
3189 2768 3545 2838 exaggeratio
3586 2766 3690 2827 fuit,
3727 2778 3815 2816 cum

2204 2855 2450 2909 liberum
2483 2855 2782 2909 arbitrium
2814 2858 2873 2910 in
2900 2858 3222 2923 sacrilegam
3277 2857 3577 2925 superbiam
3617 2852 3815 2906 extollere

2205 2944 2388 2998 dictus
2417 2949 2517 2998 est.
2552 2945 2733 3009 Quam
2766 2945 2931 2999 facile
2970 2944 3078 2997 fuit
3105 2944 3336 3015 Pelagio
3371 2958 3614 3014 premere
3654 2943 3815 2994 contra-

2204 3032 2319 3086 rias
2348 3037 2541 3102 partes
2568 3031 2864 3085 invidiosis
2891 3032 3276 3099 consectariis,
3324 3035 3497 3086 Deum
3536 3031 3709 3102 jubere
3742 3027 3814 3079 im-

2202 3120 2514 3189 possibilia,
2548 3121 2778 3173 mternis
2808 3120 2992 3190 pcenis
3021 3120 3250 3175 afﬁcere
3297 3121 3552 3174 homines
3596 3117 3721 3189 quod
3744 3116 3814 3168 im-

2201 3209 2497 3278 possibilia
2552 3225 2669 3262 non
2716 3209 3133 3278 praestitissent,
3186 3210 3426 3279 aliisque
3460 3209 3513 3263 id
3539 3203 3814 3279 genus,qu

2202 3296 2311 3350 bus
2339 3302 2641 3350 excusatur
2679 3298 2848 3366 plane
2896 3298 3090 3361 homo,
3141 3314 3205 3351 ac
3244 3302 3364 3353 tota
3405 3299 3562 3368 culpa
3600 3295 3653 3347 in
3690 3294 3812 3346 Deum

2199 3385 2547 3454 conjicitur?
2595 3385 2946 3439 llumilitatis
2995 3386 3333 3440 Christianae
3371 3402 3487 3440 esse
3524 3383 3766 3456 putabant,
3783 3377 3812 3427 si

2198 3472 2346 3525 Deus
2389 3472 2651 3526 omnium
2692 3474 2975 3527 bonorum
3036 3479 3235 3527 auctor
3295 3474 3497 3541 ﬁeret;
3541 3476 3593 3527 et
3643 3468 3813 3540 quidem

2196 3559 2434 3625 merito;
2470 3566 2658 3614 atnon
2706 3561 2787 3614 ita
2833 3561 2891 3615 id
2921 3561 3167 3631 intelligi
3211 3563 3483 3632 Oportuit,
3515 3564 3576 3615 ut
3600 3559 3731 3612 ﬁeret
3757 3568 3815 3605 ραν

2194 3647 2325 3701 dem
2352 3664 2525 3717 opera
2547 3648 2779 3719 iniquus
2790 3650 2989 3719 judex,
3011 3649 3167 3719 quod
3194 3650 3307 3703 Deo
3331 3655 3416 3704 est
3452 3640 3815 3703 contumeliosis-

2195 3734 2426 3788 simum.
2477 3737 2556 3789 Ac
2599 3752 2734 3790 sane
2790 3737 2944 3790 hisce
2977 3743 3236 3807 permota
3268 3738 3474 3792 saecula
3507 3730 3757 3802 sequentia
3775 3727 3814 3779 in

2195 3822 2411 3893 Pelagii
2438 3823 2769 3894 Opinionem
2793 3824 3011 3894 dilapsa
3032 3830 3185 3893 sunt,
3207 3842 3380 3896 quam
3397 3826 3560 3879 etiam
3572 3815 3814 3889 Augustino

2192 3912 2539 3978 tribuerunt,
2589 3911 2681 3965 cui
2729 3912 2851 3983 ipsa
2899 3913 3117 3983 Pelagii
3149 3916 3429 3984 opuscula
3464 3907 3812 3981 ascripserunt;

2193 3998 2331 4069 quia
2349 4014 2467 4052 non
2488 4003 2751 4069 poterant
2769 3999 2875 4053 sibi
2895 4001 3241 4070 persuadere
3264 4007 3485 4056 tantum
3506 4001 3670 4053 virum
3688 4005 3815 4064 quan-

2193 4092 2316 4141 tum
2365 4103 2496 4140 eum
2546 4087 2719 4141 fuisse
2766 4104 2835 4143 ex
2859 4089 3013 4143 fama
3041 4091 3347 4160 putabant,
3390 4086 3651 4160 ejusmodi
3674 4092 3812 4136 conse-

2195 4174 2371 4228 ctaria
2399 4174 2654 4245 potuisse
2702 4192 3078 4246 concoquere.
3132 4178 3388 4231 Profecto
3419 4178 3465 4230 si
3503 4169 3719 4229 Africani
3756 4162 3813 4217 illi

461 4235 658 4333 lbid.§
712 4268 763 4320 2.
811 4266 876 4320 Id
932 4272 1106 4335 agunt
1147 4268 1242 4320 isti
1308 4266 1621 4334 (Caelestius
1692 4273 1747 4320 et
1804 4269 2083 4339 Pelagius)
2123 4235 2166 4288 ι)
2201 4235 2418 4316 Patres-
2446 4262 2505 4316 id
2557 4263 2798 4317 fuissent
2853 4235 3005 4334 quod
3054 4265 3239 4319 videri
3296 4265 3568 4328 volebant,
3616 4254 3815 4339 gravibus

389 4349 792 4404 damnabilibus
836 4352 1302 4420 disputationibus
1334 4354 1468 4419 suis,
1496 4357 1557 4406 ut
1584 4369 1689 4407 non
1734 4354 2087 4423 defendendo,

388 4437 485 4492 sed
516 4441 699 4505 potius
738 4440 796 4492 in
834 4441 1144 4507 superbiam
1184 4441 1505 4506 sacrilegam
1540 4442 1841 4495 emtollcndo
1866 4444 2091 4498 liberum

392 4526 708 4593 arbitrium,
756 4527 964 4580 nullum
1005 4528 1318 4596 relinquant
1376 4529 1547 4583 locum
1594 4531 1788 4597 gratim
1833 4534 1947 4597 Dei,
1981 4549 2091 4601 qua

389 4613 691 4668 Christiani
711 4628 913 4668 sumus.
967 4613 986 4686 ]
1038 4616 1159 4668 Non
1212 4616 1372 4687 capio
1414 4616 1513 4686 qui
1542 4616 1600 4671 in
1629 4617 1953 4687 superbiam
1993 4635 2087 4673 ex-

385 4702 649 4756 tollerent
670 4701 914 4757 liberum
934 4703 1257 4773 arbitrium,
1276 4712 1331 4758 et
1346 4706 1578 4776 quidem
1607 4706 1874 4760 adversus
1909 4709 2087 4761 Deum

387 4790 487 4861 qui
512 4790 841 4845 fatebantur
880 4807 1010 4845 eum
1062 4797 1376 4851 creatorem
1422 4809 1541 4847 esse
1570 4794 1837 4847 humanae
1868 4801 2088 4849 naturae

387 4879 763 4950 omniumque
795 4879 917 4950 ejus
940 4880 1295 4948 facultatum,
1326 4881 1467 4935 adeo
1508 4885 1569 4935 ut
1594 4881 1647 4937 ei
1691 4882 1936 4936 debeant
1984 4884 2084 4936 lio-

387 4968 571 5022 mines
601 4968 881 5040 quidquid
908 4968 1120 5022 habent
1158 4970 1315 5037 boni,
1365 4975 1422 5024 et
1469 4971 1539 5024 ab
1561 4986 1627 5024 eo
1659 4971 1821 5041 quasi
1865 4972 1935 5024 ab
1962 4987 2083 5025 om-

384 5057 546 5111 nium
567 5073 761 5111 rerum
794 5057 1029 5111 domino
1052 5056 1376 5127 pendeant;
1428 5059 1717 5112 hominem
1758 5076 1913 5122 vero.
1953 5076 2083 5114 cum

386 5150 587 5198 natura
616 5163 717 5199 sua
744 5146 981 5200 minime
1019 5152 1281 5216 peccator
1319 5153 1486 5210 esset,
1540 5163 1641 5200 sua
1692 5147 1862 5200 unius
1918 5151 2080 5218 culpa

385 5230 446 5284 in
470 5237 764 5300 peccatum
794 5250 913 5288 esse
933 5235 1227 5305 delapsum
1275 5240 1330 5288 et
1377 5234 1585 5299 delabi,
1636 5252 1753 5288 non
1780 5251 1914 5288 vero
1958 5236 2076 5301 Dei,

385 5319 549 5388 quasi
578 5319 664 5373 illi
690 5328 947 5391 negasset
976 5339 1105 5394 quas
1131 5322 1450 5377 necessaria
1471 5328 1633 5375 erant
1667 5324 1736 5376 ad
1780 5323 2079 5376 vitandum

382 5410 718 5476 peccatum;
752 5425 855 5462 nec
894 5427 961 5464 eo
994 5412 1173 5465 secius
1210 5412 1387 5464 Deum
1411 5410 1655 5464 voluisse
1692 5410 1745 5463 ei
1786 5411 2078 5479 ignoscere

382 5499 613 5566 peccata
641 5500 695 5549 et
725 5501 1001 5553 aeternam
1030 5500 1203 5554 vitam
1240 5499 1456 5570 largiri,
1484 5515 1614 5553 cum
1644 5500 1929 5554 contraria
1954 5516 2079 5555 om-

2201 4350 2311 4404 illis
2329 4350 2761 4422 Augustinianae
2782 4353 3078 4406 sententiae
3107 4353 3487 4407 incommodis
3509 4348 3665 4421 probe
3682 4337 3810 4415 pensi-

2200 4438 2350 4505 tatis,
2381 4439 2490 4493 sibi
2519 4455 2633 4492 nou
2656 4438 2876 4509 liquere
2897 4440 3087 4509 potius
3117 4441 3406 4505 dixissent,
3435 4453 3595 4510 quam
3612 4438 3681 4488 tot
3701 4430 3813 4483 dam-

2198 4526 2544 4592 nationibus,
2581 4543 2826 4597 quarum
2868 4528 2994 4581 aliae
3045 4544 3218 4598 super
3266 4528 3391 4582 aliis
3439 4527 3815 4599 quaquaversum

2198 4613 2596 4680 mittebantur,
2632 4615 2951 4669 doctrinam
2984 4631 3100 4669 non
3125 4616 3468 4670 intellectam
3506 4604 3810 4668 damnassent.

2268 4704 2521 4772 Pergunt
2540 4702 2696 4757 hisce
2726 4704 2913 4757 verbis
2944 4720 2957 4757 :
2993 4708 3110 4774 Qua
3155 4710 3206 4759 et
3240 4707 3420 4775 ipsum
3456 4707 3633 4757 nostra:
3673 4693 3811 4747 colun-

2197 4790 2323 4844 talis
2356 4790 2650 4845 arbitrium
2698 4807 2817 4844 vere
2844 4795 2904 4859 ﬁt
2944 4791 3190 4858 liberum,
3232 4793 3361 4846 dum
3390 4808 3424 4844 a
3457 4787 3719 4845 carnalium
3732 4790 3812 4831 σοπ-

2194 4881 2650 4947 cupiscentiarum
2677 4880 3043 4933 dominatione
3081 4881 3364 4943 liberatur,
3396 4880 3591 4933 dicente
3614 4869 3809 4927 Domino:

2194 4966 2251 5021 Si
2281 4982 2383 5021 vos
2415 4968 2587 5022 Filius
2618 4967 2964 5034 liberaverit,
2996 4973 3132 5022 tunc
3159 4984 3289 5023 vere
3312 4966 3473 5021 liberi
3502 4961 3673 5022 eritis;
3712 4947 3813 5023 qNOd

2194 5058 2466 5110 aumilium
2513 5057 2646 5125 ﬁdes
2686 5059 2943 5125 impetrat
2994 5072 3112 5125 quae
3148 5063 3226 5112 est
3266 5059 3321 5110 in
3363 5056 3563 5113 Christo
3596 5043 3812 5136 Jeﬁtqo‘

2191 5147 2336 5199 mino
2365 5151 2567 5199 nostro.
2616 5146 2738 5199 Non
2787 5145 3125 5199 dubitabant
3182 5143 3465 5215 Pelagiani
3507 5138 3631 5211 quin
3671 5131 3814 5187 divina

2190 5233 2375 5303 gratia
2423 5233 2687 5288 homines
2728 5251 2761 5287 a
2806 5233 3051 5303 peccatis
3103 5233 3498 5296 liberarentur,
3539 5227 3581 5280 si
3608 5218 3745 5307 modo

2189 5327 2339 5376 recte
2368 5326 2688 5376 uterentur.
2712 5323 2819 5377 Sed
2846 5323 3125 5392 putabant
3150 5320 3406 5376 homines
3434 5334 3497 5371 ea
3520 5326 3665 5385 posse
3682 5304 3810 5358 abuti.

2186 5426 2251 5465 ac
2276 5415 2552 5481 praeterea
2597 5410 2889 5465 neminem
2946 5428 3066 5465 esse
3120 5426 3298 5480 usque
3328 5408 3464 5463 adeo
3501 5396 3810 5464 manciPmum

2186 5505 2439 5569 peccato,
2472 5504 2536 5555 ut
2563 5499 2747 5569 gratia
2774 5499 2873 5553 illa
2898 5498 3131 5554 excitari
3155 5500 3417 5568 nequeat,
3447 5492 3513 5547 ad
3549 5481 3812 5543 servitutem
