3922 6188
83 307 154 355 321
785 297 1145 353 VARIORUM
1185 298 1787 359 EXERCITATIONES
1828 307 1897 360 IN
1937 307 1997 360 S.
2047 309 2406 364 AUGUSTlNl
2453 311 2706 366 OPERA.

3399 325 3499 375 322

81 428 198 478 illam
222 419 529 488 fugiendam.
568 417 675 472 Sed
726 419 864 489 quid
913 419 1021 474 sibi
1069 423 1268 477 volunt
1309 425 1442 479 boni
1496 429 1686 482 Patres
1723 430 1766 483 Α
1799 430 1953 484 nime
1971 431 2284 502 ingenuum
2303 435 2851 514 accommodumque
2873 437 2938 490 ad
2956 439 3316 518 probandum
3343 443 3496 512 quod

83 509 266 568 Africani
286 508 492 578 quando
515 508 742 573 addunt,
764 510 907 576 quod
919 513 1189 565 auxilium
1215 515 1347 580 ﬁdes
1391 519 1688 584 impetrat?

85 603 125 654 ld
147 598 260 652 enim
284 594 533 648 auxilium
565 596 713 664 quod
745 597 883 649 tides
915 597 1204 667 impetrat,
1237 617 1350 656 non
1383 609 1466 657 est
1504 606 1686 675 gratia

82 706 156 757 qua
175 690 286 738 imus
315 683 622 749 Christiani,
656 700 784 752 quas
827 688 1112 741 antecedit
1155 689 1348 760 fidem,
1385 709 1496 745 non
1557 709 1684 747 eam

77 774 300 845 sequitur;
331 788 453 825 nam
483 774 705 841 quando
752 773 1094 828 credidimus
1141 781 1197 829 et
1236 777 1345 831 fide
1393 780 1610 850 aliquid
1652 799 1684 835 a

77 868 157 917 Deo
180 862 528 930 impetramus,
550 860 669 928 jam
695 876 892 914 sumus
913 862 1238 918 Christiani.
1275 867 1552 922 Redalent
1589 871 1684 923 illa

74 950 196 1004 verba
217 947 829 1017 semipelagianismum,
856 955 953 1003 aut
983 951 1168 1005 simile
1209 954 1526 1024 quidpiam.
1578 960 1684 1012 Ita-

73 1055 151 1107 que
174 1041 253 1090 aut
277 1035 401 1089 boni
431 1036 512 1089 illi
537 1036 641 1089 viri
669 1038 927 1091 nondum
970 1039 1103 1092 satis
1139 1039 1537 1113 intelligebant
1585 1047 1678 1100 do-

71 1128 252 1178 cuinam
280 1124 586 1194 Augustini,
620 1129 716 1178 aut
738 1131 820 1179 est
846 1125 954 1180 hoc
985 1127 1436 1185 additamentum
1461 1150 1474 1197 ;
1529 1150 1679 1201 cum,

72 1214 368 1267 utadnotant
405 1213 771 1279 Benedictini,
827 1215 889 1267 in
939 1214 1162 1268 duobus
1218 1233 1350 1270 mss.
1391 1219 1549 1272 codd.
1582 1221 1679 1274 de-

68 1304 156 1355 sint.

112 1393 190 1444 Isti
209 1395 364 1444 autem
385 1395 645 1457 asserunt,
671 1393 812 1444 sicut
839 1407 873 1444 a
894 1392 1168 1456 fratribus
1199 1396 1296 1460 qui
1314 1409 1491 1447 eorum
1516 1395 1679 1449 libros

66 1481 618 1546 legeruntcognovimus,
651 1482 709 1532 in
747 1495 804 1532 eo
846 1480 953 1532 Dei
1004 1483 1242 1547 gratiam
1287 1482 1675 1551 deputandum,

65 1569 164 1635 quod
205 1568 343 1620 talem
377 1569 608 1620 homines
657 1570 956 1631 constituit,
1018 1573 1326 1638 creavitque
1399 1577 1676 1637 naturam,

67 1671 146 1722 qua:
157 1671 238 1723 per
260 1658 527 1723 propriam
557 1656 884 1709 voluntatem
915 1658 1080 1721 legem
1105 1660 1203 1710 Dei
1225 1662 1398 1726 possit
1436 1662 1673 1728 implere,

66 1748 142 1795 sire
157 1743 444 1796 naturaliter
469 1745 526 1796 in
557 1745 713 1797 corde
736 1747 1118 1813 conscriptam,
1137 1749 1246 1800 sive
1274 1749 1332 1800 in
1362 1749 1556 1802 litteris
1577 1750 1684 1802 da—

68 1839 156 1883 tam.
179 1833 403 1885 Eamdem
424 1847 634 1900 quoque
662 1834 825 1898 legem
877 1833 952 1885 ad
978 1837 1218 1900 gratiam
1255 1838 1352 1888 Dei
1400 1839 1683 1904 pertinere,

67 1923 168 1990 quod
188 1925 314 1977 illam
343 1927 472 1977 Deus
496 1927 554 1977 in
583 1925 922 1993 adjutorium
947 1927 1249 1981 hominibus
1287 1929 1456 1982 dedit.
1483 1929 1539 1982 Si
1565 1946 1686 1982 cre-

67 2012 203 2064 dimus
227 2013 426 2065 auctori
452 2013 875 2081 Prmdestinati,
904 2014 964 2067 in
991 2015 1180 2084 prima
1210 2017 1426 2086 synodo
1453 2019 1685 2070 Cartha-

65 2099 261 2167 giniensi,
309 2100 702 2170 quinquennio
764 2106 895 2155 ante
943 2102 1158 2167 habita,
1227 2104 1686 2159 obtalerunthn-

66 2187 198 2263 lestio,
225 2189 371 2241 libros
400 2204 543 2256 suos,
571 2189 628 2242 in
661 2190 869 2258 quibus
894 2191 1195 2260 Pelagiana
1217 2194 1487 2262 dogmata
1508 2193 1684 2263 expli-

67 2261 354 2338 cabat.0uod
383 2277 428 2328 si
458 2293 660 2330 verum
696 2283 861 2345 esset,
893 2279 1224 2333 nonmirari
1247 2297 1380 2333 sane
1405 2297 1520 2334 non
1560 2298 1687 2350 pos-

68 2379 196 2415 semus
221 2366 544 2434 Carthagine
577 2382 687 2418 non
715 2372 1026 2420 asservatos
1049 2367 1222 2420 fuisse
1245 2367 1418 2421 libros
1445 2368 1592 2434 illos,
1622 2377 1688 2422 ut

71 2453 314 2520 quamjure
342 2454 760 2507 damnatusille
793 2459 939 2508 esset
991 2455 1278 2525 liqueret;
1322 2461 1498 2526 utque
1551 2473 1684 2510 con-

73 2547 255 2604 lraeuui,
279 2541 371 2595 ubi
421 2558 572 2594 unus
613 2543 928 2611 postularet
979 2549 1399 2612 promerentur.
1445 2545 1552 2598 Sed
1586 2561 1683 2615 pa-

68 2643 153 2679 rum
169 2629 252 2681 hoc
274 2630 535 2684 credibile
564 2635 666 2695 est,
699 2647 829 2683 cum
861 2631 1185 2684 leestium
1218 2632 1308 2684 hic
1331 2635 1524 2685 Patres
1545 2635 1680 2685 Car-

70 2716 368 2784 iaaginienses
417 2719 718 2784 damnent,
753 2719 914 2772 libris
944 2720 1065 2789 ejus
1105 2721 1341 2772 minime
1391 2720 1677 2790 inspectis.

75 2802 210 2856 Verum
234 2809 280 2858 et
306 2805 408 2858 hoc
437 2807 652 2858 mirum
677 2811 780 2870 est,
814 2822 1012 2874 graves
1041 2806 1336 2876 episcopos
1359 2811 1475 2859 tam
1527 2823 1680 2859 acer-

82 2888 140 2940 lns
168 2893 432 2946 sententias
482 2893 547 2946 in
594 2893 900 2947 absentem‘
939 2895 1169 2962 dixisse,
1229 2894 1466 2947 minime
1525 2895 1682 2947 lectis

1797 519 2013 585 volunt,
2048 522 2196 590 apud
2232 511 2493 576 homines
2523 525 2772 578 veritatis
2804 511 2979 578 solius
3025 533 3310 584 amantes.

1869 609 2033 673 Ibid.,
2069 612 2094 676 ξ
2146 614 2196 663 3.
2233 613 2382 664 lllam
2429 629 2550 666 vero
2601 617 2845 679 gratiam
2886 631 3013 682 qua,
3057 621 3113 669 ut
3146 617 3351 671 dictum
3399 625 3496 683 est,

1795 697 2096 750 Christiani
2149 714 2352 760 sumus,
2415 702 2567 767 cujus
2595 703 2881 769 Apostolus
2906 703 3236 770 praedicator
3278 711 3375 772 est,
3409 708 3500 759 di-

1793 799 1911 837 cens
1938 801 1949 837 :
1985 785 2357 839 Condelector
2384 788 2537 840 enim
2570 789 2682 856 legi
2714 790 2835 854 Dei,
2891 792 3202 844 secundum
3269 794 3501 847 interio-

1794 888 1914 924 rem
1946 873 2236 926 hominem
2264 891 2276 938 ;
2310 875 2472 927 video
2505 882 2693 929 autem
2729 878 2897 930 aliam
2930 880 3113 948 legem
3142 879 3200 932 in
3224 881 3498 935 membris

1793 955 1935 1008 meis
1969 965 2384 1026 repugnantem
2415 960 2526 1027 legi
2568 961 2772 1012 mentis
2803 977 2965 1025 meas,
3015 969 3071 1016 et
3113 964 3495 1034 captivantem

1795 1059 1882 1095 me
1915 1045 2018 1098 sub
2048 1046 2169 1115 lege
2203 1047 2436 1116 peccati,
2467 1064 2596 1116 quae
2640 1053 2722 1100 est
2753 1048 2810 1101 in
2838 1051 3106 1103 membris
3138 1053 3296 1104 meis.
3336 1055 3500 1106 Miser

1793 1148 1897 1200 ego
1921 1133 2110 1201 homo,
2135 1135 2259 1204 quis
2283 1152 2370 1188 me
2397 1136 2658 1189 liberabit
2678 1137 2745 1188 de
2764 1153 3001 1207 corpore
3042 1141 3235 1192 mortis
3281 1141 3496 1210 hujus?

1791 1220 1980 1272 Gratia
2017 1221 2135 1286 Dei,
2171 1239 2273 1291 per
2301 1224 2491 1276 Jesum
2524 1224 2809 1276 Christum
2841 1225 3146 1278 Dominum
3205 1233 3495 1293 nostrum;

1789 1310 1978 1361 nolunt
2005 1313 2216 1364 omnino
2263 1328 2563 1379 agnoscere,
2613 1313 2706 1365 sed
2736 1329 2829 1366 nec
2852 1319 3033 1381 aperte
3061 1315 3274 1381 quidem
3320 1332 3498 1385 oppu-

1789 1414 1957 1464 gnare
1984 1399 2201 1452 audent.
2240 1401 2445 1452 Verum
2483 1401 2546 1452 in
2590 1401 2749 1454 Pauli
2784 1401 2988 1469 verbis,
3029 1402 3165 1470 quid
3208 1403 3360 1456 aliud
3421 1409 3504 1457 est

1789 1489 1975 1550 gratia
2016 1489 2130 1551 Dei,
2178 1505 2351 1557 quam
2402 1491 2498 1542 Dei
2529 1489 2923 1556 misericordia,
2958 1495 3054 1542 aut
3085 1493 3181 1543 Dei
3211 1491 3496 1559 beneﬁcio?

1793 1573 1966 1626 Nemo
2007 1576 2355 1630 contrarium
2388 1593 2640 1646 unquam
2697 1593 2761 1630 ex
2809 1577 2862 1630 vi
2910 1579 3097 1631 nativa
3147 1579 3294 1632 vocis
3360 1595 3492 1633 usu-

1797 1677 1907 1729 que
1937 1663 2222 1729 probabit.
2265 1666 2385 1717 Non
2409 1667 2655 1734 negabat
2679 1671 2870 1718 autem
2923 1667 3184 1734 Pelagius
3229 1667 3496 1720 homines

1800 1749 1900 1800 Dei
1933 1750 2206 1804 beneﬁcio
2237 1759 2465 1821 peccato
2498 1753 2641 1821 eripi
2668 1773 2681 1818 ;
2713 1754 2810 1806 sed
2835 1754 3080 1822 negabat
3107 1754 3230 1807 fieri
3258 1755 3312 1808 id
3336 1755 3500 1808 afﬂa-

1797 1842 1857 1889 tu
1887 1839 2140 1906 quodam
2165 1839 2412 1904 interno,
2445 1841 2535 1892 cui
2567 1841 2830 1894 reluctari
2862 1858 2979 1894 non
3020 1842 3231 1904 liceret,
3267 1847 3323 1896 et
3373 1843 3494 1896 sine

1796 1941 1909 1993 quo
1949 1934 2153 1980 caetera
2177 1928 2370 1981 omnia
2407 1928 2502 1982 Dei
2530 1929 2804 1982 beneficia
2833 1929 3060 1982 inutilia
3091 1935 3297 1984 essent.
3321 1931 3499 2000 Opor-

1794 2015 1951 2067 tebat
1979 2015 2271 2069 Africanos
2321 2019 2594 2085 praesules
2651 2019 2947 2088 perspicue
2978 2036 3137 2072 suam
3187 2024 3242 2072 et
3282 2021 3495 2090 Pelagii

1795 2103 2135 2156 sententiam
2182 2105 2526 2173 exprimere,
2590 2111 2653 2160 ut
2692 2107 2828 2176 quid
2888 2106 3250 2161 sentiendum
3284 2109 3495 2178 quidve

1795 2189 2204 2255 damnandum,
2237 2209 2304 2245 ex
2335 2209 2532 2247 eorum
2557 2195 2837 2247 sententia
2886 2195 3188 2249 manifesto
3235 2197 3496 2266 liqueret.

1793 2277 1897 2330 Sed
1935 2280 2100 2348 longe
2133 2282 2435 2335 maximam
2462 2287 2681 2351 partem
2715 2283 3174 2337 Christianorum
3198 2285 3254 2336 in
3275 2301 3331 2338 se
3358 2301 3500 2339 con—

1794 2363 2080 2429 citassent,
2115 2365 2162 2417 si
2193 2374 2390 2434 aperte
2423 2367 2697 2421 dixissent
2727 2369 2883 2438 quod
2919 2371 3279 2438 sentiebant;
3317 2387 3501 2442 neque

1793 2453 1944 2505 enim
1978 2459 2108 2506 ante
2140 2454 2261 2507 haec
2282 2460 2561 2526 tempora,
2591 2463 2646 2510 et
2665 2464 2797 2510 ante
2821 2458 3185 2511 definitiones
3207 2459 3497 2512 Africano-

1793 2557 1919 2593 rum
1955 2543 2345 2609 conciliorum,
2403 2546 2544 2599 alter
2587 2546 2655 2598 de
2687 2545 2872 2614 gratia
2916 2547 3178 2600 homines
3200 2554 3497 2600 senserant

1793 2645 1967 2698 quam
1999 2631 2281 2699 Pelagius.
2823 2633 2826 2636 ’

1864 2718 2117 2786 Pergunt
2169 2719 2653 2788 Carthaginiensis
2701 2721 2922 2773 concilii
2954 2724 3184 2776 Patres:
3222 2723 3328 2778 Sed
3356 2725 3493 2792 quid

1789 2806 1943 2857 aliud
1967 2811 2154 2872 agunt,
2190 2824 2306 2860 cum
2333 2809 2634 2861 hominibus
2665 2810 3014 2873 animalibus,
3049 2826 3153 2862 non
3185 2813 3492 2879 percipien-

1795 2895 1936 2946 tibus
1963 2910 2080 2963 qua?
2113 2900 2238 2948 sunt
2261 2898 2501 2963 Spiritus
2552 2900 2663 2961 Dei,
2700 2898 3025 2964 persuadere
3053 2914 3156 2951 non
3186 2904 3396 2951 cessant
3424 2897 3498 2950 ad

84 2978 158 3040 ejus
181 2980 305 3034 libris
342 2987 395 3035 et
441 2981 700 3035 recitatis
733 2983 1013 3036 duntaxat
1041 2987 1432 3035 accusatorum
1461 2981 1681 3038 litteris.
1726 2987 1764 3043 C
1800 2982 2127 3050 operandam
2155 2985 2640 3051 perﬁciendamque
2672 2987 2971 3052 justitiam,
2995 3002 3057 3038 ac
3099 2986 3205 3038 Dei
3232 2985 3497 3039 mandata

82 3069 165 3125 Quae
185 3069 300 3122 ratio
321 3069 621 3139 judicandi
647 3085 680 3122 a
710 3071 937 3123 nemine
966 3072 1137 3140 paulo
1165 3071 1417 3140 aequiore
1457 3071 1686 3125 defendi

76 3159 222 3220 potest;
256 3158 572 3227 praesertim
606 3175 733 3211 cum
761 3159 1020 3211 difficiles
1064 3160 1406 3229 quaestiones
1447 3177 1685 3230 ageren-

73 3251 142 3300 tur,
168 3244 211 3297 in
235 3247 426 3315 quibus
457 3247 802 3301 facillimum
834 3251 953 3300 erat
985 3247 1330 3300 sententiam
1371 3263 1486 3299 non
1519 3248 1687 3301 audi—

71 3335 198 3384 turum
223 3335 352 3387 male
383 3335 729 3403 intelligere.
767 3335 961 3404 Itaque
993 3341 1048 3387 et
1078 3335 1299 3404 ωίῃιὶιιε
1333 3340 1388 3388 et
1443 3337 1688 3404 pruden-

69 3417 140 3468 tius
160 3437 203 3471 se
229 3424 475 3489 gessisset
507 3425 778 3491 synodus,
811 3424 856 3474 si
881 3423 1160 3491 judicium
1193 3429 1321 3493 post
1353 3425 1491 3476 lecta
1524 3425 1683 3476 Pela-

65 3507 180 3570 giana
203 3509 388 3580 scripta
420 3511 756 3563 distulisset.
791 3511 875 3564 Ad
907 3511 965 3564 id
1000 3527 1133 3564 vero
1176 3512 1332 3580 quod
1359 3512 1451 3563 hic
1483 3529 1548 3563 ex
1575 3512 1686 3564 illis

67 3592 183 3646 liabet
208 3599 340 3666 quod
371 3600 599 3665 attinet,
631 3599 978 3652 creationem
1009 3617 1072 3652 ac
1099 3601 1285 3668 legem
1329 3602 1538 3666 gratias
1588 3599 1688 3652 Dei

65 3695 160 3743 esse,
181 3701 274 3738 non
304 3694 482 3756 potest
506 3689 616 3740 hoc
641 3687 858 3758 negari,
889 3705 1019 3742 cum
1051 3689 1164 3741 sint
1203 3691 1322 3742 haec
1353 3690 1522 3757 longe
1565 3705 1686 3741 ma-

64 3769 168 3822 xima
193 3774 272 3826 Dei
297 3776 600 3829 beneﬁcia.
644 3776 761 3829 Nisi
795 3777 949 3831 enim
998 3794 1100 3830 nos
1151 3777 1368 3829 ratione
1419 3777 1688 3846 praiditos

66 3856 165 3910 Deus
190 3871 425 3927 creasset,
459 3882 579 3918 non
613 3881 910 3932 possemus
941 3867 992 3918 ei
1023 3881 1241 3933 parere,
1277 3881 1462 3932 neque
1508 3864 1684 3917 beati-

62 3945 204 4000 tudine
228 3951 364 4015 frui;
396 3953 506 4005 nisi
557 3953 728 4004 etiam
765 3953 949 4021 legem
999 3953 1382 4022 evangelicum
1436 3952 1688 4021 promul-

61 4041 210 4101 gasset,
235 4039 470 4093 ofﬁcium
505 4045 766 4093 nostrum
797 4041 960 4093 nobis
991 4058 1193 4110 parum
1233 4046 1428 4093 notum
1470 4039 1684 4103 fuisset,

60 4125 347 4196 maximaque
389 4129 662 4182 credendi
708 4129 1076 4182 incitamenta
1123 4146 1185 4182 ac
1215 4127 1687 4198 praestantissima

58 4211 235 4269 gremia
260 4231 365 4268 non
395 4217 762 4269 haberemus.
792 4216 1046 4270 Profecto
1078 4232 1193 4268 non
1216 4217 1376 4284 capio
1407 4232 1506 4268 cur
1528 4230 1686 4283 spre-

56 4297 125 4347 tiin
150 4300 203 4352 de
230 4301 366 4356 hisce
398 4304 572 4356 tantis
608 4304 703 4356 Dei
735 4304 929 4373 gratiis
960 4304 1268 4373 loquantur
1295 4304 1544 4356 Africani
1583 4305 1683 4356 Pa-

57 4391 149 4440 tres.
175 4388 269 4442 nisi
288 4393 509 4445 accedat
530 4392 758 4444 afﬂatus
781 4393 972 4445 nescio
991 4392 1136 4462 quis,
1159 4392 1249 4444 cui
1273 4391 1534 4443 resistere
1574 4408 1692 4444 non

57 4471 161 4536 ilrrt,
191 4476 334 4548 isque
365 4480 624 4549 pauculis
663 4480 1080 4534 concedendus.
1126 4479 1418 4532 Prioribus
1473 4480 1688 4532 benefi-

57 4559 123 4609 ciis
148 4565 339 4620 refertae
364 4575 495 4622 sunt
530 4568 734 4621 littera:
769 4584 956 4630 sacrae,
995 4567 1251 4636 adeoque
1279 4567 1572 4635 perspicue
1622 4567 1689 4620 de

58 4645 103 4694 iis
148 4650 453 4722 loquuntur,
508 4662 569 4709 ut
621 4655 739 4708 sine
768 4655 990 4708 insania
1031 4655 1097 4708 ab
1141 4655 1210 4706 iis
1258 4655 1352 4724 qui
1387 4655 1690 4724 Scriptura:

59 4737 242 4792 credunt
284 4744 474 4813 negari
525 4747 849 4812 nequeant:
893 4741 1266 4811 posteriorem
1318 4758 1448 4794 vero
1485 4743 1691 4795 frustra

61 4825 244 4886 probare
287 4832 547 4885 nituntur
618 4833 809 4884 Patres
879 4829 1146 4896 Africani,
1203 4846 1307 4883 nec
1374 4830 1689 4900 quidquam

58 4914 311 4976 proferunt.
344 4925 552 4988 praeter
583 4921 703 4972 loca
732 4924 828 4972 aut.
877 4920 1046 4988 plane
1094 4917 1282 4970 aliena
1329 4918 1400 4971 ab
1441 4935 1507 4971 eo
1541 4919 1687 4988 quod

63 5008 275 5071 ‘l’eclant,
306 5015 402 5061 aut
430 5025 719 5061 summum
751 5008 1047 5076 ambigua.
1092 5008 1203 5058 Hoc
1251 5022 1481 5076 quoque
1530 5006 1692 5058 meri-

61 5090 435 5150 :udesideresiu
474 5099 576 5150 hac
607 5112 804 5149 eorum
847 5095 1106 5164 epistola,
1149 5094 1302 5162 quod
1353 5095 1590 5158 gratiam
1631 5093 1692 5145 il-

63 5173 138 5227 i-ltn
162 5195 302 5236 suam
332 5201 612 5255 nusquam
639 5185 933 5247 deliniant,
967 5198 1154 5251 neque
1198 5182 1345 5234 vocis
1408 5181 1690 5248 ambigui-

63 5269 189 5318 tatem
213 5270 508 5325 discutiant
534 5291 545 5326 :
576 5273 739 5342 quasi
763 5273 857 5325 illo
877 5288 991 5324 uno
1015 5286 1184 5324 sensu
1208 5287 1380 5338 quem
1424 5271 1693 5321 Volehant

64 5346 286 5409 lueretur
313 5359 367 5412 in
395 5361 702 5430 Scriptura,
731 5360 978 5430 satisque
1008 5364 1156 5412 esset
1185 5358 1438 5426 proferre
1473 5359 1591 5409 loca
1631 5357 1690 5408 in

63 5439 216 5500 'iUilius
243 5454 493 5512 exstaret,
527 5455 589 5502 ut
619 5449 960 5518 probaretur
993 5446 1146 5516 quod
1187 5445 1521 5499 sentiebant.
1578 5447 1692 5513 Ap-

63 5527 148 5577 ὶυω
177 5530 266 5585 hoc
290 5540 388 5599 est,
419 5537 616 5601 fateor,
652 5535 718 5590 ad
749 5533 1092 5590 movendam
1141 5533 1434 5600 invidiam,
1484 5536 1541 5586 at
1589 5531 1691 5585 mi-

1796 3070 2126 3138 complenda,
2169 3073 2336 3124 solam
2384 3073 2492 3124 sibi
2546 3074 2837 3126 humanam
2859 3074 3109 3140 sufficere
3135 3089 3287 3142 posse
3325 3079 3495 3127 natu—

1795 3158 1959 3210 ram?
2007 3158 2111 3211 Sed
2162 3161 2423 3212 mandata
2454 3161 2551 3213 Dei
2588 3178 2701 3215 non
2737 3166 2866 3214 sunt
2907 3163 3210 3231 ejusmodi,
3245 3167 3309 3216 ut
3337 3161 3498 3214 omni

1799 3247 1850 3296 vi
1894 3247 2162 3299 destituta
2213 3249 2327 3301 sint
2378 3249 2450 3301 ad
2503 3252 2811 3304 movendos
2878 3249 3180 3303 hominum
3250 3250 3493 3302 animos.

1801 3335 2005 3387 Eorum
2055 3336 2336 3389 maximus
2379 3353 2686 3390 consensus
2725 3355 2853 3391 cum
2910 3343 3062 3390 recta
3109 3337 3323 3390 ratione
3362 3353 3496 3390 con-

1799 3421 2201 3492 stitutioneque
2235 3425 2356 3492 ipsa
2383 3424 2648 3478 humanas
2700 3432 2940 3492 naturm,
2996 3426 3300 3495 magnifica
3346 3443 3495 3496 prte-

1798 3510 1908 3561 mia
1943 3511 2010 3562 iis
2049 3500 2339 3580 adjuncta,
2371 3513 2643 3566 miracula
2671 3516 2875 3584 quibus
2908 3516 2986 3567 eis
3035 3516 3174 3568 fides
3215 3516 3359 3568 facta
3392 3521 3497 3581 est,

1799 3599 2055 3666 exempla
2086 3605 2414 3652 sanctorum
2466 3601 2738 3666 virorum,
2791 3619 2854 3655 ac
2885 3603 3202 3671 prmsertim
3262 3602 3492 3666 Christi,

1798 3686 1894 3754 qui
1921 3703 1987 3739 ea
2025 3688 2433 3755 observarunt;
2469 3690 2702 3758 hujusce
2750 3691 2879 3743 vitae
2909 3691 3152 3744 miserim
3185 3707 3248 3744 ac
3278 3692 3502 3744 calami-

1799 3778 1959 3840 tates,
2008 3791 2134 3844 qum
2180 3778 2388 3831 frustra
2437 3778 2872 3845 beatitudinem,
2921 3796 3092 3848 quam
3150 3797 3326 3848 usque
3353 3780 3496 3833 adeo

1799 3869 2081 3931 optamus,
2134 3865 2191 3917 in
2245 3882 2311 3918 ea
2344 3867 2523 3935 qumri
2578 3866 2902 3930 ostendunt,
2947 3867 3172 3936 aliaque
3217 3868 3272 3920 id
3316 3885 3498 3937 genus

1800 3949 2061 4001 maximae
2095 3955 2224 4003 sunt
2246 3952 2510 4003 efficaciae.
2540 3953 2605 4003 ad
2633 3954 2997 4017 revocandos,
3029 3953 3302 4020 paulatim
3323 3959 3521 4018 certe,-

1797 4036 2061 4089 homines
2115 4038 2183 4090 ad
2230 4039 2437 4090 bonam
2483 4040 2725 4106 frugem.
2777 4040 2880 4092 Sed
2916 4041 3067 4092 homo
3121 4041 3372 4090 animalis
3413 4039 3495 4090 in-

1799 4126 1978 4193 quies,
2015 4130 2074 4177 ut
2103 4127 2268 4178 docet
2301 4127 2506 4178 Paulus
2538 4127 2557 4177 Ι
2611 4127 2736 4178 Cor.
2774 4144 2830 4189 ιι,
2887 4129 2970 4189 llr,
3004 4127 3068 4178 ad
3105 4141 3275 4194 quem
3307 4125 3494 4177 locum

1803 4213 2113 4282 respiciunt
2142 4214 2260 4266 Afri
2293 4214 2580 4282 prmsules,
2613 4229 2715 4265 non
2745 4216 2974 4280 percipit
3005 4229 3122 4281 qua:
3151 4217 3277 4264 sunt
3322 4213 3498 4280 Spiri-

1804 4308 1888 4354 tus
1915 4305 2022 4355 Dei.
2050 4303 2170 4354 lmo
2205 4318 2309 4355 non
2354 4303 2613 4366 admittit,
2648 4299 2702 4348 οὐ
2739 4300 2946 4364 δέχεται,
2983 4302 3086 4353 hoc
3144 4307 3246 4365 est,
3281 4300 3349 4352 iis
3379 4317 3494 4354 non

1801 4392 2124 4454 assentitur,
2159 4391 2455 4456 nimirum,
2491 4393 2626 4444 dum
2667 4396 2753 4444 est
2807 4392 3062 4442 animalis
3115 4389 3496 4461 sequiturque

1798 4480 2076 4548 impetum
2094 4479 2727 4548 brutorum,prmsentia
2743 4483 2962 4530 tantum
2981 4482 3032 4530 et
3051 4479 3338 4531 sensibilia
3355 4496 3500 4549 quaa-

1799 4568 2068 4621 rentium.
2103 4569 2173 4620 At
2199 4567 2342 4620 nihil
2374 4567 2560 4619 obstat
2584 4566 2890 4636 quominus
2923 4567 3207 4620 intellecta
3259 4573 3314 4620 et
3355 4584 3499 4637 pen-

1798 4654 1966 4707 sitata
2000 4654 2661 4723 Evangeliiprmstantia,
2695 4653 2958 4705 animalis
2999 4655 3176 4708 homo
3218 4654 3500 4723 ejusmodi

1800 4757 1918 4793 esse
1965 4740 2199 4793 tandem
2251 4739 2493 4793 desinat.
2541 4742 2821 4793 Praeterea
2865 4740 3019 4794 enim
3078 4742 3437 4811 qumsiverim
3470 4759 3502 4793 a

1802 4829 2062 4880 I’atribus
2089 4827 2256 4891 Afris,
2289 4845 2358 4880 an
2393 4845 2510 4880 non
2542 4829 2687 4880 Deus
2711 4828 2910 4895 jubeat
2943 4829 3205 4882 homines
3227 4829 3500 4880 animales

1798 4917 2055 4968 desinere
2104 4917 2451 4968 animalibus
2506 4915 2912 4983 cupiditalibus
2955 4917 3229 4986 obsequi;
3263 4932 3334 4968 an
3383 4931 3500 4968 non

1803 5004 2072 5056 mundata
2127 5005 2485 5071 negligentes
2543 5005 2774 5072 plectat,
2827 5021 2888 5056 ac
2940 5006 3179 5073 proinde
3246 5002 3500 5056 excusari

1802 5110 1913 5143 non
1939 5109 2100 5160 posse
2127 5095 2402 5145 censeat?
2437 5094 2547 5144 Hoc
2597 5092 2638 5143 si
2689 5093 2767 5143 ita
2817 5101 2920 5157 est,
2957 5093 3106 5161 quod
3143 5107 3307 5143 nemo
3339 5091 3500 5144 Chri-

1801 5181 2017 5232 sti-inus
2047 5185 2233 5249 neget,
2270 5184 2498 5249 oportet
2530 5185 2592 5232 ut
2620 5180 2888 5244 habeant,
2941 5185 3038 5230 aut
3083 5180 3302 5246 possint
3333 5179 3372 5231 ii
3395 5179 3500 5232 h0-

1803 5268 1984 5320 mines
2013 5268 2284 5338 consequi
2316 5284 2672 5338 quaecunque
2706 5273 2836 5319 sunt
2869 5267 3182 5319 necessaria
3205 5267 3271 5320 ad
3296 5283 3499 5337 paren-

1801 5357 1937 5409 dum
1964 5373 1976 5420 ;
2007 5357 2262 5425 alioquin
2295 5357 2556 5427 iniquum
2581 5361 2726 5408 esset
2749 5355 2828 5406 eis
2858 5355 2912 5406 id
2939 5353 3222 5423 imperare
3250 5357 3317 5409 ad
3345 5359 3498 5426 quod

1801 5445 2184 5512 prmstaudum
2236 5445 2566 5497 necessariis
2626 5447 2813 5494 essent
2886 5442 3145 5495 destituti
3207 5444 3500 5500 subsidiiss

1803 5533 1972 5585 Plura
2001 5548 2113 5585 non
2140 5532 2343 5586 addam
2366 5547 2375 5584 :
2414 5535 2622 5585 norunt
2652 5528 2807 5583 enim
2833 5529 3160 5600 quicunque
3182 5530 3346 5584 hasce
3367 5546 3495 5584 con-
