3890 6186
370 291 471 343 323

1357 280 1915 338 SUPPLEMENTUM
1953 282 2042 336 AD
2080 281 2313 336 OPERA
2351 282 2405 336 s.
2447 283 2834 340 AUGUSTINI.
3723 299 3804 353 3.2,

367 412 672 468 troversias
691 411 1022 481 attigerunt,
1068 424 1196 479 quas
1229 407 1375 460 hanc
1401 405 1462 460 in
1499 422 1624 459 rem
1665 405 1886 460 soleant
1926 405 2056 460 dici.
2090 412 2134 464 Α
2175 405 2273 459 sed
2305 407 2419 460 Deo
2452 405 2695 461 deberi?
2723 409 2794 461 At
2821 405 3213 474 apostolorum
3245 408 3548 475 praesertim
3574 414 3805 484 su/ﬁcien-

369 503 479 557 Sed
511 501 812 555 audiamus
838 498 1002 552 Afros
1042 495 1337 566 episcopos
1365 493 1728 547 ostendentes
1757 495 1925 548 solam
1961 509 2066 547 na-

371 596 550 645 turam
583 591 874 643 humanam
903 601 1018 639 non
1049 583 1306 638 sufﬁcere
1335 583 1403 636 ad
1448 582 1764 652 parendum
1815 583 2064 652 Evange-

373 674 916 734 liocircumstantiis
947 689 1087 744 quas
1117 680 1286 726 antea
1315 669 1760 725 memoravimus
1800 670 1980 724 cincto
2011 673 2066 723 et

371 768 623 822 suffulto.

373 889 378 893 ς
437 857 556 910 Νοη
581 850 912 906 attendentes
936 849 1080 917 quod
1108 851 1373 919 scriptum
1403 853 1516 902 est:
1551 845 1797 917 Spiritus
1835 846 2068 915 adjuvat

369 941 762 996 inﬁrmitatem
816 941 1073 992 nostram
1126 937 1304 1007 (Rom.
1357 953 1472 1002 νιιι,
1533 937 1652 1005 26);
1685 940 1769 988 et:
1805 935 1929 987 Non
1962 949 2068 986 vo—

367 1029 535 1084 lentis
565 1042 752 1097 neque
776 1025 1075 1092 currentis,
1118 1025 1214 1078 sed
1245 1023 1568 1077 miserentis
1608 1027 1691 1075 est
1749 1021 1847 1075 Dei
1898 1022 2064 1090 (Rom.

370 1135 446 1187 ιχ,
482 1118 562 1187 16)
589 1133 603 1183 ;
636 1119 686 1169 et
711 1114 854 1182 quod
882 1129 1066 1167 unum
1097 1129 1296 1166 omnes
1327 1128 1524 1165 sumus
1545 1111 1604 1164 in
1659 1110 1897 1173 Christo,
1945 1108 2068 1161 sin—

371 1205 494 1277 guli
524 1209 716 1258 autem
747 1203 887 1256 alter
919 1201 1151 1254 alterius
1182 1201 1458 1266 membra,
1492 1199 1767 1253 habentes
1801 1198 1951 1250 dona
1982 1196 2067 1250 di-

369 1308 551 1359 versa,
607 1289 921 1344 secundum
967 1288 1207 1357 gratiam
1259 1304 1387 1357 quae
1435 1287 1564 1340 data
1594 1292 1678 1338 est
1716 1284 1879 1338 nobis
1916 1283 2067 1351 (Rom

368 1397 464 1446 xu,
518 1379 608 1450 5);
656 1382 743 1432 et:
791 1377 980 1431 Gratia
1032 1375 1129 1430 Dei
1181 1391 1307 1429 sum
1347 1375 1405 1428 id
1437 1375 1588 1444 quod
1614 1389 1762 1439 sum,
1805 1377 1860 1425 et
1888 1371 2070 1442 gratia

369 1469 489 1538 ejus
512 1466 572 1520 in
599 1482 689 1520 me
711 1481 887 1519 vacua
916 1480 1032 1518 non
1065 1463 1192 1528 fuit,
1239 1464 1334 1517 sed
1372 1461 1755 1516 abundantius
1804 1459 2070 1514 omnibus

370 1556 484 1609 illis
530 1553 826 1619 laboravi;
870 1568 986 1607 non
1042 1567 1148 1622 ego
1190 1557 1404 1616 autem,
1455 1551 1550 1604 sed
1600 1550 1782 1620 gratia
1824 1549 1924 1603 Dei
1948 1564 2069 1601 me-

372 1659 501 1697 cum
535 1644 572 1713 (Ι
595 1645 724 1697 Cor.
755 1658 844 1707 xv,
882 1641 1003 1710 lO);
1037 1645 1122 1694 et:
1158 1639 1374 1694 Gratias
1403 1641 1541 1702 Deo,
1570 1639 1668 1709 qui
1709 1638 1862 1692 dedit
1901 1635 2068 1690 nobis

369 1714 688 1797 victoriam,
737 1746 839 1800 per
892 1727 1196 1782 Dominum
1246 1731 1507 1781 nostrum
1548 1729 1740 1781 Jesum
1781 1725 2068 1780 Christum

367 1818 546 1888 (Ibid.
582 1817 703 1886 5'7);
733 1821 820 1870 et:
849 1817 972 1869 Non
1019 1815 1154 1885 quia
1211 1815 1403 1869 idonei
1450 1830 1648 1868 sumus
1681 1813 1932 1883 cogitare
1965 1812 2065 1866 ali-

369 1905 526 1977 quid,
593 1905 755 1976 quasi
806 1921 869 1957 ex
917 1903 1360 1973 nobismetipsis,
1393 1901 1847 1957 scdsufﬁcientia
1875 1906 2070 1955 nostra

369 2012 434 2050 cx
475 1996 590 2048 Deo
620 1998 706 2048 est
739 1994 805 2064 (II
839 1995 966 2047 Cor.
1023 2009 1102 2058 ιιι,
1153 1996 1237 2060 ὅ);
1263 1998 1348 2046 et:
1409 1991 1692 2045 Habemus
1735 1992 2068 2044 thesaurum

369 2083 542 2137 istum
591 2082 652 2135 in
706 2082 854 2135 vasis
901 2081 1193 2147 ﬁctilibus,
1254 2086 1320 2135 ut
1362 2080 1676 2134 eminentia
1719 2078 1943 2133 virtutis
1995 2079 2067 2132 sit

369 2169 470 2224 Dei
497 2172 552 2223 et
587 2184 705 2222 non
743 2184 808 2221 ex
857 2167 1022 2221 nobis
1053 2169 1125 2233 (ll
1171 2169 1301 2221 Cor.
1336 2185 1410 2236 1v,
1439 2172 1489 2234 ’7)
1518 2184 1533 2234 ;
1562 2174 1609 2222 et
1639 2167 2070 2222 innumerabilia

369 2259 523 2323 talia,
564 2273 682 2324 quae
726 2256 791 2309 de
830 2257 1130 2324 Scripturis
1161 2257 1405 2310 omnibus
1440 2259 1490 2310 si
1529 2259 1776 2325 colligere
1823 2258 2063 2318 velimus,

371 2351 578 2414 tempus
606 2360 711 2399 non
741 2346 991 2411 sufficiat.
1028 2344 1464 2398 liccordandum
1509 2344 1631 2398 haec
1688 2343 1884 2398 omnia
1931 2359 2069 2412 pro-

370 2434 506 2488 ferri
538 2438 599 2488 ut
629 2432 904 2503 probetur
943 2433 1127 2500 gratia
1159 2447 1332 2501 quam
1361 2431 1780 2501 descripsimus,
1813 2431 1920 2484 hoc
1962 2435 2065 2496 est,

369 2522 629 2576 internus
655 2521 880 2574 afflatus
909 2519 1069 2590 isque
1104 2519 1476 2582 necessarius,
1512 2524 1572 2572 ut
1602 2519 1822 2573 Christo
1867 2518 2067 2572 creda-

370 2624 533 2673 mus;
569 2623 674 2661 nec
716 2607 958 2660 dubium
997 2611 1083 2660 est
1131 2606 1271 2677 quin
1322 2607 1618 2678 potissima
1649 2608 1767 2660 loca
1797 2607 1917 2660 haec
1947 2622 2067 2660 esse

368 2695 641 2766 putarint-
657 2694 859 2765 synodi
892 2695 1086 2747 Patres
1118 2693 1326 2764 quibus
1369 2694 1819 2764 Pclagianismus
1864 2693 2068 2763 proﬂi—

367 2784 491 2854 gari
517 2787 765 2853 poterat.
799 2782 973 2852 Atqui
1011 2799 1081 2836 ne
1131 2799 1278 2836 unus
1327 2783 1566 2852 quidem
1595 2783 1800 2852 probat
1830 2781 1889 2835 id
1913 2780 2069 2852 quod

365 2873 603 2936 volunt;
633 2887 762 2941 qua:
791 2871 935 2924 ratio
968 2869 1182 2924 citandi
1207 2870 1559 2940 Scripturam
1579 2871 1684 2924 fuit
1710 2871 1939 2923 illorum
1971 2885 2070 2923 saa-

367 2961 647 3026 culorum,
677 2959 884 3029 quibus
918 2958 1043 3013 soni
1063 2959 1424 3028 singulorum
1447 2958 2067 3028 vocabulorum,quam

367 3048 663 3102 sententim
692 3049 970 3113 locorum,
1005 3064 1109 3116 pro
1145 3047 1415 3100 orationis
1462 3047 1639 3100 totius
1687 3047 1852 3110 serie,
1885 3047 2066 3100 multo

366 3138 552 3206 major
578 3136 721 3189 ratio
750 3135 1085 3189 habebatur.
1120 3135 1322 3188 Statim
1352 3136 1502 3188 enim
1554 3152 1616 3188 ac
1651 3152 1824 3188 sonus
1865 3134 2066 3188 verbo-

366 3241 496 3277 rum
533 3240 648 3278 non
694 3239 924 3293 prorsus
973 3223 1242 3277 abludere
1291 3223 1591 3277 videbatur
1643 3223 1713 3276 ab
1780 3239 1846 3276 eo
1914 3222 2066 3292 quod

369 3312 667 3381 agebatur,
699 3325 789 3364 res
819 3310 1075 3363 confecta
1100 3310 1428 3379 putabatur,
1463 3314 1519 3363 et
1566 3310 1870 3380 probatum
1914 3309 2067 3377 quod

367 3405 491 3453 erat
537 3399 596 3452 in
639 3398 1044 3452 controversia.
1097 3397 1339 3464 Scilicet,
1391 3397 1774 3465 declamitare,
1835 3401 1892 3451 et
1919 3397 2067 3451 effu-

371 3487 480 3540 tire
512 3487 786 3557 quidquid
820 3486 879 3540 in
915 3504 978 3538 os
1015 3485 1282 3541 veniebat
1305 3488 1455 3556 apud
1484 3489 1710 3558 plebem
1736 3503 2065 3541 excommu-

369 3575 698 3641 nicandam,
757 3575 804 3628 si
843 3575 990 3629 forte
1039 3592 1072 3628 a
1119 3575 1473 3630 declamante
1512 3576 1856 3642 dissentiret,
1884 3576 2065 3629 multo

364 3662 586 3716 facilius
616 3663 740 3727 fuit,
775 3677 948 3731 quam
979 3661 1191 3715 critica:
1231 3662 1436 3715 seriam
1479 3678 1714 3732 operam
1755 3662 1909 3716 dare.
1941 3663 2064 3730 Spi-

364 3755 504 3806 ritus
537 3751 637 3821 qui
666 3751 898 3819 adjuvat
925 3753 1295 3819 inﬁrmitatem
1322 3756 1585 3817 nostram,
1617 3751 1687 3805 de
1717 3767 1829 3820 quo
1857 3751 2065 3804 Paulus

365 3841 449 3890 est
481 3836 580 3907 qui
611 3841 695 3890 est
727 3835 784 3888 in
811 3837 933 3906 jam
965 3836 1346 3899 credentibus,
1382 3853 1591 3907 eosque
1620 3836 1680 3889 in
1711 3835 2064 3890 orationibus

363 3929 515 3979 recte
543 3923 850 3978 fundeudis
879 3925 1032 3994 apud
1061 3927 1238 3979 Deum
1268 3925 1516 3995 adjuvat.
1558 3927 1678 3981 Non
1728 3930 1804 3978 est
1840 3926 2063 3979 volentis

360 4029 530 4080 neque
586 4016 871 4076 currentis,
931 4013 1026 4066 sed
1081 4015 1405 4078 miserentis,
1466 4014 1620 4083 quod
1681 4013 1918 4066 verbum
1960 4012 2061 4067 Dei

362 4100 607 4154 mittitur
661 4100 731 4154 ad
789 4101 1069 4170 populum
1126 4101 1460 4171 quempiam
1529 4101 1602 4155 ad
1676 4101 2060 4172 cognitionem

362 4189 485 4258 ejus
515 4189 871 4256 vocandum;
902 4189 998 4242 sed
1029 4189 1168 4260 quid
1206 4191 1313 4244 hoc
1338 4190 1469 4243 facit
1485 4190 1555 4244 ad
1583 4189 1839 4244 afflatum
1870 4188 2062 4260 singu-

361 4277 598 4330 lorum?
646 4279 846 4330 Gratia
892 4279 1204 4331 secundum
1251 4295 1424 4347 quam
1471 4284 1602 4331 sunt
1648 4277 1868 4332 diversa
1909 4278 2055 4332 dona
2096 4263 2139 4316 Ῑ)

362 4381 480 4417 non
511 4369 595 4418 est
626 4366 807 4433 gratia
837 4382 950 4435 qua
981 4366 1194 4435 singuli
1240 4366 1437 4419 ﬁdeles
1485 4367 1556 4420 ad
1589 4368 1770 4420 Deum
1804 4366 2060 4420 conversi

360 4454 512 4514 sunt,
546 4451 643 4503 sed
667 4451 1044 4506 beneﬁcentia
1072 4451 1228 4506 varia
1261 4452 1381 4516 Dei,
1416 4469 1529 4522 qua
1567 4452 1693 4506 aliis
1733 4453 1870 4507 alias
1900 4453 2060 4522 dotes

362 4541 753 4603 concesserat;
783 4554 883 4592 seu
906 4539 1075 4592 solita
1101 4555 1200 4592 suo
1243 4539 1622 4610 providentia,
1660 4541 1758 4594 sed
1807 4544 2058 4594 extraor-

361 4624 583 4678 dinaria
629 4625 1010 4694 spiritualium
1058 4626 1338 4681 donorum
1387 4628 1677 4683 effusione.
1717 4630 1918 4682 Gratia
1942 4631 2056 4696 Dei,

363 4729 476 4783 qua
508 4713 716 4765 Paulus
739 4717 856 4767 erat
886 4713 946 4766 id
985 4714 1128 4781 quod
1157 4719 1293 4780 erat,
1317 4715 1423 4768 hoc
1463 4720 1566 4782 est,
1619 4718 1929 4787 apostolus,
1977 4722 2062 4771 est

362 4801 463 4855 Dei
492 4800 884 4854 misericordia
913 4807 970 4855 et
1001 4803 1408 4867 muniﬁcentia,
1444 4820 1558 4874 qua
1587 4820 1719 4858 eum
1751 4805 1805 4858 ei
1836 4804 2061 4858 muneri

361 4889 699 4944 sustinendo
751 4891 1083 4944 necessariis
1127 4892 1292 4946 donis
1339 4893 1850 4960 instruxerat;nec
1897 4893 2056 4964 quis.

359 4994 533 5046 quam
563 4993 818 5048 unquam
860 4980 1088 5048 negavit
1139 4997 1168 5033 a
1215 4982 1328 5034 Deo
1379 4997 1480 5052 per
1525 4983 1719 5036 Jesum
1775 4981 2060 5037 Christum

362 5066 524 5119 nobis
572 5065 762 5121 datam
820 5082 941 5120 esse
988 5067 1056 5122 de
1103 5073 1332 5137 peccato
1358 5070 1676 5136 victoriam,
1709 5087 1772 5124 ac
1801 5087 1921 5124 esse
1960 5087 2062 5124 cur

360 5156 665 5221 propterea
686 5152 739 5206 ei
767 5153 979 5223 gratias
1008 5169 1280 5224 agamus;
1325 5171 1523 5208 verum
1570 5157 1677 5210 hoc
1723 5157 1934 5211 factum
1973 5157 2057 5210 af-

363 5239 503 5291 flatu
533 5239 758 5293 interno
788 5245 844 5295 et
865 5241 1236 5307 ineluctabili,
1262 5258 1547 5312 nusquam
1568 5244 1732 5298 docet
1748 5244 2056 5314 Scriptura.

360 5325 691 5392 Sufﬁcientia
727 5344 862 5382 sane
897 5329 1159 5383 omnium
1191 5328 1664 5391 Christianorum,
1699 5332 1768 5384 ad
1804 5333 2058 5401 cogitan-

364 5412 503 5466 dum
548 5413 767 5484 aliquid
825 5417 1126 5487 Evangelio
1199 5423 1666 5486 consentaneum,
1722 5424 1805 5472 cst
1852 5436 1885 5472 a
1944 5422 2059 5475 Deo

362 5499 490 5568 quis
519 5499 674 5555 enim
705 5502 884 5556 nescit
913 5503 1282 5574 Evangelium
1322 5520 1440 5558 non
1471 5503 1702 5574 ingenio
1730 5505 2060 5575 hominum,

2175 492 2274 558 tia,
2308 491 2378 546 ad
2408 508 2616 546 munus
2646 493 2717 546 ad
2759 493 2912 564 quod
2951 492 3134 546 vocati
3177 492 3396 547 fuerant
3444 497 3805 572 sustinendum,

2174 596 2289 633 non
2329 580 2602 647 humana,
2654 582 2751 636 sed
2797 581 2988 636 divina
3016 580 3149 635 fuit.
3195 583 3487 638 Thesaurus
3516 587 3732 659 denique
3766 596 3810 647 in

2173 671 2320 722 vasis
2375 670 2631 737 ﬁctilibus
2680 670 2750 724 de
2807 686 2921 740 quo
2943 671 3175 738 Paulus,
3206 675 3336 723 sunt
3365 671 3506 724 dona
3526 677 3806 746 apostolica,

2177 760 2237 808 ut
2288 755 2473 826 liquet
2519 773 2581 810 ex
2627 757 2770 810 serie
2814 762 3126 812 contextus.
3175 756 3234 810 Si
3255 758 3401 812 oculi
3423 775 3533 813 non
3558 762 3710 830 plane
3731 782 3812 820 ne-

2175 844 2457 914 gligenter
2500 846 2875 916 conjiciantur
2924 846 2984 900 in
3034 847 3157 899 loca
3187 845 3373 914 allata,
3415 847 3685 904 verissima
3709 868 3806 909 esse

2176 932 2370 985 omnia
2399 949 2462 986 ac
2489 932 2951 987 manifestissima
2981 950 3111 1004 qua:
3143 933 3384 988 diximus
3405 938 3814 1007 comperientur;

2175 1019 2328 1072 unde
2372 1019 2692 1090 intelligere
2742 1021 2931 1074 licebit
2978 1022 3161 1076 bonos
3189 1021 3320 1076 illos
3358 1023 3542 1077 Patres
3571 1026 3816 1082 Africanos

2175 1121 2380 1175 parum
2427 1112 2592 1177 aptos
2647 1107 2822 1161 fuisse
2899 1107 3320 1179 Scripturarum
3391 1108 3723 1180 interpretes,
3767 1132 3817 1168 ac

2174 1193 2417 1262 proinde
2439 1211 2656 1249 meram
2677 1211 2874 1250 eorum
2895 1195 3292 1250 auctoritatem
3308 1196 3442 1250 levis
3460 1198 3704 1267 ponderis
3721 1217 3818 1255 esse

2177 1286 2459 1351 oportere.

2253 1371 2415 1436 lbid.,
2448 1373 2476 1439 §
2505 1373 2564 1426 4.
2620 1372 2928 1428 Consideret
2973 1376 3236 1428 sanctitas
3284 1377 3379 1426 tua
3419 1379 3469 1428 et
3499 1377 3821 1442 pastoralibus

2177 1460 2328 1514 nobis
2371 1463 2734 1529 compatiatur
2770 1463 3083 1529 visceribus,
3126 1478 3294 1531 quam
3343 1465 3414 1516 sit
3466 1467 3753 1531 pesti/“enen
3785 1474 3824 1520 et

2178 1549 2399 1603 exitiale
2426 1549 2612 1603 ovibus
2643 1551 2878 1617 Christi,
2899 1552 3044 1618 quod
3064 1553 3292 1605 istorum
3315 1552 3596 1617 sacrilegas
3625 1553 3827 1621 disputa-

2180 1638 2349 1690 tiones
2386 1641 2683 1692 necessario
2721 1641 3083 1706 consequitur,
3113 1643 3174 1692 ut
3205 1655 3299 1693 nec
3331 1655 3484 1693 orare
3511 1640 3762 1694 debeamus
3777 1658 3827 1694 ne

2179 1726 2441 1779 intremus
2489 1727 2962 1793 intentationem;
2997 1727 3141 1795 quod
3183 1728 3451 1782 Dominus
3487 1733 3536 1781 et
3582 1728 3828 1797 discipulos

2174 1815 2397 1878 monuit,
2423 1818 2473 1867 et
2496 1817 2679 1882 posuit
2709 1817 2764 1868 in
2787 1817 3026 1870 oratione
3051 1831 3213 1883 quam
3254 1816 3473 1881 docuit;
3531 1820 3621 1870 aut
3659 1831 3716 1870 ne
3752 1817 3828 1870 de-

2174 1903 2320 1969 ﬁciat
2351 1901 2482 1970 ﬁdes
2532 1908 2739 1970 nostra,
2790 1904 2933 1972 quod
2978 1920 3075 1973 pro
3105 1905 3346 1974 apostolo
3375 1906 3525 1958 Petro
3577 1920 3627 1958 se
3655 1920 3831 1972 rogasse

2174 1991 2289 2058 ipse
2336 1994 2560 2044 testatus
2607 1996 2704 2046 est.
2760 1993 2881 2046 Non
2930 1993 3247 2047 necessario
3287 1993 3402 2046 hoc
3432 1993 3691 2064 sequitur,
3726 2009 3829 2047 nam

2173 2076 2453 2146 particula
2482 2077 2581 2131 illa
2628 2079 2904 2133 orationis
2949 2079 3273 2146 dominicae,
3327 2084 3426 2134 aut
3457 2097 3641 2152 preces
3663 2081 3832 2136 Christi

2175 2181 2279 2234 pro
2321 2167 2487 2219 Petro
2537 2181 2653 2219 non
2701 2165 3027 2235 signiﬁcant
3066 2167 3125 2221 id
3172 2169 3332 2238 quod
3373 2168 3620 2222 innuunt
3656 2171 3830 2231 Patres,

2176 2252 2338 2323 quasi
2387 2253 2496 2308 hoc
2535 2253 2645 2307 sibi
2691 2255 2938 2310 vellent:
2985 2274 3017 2309 ο
3067 2257 3235 2323 Deus,
3282 2257 3377 2311 fac
3406 2257 3598 2311 afﬂatu
3625 2257 3831 2321 interno,

2176 2341 2268 2394 cui
2291 2340 2550 2396 resistere
2581 2357 2957 2412 nequeamus,
3010 2347 3074 2398 ut
3115 2343 3502 2399 tentationem
3547 2345 3832 2398 vincamus:

2176 2429 2377 2500 quidni
2406 2429 2563 2484 enim
2590 2431 2737 2484 Deus
2765 2435 2956 2500 potest
2982 2431 3265 2502 impedire
3331 2448 3404 2487 ne
3449 2433 3835 2486 succumbamus

2179 2517 2497 2581 tentationi,
2551 2517 2736 2588 ipsam
2783 2518 3158 2573 tentationem
3203 2520 3543 2585 minuendo,
3571 2537 3632 2574 ac
3655 2525 3834 2588 tempe-

2176 2605 2375 2672 rando,
2411 2605 2489 2659 ita
2520 2615 2580 2660 ut
2628 2607 2774 2659 vires
2823 2611 3042 2660 nostras
3086 2623 3204 2660 non
3256 2610 3542 2678 superet?
3584 2608 3733 2662 Novit
3765 2607 3836 2659 ille

2177 2708 2351 2763 quam
2381 2692 2535 2746 ﬁrmi
2555 2697 2651 2747 aut
2673 2710 2843 2763 quam
2867 2694 3083 2748 inﬁrmi
3106 2694 3311 2762 simus,
3336 2697 3542 2751 melius
3565 2711 3723 2767 quam
3743 2710 3836 2758 nos,

2175 2784 2476 2852 potestque
2525 2797 2592 2835 ea
2639 2781 2864 2835 amoliri
2909 2782 3115 2853 quibus
3161 2785 3471 2852 aegerrime
3523 2801 3680 2855 pares
3719 2799 3838 2837 esse-

2178 2885 2304 2922 mus
2337 2869 2383 2922 si
2413 2870 2676 2924 adessent
2703 2888 2716 2937 ;
2751 2875 2806 2924 et
2839 2871 3046 2942 quibus
3076 2873 3340 2940 remotis,
3374 2873 3538 2928 facile
3565 2873 3624 2927 in
3666 2873 3840 2943 pietate

2107 2980 2144 3034 ρ
2176 2962 2499 3012 constantes
2529 2975 2743 3013 sumus.
2779 2960 2841 3015 Si
2860 2962 3002 3014 enim
3029 2961 3136 3014 haec
3177 2963 3552 3030 possibilitate
3595 2966 3781 3015 natura:
3805 2963 3842 3010 et

2175 3046 2405 3100 arbitrio
2423 3049 2739 3113 voluntatis,
2773 3047 3045 3119 inquiunt
3076 3052 3270 3102 tamen
3325 3050 3469 3116 Afri,
3517 3052 3573 3103 in
3620 3049 3841 3118 potestate

2173 3139 2301 3188 sunt
2329 3137 2640 3202 constituta,
2675 3138 2796 3204 quis
2827 3152 2933 3190 non
2963 3151 3026 3190 ea
3053 3137 3237 3192 videat
3269 3153 3312 3191 α
3344 3139 3461 3192 Deo
3482 3141 3707 3192 inaniter
3733 3134 3840 3203 peti,

2175 3227 2225 3276 et
2257 3225 2534 3288 fallaciter
2575 3226 2745 3289 orari,
2781 3239 2899 3277 cum
2945 3224 3150 3278 orando
3180 3231 3490 3294 poscuntur
3524 3239 3637 3293 qua’
3669 3227 3842 3275 natura:

2172 3316 2368 3366 nostra.o
2380 3311 2502 3380 jam
2526 3314 2608 3366 ita
2638 3311 2864 3366 conditae
2882 3313 3264 3379 sufﬁcientibus
3280 3314 3504 3368 viribus
3533 3308 3846 3368 obtinentur?

2172 3401 2243 3452 At
2280 3399 2541 3470 quamvis
2572 3400 2716 3454 forte
2756 3401 3090 3456 concederet
3135 3402 3409 3473 Pelagius
3468 3402 3681 3455 nullam
3738 3413 3842 3450 cou-

2173 3487 2396 3558 tingere
2439 3493 2558 3542 tam
2607 3493 2855 3542 atrocem
2903 3489 3284 3544 tentationem
3339 3489 3436 3544 cui
3474 3488 3725 3544 resistere
3767 3501 3845 3538 ne-

2173 3591 2471 3644 queamus,
2521 3582 2728 3631 natura
2777 3577 3080 3646 Evangelio
3125 3577 3422 3632 illustrata
3459 3583 3516 3632 et
3545 3575 3846 3634 emendata;

2173 3679 2288 3716 non
2333 3664 2579 3733 negabat
2629 3668 2845 3733 tamen,
2884 3681 2988 3718 nec
3035 3681 3241 3735 negare
3291 3670 3530 3736 poterat
3547 3665 3607 3720 in
3634 3661 3850 3736 periculo

2172 3751 2490 3805 constitutis
2523 3751 2591 3806 ad
2623 3751 2726 3805 Dei
2771 3752 3070 3820 auxilium,
3112 3753 3282 3808 etiam
3340 3751 3847 3810 extraordinarium,

2171 3856 2291 3893 esse
2321 3839 2789 3909 confugiendum,
2826 3841 3046 3895 duabus
3073 3842 3142 3896 de
3175 3843 3529 3898 rationibus.
3565 3841 3744 3896 Primo
3782 3841 3850 3888 ta-

2169 3929 2338 3983 metsi
2388 3928 2602 3982 viribus
2646 3930 2820 3984 semel
2869 3947 2901 3983 a
2955 3932 3070 3984 Deo
3095 3933 3409 3998 concessis,
3443 3936 3502 3986 et
3540 3924 3852 3985 confirmatis

2169 4015 2464 4085 promissis
2494 4015 2722 4080 divinis,
2757 4017 3020 4072 resistere
3052 4019 3361 4074 tentationi
3391 4033 3693 4090 possumus
3712 4033 3726 4081 ;
3745 4028 3851 4085 p05-

2168 4120 2366 4157 sumus
2394 4104 2566 4158 etiam
2593 4104 2653 4159 in
2685 4122 2751 4159 ea
2780 4107 2998 4173 cadere,
3033 4108 3188 4177 quod
3219 4125 3345 4163 non
3367 4109 3452 4164 ita
3475 4108 3641 4164 facile
3664 4102 3853 4159 contin-

2167 4192 2250 4261 git
2287 4207 2416 4245 cum
2463 4192 2734 4247 inusitato
2780 4193 2882 4248 Dei
2921 4195 3130 4249 auxilio
3161 4197 3561 4268 quodcunque
3591 4196 3662 4249 sit
3694 4189 3854 4258 (modo

2171 4296 2240 4332 ne
2269 4279 2340 4332 sit
2385 4279 2762 4334 ineluctabilis
2811 4282 3050 4352 afflatus)
3101 4284 3477 4352 adjuvamur.
3521 4283 3656 4348 Quis
3696 4285 3857 4334 autem

2172 4368 2233 4421 in
2263 4367 2515 4437 periculo
2562 4385 2680 4423 non
2728 4369 2835 4423 sibi
2876 4375 3035 4441 optet
3063 4387 3177 4425 non
3210 4373 3388 4427 modo
3416 4372 3575 4442 quod
3615 4374 3694 4422 est
3720 4379 3856 4438 pror-

2171 4473 2267 4509 sus
2295 4456 2699 4521 necessarium,
2754 4458 2854 4512 sed
2906 4457 3079 4512 etiam
3111 4475 3286 4530 quam
3312 4460 3607 4514 maximas
3635 4458 3790 4520 vires,
3812 4455 3862 4504 ut

2169 4543 2390 4598 facilius
2438 4549 2494 4598 et
2544 4545 2798 4600 securius
2843 4562 2962 4601 sese
2997 4563 3065 4600 eo
3115 4548 3436 4617 expediat?
3489 4547 3702 4602 Deinde
3738 4543 3862 4596 inter

2169 4633 2322 4702 ipsas
2368 4632 2538 4701 vires,
2590 4650 2732 4704 quas
2783 4635 2930 4689 Deus
2981 4634 3318 4690 Christianis
3341 4636 3702 4691 sufﬁcientes
3724 4627 3864 4698 largi-

2171 4725 2286 4789 tur,
2316 4719 2461 4774 nihil
2494 4725 2666 4788 vetat,
2699 4739 2804 4792 pro
2836 4724 3236 4794 magnitudine
3278 4724 3709 4795 periculorum,
3755 4719 3861 4772 inu-

2173 4808 2337 4862 sitata
2369 4808 2581 4862 auxilia
2626 4810 2846 4864 haberi.
2896 4812 3095 4880 Itaque
3129 4828 3244 4865 non
3275 4813 3482 4882 potuit
3515 4809 3717 4866 merito
3749 4803 3862 4860 insi-

2172 4896 2379 4949 mulari
2418 4896 2701 4967 Pelagius,
2748 4898 2911 4969 quasi
2961 4899 3220 4954 doctrina
3247 4916 3361 4954 sua
3401 4897 3685 4954 orationis
3722 4904 3867 4948 usum

2172 4984 2510 5038 sustulisset.

2242 5071 2324 5125 Ibi
2358 5113 2371 5136 ,
2416 5074 2523 5140 ἐῢ.
2587 5075 2996 5129 Contradicitur
3057 5078 3220 5130 etiam
3274 5078 3519 5131 istorum
3564 5073 3870 5129 contentione

2172 5159 2626 5215 benedictionibus
2654 5166 2877 5232 nostris,
2924 5169 2985 5217 ut
3015 5165 3287 5219 incassum
3318 5180 3494 5234 super
3515 5162 3774 5234 populum
3797 5155 3871 5210 di-

2171 5263 2285 5302 cere
2330 5248 2615 5303 videamur
2655 5251 2928 5319 quidquid
2981 5254 3054 5306 eis
3093 5269 3128 5306 a
3171 5255 3404 5307 Domino
3464 5266 3771 5322 precamur,
3821 5247 3872 5297 ut

2170 5340 2307 5390 recte
2338 5351 2401 5389 ac
2416 5339 2511 5405 pie
2538 5339 2765 5392 vivendo
2787 5341 2874 5396 illi
2897 5341 3169 5408 placeant,
3208 5342 3290 5394 vel
3313 5342 3419 5394 illa
3452 5356 3576 5409 qua
3613 5353 3710 5409 pro
3752 5332 3871 5406 ﬁde-

2171 5424 2310 5478 libus
2333 5430 2592 5493 precatur
2617 5425 2928 5495 Apostolus,
2970 5428 3180 5482 dicens;
3214 5429 3250 5480 F
3254 5428 3414 5482 lecto
3444 5445 3640 5499 genua
3669 5441 3789 5481 mea
3810 5418 3871 5473 ad

2172 5511 2353 5564 Deum
2385 5513 2614 5567 Patrem
2643 5513 2871 5568 Domini
2903 5514 3085 5570 nostri
3112 5516 3243 5569 Jesu
3275 5515 3500 5570 Christi
3696 5518 3754 5566 ut
3789 5508 3875 5562 det
