3922 6188
99 310 172 361 3-35
801 297 1159 352 VARIORUM
1201 298 1799 354 EXERCITATIONES
1837 299 1903 352 IN
1945 299 2000 353 S.
2042 299 2406 354 AUGUSTINI
2443 301 2700 356 OPERA.
3411 311 3512 364 326

96 424 212 479 vobis
236 420 512 476 secundum
543 417 762 472 divitias
793 417 990 488 gloria:
1030 435 1168 487 sum,
1201 419 1410 474 virtute
1442 420 1702 474 corrobo-
1741 430 1784 483 Α
1813 435 1995 490 usque
2042 420 2173 474 vita:
2214 426 2574 492 peccatorum
2623 425 2800 478 semel
2849 425 3233 482 admissorum
3288 429 3508 484 veniam

99 512 178 566 rari
218 525 302 581 per
349 507 607 576 Spiritum
658 508 795 577 ejus.
840 509 902 562 Si
953 523 1077 574 ergo
1123 510 1447 563 voluerimus
1488 509 1697 562 benedi-

97 601 212 655 cendo
251 612 393 666 super
423 596 680 664 populum
725 595 936 650 dicere:
986 597 1065 649 Da
1105 595 1238 662 illis,
1287 597 1542 658 Domine,
1582 597 1699 650 vir-

99 695 177 742 tute
207 685 522 741 corroborari
568 700 671 754 per
714 683 993 754 Spiritum
1035 689 1238 754 tuum;
1294 687 1511 740 illorum
1548 687 1702 740 nobis

89 777 318 846 disputatio
355 773 687 840 contradicit,
729 776 1016 840 afﬁrmans
1058 776 1249 842 negari
1288 775 1512 827 liberum
1550 775 1700 827 arbi-

85 870 220 930 trium,
243 865 286 917 si
309 864 396 916 hoc
425 878 457 914 a
485 865 586 916 Deo
622 864 884 930 poscitur,
920 861 1065 930 quod
1111 864 1170 915 in
1212 867 1397 916 nostra
1435 868 1513 916 est
1544 867 1702 931 pote-

82 957 217 1006 state:
249 953 432 1003 virtute
471 952 609 1003 enim
638 951 688 1002 si
733 949 1072 1002 corroborari
1116 951 1382 1017 volumus,
1422 953 1699 1019 inquiunt,

79 1054 296 1109 possumus
333 1054 390 1092 ea
432 1037 788 1106 possibilitate
825 1043 1036 1092 naturae
1085 1054 1249 1106 quam
1299 1054 1440 1093 nunc
1469 1054 1575 1092 non
1604 1054 1702 1093 ac-

79 1131 268 1196 cipimus,
296 1127 382 1180 sed
405 1142 521 1180 cum
549 1142 852 1180 crearemur
896 1130 1218 1196 accepimus.
1252 1127 1423 1191 Quasi
1453 1144 1583 1181 vero
1613 1128 1700 1182 in-

79 1232 260 1269 numera
286 1231 392 1268 non
422 1215 551 1281 sint,
582 1226 787 1285 praeter
813 1215 1183 1280 creationem,
1225 1231 1355 1286 qua:
1390 1232 1423 1269 a
1454 1216 1568 1282 Deo
1601 1232 1699 1286 pe-

79 1311 160 1357 tere
174 1319 463 1374 possumus,
493 1308 558 1356 ut
595 1302 946 1356 curriculum
975 1303 1208 1373 pietatis
1247 1307 1575 1358 constanter
1599 1305 1700 1358 de-

77 1408 327 1458 curramus,
380 1407 506 1462 quae
537 1394 730 1444 tamen
757 1391 996 1445 minime
1037 1397 1170 1445 sunt
1207 1391 1590 1446 ineluctabilis
1622 1395 1701 1447 af-

78 1485 198 1533 ﬂatus
225 1485 234 1533 t
265 1480 487 1549 Semper
515 1479 748 1549 quidem
779 1484 863 1533 est
885 1478 1053 1532 saluti
1083 1479 1552 1545 incumbendum,
1580 1497 1699 1535 cum

76 1572 210 1622 timore
234 1574 277 1622 et
295 1573 527 1632 tremore,
563 1568 697 1640 quia
752 1570 1012 1638 quamvis
1053 1569 1202 1622 Deus
1248 1570 1426 1634 faciat
1480 1570 1610 1622 velle
1649 1575 1699 1623 et

73 1660 267 1726 perﬁcere
293 1659 346 1710 in
392 1657 564 1724 nobis,
598 1673 903 1728 possumus
923 1655 1190 1711 omnibus
1236 1655 1463 1710 auxiliis
1490 1655 1647 1710 abuti
1682 1676 1696 1722 ;

73 1745 139 1798 sed
179 1745 346 1798 minus
397 1749 588 1800 tamen
638 1744 961 1798 timendum
1010 1744 1175 1798 nobis
1227 1749 1331 1812 est,
1370 1761 1500 1798 cum
1552 1747 1697 1798 Deus

72 1839 242 1887 amovet
265 1848 296 1885 a
313 1833 474 1887 nobis
503 1832 757 1903 plurima
784 1848 912 1902 quae
933 1832 992 1884 in
1012 1832 1117 1885 hac
1137 1831 1252 1885 vita
1278 1833 1548 1886 virtutem
1591 1849 1694 1886 no-

71 1928 196 1976 stram
230 1922 546 1976 labefactare
578 1926 827 1991 possent.
871 1921 920 1974 Is
967 1925 1152 1974 metus
1183 1937 1363 1991 eaque
1413 1921 1696 1992 ejusmodi

71 2008 215 2061 auxilii
259 2008 422 2062 divini
448 2008 730 2062 invocatio
778 2023 910 2061 cum
956 2007 1137 2061 libero
1189 2008 1426 2062 arbitrio
1481 2009 1695 2079 optime

70 2095 332 2150 consistunt.
366 2097 462 2150 Hic
509 2113 830 2166 possemus,
867 2096 1100 2149 nomine
1159 2097 1394 2167 Pelagii,
1447 2097 1695 2167 objicere

69 2184 188 2247 Afris,
213 2201 270 2238 ex
298 2201 491 2240 eorum
523 2185 806 2238 sententia
833 2200 867 2236 a
911 2185 1026 2238 Deo
1067 2184 1210 2238 nihil
1263 2185 1515 2256 potuisse
1545 2185 1693 2255 peti;

72 2287 161 2325 cum
184 2272 415 2343 reprobis
451 2272 686 2344 quidem
719 2272 1035 2326 necessaria
1081 2288 1312 2342 negare,
1349 2274 1537 2327 electis
1563 2291 1694 2327 vero

71 2360 207 2413 omnia
236 2362 556 2428 concedere,
600 2361 772 2415 etiam
817 2377 934 2414 non
991 2360 1336 2430 petentibus,
1384 2362 1452 2415 ab
1481 2366 1694 2416 aeterno

74 2449 328 2505 decreverit.
379 2451 490 2506 Sed
521 2450 820 2504 fatendum
845 2448 1108 2503 homines
1145 2465 1263 2503 non
1294 2466 1521 2520 semper
1549 2467 1695 2505 con—

74 2537 294 2592 venienter
329 2537 699 2608 dogmatibus
736 2537 852 2590 suis
891 2553 948 2590 se
989 2552 1185 2606 gerere
1212 2553 1226 2604 ;
1259 2553 1364 2592 nec
1393 2542 1526 2592 sunt
1553 2539 1696 2592 insi-

73 2627 281 2689 mulandi,
318 2627 425 2680 nisi
466 2642 675 2680 eorum
723 2641 852 2696 qua:
895 2625 1128 2679 faciunt.

117 2715 222 2769 Ibid.
247 2715 270 2786 ἕ
298 2719 346 2769 6.
387 2717 670 2770 Parvulos
706 2718 889 2781 etiam,
919 2719 1142 2784 propter
1177 2716 1406 2769 salutem
1442 2731 1566 2784 quae
1597 2731 1698 2784 per

79 2803 329 2858 Satmtorem
356 2806 647 2859 Christum
669 2804 854 2868 datur,
883 2803 1238 2872 baptizandos
1269 2809 1486 2871 negant,
1533 2820 1594 2858 ac
1619 2806 1696 2858 sic

85 2895 389 2959 inuerti/era
416 2897 534 2954 ista
567 2892 814 2946 doctrina
844 2895 902 2945 in
930 2897 1187 2947 aeternum
1222 2897 1431 2960 necant,
1460 2895 1697 2960 promit-

1813 514 2008 578 petere
2064 526 2260 563 omnes
2308 526 2535 564 necesse
2577 513 2874 568 habemus.
2930 516 3058 568 Hinc
3088 532 3222 586 ergo
3253 521 3337 571 est
3365 515 3509 571 invi-

1817 588 1976 651 diosa
2027 597 2370 663 criminatio,
2415 600 2599 670 qualis
2649 606 2734 654 est
2784 607 2840 654 et
2889 619 3165 673 sequens:
3209 606 3353 660 Illud
3389 623 3512 661 vero

1813 687 1963 754 quod
1991 689 2258 754 sequitur,
2289 703 2360 740 ne
2392 704 2497 741 nos
2527 689 2736 742 inferas
2765 689 2824 743 in
2853 692 3268 759 tentationem,
3289 709 3393 748 non
3431 697 3512 748 ita

1813 774 2220 841 intelligendum
2250 785 2510 843 tanquam
2541 776 2786 830 divinum
2816 777 3151 846 adjutorium
3180 795 3394 847 poscere
3425 783 3512 835 de-

1814 860 2050 928 beamus,
2085 878 2149 915 ne
2179 864 2236 914 in
2268 868 2542 930 peccatum
2570 867 2764 918 tentati
2795 865 3127 930 decidamus,
3177 868 3270 921 sed
3318 870 3411 923 hoc
3452 872 3510 922 in

1811 955 2006 1004 nostra
2034 965 2144 1004 esse
2163 954 2398 1019 positum
2421 957 2705 1020 potestate.
2736 953 3024 1020 Quamvis,
3049 971 3114 1008 ex
3140 956 3354 1025 Pelagii
3387 973 3511 1010 sen-

1811 1037 2010 1105 tentia,
2041 1039 2240 1108 gratim
2274 1039 2530 1092 caelestes
2565 1039 2857 1093 neminem
2885 1041 3121 1110 adigant
3145 1042 3214 1096 ad
3232 1044 3506 1111 ofﬁcium,

1811 1129 2066 1178 attamen
2095 1142 2210 1179 non
2265 1143 2468 1196 parum
2493 1128 2553 1180 in
2586 1129 3134 1198 tentationejuvant,
3169 1147 3230 1183 ac
3271 1131 3393 1186 sine
3440 1133 3508 1186 iis

1813 1212 1873 1266 in
1921 1213 2190 1282 gravibus
2245 1216 2656 1270 tentationibns
2721 1217 2983 1270 homines
3050 1220 3506 1274 succumberent-

1811 1302 1996 1364 Quare
2024 1320 2057 1355 a
2089 1303 2224 1370 Deo,
2256 1303 2338 1356 uti
2364 1304 2617 1374 putabat,
2655 1310 2818 1360 erant
2846 1305 3059 1360 auxilia
3100 1306 3196 1360 illa
3239 1310 3504 1377 petenda.

1812 1396 1992 1466 Igitur
2019 1398 2230 1452 frustra
2257 1405 2456 1452 contra
2486 1416 2618 1453 eum
2652 1402 2869 1455 addunt
2915 1401 3175 1455 Numidae
3222 1404 3501 1475 episcopi:

1811 1493 2071 1555 tanquam
2099 1492 2316 1554 frustra
2346 1491 2642 1558 Apostolus
2681 1492 2887 1545 dia'erit
2913 1508 2924 1545 :
2972 1493 3092 1545 Non
3118 1493 3377 1560 volentis,
3407 1511 3506 1548 ne-

1810 1591 1920 1644 que
1969 1576 2270 1643 currentis,
2317 1577 2414 1630 sed
2459 1577 2778 1632 miserentis
2839 1584 2923 1632 est
2974 1580 3113 1646 Dei;
3169 1587 3248 1634 et:
3303 1582 3506 1636 Fidelis

1811 1664 1976 1729 Deus,
2032 1664 2132 1733 qui
2177 1680 2291 1716 non
2340 1665 2636 1733 permittet
2677 1683 2775 1719 vos
2815 1668 3020 1721 tentari
3064 1685 3236 1738 supra
3265 1669 3323 1722 id
3355 1671 3506 1740 quod

1807 1747 2066 1815 potestis,
2101 1749 2197 1802 sed
2231 1748 2399 1802 faciet
2429 1767 2559 1803 cum
2598 1751 2911 1805 tentatione
2947 1753 3118 1806 etiam
3173 1755 3406 1820 exitum,
3441 1762 3506 1811 ut

1804 1835 2034 1904 possitis
2063 1837 2357 1891 sustinere.
2394 1839 2622 1892 Frustra
2654 1841 2816 1892 etiam
2837 1843 3093 1894 Dominus
3135 1842 3339 1897 dixerit
3379 1861 3482 1912 apo

1805 1925 1937 1976 stolo
1996 1925 2190 1978 Pet-ro:
2244 1925 2455 1994 Rogavi
2505 1942 2609 1994 pro
2656 1931 2732 1993 te,
2777 1943 2848 1980 ne
2888 1927 3116 1981 deﬁciat
3159 1929 3298 1983 ﬁdes
3336 1935 3434 1985 tua
3456 1937 3507 1986 et

1805 2011 2052 2064 omnibus
2108 2013 2252 2066 suis:
2305 2012 2544 2080 Vigilate
2571 2019 2625 2066 et
2680 2020 2836 2066 orate
2879 2031 2949 2068 ne
2979 2015 3202 2069 intretis
3231 2017 3291 2071 in
3324 2023 3506 2072 tenta-

1804 2099 2020 2152 tionem
2049 2116 2062 2164 ;
2094 2103 2143 2153 si
2175 2101 2267 2154 hoc
2299 2106 2464 2154 totum
2493 2107 2571 2154 est
2587 2107 2867 2170 potestatis
2917 2105 3180 2158 humanm.
3219 2107 3296 2158 De
3318 2107 3504 2176 primo

1805 2187 1928 2240 loco
1974 2187 2135 2240 Rom.
2187 2203 2260 2252 ix,
2307 2187 2553 2241 diximus
2600 2188 2671 2241 ad
2718 2189 3147 2244 antecedentem
3179 2192 3504 2261 epistolam.

1805 2276 2117 2338 Secundus,
2158 2277 2176 2328 l
2211 2277 2336 2329 Cor.
2372 2293 2425 2330 x.
2467 2278 2547 2341 14,
2577 2277 2746 2345 plane
2778 2278 3098 2331 contrarius
3140 2285 3226 2333 est
3270 2286 3508 2336 senten-

1804 2363 1898 2416 tiae
1937 2363 2262 2433 Augustini,
2313 2379 2444 2417 cum
2495 2365 2694 2418 doceat
2745 2367 2953 2419 Paulus
3001 2368 3179 2420 Deum
3239 2368 3506 2438 adjuvare

1807 2451 2020 2518 ﬁdeles,
2055 2468 2170 2504 non
2203 2458 2265 2504 ut
2295 2451 2646 2506 ineluctabili
2669 2453 2866 2508 afﬂatu
2891 2454 3000 2508 acti
3025 2455 3345 2510 sustineant
3381 2462 3506 2511 ten-

1808 2539 2108 2608 tationem,
2139 2540 2230 2592 scd
2265 2543 2326 2592 ut
2349 2543 2562 2609 possint
2599 2544 2879 2608 sustinere,
2930 2543 3083 2612 quod
3132 2544 3319 2598 solum
3368 2560 3508 2614 pro-

1809 2627 1966 2680 misit
1995 2629 2164 2681 Deus.
2204 2630 2278 2681 De
2309 2629 2528 2682 caeteris
2557 2629 2727 2682 etiam
2755 2635 2922 2682 antea
2953 2631 3194 2699 egimus.
3471 2641 3478 2646 '

1877 2717 2022 2769 Ibid.
2058 2718 2256 2770 Pueros
2288 2732 2495 2785 quoque
2510 2720 2788 2785 parvulos,
2825 2721 2925 2772 etsi
2962 2721 3125 2772 nullis
3177 2721 3500 2775 innoventur

1807 2803 2141 2861 Christiana
2169 2808 2361 2872 gratiae
2403 2808 2776 2872 sacramentis,
2828 2807 3108 2861 habituros
3134 2811 3304 2861 vitim:
3343 2813 3504 2863 aeter-

1804 2909 1949 2959 nam,
2018 2909 2247 2960 nequam
2314 2896 2731 2960 prmsumptione
2783 2895 3126 2960 contendunt,
3189 2901 3506 2950 evacuantes

83 2982 197 3047 (rites,
229 2984 432 3036 etiamsi
475 2997 590 3035 non
641 2981 1006 3050 baptizentur,
1038 2984 1140 3035 etc.
1193 2983 1464 3034 Fatentur
1501 2984 1695 3034 tamen
1733 2994 1772 3049 ί]
1805 2980 1947 3048 quod
1973 2979 2118 3033 dixit
2137 2982 2429 3048 Apostolus
2457 2982 2632 3047 (Rom.
2662 2997 2714 3047 v,
2749 2984 2826 3049 t2)
2857 2997 2868 3034 :
2933 2983 3039 3035 Per
3096 2999 3271 3036 unum
3318 2983 3506 3037 homi-

75 3073 206 3134 postea
231 3070 554 3125 C(elestium
582 3070 794 3124 fassum
840 3085 958 3123 esse
988 3086 1087 3138 per
1131 3070 1459 3139 baptismum
1491 3069 1700 3124 Christi

69 3157 344 3220 parvulorum
388 3161 516 3228 ﬁeri
546 3158 983 3226 redemptionem.
1035 3157 1139 3212 Sed
1166 3159 1346 3222 multi,
1401 3157 1694 3227 inquiunt,

71 3247 133 3309 qui
163 3245 347 3301 illorum
389 3247 752 3316 perhibentur
797 3261 906 3300 esse
942 3247 1024 3299 vel
1069 3247 1241 3310 fuisse
1270 3245 1534 3314 discipuli
1591 3247 1698 3299 hwc

70 3331 184 3394 nulla,
227 3334 406 3401 quibus
461 3333 829 3400 fundamenta
896 3332 1217 3388 Christianae
1264 3333 1393 3401 ﬁdei
1437 3338 1700 3387 conantur

67 3423 252 3483 uertere,
312 3435 636 3489 quacunque
681 3425 911 3489 possunt
977 3423 1260 3488 afﬁrmare
1313 3436 1420 3474 non
1467 3425 1694 3475 cessant.

64 3505 167 3566 Quid
188 3507 245 3561 de
267 3508 501 3578 singulis
525 3508 940 3579 quaestionibus
957 3524 1086 3578 qua:
1105 3509 1174 3563 de
1193 3508 1534 3579 baptismate
1558 3525 1699 3579 pro-

64 3593 162 3660 poni
202 3603 436 3664 possent,
497 3596 788 3650 censuerit
844 3595 1104 3664 Pelagius
1159 3597 1390 3662 nescio;
1451 3596 1548 3664 sed
1591 3596 1700 3649 hoc

63 3680 157 3745 scio,
185 3699 240 3736 ex
267 3685 415 3738 Novo
466 3687 833 3739 Testamento
856 3683 1086 3754 probari
1144 3684 1302 3737 nullo
1336 3683 1504 3738 modo
1535 3699 1698 3754 posse

62 3774 377 3827 necessarium
408 3790 539 3829 esse
567 3773 850 3843 baptisma
875 3772 1045 3827 saluti
1073 3772 1402 3842 infantium,
1427 3776 1524 3827 aut
1553 3789 1698 3844 prte-

61 3863 235 3926 ceptum
277 3878 392 3914 esse
431 3879 466 3916 a
498 3860 724 3915 Christo
755 3877 850 3914 eos
892 3860 1188 3930 baptizari.
1244 3862 1440 3930 Itaque
1471 3859 1700 3913 nonnisi

59 3945 248 4002 absurde
299 3950 664 4015 fundamenta
709 3949 839 4018 ﬁdei
891 3964 1090 4002 vocare
1137 3952 1450 4018 potuerunt
1475 3947 1596 4002 Afri
1635 3963 1700 4000 ea

59 4031 107 4084 de
129 4036 306 4104 quibus
336 4041 519 4094 altum
551 4042 636 4092 est
683 4037 744 4090 in
785 4037 940 4091 Novo
990 4038 1352 4091 Testamento
1381 4034 1698 4091 silentium.

55 4123 287 4192 Attamen,
333 4132 395 4182 ut
452 4129 573 4198 jam
611 4126 746 4180 alibi
793 4125 930 4192 dixi,
986 4141 1099 4178 non
1156 4125 1368 4178 damno
1417 4124 1701 4194 baptisma

55 4206 336 4282 infantium;
381 4215 540 4285 quod
574 4229 694 4268 esse
727 4217 915 4283 queat,
948 4211 994 4265 si
1042 4211 1302 4277 velimus,
1332 4227 1448 4265 non
1475 4215 1700 4264 tantum

53 4298 277 4361 professio
327 4303 459 4357 ﬁdei
513 4305 838 4372 parentum,
875 4299 974 4354 sed
1020 4304 1076 4354 et
1123 4299 1443 4369 symbolum
1473 4298 1698 4352 redem-

56 4385 221 4448 ptionis
247 4389 572 4452 infantium,
602 4406 716 4443 non
743 4389 978 4460 quidem
1009 4405 1042 4442 a
1064 4392 1314 4458 peccato,
1342 4404 1456 4458 quo
1478 4391 1693 4454 carent,

55 4474 124 4527 sed
148 4493 177 4529 a
216 4480 453 4534 vanitate
485 4480 578 4534 cui
608 4495 737 4533 cum
785 4477 1004 4532 caeteris
1052 4476 1328 4530 creaturis
1381 4475 1694 4545 subjacent,

56 4567 96 4613 et
126 4581 152 4616 a
186 4582 288 4636 qua
330 4569 600 4624 liberabit
654 4584 749 4622 eos
815 4565 1066 4622 Christus
1098 4566 1159 4620 in
1208 4564 1414 4620 ultima
1444 4580 1697 4619 resurre-

56 4648 221 4707 cﬁone.

105 4738 320 4808 Epistola
369 4747 490 4811 176,
527 4743 554 4814 §
585 4747 637 4797 2.
700 4744 831 4798 Cum
872 4744 1131 4797 Dominus
1170 4741 1407 4796 docuerit
1445 4745 1505 4795 ut
1546 4741 1696 4794 dica-

54 4838 178 4881 mus:
232 4830 456 4886 Dimitte
495 4831 660 4885 nobis
715 4830 906 4884 debita
937 4835 1149 4898 nostra,
1203 4835 1324 4896 etc.,
1375 4832 1470 4884 isti
1511 4830 1698 4884 dicunt

46 4928 166 4978 posse
183 4919 432 4975 hominem
461 4923 521 4974 in
561 4921 661 4974 hac
691 4922 830 4986 vita,
876 4922 1162 4988 praeceptis
1209 4920 1313 4972 Dei
1341 4920 1591 4985 cognitis,
1625 4918 1699 4972 ad

51 5005 214 5059 tantam
250 5010 871 5078 perfectionemjustitia:
897 5023 1026 5076 suae,
1058 5009 1172 5062 sine
1202 5007 1477 5076 adjutorio
1505 5009 1699 5074 gratiae

51 5086 320 5162 Saluatoris,
352 5113 451 5166 per
495 5099 667 5151 solum
715 5098 940 5151 liberum
969 5096 1260 5150 arbitrium
1298 5097 1598 5164 pervenire,
1638 5099 1699 5148 ut

52 5180 85 5224 et
103 5193 189 5233 non
217 5186 286 5236 sit
300 5186 421 5253 jam
439 5189 799 5241 necessarium
818 5185 1016 5254 dicere,
1050 5184 1304 5250 Dimitte,
1340 5189 1449 5237 etc.
1480 5185 1552 5236 At
1583 5198 1699 5236 non

53 5261 267 5325 dicebant
285 5289 634 5345 quemquam
655 5290 758 5344 per
782 5278 965 5328 totam
987 5272 1162 5326 vitam
1185 5272 1505 5325 immunem
1533 5287 1699 5342 pror-

52 5366 118 5402 sus
150 5366 498 5425 peccatorum
536 5362 757 5425 vixisse,
792 5365 1025 5432 excepto
1081 5377 1196 5414 uno
1243 5359 1466 5416 Christo
1501 5375 1514 5425 ;
1545 5359 1698 5413 unde

52 5445 346 5508 sequebatur
387 5449 673 5503 neminem
709 5466 849 5515 esse,
882 5466 947 5503 ex
993 5465 1195 5504 eorum
1238 5447 1543 5508 sententia,
1599 5447 1699 5518 qui

50 5540 138 5581 non
187 5531 409 5590 deberet
459 5537 691 5591 dicere:
743 5538 990 5602 Dimitte,
1039 5541 1149 5606 etc,
1204 5537 1347 5590 Nam
1397 5534 1465 5589 ad
1522 5534 1697 5589 ﬁnem

1807 3083 1940 3120 nem
1968 3071 2264 3136 peccatum
2293 3066 2526 3120 intravit
2559 3067 2618 3120 in
2646 3068 2946 3133 mundum,
2984 3076 3039 3123 et
3068 3086 3170 3140 per
3211 3075 3506 3140 peccatum

1808 3169 1980 3221 mors,
2014 3159 2070 3207 et
2088 3153 2167 3207 ita
2197 3154 2256 3206 in
2280 3170 2478 3207 omnes
2509 3154 2771 3208 homines
2796 3156 3140 3224 pertransiit,
3166 3156 3224 3208 in
3246 3172 3360 3227 quo
3382 3173 3506 3210 om-

1806 3259 1907 3296 nes
1957 3247 2372 3312 peccaverunt;
2405 3248 2456 3295 et
2513 3245 2620 3296 alio
2668 3245 2776 3298 loco
2809 3245 2848 3313 (Ι
2881 3245 3007 3298 Cor.
3048 3260 3138 3309 xv,
3177 3246 3310 3314 22):
3353 3244 3507 3299 Sicut
3549 3231 3566 3240 ’

1806 3331 1866 3383 in
1911 3331 2090 3386 Adam
2137 3347 2334 3385 omnes
2382 3332 2726 3396 moriuntur,
2761 3333 2840 3384 sic
2865 3337 2921 3385 et
2949 3332 3008 3385 in
3049 3332 3271 3386 Christo
3310 3349 3508 3386 omnes

1807 3417 2308 3488 viviﬁcabuntur.]
2380 3419 2781 3473 Existimabam
2861 3419 3169 3489 legendum
3245 3421 3308 3472 in
3385 3421 3507 3475 loco

1809 3508 1973 3560 Rom.
2025 3523 2076 3570 ν,
2117 3523 2257 3560 mors
2304 3510 2646 3576 pertransiit,
2713 3525 2845 3561 nam
2898 3525 3002 3562 vox
3059 3507 3264 3561 θάνατος
3307 3513 3392 3562 cst
3447 3509 3508 3562 in

1807 3594 2076 3648 omnibus
2113 3595 2320 3648 Graecis
2390 3595 2845 3664 exemplaribus;
2898 3596 2994 3650 sed
3035 3600 3090 3649 et
3126 3595 3262 3649 alibi
3306 3612 3508 3666 perpe-

1808 3697 1929 3734 ram
1961 3681 2040 3734 ita
2075 3683 2361 3751 profertur
2392 3683 2484 3736 hic
2516 3685 2671 3736 locus
2701 3684 2770 3736 ab
2800 3684 3139 3752 Augustino,
3195 3688 3255 3736 ut
3305 3685 3364 3737 in
3407 3685 3505 3740 lib.

1806 3785 1878 3837 1v,
1913 3775 2110 3823 contra
2137 3771 2277 3824 duas
2306 3771 2471 3840 epist.
2507 3771 2962 3840 Pelagianorum,
3022 3788 3181 3825 num.
3219 3777 3273 3827 7.
3322 3775 3506 3843 Atque

1807 3873 1872 3910 ex
1902 3858 2006 3911 hac
2039 3858 2349 3912 omissione
2371 3875 2671 3929 perperam
2700 3860 2870 3912 etiam
2899 3864 3354 3928 argumentatur.
3397 3862 3500 3914 Ve-

1808 3962 1935 3998 rum
1983 3947 2154 4015 hujus
2212 3947 2319 3999 loci
2365 3963 2564 4000 sensus
2612 3953 2732 4001 est:
2787 3953 2847 4001 ut
2887 3964 2983 4015 per
3023 3963 3189 4001 unum
3237 3948 3504 4002 hominem

1805 4038 2081 4102 peccatum
2105 4036 2337 4087 intravit
2365 4037 2423 4086 in
2461 4034 2742 4101 mundum,
2775 4041 2825 4087 et
2876 4050 2973 4102 per
3019 4039 3296 4102 peccatum
3328 4049 3500 4087 mors:

1809 4123 1887 4174 ita
1909 4123 2070 4174 etiam
2099 4136 2241 4175 mors
2272 4125 2327 4174 in
2345 4136 2520 4174 omnes
2545 4122 2777 4174 homines
2805 4124 3144 4189 pertransiit,
3169 4124 3300 4188 quia
3329 4135 3506 4175 omnes

1805 4215 2118 4278 peccarunt,
2154 4210 2292 4262 Nam
2345 4215 2520 4277 οὕτωσ,
2547 4209 2628 4255 καὶ
2674 4211 2750 4262 sic
2780 4215 2849 4274 et,
2898 4209 3135 4278 perinde
3193 4213 3276 4262 est
3327 4224 3390 4261 ac
3424 4219 3506 4263 καὶ

1880 4322 1978 4365 τως,
2034 4302 2084 4350 et
2124 4301 2223 4366 sic,
2265 4301 2325 4351 ut
2350 4299 2475 4351 Luc.
2507 4313 2637 4359 xvu,
2667 4299 2756 4363 2t,
2781 4299 2883 4363 29;
2916 4298 3028 4350 Jac.
3078 4314 3138 4359 ιι,
3171 4300 3260 4351 26.
3290 4297 3504 4351 Deinde

1921 4392 1959 4455 ᾧ
1990 4391 2073 4439 est
2126 4387 2259 4454 quia
2311 4387 2399 4439 vel
2447 4403 2503 4440 eo
2556 4385 2717 4454 quod,
2779 4401 2893 4438 non
2923 4387 2982 4438 in
3032 4400 3154 4454 quo,
3175 4377 3248 4438 ἰη
3291 4386 3336 4437 ll
3374 4386 3500 4438 Cor.

1808 4489 1861 4535 v,
1896 4477 1968 4540 4;
2008 4474 2154 4528 Phil.
2209 4491 2288 4540 ιη,
2334 4478 2418 4528 t2.
2470 4474 2630 4538 Quod
2671 4472 2779 4526 viri
2823 4473 3134 4527 doctissimi
3163 4473 3377 4526 dudum
3415 4489 3506 4526 os-

1809 4563 2135 4628 tenderunt,
2188 4567 2252 4616 ut
2291 4566 2346 4616 et
2388 4563 2478 4616 hic
2529 4563 2622 4632 agi
2665 4563 2732 4615 de
2779 4567 3004 4631 peccato
3065 4561 3290 4629 actuali,
3343 4562 3506 4632 cujus

1808 4669 2040 4722 capaces
2070 4670 2180 4706 non
2215 4657 2348 4705 sunt
2403 4653 2666 4705 infantes.
2713 4653 2891 4704 Locus
2938 4653 3081 4704 alter
3108 4653 3128 4704 I
3155 4652 3224 4704 ad
3253 4652 3379 4705 Cor.
3424 4650 3507 4703 ni-

1807 4741 1887 4795 hil
1922 4743 1992 4795 ad
2014 4758 2134 4795 rem
2167 4742 2312 4794 facit.
2343 4741 2472 4793 Vult
2502 4741 2652 4793 enim
2684 4741 2908 4800 Paulus,
2941 4746 3006 4794 ut
3038 4757 3188 4794 unus
3242 4740 3505 4810 [Adamus

1809 4835 2049 4883 mortem
2073 4828 2389 4883 introduxit
2409 4829 2468 4882 in
2491 4828 2790 4892 mundum,
2821 4829 3086 4882 omnibus
3109 4828 3206 4898 qui
3229 4845 3359 4881 eum
3382 4828 3506 4881 imi-

1805 4922 2000 4972 tantur
2028 4917 2408 4972 morientibus
2439 4933 2451 4971 :
2476 4917 2553 4970 sic
2583 4932 2813 4986 quoque
2845 4916 3132 4971 Christum
3162 4917 3384 4970 beatam
3421 4930 3505 4968 re-

1807 5006 2217 5060 surrectionem
2268 5006 2578 5058 allaturum
2625 5003 2892 5058 omnibus
2944 5003 3041 5074 qui
3095 5003 3146 5056 ei
3184 5004 3494 5072 parebunt.

1810 5094 2010 5148 Nullus
2050 5093 2142 5147 hic
2183 5110 2369 5148 sermo
2418 5095 2485 5148 de
2533 5098 2764 5164 peccato
2807 5091 3134 5158 infantium,
3183 5092 3283 5162 qui
3311 5092 3505 5146 condi-

1804 5180 1958 5234 tione
1989 5187 2231 5246 naturae,
2269 5181 2404 5251 quia
2442 5181 2770 5234 hominibus
2799 5179 3134 5232 mortalibus
3180 5178 3302 5233 nati
3348 5185 3500 5246 sunt,

1805 5285 1922 5322 non
1966 5269 2129 5340 quasi
2182 5269 2458 5340 supplicio
2481 5269 2549 5323 de
2598 5269 2666 5321 iis
2724 5273 2970 5337 sumpto,
3026 5267 3388 5335 moriuntur;
3442 5273 3505 5323 ut

1808 5358 2180 5412 ostenderunt
2231 5357 2545 5411 doctissimi
2593 5355 2842 5425 theologi
2881 5371 3026 5425 quos
3068 5371 3186 5410 non
3215 5372 3500 5411 memora-

1808 5447 2028 5502 bimus.

1883 5535 2132 5604 Epistola
2167 5537 2284 5600 t77,
2323 5533 2350 5603 ἓ
2381 5537 2431 5588 2.
2462 5534 2576 5586 His
2612 5531 2819 5586 auditis
2867 5532 3041 5588 verbis
3102 5533 3336 5605 (Pelagii
3364 5550 3502 5602 gra-
