3890 6186
327 302 425 356 327
1337 286 1891 346 SUPPLEMENTUM
1929 260 2018 339 Aa
2055 284 2286 341 arens
2325 286 2378 340 s.
2420 283 2808 340 AUGUSTINI.
3374 274 3383 289 ‘
3672 302 3754 358 328

327 423 462 475 tiam
493 421 587 474 Dei
605 434 663 471 se
689 430 995 489 agnoscere
1015 411 1354 485 profitentis)
1376 411 1627 465 catholici
1641 412 1910 465 antistites
1948 407 2025 477 (in
2063 408 2108 460 Α
2139 409 2298 478 hujus
2328 409 2665 474 auctoritate,
2692 408 2849 475 justa
2878 422 2997 475 quae
3022 409 3195 474 fuerit
3220 416 3568 476 pronuntiatio
3601 423 3759 487 γίνητα-

331 508 718 579 Diospolitana
747 503 991 575 synodo)
1017 502 1223 555 nullam
1253 501 1422 553 aliam
1453 499 1558 551 Dei
1589 501 1825 565 gratiam
1861 500 2018 552 intel-

331 600 493 665 ligere
510 599 803 666 potuerunt
837 594 950 645 nisi
977 606 1140 658 quam
1168 591 1225 642 in
1249 588 1403 641 libris
1432 588 1529 639 Dei
1549 587 1720 654 legere
1740 591 1789 640 et
1803 588 2020 655 populis

329 688 436 741 Dei
455 684 759 755 praedicare
781 682 1165 734 consueverunt
1197 694 1211 742 ;
1242 690 1360 729 eam
1387 676 1593 741 utique,
1625 674 1691 727 de
1732 689 1842 741 qua
1889 674 2021 726 dicit

304 775 626 844 'Apostolus
671 770 821 841 (Gal.
874 784 933 833 ιι,
974 767 1106 835 2t):
1158 766 1281 819 Non
1334 762 1556 816 irritam
1604 762 1746 815 facio
1776 761 2019 831 gratiam

331 860 450 915 Dei.
485 860 626 912 Nam
655 857 700 909 si
732 871 832 926 per
856 855 1041 924 legem
1081 850 1326 922 justitia,
1379 865 1516 919 ergo
1563 849 1816 904 Christus
1844 849 2020 919 gratis

330 950 590 1001 mortuus
610 947 730 1009 est;
780 944 899 995 sine
950 940 1113 994 dubio
1155 941 1393 1006 gratiam
1422 952 1533 1005 qua
1566 938 1929 1006 iustiﬁcamur
1952 937 2019 989 ab

312 1036 640 1104 iniquitate,
689 1037 740 1085 et
786 1046 895 1099 qua
941 1030 1219 1083 solvamur
1259 1027 1328 1079 ab
1366 1027 1701 1095 inﬁrmitate,
1750 1040 1856 1077 non
1900 1038 2021 1093 qua

328 1125 497 1178 creati
519 1134 704 1175 sumus
724 1134 843 1172 cum
863 1118 1090 1185 propria
1116 1116 1409 1168 voluntate.
1440 1112 1458 1181 ]
1492 1114 1698 1165 Verum
1742 1128 1859 1164 non
1901 1111 2021 1163 sola

330 1209 633 1265 creationis
661 1205 938 1261 beneﬁcia
967 1203 1198 1274 agnovit
1228 1200 1509 1271 Pelagius,
1549 1205 1615 1254 ut
1638 1199 1846 1268 saepius
1877 1198 2021 1252 dixi-

330 1316 481 1367 mus,
524 1313 723 1352 verum
773 1294 947 1348 etiam
996 1291 1325 1360 eiangelica
1367 1288 1597 1353 omnia;
1632 1288 1727 1342 sed
1759 1304 1878 1341 non
1899 1303 2021 1357 gra-

330 1387 469 1441 tiam
492 1386 651 1440 illam
671 1383 956 1438 efﬁcacem
969 1378 1465 1449 Augustinianam,
1482 1382 1608 1431 ante
1622 1393 1752 1430 eum
1766 1376 2023 1445 incogni-

326 1479 461 1536 tam,
494 1471 816 1544 praesertim
844 1470 903 1523 in
934 1468 1182 1523 Oriente.
1216 1467 1411 1536 Itaque
1455 1466 1704 1519 Joannes
1752 1464 2018 1517 Hieroso-

328 1562 637 1633 lymitanus
681 1556 975 1627 Pelagium
1024 1555 1328 1609 orthoxum
1374 1570 1495 1607 esse
1537 1553 1776 1614 censuit,
1835 1557 1899 1605 ut
1953 1568 2020 1605 ex

324 1651 388 1704 P.
422 1648 619 1704 Orosio
650 1646 784 1701 satis
815 1645 1010 1715 liquet.
1055 1644 1229 1696 Lacus
1258 1640 1419 1694 Pauli
1449 1641 1592 1695 nihil
1646 1641 1781 1694 facit
1822 1644 2019 1693 contra

327 1736 644 1807 Pelagium,
704 1748 833 1787 cum
875 1733 1060 1799 gratia
1100 1732 1196 1785 Dei
1247 1729 1327 1782 ibi
1382 1729 1456 1783 sit
1500 1729 1888 1799 Evangelium,
1922 1733 2021 1781 aut

328 1824 656 1895 evangelica
700 1819 1040 1885 oeconomia,
1101 1835 1214 1889 qua
1245 1819 1393 1872 Deus
1428 1817 1614 1887 justas
1659 1821 1870 1878 censet,
1907 1833 2024 1871 non

326 1927 423 1967 eos
469 1910 570 1982 qui
614 1914 846 1980 peccato
886 1909 1100 1974 carent,
1146 1905 1244 1959 sed
1288 1903 1387 1975 qui
1430 1904 1730 1973 Evangelia
1778 1910 2018 1974 parent;

326 2000 586 2072 quamvis
625 2002 885 2052 anteacta
917 2010 1118 2050 eorum
1139 1993 1255 2048 vita
1286 1992 1438 2046 vitiis
1481 1993 1781 2062 inquinata
1828 1992 2017 2057 fuerit,

326 2104 433 2143 nec
457 2087 580 2141 sine
634 2085 889 2156 lapsibus
931 2082 1103 2137 variis
1131 2082 1408 2151 reliquam
1443 2084 1669 2133 aetatem
1699 2081 2017 2135 traducant.

328 2178 405 2231 Eo
431 2192 622 2239 sensu,
648 2188 874 2243 semper
925 2170 1173 2224 sumitur
1228 2171 1434 2237 gratia,
1459 2169 1689 2239 quando
1714 2169 2024 2239 apponitur

326 2265 478 2331 Legi,
524 2278 650 2333 quae
700 2277 768 2314 ex
794 2259 1126 2314 Judaaorum
1154 2254 1455 2319 sententia,
1489 2259 1683 2309 contra
1712 2272 1853 2325 quas
1885 2258 2024 2310 Pau-

326 2350 418 2403 lus
469 2349 743 2419 disputat,
794 2360 1080 2398 summam
1123 2341 1532 2413 perfectionem
1581 2343 1925 2411 postulabat.
1960 2345 2024 2396 In

325 2437 433 2490 hac
476 2440 668 2489 autem
700 2430 1081 2502 disputatione
1128 2428 1391 2498 Epistolas
1416 2427 1484 2481 ad
1514 2428 1753 2495 Galatas,
1789 2433 1852 2483 ut
1880 2441 1935 2483 et
1962 2428 2023 2483 in

325 2523 520 2589 simili,
553 2538 682 2594 quin
716 2520 921 2590 legitur
950 2517 1009 2571 in
1037 2516 1280 2587 Epistola
1313 2515 1382 2569 ad
1406 2516 1688 2569 Romanos
1711 2533 1723 2582 ;
1745 2523 2021 2586 perpetuo

324 2615 512 2680 gratia
559 2609 872 2680 apponitur
919 2608 1026 2674 legi
1066 2609 1123 2659 et
1175 2605 1443 2674 operibus,
1490 2604 1596 2657 hoc
1643 2609 1747 2670 est,
1798 2605 2022 2659 miseri-

324 2701 518 2756 cordia
564 2697 760 2768 rigo'ri,
820 2695 1152 2765 imperfecta
1228 2692 1547 2746 observatio
1621 2693 2021 2749 mandatorum

326 2790 427 2845 Dei
470 2787 738 2859 perfectae
785 2782 1091 2838 sanctitati.
1151 2781 1459 2837 Meridiana
1504 2785 1624 2835 luce
1669 2782 1777 2835 hoc
1815 2783 2020 2837 clarius

325 2881 428 2943 est,
464 2892 566 2931 nec
588 2874 971 2929 recentiorum
1010 2871 1387 2941 interpretum
1406 2869 1709 2940 quisquam
1739 2886 1862 2924 rem
1903 2888 2020 2925 nan

2127 503 2295 563 retur,
2326 497 2554 566 indeque
2587 502 2855 551 sumerent
2893 501 3092 551 caeteras
3120 498 3377 567 Ecclesiae,
3409 504 3525 573 etc]
3556 506 3758 575 Dignum

2129 589 2213 637 est
2244 585 2543 638 observata
2582 600 2756 654 quam
2798 583 2959 638 avide
3007 588 3064 637 et
3115 583 3314 638 callide
3344 588 3563 658 arripiat
3589 594 3763 650 sibilu-

2128 673 2427 727 nocentius
2467 673 2560 741 jus
2611 672 2899 742 quoddam
2957 688 3026 726 ex
3072 671 3459 729 Africanorum
3497 682 3760 746 praesulum

2126 763 2289 829 facta,
2339 761 2490 832 quod
2521 761 2602 814 ita
2640 760 3066 829 interpretatur,
3102 760 3266 830 quasi
3302 761 3417 814 ausi
3459 779 3568 817 non
3611 775 3765 823 essent

2129 850 2401 903 damnare
2453 847 2755 918 Pelagiana
2784 848 3053 917 dogmata
3080 863 3147 902 eo
3191 846 3529 917 inconsulto;
3574 869 3685 908 cum
3711 873 3763 911 ea

2127 951 2360 1006 prorsus
2404 934 2790 1000 damnassent,
2828 940 2904 1000 et,
2934 934 3116 988 invito
3146 934 3319 989 etiam
3364 937 3589 1005 Zosimo,
3625 941 3763 996 luno-

2128 1022 2299 1076 centii
2355 1037 2697 1087 successore,
2748 1025 2945 1091 postea
2993 1021 3339 1076 damnarint.
3391 1025 3585 1079 Notum
3625 1028 3763 1082 etiam

2128 1115 2231 1175 est,
2284 1127 2400 1165 non
2448 1114 2671 1164 tantum
2709 1110 3062 1180 temporibus
3104 1111 3390 1180 Cypriani,
3435 1113 3526 1167 sed
3569 1118 3619 1167 et
3641 1115 3766 1171 hisce

2127 1217 2356 1273 quoque
2402 1202 2567 1256 Afros
2616 1202 2914 1271 episcopos
2959 1201 3118 1255 nulla
3172 1200 3387 1254 ratione
3422 1203 3649 1272 pendere
3696 1222 3769 1260 vo-

2130 1289 2299 1343 luisse
2328 1306 2358 1342 a
2385 1288 2616 1358 judiciis
2663 1289 3061 1359 episcoporum
3104 1290 3501 1356 Romanorum,
3544 1298 3601 1345 ut
3623 1293 3770 1364 liquet

2130 1394 2196 1431 ex
2234 1376 2618 1431 controversia
2664 1377 2734 1430 de
2783 1376 3261 1446 appellationibus
3298 1378 3664 1431 transmarinis
3688 1382 3773 1434 hoc

2129 1464 2253 1536 ipsa
2288 1470 2545 1535 tempore
2588 1468 2738 1518 nata.
2784 1466 2912 1518 llaec
2951 1463 3195 1534 epistola
3243 1464 3462 1518 tumida
3498 1470 3574 1519 est
3615 1467 3771 1521 decla-

2131 1553 2484 1607 matiuncula
2512 1553 2575 1605 in
2620 1568 2719 1606 eos
2759 1552 2859 1623 qui
2902 1558 3207 1622 negassent
3244 1552 3515 1606 auxilium
3559 1554 3646 1607 Dei
3680 1572 3773 1610 esse

2131 1641 2514 1695 necessarium
2546 1641 2615 1695 ad
2652 1641 2746 1711 pie
2790 1640 3132 1705 vivendum;
3168 1641 3264 1695 sed
3300 1657 3413 1694 non
3440 1640 3687 1696 deﬁnitur
3701 1660 3772 1697 ra-

2130 1731 2212 1786 tio
2243 1735 2299 1784 et
2327 1745 2509 1800 genus
2538 1729 2757 1793 auxilii,
2795 1745 2908 1800 quo
2938 1729 3149 1783 factum
3200 1735 3265 1784 ut
3302 1735 3496 1801 postea
3524 1731 3775 1786 Caelestius

2132 1819 2277 1872 hanc
2306 1818 2608 1889 epistolam
2645 1817 2808 1871 facile
2838 1817 3115 1888 probarit.

2203 1907 2375 1978 Epist.
2414 1910 2536 1974 l82,
2569 1908 2596 1972 §
2632 1910 2680 1960 l.
2725 1908 2863 1962 Nam
2905 1910 2965 1960 ut
3013 1906 3210 1960 durum
3269 1907 3504 1961 arbitror
3531 1910 3774 1962 conniven-

2133 1997 2267 2049 tiam
2281 1994 2514 2063 praebere
2550 1994 2894 2063 peccantibus
2928 2010 2940 2047 :
2974 1996 3058 2048 ita
3098 1993 3333 2064 impium
3353 1996 3537 2064 judico
3564 2011 3777 2062 magnum

2129 2095 2327 2147 negare
2380 2078 2694 2150 conversis.]
2742 2080 3007 2134 Mendum
3058 2080 3151 2134 hic
3206 2085 3295 2134 est
3349 2082 3777 2153 typographicum

2130 2184 2405 2237 magnum,
2436 2184 2540 2238 pro
2578 2184 2818 2233 manum,
2867 2174 2930 2222 ut
2970 2167 3152 2238 liquet
3199 2185 3271 2222 ex
3311 2169 3587 2239 prioribus
3607 2169 3777 2224 editio-

2132 2257 2321 2312 nibus.
2358 2256 2536 2310 Habet
2583 2256 2755 2310 editio
2796 2257 3013 2311 Erasmi
3053 2258 3473 2325 conhibentiam,
3503 2274 3601 2328 pro
3627 2260 3778 2312 conni-

2129 2347 2383 2413 ventiam,
2418 2348 2474 2397 et
2518 2343 2596 2398 sic
2626 2345 2798 2399 etiam
2848 2360 2915 2399 ea
2960 2361 3065 2399 vox
3109 2345 3169 2399 in
3206 2346 3404 2400 codice
3434 2345 3782 2400 Theodosiano

2131 2433 2302 2486 scribi
2359 2433 2515 2495 solet,
2562 2438 2627 2486 ut
2675 2432 2993 2486 observavit
3038 2434 3152 2487 Jac.
3209 2432 3603 2497 Gothofredus,
3654 2432 3785 2501 cujus

2129 2522 2256 2574 vide
2293 2521 2644 2574 Glossarium
2690 2520 3021 2575 Nominum.
3056 2522 3165 2586 Qui
3199 2522 3285 2577 ita
3314 2522 3624 2576 scribebant
3648 2527 3789 2591 puta—

2130 2609 2268 2662 bant
2297 2606 2602 2661 dicendum
2650 2608 2925 2674 eonhibeo,
2974 2624 3092 2661 non
3120 2612 3395 2676 conniveo,
3439 2609 3531 2662 sed
3565 2608 3712 2661 male.
3739 2607 3789 2659 In

2129 2698 2235 2751 hac
2262 2697 2542 2751 sententia
2581 2698 2899 2751 Innocentii
2944 2698 3169 2753 videtur
3214 2700 3391 2753 etiam
3423 2699 3654 2754 inversio
3677 2713 3789 2761 esse,

2129 2785 2210 2840 ita
2234 2790 2297 2840 ut
2328 2786 2636 2856 legendum
2662 2786 2807 2840 forte
2832 2787 2907 2840 sit
2939 2803 2953 2841 ε
2995 2790 3063 2842 Ut
3111 2790 3344 2857 impium
3373 2789 3609 2845 arbitror
3634 2787 3791 2841 conni-

2127 2876 2363 2929 ventiam
2389 2875 2628 2943 prmbere
2651 2876 3036 2944 peccantibus;
3067 2878 3150 2929 ita
3176 2876 3382 2931 durum
3407 2877 3590 2946 judico
3608 2889 3792 2929 manum

323 2964 485 3019 vidit.
518 2965 718 3033 Itaque
756 2977 925 3014 sensu
967 2957 1388 3029 Augustiniano
1439 2958 1532 3011 hic
1573 2957 1812 3013 minime
1852 2962 2024 3014 sumi-
2060 2973 2100 3030 α
2132 2979 2328 3031 negare
2357 2966 2649 3018 conversis.
2691 2964 2851 3019 Certe
2882 2964 2992 3018 hoc
3033 2964 3359 3035 postularet
3388 2963 3654 3019 sermonis
3687 2976 3793 3033 pro-

323 3056 436 3117 tur,
466 3055 531 3105 ut
559 3065 664 3103 nec
719 3062 964 3118 usquam
1013 3045 1150 3100 alibi
1194 3045 1254 3098 in
1284 3044 1594 3114 Scriptura.
1638 3046 2021 3110 Quamobrem

324 3138 653 3194 testimonia
682 3137 850 3189 allata
880 3138 908 3202 §
939 3137 971 3189 8
1003 3133 1199 3188 omnia
1223 3138 1355 3187 sunt
1384 3138 1542 3187 extra
1578 3150 1721 3190 rem.
1772 3136 1879 3199 Qui
1905 3143 2021 3191 tam

328 3228 689 3297 negligenter
737 3223 1001 3293 legebant
1047 3222 1416 3292 Scripturam,
1467 3227 1523 3275 et
1569 3227 1683 3277 tam
1715 3225 2023 3279 oscitanter

323 3314 658 3374 laudabant,
709 3327 806 3365 eos
855 3310 1020 3364 nobis
1050 3308 1212 3379 quasi
1242 3308 1603 3378 egregiorum
1642 3310 2020 3381 interpretum

328 3402 677 3471 exemplaria
703 3399 951 3470 proponi
973 3398 1102 3468 quis
1145 3397 1338 3451 ferat?
1385 3397 1521 3460 Quis
1550 3399 1713 3468 quasi
1757 3400 2023 3470 dogmata

327 3492 399 3546 ad
431 3492 671 3544 salutem
701 3486 1041 3551 necessaria,
1073 3490 1139 3539 ut
1166 3486 1468 3555 putabant,
1495 3502 1556 3539 ex
1574 3487 1711 3539 locis
1733 3493 1849 3542 tam
1877 3490 2023 3542 male

326 3577 635 3633 intellectis
663 3576 924 3639 deducta,
948 3574 1167 3644 imponi
1200 3574 1309 3628 sibi
1336 3573 1585 3643 patiatur
1606 3576 1634 3627 ?

399 3666 565 3732 lbid.,
600 3664 628 3734 ἓ
664 3666 747 3718 l8.
780 3664 884 3718 Sed
905 3662 1272 3731 quoquomodo
1296 3677 1350 3716 se
1385 3662 1577 3715 habeat
1621 3664 1730 3716 ista
1780 3667 2021 3732 quwstio,

328 3757 483 3825 quia,
506 3754 606 3807 etsi
628 3766 735 3805 non
766 3752 1040 3803 invenitur
1068 3751 1125 3801 in
1158 3749 1262 3803 hac
1289 3750 1405 3801 vita
1434 3752 1547 3803 sine
1569 3756 1808 3818 peccato,
1852 3753 1911 3805 id
1941 3758 2023 3805 ta-

326 3857 446 3895 men
474 3841 678 3894 dicitur
702 3853 857 3907 posse
883 3840 1003 3906 fieri
1031 3852 1128 3906 per
1141 3837 1475 3904 adjutorium
1490 3840 1683 3904 gratim
1698 3844 1747 3892 et
1785 3841 2025 3907 Spiritus

326 3931 460 3993 Dei;
494 3927 639 3998 quod
667 3933 726 3979 ut
754 3929 853 3994 ﬁat
878 3925 1183 3979 conandum
1212 3928 1374 3992 atque
1401 3925 1725 3992 poscendum
1763 3932 1860 3989 est,
1898 3928 2024 3980 tole-

326 4017 574 4070 rabiliter
602 4017 659 4069 in
688 4029 745 4068 eo
775 4016 1005 4082 quisque
1024 4013 1263 4079 fallitur,
1296 4028 1391 4065 nec
1440 4014 1709 4067 diabolica
1750 4018 2023 4084 impietas,

326 4104 419 4158 sed
447 4118 600 4157 error
632 4104 899 4156 humanus
920 4105 1016 4154 est.
1045 4099 1062 4168 ]
1093 4100 1327 4154 Videtur
1368 4100 1463 4154 hic
1510 4100 1863 4171 distinguere
1891 4120 2025 4173 gra-

328 4191 434 4245 dus
463 4208 723 4245 errorum
755 4189 1127 4260 Augustinus,
1156 4189 1312 4259 quod
1341 4193 1398 4243 et
1418 4188 1555 4242 alibi
1594 4189 1726 4244 facit
1758 4210 1779 4255 ;
1806 4191 1901 4245 sed
1933 4192 2026 4245 de-

325 4279 543 4333 buisset
562 4279 733 4332 etiam
764 4279 975 4347 ubique
1018 4276 1372 4346 distinguere
1421 4277 1632 4347 gradus
1675 4279 2026 4333 necessitatis
2064 4260 2107 4315 Ῑ)

326 4367 389 4420 in
414 4367 797 4437 dogmatibus,
833 4382 934 4418 nec
966 4364 1128 4434 quasi
1159 4380 1391 4434 prorsus
1421 4366 1800 4419 necessarium
1830 4370 2027 4421 obtru-

329 4455 484 4521 dere,
531 4454 684 4524 quod
728 4452 997 4522 quamvis
1039 4467 1239 4505 verum
1287 4457 1452 4517 esset,
1484 4453 1657 4525 nullo
1719 4454 2024 4524 Scriptura:

330 4543 452 4596 loco
484 4542 800 4595 necessario
827 4541 991 4593 nobis
1016 4538 1363 4593 credendum
1405 4538 1747 4610 imponitur,
1788 4558 1891 4595 nec
1934 4542 2022 4596 in-

329 4630 550 4685 divulso
600 4644 748 4682 nexu
798 4643 926 4682 cum
977 4627 1310 4681 necessariis
1354 4628 1718 4709 dogmatibus
1777 4632 2022 4701 conjun-

332 4723 489 4773 ctum
520 4720 622 4772 est.

402 4806 581 4877 Epist.
620 4806 739 4873 lSl,
775 4804 802 4874 ἕ
840 4807 884 4858 ι.
918 4805 1014 4858 Ad
1039 4808 1281 4858 nostrum
1300 4806 1643 4871 referendum
1679 4808 2025 4876 approbastis

328 4910 438 4951 esse
454 4895 747 4964 judicium,
799 4896 1020 4948 scientes
1070 4894 1205 4961 quid
1253 4896 1559 4962 apostolica:
1587 4895 1723 4962 sedi,
1760 4912 1879 4950 cum
1907 4912 2025 4950 om-

327 4999 419 5038 nes
449 4985 544 5038 hoc
571 4984 681 5037 loco
707 4985 875 5050 positi
904 4984 1084 5051 ipsum
1122 4985 1276 5050 sequi
1301 4983 1661 5037 desideremus
1704 4987 2027 5053 Apostalum

329 5072 606 5139 debeatur,
637 5075 739 5124 etc.
776 5072 954 5124 Paulo
996 5075 1160 5139 post:
1208 5072 1296 5123 Vel
1340 5071 1401 5123 id
1446 5086 1575 5124 vero
1614 5072 1758 5139 quod
1799 5074 2024 5127 Patrum

330 5162 585 5213 instituta
649 5160 977 5214 sacerdotali
1022 5158 1375 5211 custodientes
1426 5160 1590 5225 ofﬁcio
1644 5176 1747 5213 non
1804 5163 2024 5215 censetis

331 5263 441 5301 esse
468 5247 748 5313 calcanda,
778 5248 922 5315 quod
948 5248 1031 5301 illi
1057 5262 1163 5299 non
1193 5247 1451 5312 humana,
1481 5247 1575 5300 sed
1613 5247 1802 5300 divina
1840 5248 2024 5301 decre-

329 5349 454 5389 vere
481 5337 763 5399 sententia,
796 5340 855 5387 ut
876 5334 1150 5403 quidquid
1179 5338 1425 5402 quamvis
1450 5336 1508 5387 in
1529 5335 1818 5403 disjunctis
1848 5352 2026 5390 rema-

333 5426 510 5491 tisque
556 5425 852 5492 provinciis
908 5429 1176 5490 ageretur,
1225 5438 1331 5476 non
1354 5425 1511 5491 prius
1542 5422 1794 5477 ducerent
1831 5427 2023 5491 finien-

333 5509 482 5571 dum,
524 5510 634 5564 nisi
680 5508 758 5566 ad
793 5510 956 5578 hujus
1002 5509 1144 5566 sedis
1180 5511 1431 5565 notitiam
1457 5507 1761 5578 perveniret
1778 5514 1878 5579 ;ut
1915 5516 2027 5566 tota

2128 3051 2360 3122 prietas.

2202 3139 2387 3210 [Ibid.,
2442 3138 2469 3209 §
2518 3143 2569 3194 5.
2600 3141 2756 3195 Illud
2805 3156 2928 3194 vero
2985 3140 3130 3209 quod
3160 3156 3248 3195 eos
3278 3146 3461 3197 vestra
3502 3140 3788 3207 fraternitas

2130 3230 2325 3283 asserit
2350 3228 2667 3296 praedicare,
2700 3230 2958 3297 parvulos
2987 3232 3198 3283 eterna
3217 3232 3349 3284 vita
3374 3231 3630 3298 praemiis,
3656 3228 3793 3280 etiam

2129 3318 2244 3369 sine
2265 3315 2608 3383 baptismatis
2638 3320 2822 3383 gratia
2846 3331 3000 3385 posse
3026 3317 3224 3370 donari
3246 3320 3564 3385 perfatuum
3590 3320 3677 3369 est.
3701 3314 3797 3367 Nisi

2129 3401 2271 3451 enim
2312 3401 2760 3457 manducaverint
2811 3419 3026 3457 carnem
3067 3405 3205 3458 Filii
3255 3406 3557 3459 hominiset
3597 3401 3797 3457 biberint

2130 3489 2445 3552 sanguinem
2470 3491 2609 3558 ejus,
2631 3508 2736 3545 non
2758 3493 3027 3545 habebunt
3046 3495 3216 3546 vitam
3241 3496 3305 3547 in
3334 3493 3628 3560 semetipsis
3648 3492 3794 3559 (Joan-

2132 3591 2206 3639 γι,
2244 3576 2351 3644 54).
2399 3580 2506 3647 Qui
2547 3585 2726 3634 autem
2771 3582 2907 3634 hanc
2945 3584 3022 3635 eis
3058 3583 3172 3635 sine
3214 3583 3618 3650 regeneratione
3640 3579 3796 3643 defen-

2130 3664 2286 3729 dunt,
2345 3666 2598 3720 videntur
2643 3671 2780 3722 mihi
2828 3672 3007 3738 ipsum
3050 3670 3387 3740 baptismum
3429 3670 3561 3724 velle
3593 3680 3793 3726 cessare,
3846 3677 3854 3695 ‘

2132 3766 2250 3804 enm
2274 3752 2579 3819 przedicant
2608 3755 2701 3809 hos
2728 3757 2919 3810 habere
2949 3757 3094 3824 quod
3123 3760 3178 3811 in
3228 3773 3318 3812 eos
3345 3757 3585 3811 creditur
3617 3749 3800 3807 nonnisi

2135 3838 2464 3905 baptismate
2505 3842 2931 3913 conferendum]
2956 3843 3137 3897 Verba
3159 3845 3400 3914 quidem
3436 3842 3635 3899 Christi
3661 3841 3796 3895 Joan.

2133 3940 2187 3977 VI
2211 3932 2280 3987 de
2312 3928 2748 3984 manducatiane
2780 3930 2967 3983 carnis
2993 3931 3134 4000 ejus,
3172 3932 3247 3985 ad
3284 3932 3632 4002 baptismum
3658 3924 3801 3999 perti-

2135 4035 2269 4073 nere
2295 4032 2415 4072 non
2442 4017 2822 4071 censebantur
2854 4017 2925 4070 ab
2957 4018 3320 4085 Innocentio,
3355 4018 3456 4073 sed
3484 4018 3553 4073 ad
3578 4010 3801 4072 eucharic

2135 4108 2322 4161 stiam.
2371 4104 2428 4159 Si
2483 4108 2675 4158 autem
2727 4107 2938 4157 statuas
2977 4104 3100 4158 sine
3159 4106 3513 4160 eucharistia
3552 4103 3803 4159 neminem

2134 4210 2302 4265 posse
2334 4192 2566 4255 servari,
2601 4193 2753 4262 quod
2777 4192 2969 4246 doceri
3014 4208 3080 4246 eo
3101 4192 3224 4246 loco
3248 4211 3281 4247 a
3314 4193 3537 4248 Christo
3582 4188 3803 4263 putabat.

2136 4284 2270 4337 hinc
2294 4284 2565 4352 sequetur
2596 4280 2716 4334 sine
2746 4280 3030 4350 baptismo
3076 4281 3252 4335 vitam
3289 4283 3538 4336 infantes
3575 4271 3809 4343 consequi

2132 4389 2250 4427 non
2280 4386 2448 4442 posse
2475 4386 2489 4435 ;
2532 4369 2668 4440 quia
2697 4368 3040 4423 eucharistia
3081 4370 3151 4422 iis
3187 4370 3315 4424 dari
3349 4386 3469 4423 non
3499 4367 3703 4422 solebat
3720 4358 3809 4415 nisi

2132 4464 2439 4531 postquam
2469 4456 2740 4527 baptizati
2764 4457 3010 4511 fuerant.
3044 4459 3118 4511 Eo
3148 4458 3463 4511 manifesto
3495 4453 3710 4526 respicit
3734 4450 3809 4503 In-

2136 4547 2455 4612 nocentius,
2489 4561 2671 4615 eaque
2710 4544 3118 4599 consuetudine
3162 4546 3375 4599 nititur
3407 4545 3489 4598 vis
3517 4544 3635 4613 ejus
3658 4536 3802 4592 ratio—

2134 4634 2455 4691 cinationis.
2492 4633 2784 4699 Defendere
2808 4634 3060 4702 parvulis
3078 4635 3252 4687 vitam
3271 4636 3394 4687 sine
3425 4629 3806 4699 regeneratione.

2134 4729 2216 4779 est
2265 4722 2570 4777 defendere
2624 4722 2730 4775 hoc
2782 4721 3010 4791 dogma,
3066 4722 3325 4791 parvulis
3378 4721 3502 4774 sine
3558 4714 3805 4786 baptismo

2134 4814 2305 4868 vitam
2353 4812 2495 4866 dari.
2550 4812 2756 4865 Notum
2791 4816 2874 4865 est
2902 4827 2970 4865 eo
3009 4827 3128 4865 aevo
3169 4810 3368 4865 datam
3399 4806 3704 4863 infantibus
3734 4814 3810 4853 eu-

2134 4901 2479 4961 charistiam,
2531 4901 2693 4970 quasi
2722 4898 3100 4953 necessariam
3127 4899 3199 4953 ad
3249 4898 3504 4952 salutem
3532 4909 3643 4949 non
3672 4889 3812 4945 aliter

2134 5003 2198 5040 ac
2228 4987 2599 5056 baptismum,
2643 4987 2795 5056 quod
2821 5002 2886 5039 ex
2916 4987 3037 5039 loca
3080 4985 3322 5041 Joannis
3369 4984 3521 5038 male
3562 4976 3813 5035 intellecto

2136 5075 2477 5129 bauriebant
2495 5078 2733 5128 veteres.
2769 5074 2916 5128 Audi
2941 5073 3331 5143 Augustinum
3372 5074 3475 5126 lib.
3500 5088 3517 5123 ι
3549 5069 3616 5123 de
3646 5064 3813 5121 Merito

2132 5168 2515 5234 peccatorum,
2593 5179 2717 5232 cap.
2782 5165 2869 5217 20.
2927 5165 3209 5216 Dominum
3281 5160 3498 5231 inquit,
3556 5155 3813 5212 audiamus

2133 5267 2237 5304 non
2263 5251 2484 5320 quidem
2522 5252 2615 5303 hoc
2646 5251 2711 5303 de
2750 5255 3083 5304 sacramento
3114 5252 3330 5304 lavacri
3349 5249 3627 5304 dicentem,
3654 5241 3738 5297 sed
3762 5237 3815 5290 de

2134 5344 2467 5393 sacramento
2506 5343 2704 5393 sancta:
2732 5354 2923 5393 mensa:
2958 5354 3086 5403 suae,
3138 5353 3243 5407 qua
3284 5353 3440 5390 nemo
3468 5338 3573 5388 rite
3600 5333 3701 5387 nisi
3728 5328 3813 5380 ba-

2131 5430 2371 5495 ptizatus
2417 5427 2659 5482 accedit:
2705 5427 2821 5480 Nisi
2853 5427 3336 5481 manducaveritis
3367 5438 3600 5478 carnem
3644 5429 3808 5471 meam

2134 5518 2192 5567 et
2218 5512 2478 5569 biberitis
2508 5513 2848 5586 sanguinem
2876 5529 3090 5581 meum,
3115 5528 3229 5568 non
3261 5509 3555 5567 habebitis
3580 5506 3739 5561 vitam
3761 5501 3811 5554 in
