3922 6188
134 290 207 341 3'29
833 278 1193 334 VARIORUM
1235 278 1833 334 EXERCITATIONES
1874 279 1941 332 IN
1982 281 2035 333 S.
2078 278 2444 336 AUGUSTINI
2484 277 2735 333 OPERA.

3440 280 3543 334 330

129 405 262 469 vobis,
298 402 425 467 Quid
464 402 602 454 ultra
642 404 931 469 quaerimus
958 400 985 453 ‘l
1012 402 1155 466 Quid
1186 402 1261 455 ad
1290 403 1384 455 hoc
1422 401 1732 470 responderi
1768 404 1813 457 A
1842 402 2175 468 ingerebant,
2193 415 2542 470 percussuros
2567 415 2651 454 eos
2672 415 2746 465 se,
2778 402 2890 453 nisi
2919 401 2987 453 ab
3018 403 3093 454 eis
3124 403 3536 468 perimerentur,

128 493 401 564 potestietc.
431 490 517 542 An
544 505 664 542 vero
695 492 985 557 quisquam
1014 491 1175 543 etiam
1205 492 1298 543 hoc
1338 490 1513 543 dicere
1560 489 1734 543 aude-

135 587 199 655 bit,
224 579 343 649 quod
367 578 433 631 ad
451 580 702 646 parvulos
728 580 836 632 hac
866 581 1129 632 sententia
1157 595 1261 632 non
1288 582 1578 648 pertineat,
1610 594 1733 647 pos-

132 674 287 736 sintque
303 671 404 720 sine
426 668 838 735 participatione
862 669 1100 734 corporis
1127 667 1283 733 hujus
1305 671 1354 719 et
1373 668 1657 733 sanguinis
1680 668 1738 717 in

126 758 331 812 scitabere
347 757 521 821 vitam,
554 758 683 823 quia
712 770 817 809 non
848 757 929 808 ait
957 771 970 807 :
996 754 1104 818 Qui
1132 771 1249 808 non
1288 754 1737 819 manducaverit,

124 844 296 900 sicutde
322 844 566 911 baptismo
591 859 605 895 :
636 842 741 906 Qui
769 859 882 895 non
906 847 1139 896 renatus
1160 842 1367 909 fuerit;
1392 843 1486 896 sed
1533 844 1649 895 ait:
1682 840 1740 894 Si

126 950 208 986 non
231 929 693 996 manducaveritis,
726 932 870 984 velut
898 945 981 983 eos
1021 931 1297 998 alloquens
1336 932 1431 998 qui
1467 930 1661 983 audire
1690 932 1740 983 et

122 1020 354 1085 intelligere
367 1022 626 1085 poterant,
647 1017 790 1085 quod
810 1020 998 1086 utique
1010 1033 1115 1071 non
1134 1018 1312 1070 valent
1326 1017 1546 1086 parvuli
1568 1016 1596 1071 ‘i’
1620 1016 1739 1069 Duo

121 1108 208 1160 hac
226 1106 430 1161 Joannis
455 1106 571 1158 loca
601 1106 748 1159 male
781 1106 1058 1175 explicata
1101 1105 1319 1159 dudum
1365 1104 1741 1158 ostenderunt

117 1192 364 1246 doctissimi
391 1193 597 1263 quique
628 1193 967 1263 interpretes
996 1210 1012 1260 ;
1044 1194 1197 1247 unde
1228 1193 1488 1264 sequitur
1516 1197 1580 1245 ut
1617 1208 1741 1262 per-

118 1288 267 1341 peram
290 1272 589 1340 baptismus
618 1276 673 1325 et
701 1288 859 1326 coena
886 1272 1205 1326 necessaria
1245 1272 1316 1325 ad
1365 1272 1607 1324 salutem
1638 1273 1739 1324 ha-

116 1361 318 1413 beantur.
368 1360 498 1413 Vide
544 1365 600 1413 et
641 1376 771 1430 quae
814 1360 985 1414 habet
1030 1360 1384 1430 Augustinus
1414 1359 1579 1429 epist.
1618 1363 1738 1423 117,

114 1463 204 1515 cap.
232 1450 274 1500 5.
305 1446 402 1500 Sed
430 1445 568 1514 haec,
598 1446 704 1500 hoc
725 1446 959 1518 quidem
983 1446 1208 1515 inloco,
1233 1462 1348 1500 non
1367 1447 1736 1516 attingemus.

114 1534 195 1585 lloc
230 1537 432 1586 tantum
477 1533 750 1597 dicemus,
805 1534 1027 1604 liquere
1076 1551 1143 1588 ex
1175 1533 1492 1588 Innocentii
1530 1532 1738 1601 verbis,

112 1635 197 1672 non
221 1619 389 1672 minus
421 1635 481 1672 ac
508 1619 814 1690 Augustini
843 1620 988 1686 loco,
1027 1619 1430 1674 eucharistiam
1476 1636 1737 1675 necessa-

112 1708 218 1760 riam
240 1707 303 1760 ad
328 1707 565 1761 salutem
598 1709 671 1761 ab
702 1708 768 1761 iis
820 1708 1115 1762 creditam.
1166 1707 1291 1762 Scio
1332 1708 1499 1761 aliter
1558 1709 1739 1762 visum

110 1795 208 1847 viris
228 1796 498 1849 nonnullis
521 1796 885 1862 doctissimis,
919 1796 1018 1850 sed
1051 1796 1326 1866 profecto,
1357 1812 1477 1850 non
1514 1801 1598 1849 est
1627 1798 1748 1850 haec

111 1883 153 1935 in
174 1899 220 1936 re
244 1885 463 1954 quaesita
489 1884 562 1939 ab
582 1885 652 1938 iis
680 1886 906 1947 veritas,
929 1884 1028 1939 sed
1051 1884 1340 1955 quomodo
1362 1884 1748 1953 Augustinum

110 1985 205 2022 cum
225 1970 495 2025 hodiernis
523 1972 748 2042 placitis
777 1974 1079 2027 conciliare
1120 1977 1369 2043 possent.
1422 1972 1560 2026 Vide
1610 1972 1749 2026 Vin-

111 2058 242 2111 dicias
290 2061 726 2131 Augustinianas
774 2062 947 2115 emin.
990 2061 1205 2115 cardiu.
1259 2063 1436 2115 Henr.
1517 2056 1743 2115 Norisii.

109 2164 196 2216 cap.
222 2148 267 2216 xi,
296 2148 322 2218 ξ
348 2151 398 2213 4,
431 2150 529 2204 ubi
566 2150 760 2204 multis
788 2151 856 2204 de
886 2150 994 2204 hoc
1023 2149 1339 2204 Innocentii
1372 2150 1519 2204 loco.

158 2234 299 2303 Epist.
332 2241 446 2304 185,
496 2241 525 2305 §
568 2241 651 2307 12,
699 2239 766 2292 de
818 2237 1143 2304 Donatistis,
1200 2237 1300 2308 qui
1345 2236 1453 2290 sibi
1501 2240 1747 2290 mortem

109 2321 399 2379 inferebant:
449 2327 560 2392 Qui
606 2331 783 2381 autem
830 2328 1074 2381 nesciunt
1126 2325 1561 2379 consuetudinem
1624 2326 1747 2378 illo-

108 2426 210 2476 rum,
252 2418 431 2481 putant
477 2429 569 2469 eos
620 2416 775 2469 modo
823 2416 1025 2483 seipsos
1074 2413 1333 2480 occidere,
1398 2412 1616 2479 quando
1677 2412 1745 2464 ab

107 2512 239 2550 eorum
265 2501 610 2555 insanissima
641 2501 1026 2567 dominatione,
1062 2514 1164 2568 per
1202 2501 1526 2552 occasionem
1572 2500 1746 2566 legum

107 2587 281 2639 istarum
309 2604 420 2656 quae
447 2603 558 2657 pro
593 2590 801 2641 unitate
836 2592 965 2641 sunt
1010 2587 1331 2651 constitutae,
1382 2587 1522 2638 tanti
1552 2587 1747 2654 populi

110 2671 361 2729 liberantur.
380 2674 400 2747 ]
418 2679 555 2731 Haec
581 2681 715 2730 sunt
742 2674 1093 2729 accusatorie
1114 2675 1283 2744 plane
1308 2673 1456 2727 dicta
1482 2690 1495 2739 ;
1525 2674 1747 2728 emollit

110 2762 216 2816 enim
240 2765 583 2835 Augustinus
612 2781 740 2835 qua:
767 2769 967 2818 contra
995 2762 1233 2816 miseros
1270 2762 1585 2816 Donatistas
1643 2762 1747 2816 tie-

112 2846 216 2917 bant,
241 2853 363 2906 dum
393 2854 534 2908 dicit
564 2856 836 2908 occasione
866 2854 1041 2920 legum
1071 2855 1294 2921 ereptos
1322 2850 1434 2903 illis
1461 2851 1742 2919 populos;

1845 489 2162 543 terribiliter
2203 491 2600 543 comminantes.
2652 490 3055 556 Nonnunquam
3098 494 3147 543 et
3194 506 3228 543 a
3263 490 3543 557 judicibus

1846 578 2246 632 transeuntibus
2292 577 2683 644 extorquebant
2724 578 2988 631 violenter
3035 581 3095 630 ut
3142 578 3543 646 acarnificibus

1845 667 1926 719 vel
1978 666 2040 720 ob
2090 667 2268 732 ofﬁcio
2318 666 2615 730 ferirentur
2639 668 2743 718 etc.
2802 667 2925 718 Jam
2985 680 3108 718 vero
3164 682 3261 734 per
3308 666 3546 733 abrupta

1846 756 2173 822 praecipitia,
2205 768 2303 821 per
2331 767 2503 819 aquas
2527 756 2577 806 et
2596 755 2844 819 ﬂammas
2871 750 3109 807 accidere
3136 769 3192 807 se
3234 756 3378 822 ipsos
3419 769 3546 822 quo-

1849 841 2092 894 tidianus
2124 842 2234 894 illis
2264 840 2423 893 ludus
2452 842 2582 906 fuit.
2616 840 2895 894 Pauculos
2924 841 3155 894 insanos
3199 841 3258 894 in
3302 845 3546 902 mortem

1848 929 2062 978 temere
2110 925 2293 978 ruisse
2344 942 2461 979 non
2514 930 2600 979 est
2650 926 3003 992 incredibile,
3062 928 3159 981 sed
3210 927 3544 997 quotidiano

1848 1012 2002 1078 ludo,
2051 1012 2172 1065 sine
2213 1013 2330 1066 ulla
2376 1013 2695 1079 vexatione,
2748 1013 2856 1066 hoc
2899 1013 3110 1066 factum
3159 1015 3393 1069 credant
3423 1014 3541 1068 alii.

1851 1099 2013 1153 Certe
2065 1100 2133 1153 de
2179 1100 2333 1154 hisce
2393 1101 2751 1170 temporibus
2801 1101 2910 1154 dici
2945 1117 3062 1154 non
3098 1102 3288 1172 potuit
3337 1102 3546 1173 quibus

1856 1186 2162 1241 Donatistae
2196 1188 2560 1242 acerbissime
2591 1190 2975 1255 vexabantur;
3008 1205 3112 1243 nec
3151 1206 3407 1259 unquam
3446 1191 3542 1245 ad-

1848 1276 2096 1328 versario
2126 1277 2194 1329 de
2224 1276 2471 1329 inimicis
2501 1276 2869 1330 credendum.
2900 1275 2956 1330 Si
2987 1276 3141 1329 enim
3182 1293 3299 1331 non
3337 1278 3545 1331 menti-

1850 1368 1965 1429 tur,
2027 1364 2235 1419 alfectu
2300 1370 2493 1418 tamen
2544 1366 2723 1418 multa
2789 1364 3130 1433 dissimulat,
3182 1365 3413 1432 minuit,
3447 1369 3548 1419 aut

1853 1457 2041 1521 auget,
2074 1457 2248 1521 prout
2277 1452 2537 1522 partibus
2569 1469 2709 1522 quas
2740 1452 2999 1522 sequitur
3027 1453 3311 1507 conducit.

1920 1538 2084 1606 Ibid.,
2118 1542 2145 1607 §
2198 1543 2278 1593 t9.
2331 1540 2482 1605 Quod
2509 1542 2647 1593 enim
2678 1541 2887 1606 dicunt,
2945 1542 3041 1607 qui
3081 1544 3267 1594 contra
3285 1556 3412 1595 suas
3442 1545 3550 1595 im-

1848 1630 2073 1696 pietates
2105 1628 2240 1694 leges
2262 1628 2445 1695 justas
2476 1630 2695 1681 institui
2722 1629 2931 1691 nolunt,
2964 1642 3070 1680 non
3090 1630 3311 1695 petiisse
3336 1645 3370 1681 a
3396 1631 3545 1696 regi-

1858 1714 1952 1766 bus
1974 1719 2128 1767 terrw
2159 1715 2425 1782 apostolos
2458 1715 2611 1777 talia,
2642 1729 2747 1767 non
2794 1715 3139 1768 considerant
3185 1716 3339 1768 aliud
3375 1718 3550 1782 fuisse

1856 1805 1979 1855 tunc
2029 1806 2257 1870 tempus,
2302 1801 2461 1872 etc.]
2514 1802 2638 1854 Jam
2686 1802 2796 1854 hoc
2842 1801 3128 1855 confutavi
3160 1803 3230 1856 ad
3261 1802 3426 1872 epist.
3455 1806 3546 1870 93,

1857 1888 1884 1959 §
1916 1891 1966 1943 9.
1998 1889 2126 1941 Alia
2153 1888 2327 1942 etiam
2356 1895 2695 1958 argumenta
2722 1904 2895 1960 quam
2924 1888 3111 1942 futilia
3141 1889 3253 1943 sint
3283 1890 3355 1943 ad
3398 1906 3550 1944 eam-

1856 1976 1986 2029 dem
2018 1975 2318 2046 epistolam
2348 1976 2588 2030 ostendi.
2630 1978 2751 2030 Non
2777 1992 3010 2046 possum
3037 1982 3229 2030 tamen
3281 1994 3396 2031 non
3440 1978 3551 2032 mi-

1855 2064 1968 2119 rari
1998 2063 2291 2117 hominem
2337 2080 2453 2117 non
2485 2064 2749 2118 hebetem
2773 2064 3028 2133 potuisse
3052 2063 3135 2118 ita
3155 2064 3357 2118 aﬂectu
3380 2082 3555 2120 exem-

1855 2151 1992 2220 cari,
2022 2156 2108 2219 ut,
2139 2153 2310 2205 modo
2334 2152 2404 2206 de
2446 2151 2758 2205 Donatistis
2786 2151 3186 2221 triumpharet,
3217 2152 3359 2206 nihil
3390 2154 3553 2222 pensi

1856 2240 2096 2294 haberet
2127 2257 2199 2293 an
2228 2240 2533 2293 infamaret
2560 2239 2887 2293 universam
2933 2239 3236 2294 Ecclesiam
3282 2240 3551 2295 Christia-

1855 2345 2010 2397 nam,
2038 2333 2348 2399 antequam
2393 2333 2581 2383 essent
2635 2328 3012 2399 imperatores
3061 2328 3387 2395 Christiani,
3421 2343 3553 2398 gra-

1851 2417 1996 2471 viter
2052 2433 2280 2487 semper
2324 2418 2393 2470 de
2440 2416 2954 2487 persecutionibus,
3012 2416 3177 2487 quasi
3206 2417 3555 2471 humanitati

1852 2505 2171 2570 contrariis,
2204 2511 2594 2576 conquestam.
2623 2505 2682 2559 Si
2713 2504 2869 2557 enim
2901 2504 3158 2557 dicamus
3206 2504 3557 2559 Christianos

1854 2593 2206 2664 antiquiores
2235 2610 2301 2647 ea
2327 2598 2551 2648 tantum
2580 2594 2647 2647 de
2677 2609 2847 2647 causa
2876 2593 3196 2647 vexationes
3230 2594 3550 2657 damnasse,

1852 2682 2009 2752 quod
2037 2682 2098 2735 in
2118 2682 2273 2751 ipsos
2295 2686 2715 2743 exercerentur,
2738 2698 2854 2734 non
2876 2681 2937 2733 in
2963 2682 3220 2735 ethnicos
3242 2697 3254 2746 ;
3278 2687 3550 2735 caeterum

1853 2766 1900 2819 si
1929 2782 2211 2820 summam
2242 2770 2585 2836 potestatein
2615 2766 2726 2820 sibi
2755 2768 3039 2821 faventem
3070 2767 3421 2835 habuissent,
3452 2785 3552 2821 su-

1852 2858 2225 2923 perioresque
2270 2852 2514 2906 ethnicis
2560 2853 2818 2921 fuissent,
2869 2858 2933 2907 ut
2980 2854 3100 2907 sine
3147 2854 3399 2925 periculo
3451 2872 3549 2909 eos

120 2952 201 2991 cum
234 2940 483 2996 debuerit
540 2941 731 2995 dicere
780 2945 999 2994 terrore
1041 2940 1236 3009 legum
1297 2943 1352 2991 et
1391 2937 1744 3012 gravissimis
1774 2958 1813 3012 (ς
1854 2957 2054 2995 vexare
2108 2946 2343 3011 possent
2397 2940 2609 2994 similia
2668 2941 2729 2994 in
2777 2958 2874 2994 eos
2935 2942 3208 2996 continuo
3252 2944 3554 2997 molituros

117 3026 250 3093 panis,
294 3032 355 3081 ut
399 3028 761 3082 ostendimus
804 3029 869 3082 ad
901 3006 1197 3099 epistolam
1230 3029 1317 3080 93.
1347 3006 1563 3078 Deinde
1591 3024 1743 3095 quod

111 3111 220 3166 addit
236 3115 441 3170 visuros
472 3132 581 3169 eos
611 3115 677 3169 iis
708 3115 805 3185 qui
837 3132 930 3169 eos
959 3131 1073 3169 non
1100 3118 1307 3168 norant
1332 3112 1441 3167 sibi
1470 3113 1744 3166 violentas

109 3213 256 3252 manus
282 3202 564 3268 intulisse,
598 3204 748 3272 quod
780 3202 982 3273 populi
1022 3202 1402 3256 liberarentur
1432 3201 1501 3255 ab
1545 3217 1743 3254 eorum

105 3283 451 3361 dominatione,
511 3291 575 3345 id
627 3295 711 3345 est
769 3290 1044 3344 invidiose
1109 3290 1348 3345 dictum.
1392 3289 1562 3354 Quasi
1611 3305 1743 3342 vero

102 3375 345 3447 quisquam
390 3397 447 3434 se
494 3379 719 3434 occidat
765 3379 855 3432 cui
908 3380 1034 3433 licet
1068 3379 1256 3433 vivere
1304 3382 1359 3431 et
1417 3378 1583 3432 bonis
1629 3376 1746 3430 suis

103 3467 354 3535 tranquille
398 3467 543 3536 frui,
596 3467 870 3521 duntaxat
918 3467 1054 3537 quia
1098 3483 1337 3521 munere
1370 3465 1746 3521 ecclesiastico

98 3550 299 3619 dejectus
323 3562 429 3612 est!
458 3558 594 3611 Non
622 3555 804 3626 magis
835 3555 1195 3611 ecclesiastici
1228 3554 1535 3610 Donatistae
1576 3552 1750 3607 domi-

99 3639 328 3697 nabantur
354 3644 614 3716 populis,
648 3660 821 3714 quam
846 3644 1108 3698 catholici
1134 3660 1146 3697 :
1180 3660 1285 3697 nec
1305 3644 1607 3714 quisquam
1661 3658 1749 3695 su-

94 3728 257 3794 spicari
300 3738 527 3802 poterat
590 3732 825 3786 miseros
875 3733 1136 3807 homines
1185 3737 1298 3786 tam
1328 3732 1437 3785 levi
1473 3731 1542 3785 de
1582 3747 1750 3784 causa

95 3817 204 3870 velle
228 3822 384 3890 mori,
418 3838 557 3876 cum
586 3808 908 3891 prmsertiui
938 3824 1160 3875 constet
1190 3836 1282 3874 eos
1314 3824 1449 3873 tunc
1477 3836 1510 3872 a
1564 3818 1749 3889 magi-

93 3908 315 3963 stratibus
344 3913 598 3982 pessime
629 3910 875 3964 habitos.

145 3992 354 4051 Ibidem.
405 3999 519 4063 Qui
568 4002 744 4051 autem
787 3998 963 4050 sciunt
1009 4001 1059 4050 et
1106 4000 1228 4049 ante
1256 3997 1406 4065 ipsas
1446 3995 1583 4063 leges
1614 3992 1753 4062 qued

88 4079 234 4139 facere
261 4086 462 4140 soleant
510 4100 619 4138 non
659 4099 838 4137 eorum
880 4086 1153 4136 mirantur
1182 4086 1394 4149 mortes,
1440 4081 1536 4135 sed
1572 4096 1754 4134 recor—

90 4166 259 4223 dantur
274 4189 440 4227 mores
466 4191 479 4239 ;
514 4173 752 4226 maxime
781 4172 997 4240 quando
1025 4171 1201 4225 adhuc
1230 4172 1404 4225 cultus
1427 4172 1611 4237 fuerat
1638 4168 1757 4223 ido-

1849 3029 2020 3083 fuisse
2070 3046 2199 3099 quas
2237 3029 2297 3081 in
2342 3029 2495 3098 ipsos
2554 3027 2767 3082 ethnici
2788 3029 3074 3098 fecerant;
3113 3030 3359 3085 habendi
3392 3038 3558 3086 erant

1850 3115 2235 3185 antiquissimi
2259 3116 2604 3171 Christianae
2637 3115 2932 3186 religionis
2955 3117 3183 3186 patroni
3212 3117 3402 3172 callidi
3446 3118 3560 3171 dis-

1852 3205 2236 3270 simulatores,
2271 3203 2370 3274 qui
2420 3207 2666 3273 tempori
2722 3204 2999 3258 duntaxat
3045 3205 3382 3268 serviebant,
3431 3221 3561 3259 cum

1853 3293 2197 3346 damnarent
2227 3292 2391 3362 quasi
2418 3292 2598 3362 impia
2628 3297 2683 3345 et
2712 3291 3032 3346 inhumana
3061 3310 3190 3363 quae
3216 3293 3327 3363 ipsi
3372 3294 3559 3347 liben—

1853 3380 2071 3433 tissime
2096 3380 2381 3445 fecissent,
2419 3380 2465 3433 si
2495 3380 2839 3451 potuissent.
2883 3382 3077 3451 Neque
3102 3380 3257 3435 enim
3287 3382 3560 3436 vetustio-

1854 3484 1943 3521 res
1990 3467 2309 3522 Christiani
2352 3467 2702 3521 damnabant
2752 3468 3209 3537 persecutionem
3252 3485 3426 3540 quam
3450 3470 3563 3540 ipsi

1854 3556 2244 3625 patiebantur,
2289 3556 2387 3609 sed
2428 3571 2659 3609 omnem
2709 3556 2945 3609 omnino
3007 3572 3365 3627 quaecunque
3386 3562 3552 3612 esset.

1855 3643 2014 3708 Quod
2052 3643 2100 3696 si
2151 3643 2365 3697 ethnici
2422 3643 2789 3713 magistratus
2846 3643 3117 3713 suspicati
3185 3644 3427 3700 fuissent
3452 3661 3566 3717 eos

1854 3731 1984 3784 ideo
2032 3736 2257 3785 tantum
2309 3732 2494 3801 queri,
2546 3732 2701 3801 quod
2742 3730 2853 3801 ipsi
2908 3747 3030 3784 non
3080 3732 3229 3785 male
3285 3732 3565 3787 haberent

1857 3818 2129 3885 ethnicos,
2162 3820 2343 3872 multo
2375 3819 2601 3888 gravius
2634 3824 2690 3871 et
2719 3818 3035 3887 speciosius
3063 3820 3123 3871 in
3150 3820 3413 3874 homines
3452 3837 3563 3873 δω-

1856 3905 2107 3971 viissent,
2139 3904 2303 3974 quasi
2332 3904 2391 3956 in
2423 3904 2719 3957 seditiosos
2747 3903 2847 3974 qui
2869 3904 3229 3957 occasionem
3252 3910 3478 3959 tantum
3510 3907 3563 3959 vi

1862 3990 2181 4045 evertenda:
2213 3990 2415 4059 priscas
2450 3988 2766 4058 religionis,
2790 3995 2845 4043 et
2881 3990 3032 4043 male
3076 3990 3477 4045 habendorum
3510 3992 3563 4045 ei

1862 4079 2219 4134 addictorum
2270 4076 2701 4145 exspectabant;
2747 4092 2849 4129 nec
2874 4077 3070 4130 fuisset
3107 4093 3207 4130 cur
3230 4078 3360 4148 jure
3394 4080 3561 4149 queri

1863 4166 2181 4238 potuissent
2210 4163 2535 4230 Christiani,
2569 4163 2678 4215 nisi
2709 4164 2865 4233 quod
2896 4164 2965 4218 ab
3004 4165 3340 4219 adversariis
3401 4172 3561 4222 ante-

89 4253 247 4325 lurum,
279 4261 349 4314 ad
377 4276 723 4330 paganorum
743 4260 1112 4314 celeberrimas
1131 4261 1491 4313 solemnitates
1516 4259 1762 4325 ingentia
1791 4234 1839 4289 D
1871 4259 2244 4309 verterentur.
2282 4253 2406 4305 Non
2431 4256 2697 4322 poterant
2731 4251 2918 4306 dicere
2958 4252 3263 4307 Christiani
3312 4270 3371 4309 se
3414 4256 3565 4310 veri-

90 4345 338 4400 turbarum
367 4350 597 4415 agmina
625 4348 927 4414 veniebant,
972 4362 1079 4401 non
1122 4351 1183 4399 ut
1228 4346 1377 4399 idola
1423 4347 1760 4414 frangerent,

90 4431 162 4483 sed
188 4438 241 4486 ut
268 4438 697 4505 interﬁce—rentur
722 4451 757 4489 a
783 4434 1076 4489 cultoribus
1108 4434 1395 4488 idolorum.
1437 4435 1579 4491 Nam
1624 4433 1764 4487 illud

86 4522 140 4582 si,
186 4529 396 4592 accepta
446 4526 692 4592 legitima
728 4527 1014 4592 potestate,
1072 4524 1253 4589 facere
1281 4522 1493 4585 vellent,
1546 4524 1763 4589 possent

92 4606 252 4661 habere
301 4613 730 4679 qualemcunque
767 4611 1015 4664 umbram
1043 4611 1276 4663 nominis
1300 4613 1607 4678 martyrum
1633 4624 1646 4674 ;
1671 4608 1764 4661 sed

87 4695 145 4746 ad
171 4697 254 4751 hoc
281 4700 456 4752 solum
481 4699 787 4765 veniebant,
823 4703 880 4752 ut
909 4700 1138 4765 integris
1185 4697 1346 4751 idolis
1387 4699 1498 4765 ipsi
1532 4699 1763 4765 perime-

88 4788 263 4837 rmtur.
298 4788 433 4841 Nam
459 4787 666 4852 singuli
691 4788 890 4853 quique
918 4786 1278 4839 ualentissimi
1291 4785 1514 4852 juvenes
1536 4784 1774 4837 cultores

86 4870 340 4938 idolorum,
375 4876 641 4940 quotquot
670 4872 947 4939 occideret,
978 4874 1112 4940 ipsis
1138 4871 1299 4925 idolis
1328 4886 1515 4924 vovere
1545 4884 1761 4923 consue-

87 4959 315 5031 reruntl
372 4960 730 5014 Crediderim
778 4959 1007 5029 quidem
1056 4959 1384 5024 nonnullos,
1444 4957 1767 5010 inconsulta

86 5045 369 5115 cupiditate
402 5047 684 5118 martyrii,
716 5047 956 5101 ethnicis
988 5046 1159 5100 sacris
1187 5046 1449 5110 illusisse,
1481 5050 1546 5098 ut
1599 5045 1667 5097 ab
1698 5043 1766 5096 iis

88 5132 561 5203 interﬁcerentur;
594 5137 693 5190 sed
721 5135 1044 5206 frequenter
1076 5134 1134 5187 id
1162 5133 1486 5203 contigisse,
1523 5137 1578 5185 et
1621 5148 1766 5200 prm-

90 5221 322 5276 sentibus
343 5223 571 5291 magnis
589 5221 1039 5276 Christianorum
1057 5218 1399 5289 agminibus,
1425 5233 1553 5270 cum
1584 5217 1765 5287 impe-

90 5314 279 5362 ratores
327 5310 643 5365 Christiani
694 5314 899 5375 essent,
957 5308 1046 5361 vix
1074 5306 1349 5377 putarim.
1384 5306 1577 5375 Neque
1613 5305 1764 5358 enim

92 5393 271 5451 licebat
299 5397 547 5452 ethnicis
578 5399 813 5469 impune
836 5395 1184 5451 Christianos
1206 5392 1481 5448 occidere.

150 5484 280 5537 Ibid.
313 5484 553 5551 Quidam
572 5488 734 5540 etiam
759 5500 813 5539 se
840 5482 1192 5539 trucidandos
1216 5482 1444 5536 armatis
1469 5480 1765 5534 uiatoribus

437 5597 708 5665 PATROL.
760 5596 1008 5664 XLVII.

1874 4344 2005 4399 tatis
2029 4358 2147 4396 esse
2168 4345 2460 4411 patronos,
2492 4339 2747 4394 ethnicos
2776 4340 3091 4408 mendacii;
3133 4357 3264 4395 nam
3307 4344 3569 4414 quamvis

1872 4446 2072 4486 verum
2101 4431 2209 4484 hoc
2234 4428 2398 4495 esset,
2432 4427 2814 4483 controversia
2843 4428 2942 4482 illa
2982 4428 3299 4485 etiamnum
3348 4432 3565 4502 pende-

1872 4521 1991 4586 bat,
2025 4519 2162 4573 dum
2217 4516 2428 4571 ethnici
2469 4521 2667 4571 contra
2709 4516 3067 4585 sentiebant;
3098 4534 3372 4589 armaque
3396 4520 3477 4574 eis
3511 4521 3569 4574 in

1874 4607 2246 4672 Christianos,
2278 4605 2495 4658 interea
2525 4604 2662 4657 dum
2721 4604 3028 4659 Christiani
3072 4606 3181 4676 ipsi
3222 4606 3449 4676 ﬂerent,
3488 4610 3570 4662 eis

1874 4693 2405 4764 suppeditabantur,
2437 4706 2571 4743 nam
2600 4690 2738 4745 dum
2777 4708 2834 4745 se
2864 4708 2970 4761 pro
3009 4694 3247 4747 veritate
3289 4698 3435 4747 stare
3485 4693 3570 4747 illi

1873 4785 2169 4855 putabant,
2224 4780 2524 4845 debebant,
2591 4796 2657 4832 ex
2733 4780 3185 4836 Christianorum
3236 4783 3565 4847 .sententia,

1874 4887 2076 4926 vexare
2132 4868 2298 4922 aliter
2338 4867 2669 4921 sentientes.
2746 4866 2805 4920 Si
2879 4870 3198 4938 potuissent
3256 4868 3570 4938 praevidere

1875 4954 2091 5011 ethnici
2121 4954 2313 5008 adfore
2336 4954 2641 5024 aliquando
2664 4959 2889 5025 tempus
2910 4973 3024 5026 quo
3048 4961 3228 5010 morte
3263 4957 3575 5011 multaren-

1876 5052 1969 5099 tur
1989 5043 2096 5098 diis
2118 5059 2273 5096 sacra
2296 5042 2563 5096 facientes
2579 5060 2612 5096 a
2635 5044 3443 5114 Christianisimperatoribus,
3468 5061 3573 5099 nec

1877 5131 1996 5184 sine
2018 5130 2221 5200 plausu
2245 5128 2662 5199 episcoporum,
2683 5131 2811 5183 licet
2830 5130 3087 5201 alioquin
3111 5132 3167 5183 in
3191 5135 3379 5201 partes
3401 5131 3573 5185 abiis-

1878 5225 2003 5273 sent
2030 5236 2043 5286 ;
2079 5217 2424 5272 Christianos
2454 5217 2845 5284 infamassent,
2880 5219 3041 5288 quasi
3071 5219 3332 5273 factiosos
3368 5226 3424 5275 et
3452 5237 3573 5274 ma-

1878 5306 1958 5358 los
1985 5302 2266 5369 homines,
2321 5301 2420 5372 qui
2474 5319 2591 5355 non
2623 5304 2886 5357 dicebant
2915 5306 3067 5374 quod
3108 5305 3402 5376 sentirent,
3445 5324 3577 5361 cum

1876 5392 2216 5462 religionem
2270 5391 2507 5444 liberam
2557 5407 2676 5444 esse
2737 5396 3001 5460 oportere
3046 5393 3428 5450 clamitabant.
3489 5395 3579 5450 Sic

1877 5485 2070 5533 tamen
2096 5478 2443 5547 Augustinus
2470 5476 2633 5547 epist.
2664 5480 2751 5543 93,
2785 5481 2811 5543 §
2846 5481 2927 5539 l0.
2985 5478 3294 5550 alloquitur
3343 5482 3579 5535 Donati-

3144 5600 3217 5657 M
