3890 6186
363 289 458 340 331

1374 285 1930 340 SUPPLEMENTUM
1969 285 2061 340 AD
2097 285 2330 341 OPEBA
2367 286 2423 340 S.
2463 283 2852 340 AUGUSTINI.
3711 298 3796 352 33'2

358 415 508 464 stas:
566 411 702 475 Quis
743 413 1004 474 nostrum,
1049 411 1172 476 quis
1213 411 1450 461 vestrum
1485 423 1591 462 non
1613 410 1804 463 laudat
1823 409 1957 475 leges
1988 409 2056 462 ab
2085 421 2132 474 Α
2171 407 2526 462 Antiochena
2555 406 2824 477 synodus,
2867 405 2971 458 sub
3014 403 3341 459 Constantio
3390 405 3585 474 habita,
3615 427 3721 481 cap.
3741 417 3798 467 ‘23

356 497 774 567 imperatoribus
799 497 958 550 datas
988 495 1245 549 adversus
1275 497 1546 564 sacriﬁcia
1581 513 1921 566 paganorum
1939 498 1966 550 ‘2
1985 500 2054 552 Et

356 591 494 641 certe
513 587 665 654 longe
693 585 773 638 ibi
795 599 955 653 paena
984 584 1216 636 severior
1234 587 1527 637 constituta
1546 589 1657 651 est;
1683 586 1832 638 illius
1853 589 2055 654 quippe

357 677 656 744 impietatis
703 672 938 741 capitale
993 672 1324 742 supplicium
1380 677 1474 726 est.
1512 673 1622 726 Nec
1677 673 1873 727 dubito
1912 673 2054 743 quin

359 762 571 818 ethnici
598 761 697 832 qui
737 763 1075 829 supererant
1093 749 1152 812 in
1179 759 1423 830 imperio
1463 762 1744 830 Romano,
1786 767 1843 814 et
1882 760 2054 814 vicini

358 851 533 905 etiam
572 848 914 913 idololatrae,
969 851 1032 900 ut
1081 849 1288 914 Persae,
1318 849 1455 902 talia
1483 849 1818 903 Christianis
1839 849 2053 919 objice-

356 943 505 992 rent.
534 936 694 990 Absit
722 952 855 989 vero
890 939 952 990 ul
981 935 1104 988 haec
1132 936 1470 1004 probemus!

428 1025 600 1096 Epist.
648 1028 767 1091 186,
820 1023 848 1094 §
898 1027 1226 1081 37.Natura
1272 1025 1532 1094 humana,
1594 1027 1810 1079 etiamsi
1853 1027 1912 1078 in
1955 1025 2055 1078 illa

354 1117 664 1181 integritate
692 1117 747 1167 in
770 1129 880 1182 qua
902 1113 1122 1167 condita
1159 1117 1278 1167 erat
1301 1119 1659 1182 permaneret,
1707 1114 1854 1166 nullo
1897 1113 2053 1166 modo

354 1206 608 1271 seipsam,
655 1203 912 1256 Creatore
962 1216 1056 1255 suo
1101 1217 1207 1255 non
1251 1201 1562 1270 adjuvante,
1613 1206 1870 1254 servaret.
1903 1201 2053 1254 Deti-

356 1291 634 1345 niendum
669 1293 792 1343 erat
821 1289 1112 1360 quodnam
1139 1289 1410 1342 auxilium
1441 1289 1540 1343 Dei
1565 1289 1658 1343 hic
1677 1288 2049 1359 intelligatur,

353 1379 526 1449 idque
575 1395 645 1432 ex
690 1377 982 1447 Scriptura
1012 1393 1126 1431 non
1167 1377 1442 1446 ambiguo
1492 1377 1615 1431 loco
1647 1377 2048 1446 probandum;

356 1483 493 1521 nam
515 1466 642 1538 quis
666 1470 838 1536 neget
856 1465 1090 1536 alioqui,
1121 1465 1167 1519 si
1184 1465 1530 1536 generaliter
1547 1466 1878 1535 loquamur,
1911 1479 2054 1518 sem-

356 1573 461 1627 per
511 1559 834 1610 creaturam
881 1555 1137 1626 indigere
1163 1554 1370 1610 auxilio
1403 1555 1680 1610 Creatoris
1709 1555 1779 1609 ad
1809 1555 2052 1608 salutem

355 1645 814 1716 consequendam
833 1645 860 1698 ?

425 1733 595 1804 Epist.
627 1736 746 1800 l87,
780 1735 807 1799 §
857 1736 910 1786 5.
963 1731 1122 1799 Quod
1161 1746 1284 1785 vero
1327 1732 1426 1786 illa
1461 1734 1647 1786 anima
1686 1734 1745 1785 in
1769 1733 2052 1797 infernum

351 1821 702 1887 descenderit,
740 1821 1038 1889 apostolica
1084 1820 1334 1874 doctrina
1374 1821 1661 1888 praedicat,
1712 1819 1846 1891 etc]
1912 1820 2051 1873 Vide

352 1910 457 1963 hac
484 1909 554 1964 de
585 1925 647 1963 re
678 1909 826 1963 dicta
852 1909 923 1962 ad
953 1908 1120 1979 epist.
1159 1911 1281 1975 161:,
1311 1924 1379 1962 ex
1409 1908 1618 1979 quibus
1648 1908 1827 1978 liquet
1862 1910 2053 1976 Augu-

353 1997 567 2051 stinum
593 1997 714 2051 falli
741 2017 755 2063 ;
789 1997 939 2051 unde
970 1996 1240 2067 sequitur
1268 1996 1360 2050 hic
1390 2012 1620 2066 quoque
1647 2011 1779 2050 eum
1809 2011 1843 2048 a
1886 2011 2055 2049 sensu

353 2086 656 2140 verborum
689 2085 900 2140 Christi
924 2085 1234 2139 aberrasse.
1271 2085 1351 2139 De
1378 2085 1573 2138 anima
1602 2101 1702 2138 sua
1727 2083 1847 2138 sine
1875 2083 2051 2138 dubio

351 2174 608 2244 loquitur
637 2173 909 2232 Christus,
943 2189 1074 2226 cum
1107 2189 1221 2244 qua
1240 2173 1475 2226 latronis
1496 2172 1687 2225 anima
1709 2171 1768 2224 in
1791 2171 2051 2242 paradiso

354 2261 481 2315 fuit.
533 2263 611 2315 De
644 2277 780 2315 voce
827 2261 1148 2331 Paradisus,
1197 2260 1324 2315 vide
1366 2261 1666 2331 Hugonem
1691 2260 1949 2315 Grotium
1980 2259 2052 2313 ad

353 2350 506 2403 hunc
536 2349 746 2403 locum.

423 2437 589 2504 Ibid.,
625 2437 656 2508 §
687 2440 773 2492 33.
810 2437 967 2504 Quod
986 2439 1043 2492 in
1072 2453 1135 2491 ea
1162 2441 1372 2492 natum.
1403 2436 1419 2506 ]
1472 2437 1564 2490 Est
1592 2436 1652 2489 in
1692 2438 1884 2492 Graeco
1921 2436 2054 2489 Mat-

353 2525 488 2580 thzei
540 2530 804 2580 contextu
855 2541 979 2595 cap.
1033 2542 1070 2588 ι,
1103 2528 1195 2593 20,
1224 2523 1476 2586 γεννηθὲν,
1509 2529 1839 2592 generatum,
1898 2523 2050 2594 quod

354 2613 540 2666 obiter
567 2612 854 2666 monitum
886 2611 1144 2682 oportuit
1173 2612 1241 2666 ab
1269 2611 1608 2682 Augustino.
1641 2611 1749 2665 Sed
1777 2611 1919 2664 forte
1949 2626 2048 2662 ne-

354 2700 569 2755 minem
619 2700 862 2755 habebat
911 2700 983 2754 ad
1016 2716 1254 2754 manum
1308 2700 1407 2770 qui
1459 2701 1649 2754 Greece
1692 2699 1878 2764 sciret,
1917 2713 2048 2752 cum

351 2789 498 2844 hanc
536 2789 915 2844 conscriberet
952 2789 1268 2859 epistolam.
1301 2787 1574 2858 Alioquin
1602 2787 1893 2842 interdum
1930 2802 2049 2841 non

351 2878 498 2930 male
537 2893 601 2931 ex
654 2879 848 2932 Grieca
894 2877 1092 2946 lingua
1141 2875 1552 2948 qumstionihus
1599 2875 1924 2946 respondet,
1987 2879 2050 2928 ut

2161 503 2339 557 sancit
2389 501 2657 564 :Emﬂdm?
2710 503 2780 563 μὴ
2832 500 3005 558 ἐξεῖναι
3059 499 3164 547 ἀντ’
3215 499 3361 546 αὐτοῦ
3411 502 3620 565 mlite-ria
3662 507 3797 570 ἕτερον

2162 592 2335 639 ἑαυτοῦ
2366 590 2619 654 διάδοχον,
2667 589 2760 651 κᾷν
2813 591 2923 652 περὶ
2949 592 3010 651 τῇ
3034 588 3242 647 τελευτῆ
3291 591 3374 636 τοῦ
3427 589 3520 652 βίου
3571 596 3764 656 τυγχάνῃ
3790 611 3800 643 :

2159 675 2425 742 Episcopo
2473 687 2581 725 non
2629 672 2789 726 licere
2815 672 2985 723 alium
3031 685 3132 738 pro
3159 684 3216 723 se
3260 673 3801 729 constitueresuccesso-

2160 777 2291 827 rem,
2321 763 2484 815 etiam
2506 762 2555 814 si
2573 765 2651 814 est
2672 759 2822 814 circa
2869 761 2994 812 vita
3037 757 3219 828 ﬁnem.
3272 757 3425 820 Quod
3472 760 3808 817 conﬁrmatio-

2160 866 2295 904 nem
2346 866 2465 904 esse
2513 847 2818 902 memorati
2883 847 3119 902 canonis
3187 847 3478 916 apostolici
3545 849 3806 905 observant

2163 938 2458 991 Balsamon
2507 941 2564 990 ct
2607 939 2869 991 Zonaras.
2924 938 3049 990 Non
3097 951 3240 1006 opus
3269 939 3436 989 estut
3487 938 3806 992 ostendamus

2161 1041 2334 1096 quam
2363 1025 2557 1096 gravia
2585 1023 2699 1077 sint
2728 1023 2790 1077 in
2824 1023 3107 1078 contraria
3145 1023 3350 1093 agendi
3395 1023 3604 1078 ratione
3629 1025 3808 1080 incom-

2159 1115 2368 1181 moda;
2403 1129 2577 1185 quam
2627 1118 2821 1167 tamen
2873 1113 2951 1166 ita
3007 1119 3233 1166 secutus
3274 1116 3359 1165 est
3393 1113 3732 1182 Augustinus,
3759 1122 3810 1169 ut

2160 1219 2264 1272 pro
2289 1202 2532 1272 imperio
2561 1217 2942 1256 successorem
2963 1201 3067 1254 sibi
3095 1201 3307 1270 deligat
3326 1216 3459 1253 voce
3478 1217 3638 1267 vom;
3676 1203 3810 1272 quasi

2161 1305 2232 1342 ne
2262 1305 2572 1343 consensus
2598 1289 2832 1359 quidem
2863 1289 3332 1359 coepiscoporum
3372 1288 3565 1342 fuisset
3592 1306 3809 1344 necessa-

2159 1377 2298 1444 rius,
2331 1378 2482 1448 quod
2513 1383 2703 1431 tamen
2734 1378 2929 1432 statuit
2957 1378 3208 1448 synodus
3241 1377 3486 1432 Nicaena.
3526 1378 3643 1432 Scio
3668 1378 3812 1432 dictu-

2160 1481 2254 1519 ros
2284 1467 2592 1520 nonnullos
2620 1467 2698 1520 ita
2728 1466 2962 1520 solitum
2999 1466 3172 1520 fuisse
3201 1465 3327 1520 fieri
3359 1465 3419 1519 in
3458 1465 3670 1532 Africa;
3704 1483 3811 1520 nam

2161 1555 2282 1624 ipse
2312 1555 2666 1625 Augustinus
2699 1554 2759 1608 in
2787 1554 3178 1626 superioribus
3210 1555 3288 1608 ait
3318 1571 3421 1608 sua
3449 1571 3613 1625 opera
3639 1555 3812 1609 factum

2161 1648 2228 1696 ut
2258 1643 2583 1698 Milevitana
2611 1643 2856 1697 Ecclesia
2882 1644 3216 1714 episcopum
3242 1643 3526 1713 acciperet
3553 1658 3707 1712 quem
3741 1643 3814 1695 de-

2161 1747 2348 1785 cessor
2375 1731 2535 1785 vivus
2565 1731 2716 1802 apud
2747 1733 2962 1786 clerum
2983 1731 3338 1801 designarat.
3363 1731 3602 1798 Addent,
3639 1746 3814 1800 quam-

2159 1819 2241 1872 vis
2290 1819 2426 1873 mali
2474 1819 2728 1890 episcopi
2759 1823 2993 1889 possent
3021 1819 3126 1872 hac
3155 1822 3439 1889 potestate
3465 1817 3636 1884 abuti,
3667 1817 3816 1871 bonos

2158 1913 2308 1962 recte
2330 1924 2394 1960 ea
2409 1924 2557 1960 usos.
2583 1907 2692 1961 Sed
2716 1908 2908 1961 omnia
2931 1907 3027 1960 illa
3059 1913 3193 1960 sunt
3215 1907 3392 1977 plena
3414 1905 3815 1976 suspicionibus,

2159 2009 2263 2048 nec
2291 1993 2545 2064 putarim
2575 1995 2733 2048 Afros
2762 1995 3027 2050 meliores
3057 1993 3227 2048 fuisse
3266 1994 3500 2063 Graecis,
3555 1993 3646 2064 qui
3689 1993 3817 2063 peri-

2160 2084 2417 2136 culosum
2443 2083 2724 2153 putabant
2751 2083 2888 2137 talia
2921 2083 3323 2153 episcoporum
3353 2082 3585 2136 arbitrio
3616 2081 3816 2153 permit-

2158 2175 2296 2224 tere.
2331 2170 2468 2224 Vide
2499 2171 2567 2223 de
2600 2170 2881 2241 ejusmodi
2909 2170 3184 2224 electione
3208 2169 3500 2241 judicium
3518 2168 3817 2223 Theodoreti

2162 2258 2299 2312 Hist.
2336 2258 2652 2312 Ecclesiast.
2685 2259 2784 2312 lib.
2817 2276 2868 2326 v,
2902 2275 3026 2328 cap.
3059 2263 3148 2314 23.

2229 2346 2394 2412 Ibid.,
2429 2347 2456 2416 ἓ
2483 2348 2536 2401 4.
2568 2347 2765 2401 Adhuc
2795 2350 2856 2401 in
2903 2363 3120 2416 corpore
3156 2348 3338 2415 posito
3398 2347 3562 2401 beatae
3593 2349 3822 2401 memoria

2157 2439 2313 2502 patre
2338 2439 2386 2487 et
2417 2436 2661 2503 episc0po
2681 2450 2792 2488 meo
2820 2450 2940 2488 sene
2991 2432 3218 2502 Valerio,
3259 2437 3546 2504 episcopus
3578 2435 3822 2488 ordinatus

2157 2537 2295 2591 sum,
2324 2528 2372 2575 et
2403 2524 2520 2575 sedi
2549 2538 2667 2576 cum
2701 2523 2793 2576 illo
2820 2542 2834 2589 ;
2865 2523 3008 2590 quod
3063 2522 3287 2577 concilio
3346 2526 3562 2580 Niceno
3607 2524 3825 2592 prohibi-

2159 2614 2272 2664 tum
2298 2612 2470 2676 fuisse
2505 2611 2919 2678 nesciebam,nec
2966 2613 3080 2680 ipse
3125 2611 3406 2683 sciebat.]
3456 2614 3550 2666 Est
3603 2627 3766 2666 canon
3801 2614 3823 2662 8

2160 2697 2403 2750 Nicaeum
2435 2697 2661 2768 synodi,
2697 2698 2796 2752 ubi
2835 2704 3101 2752 vetantur
3129 2715 3250 2753 esse
3307 2700 3368 2753 in
3417 2717 3534 2754 una
3577 2701 3708 2754 urbe
3736 2699 3826 2753 duo

2157 2785 2529 2856 episcopi.Ad
2550 2801 2724 2856 quem
2744 2787 2931 2840 locum
2958 2787 3085 2840 vide
3108 2788 3519 2842 adnotationes
3542 2788 3827 2842 viridoctis-

2157 2872 2287 2926 simi
2318 2873 2606 2928 Guilielmi
2652 2873 2958 2944 Beveregii.
2998 2876 3123 2928 Non
3151 2875 3422 2946 intelligo
3453 2877 3550 2947 qui
3582 2892 3705 2930 usus
3731 2876 3828 2945 ipse

347 2964 496 3019 infra
547 2965 712 3035 epist.
760 2969 881 3031 l97,
933 2965 1033 3019 ubi
1072 2965 1234 3020 docet
1283 2966 1576 3037 quodnam
1623 2965 1694 3019 sit
1741 2964 2049 3020 discrimen
2085 2982 2124 3036 ρ
2159 2961 2436 3029 Ecclesiae,
2469 2979 2532 3016 ex
2561 2979 2673 3033 quo
2703 2964 2998 3017 constabat
3027 2979 3204 3017 unum
3235 2964 3305 3018 in
3345 2965 3588 3036 singulis
3630 2965 3830 3018 urbibus

347 3053 496 3107 inter
523 3069 685 3107 voces
714 3052 872 3116 καιροί
909 3059 965 3108 et
991 3051 1176 3116 χρόνοι.

419 3139 596 3210 Epist.
637 3140 816 3210 2t3,§
863 3144 910 3198 1.
962 3142 1343 3210 Presbyterum
1373 3142 1680 3196 Heraclium
1736 3140 1875 3193 mihi
1915 3154 2039 3193 suc-

352 3241 604 3280 cessorem
627 3227 764 3280 volo.
796 3224 817 3298 ]
843 3227 970 3280 Haec
1001 3233 1133 3281 sunt
1167 3228 1336 3281 verba
1373 3226 1697 3296 Augustini,
1753 3240 2042 3278 successo-

353 3330 473 3367 rem
504 3309 612 3368 sibi
659 3313 1014 3384 designantis
1057 3331 1249 3368 coram
1298 3315 1536 3385 populo.
1571 3313 1774 3368 Mirum
1802 3317 1886 3366 est
1909 3329 2042 3366 eum

346 3402 640 3472 ignorasse
667 3401 931 3455 illicitum
964 3402 1070 3455 hoc
1098 3403 1268 3472 plane
1297 3401 1470 3455 fuisse
1489 3418 1558 3454 ex
1605 3401 1856 3471 antiquis
1904 3417 2043 3453 con-

348 3489 739 3543 stitutionibus
769 3489 1197 3556 ecclesiasticis;
1234 3494 1288 3544 et
1318 3490 1418 3560 qui
1448 3490 1657 3544 fatetur
1683 3492 1710 3556 §
1739 3491 1770 3543 4
1810 3505 1867 3542 se
1907 3505 2042 3542 con-

347 3581 434 3630 tra
479 3576 736 3630 Ecclesia:
792 3593 1036 3631 canones
1087 3578 1420 3649 episcopum
1473 3577 1704 3638 factum,
1749 3576 1873 3630 vivo
1939 3593 2041 3631 suo

347 3665 660 3728 decessore,
729 3681 1108 3720 successorem
1162 3666 1336 3719 etiam
1389 3665 1498 3719 sibi
1550 3665 1786 3735 elegisse
1847 3669 2043 3719 contra

348 3753 598 3810 eosdem.
633 3755 826 3808 Canon
861 3753 1202 3824 apostolicus
1230 3757 1298 3808 '76
1330 3753 1408 3808 ita
1437 3751 1610 3807 habet
1645 3769 1658 3806 :
1689 3751 1755 3800 Οὐ
1797 3754 1898 3816 χρὴ
1942 3751 2042 3799 ἐπί-

348 3865 530 3898 σκοπον
568 3851 637 3913 τῷ
678 3849 889 3914 ἀδελφῷ,
929 3851 963 3909 ἥ
998 3853 1066 3912 τῷ
1106 3849 1210 3912 υἷῷ,
1257 3851 1291 3909 ἤ
1335 3851 1403 3910 τῷ
1447 3849 1594 3913 ἑτέρῳ
1646 3850 1868 3910 συγγενεῖ
1901 3865 2042 3913 χαρι-

347 3937 548 3999 ζόμενον
577 3976 588 3997 ,
652 3936 716 3993 εἰς
777 3939 833 3985 τὸ
887 3937 1073 4000 ἀξίωμα
1139 3941 1226 3997 τῆς
1297 3937 1557 3996 ἐπισκοπῆς
1627 3938 1918 4001 χειροτονεῖν
1987 3936 2042 3984 δν

345 4028 628 4072 ΒΟΥΔΕΤΑΙ
660 4039 672 4072 :
704 4019 824 4074 Non
852 4023 1058 4087 oportet
1085 4021 1390 4088 episcopum
1420 4020 1610 4084 fratri,
1651 4022 1748 4071 aut
1781 4019 1914 4086 ﬁlio,
1947 4021 2044 4070 aut

342 4105 444 4158 alii
462 4109 683 4172 cognato
711 4108 1129 4175 gratiﬁcantem,
1163 4105 1236 4160 ad
1254 4109 1491 4176 episcopi
1527 4107 1848 4172 dignitatem
1887 4121 2042 4174 quem

341 4206 477 4244 vch
512 4193 723 4259 eligere.
773 4194 901 4247 Haec
929 4194 1008 4248 ita
1035 4199 1307 4264 concepta
1338 4198 1473 4247 sunt
1500 4193 1690 4259 verba,
1733 4197 1798 4246 ut
1843 4193 1888 4245 si
1921 4192 2040 4262 epi-

2151 3049 2481 3120 episcopum
2515 3065 2635 3104 esse
2656 3055 2935 3121 oportere,
2967 3067 3082 3105 non
3103 3053 3406 3107 monuerit
3446 3054 3832 3125 Hipponensem

2151 3139 2257 3192 hoc
2303 3138 2565 3192 illicitum
2618 3155 2758 3194 esse.
2795 3141 2936 3194 Nam
2984 3141 3030 3194 si
3079 3142 3366 3211 collegam
3409 3159 3590 3196 unum
3629 3141 3727 3195 sibi
3752 3140 3832 3193 ad-

2145 3227 2388 3298 jungere
2419 3226 2600 3294 licuit,
2637 3227 2837 3298 quidni
2868 3235 2925 3281 et
2950 3229 3188 3298 plures?
3221 3231 3414 3294 Quam
3445 3245 3710 3300 magnam
3743 3229 3829 3282 hoc

2151 3315 2376 3385 aperuit
2404 3316 2713 3369 fenestram
2743 3317 3081 3371 adversariis
3111 3320 3452 3389 Augustini,
3495 3318 3709 3374 dicendi
3743 3317 3830 3368 bo-

2152 3403 2366 3457 minem
2401 3419 2550 3473 saepe
2577 3404 2636 3457 in
2660 3405 2989 3460 utillitatem
3013 3423 3176 3460 suam
3198 3424 3428 3462 errasse
3451 3408 3480 3462 ?

2223 3493 2395 3562 Epist.
2428 3495 2488 3546 2i
2508 3498 2555 3559 7,
2589 3509 2718 3563 quae
2742 3499 2824 3548 est
2842 3500 3036 3548 contra
3056 3495 3302 3550 Vitalem
3335 3497 3722 3568 Pelagianum,
3752 3493 3829 3563 qui

2151 3579 2530 3634 contendebat
2563 3581 2740 3634 Deum
2773 3598 2876 3651 per
2904 3583 3140 3636 verbum
3171 3601 3348 3638 suum
3377 3585 3605 3655 operari
3637 3589 3693 3636 ut
3713 3579 3828 3633 veli-

2153 3683 2298 3720 mus.
2330 3670 2356 3734 §
2383 3671 2436 3720 2.
2468 3669 2561 3722 Dic
2585 3684 2729 3736 ergo,
2763 3671 2953 3740 inquit
2977 3671 3362 3741 Augustinus,
3388 3674 3720 3742 apertissime
3757 3681 3830 3720 nos

2149 3769 2248 3822 pro
2295 3757 2366 3808 iis
2413 3756 2606 3823 quibus
2660 3759 3025 3824 Evangelium
3080 3760 3481 3827 praedicamus,
3530 3776 3634 3814 non
3677 3757 3831 3811 debere

2151 3859 2306 3897 orare
2335 3848 2392 3897 ut
2422 3844 2664 3910 credant,
2692 3846 2786 3898 sed
2814 3848 2888 3900 eis
2916 3849 3292 3902 tantummodo
3320 3849 3648 3918 praedicare,
3696 3850 3786 3900 etc.
3815 3841 3829 3913 1

2151 3930 2258 3986 Sed
2296 3936 2505 4001 praster
2533 3933 2747 3986 nudam
2797 3934 3088 4006 Evangelii
3139 3937 3630 4004 prmdicationem
3679 3934 3832 3988 multa

2152 4024 2287 4072 sunt
2317 4019 2427 4074 alia
2449 4021 2655 4090 quibus
2678 4023 2826 4075 Deus
2857 4024 3000 4077 solet
3021 4023 3332 4079 hominum
3357 4026 3588 4080 animos
3616 4022 3830 4085 mollire,

2154 4123 2282 4177 quae
2331 4114 2524 4162 tamen
2571 4125 2871 4180 nunquam
2919 4111 3188 4165 debenta
3240 4115 3661 4182 praedicatione
3704 4110 3832 4165 verbi

2153 4195 2416 4265 sejuugi;
2449 4195 2664 4266 quippe
2717 4213 2868 4268 quae,
2918 4199 3091 4252 etiam
3145 4217 3281 4254 cum
3335 4203 3451 4257 alia
3479 4203 3725 4268 adhibet,
3767 4203 3833 4252 est

342 4292 543 4348 scapus
571 4280 826 4335 conferat
852 4282 1244 4352 episcopatum
1275 4281 1454 4346 fratri,
1489 4281 1606 4335 tilio
1640 4285 1735 4335 aut
1772 4286 2038 4351 cognato,
2080 4265 2122 4318 Ῑ)
2152 4281 2513 4351 potissimum
2544 4265 2992 4339 instrumentum
3022 4303 3137 4356 quo
3171 4289 3329 4343 Deus
3353 4291 3510 4345 hanc
3535 4292 3595 4345 in
3615 4265 3725 4344 rem
3741 4289 3832 4343 uti-

341 4365 455 4418 sive
479 4365 541 4420 in
565 4383 760 4421 eorum
791 4369 1034 4440 gratiam
1071 4369 1190 4435 alii,
1220 4385 1326 4439 pro
1356 4369 1614 4435 arbitrio,
1647 4369 1882 4438 perinde
1911 4386 2038 4439 pec-

341 4456 445 4505 cet.
481 4453 687 4508 Mirum
717 4460 801 4509 est
828 4457 876 4510 si
905 4473 1022 4510 non
1065 4456 1236 4509 verba
1261 4456 1391 4526 ipsa
1439 4455 1670 4509 canonis
1699 4460 1831 4509 nota
1861 4457 2035 4511 fuisse

339 4537 508 4606 Aﬁ'is,
556 4544 614 4593 at
654 4547 805 4596 certe
852 4542 1323 4596 consuetudinem
1378 4542 1754 4597 Orientalium
1786 4543 1846 4596 in
1877 4559 1944 4597 ea
1972 4560 2034 4596 re

341 4642 460 4680 non
485 4626 660 4682 fuisse
691 4630 847 4700 apud
873 4631 1034 4686 Afros
1063 4635 1372 4700 receptam,
1407 4645 1537 4684 cum
1568 4629 1901 4700 gravissima
1936 4647 2033 4684 ra-

339 4715 495 4770 tione
525 4715 759 4784 nitatur,
796 4735 925 4790 quaa
954 4719 1032 4772 sic
1059 4718 1402 4789 exprimitur
1430 4718 1490 4772 in
1519 4718 1890 4789 sequentibus
1913 4735 2032 4772 ver-

339 4813 425 4868 bis
462 4812 853 4877 εΚληρονόμους
909 4817 1002 4878 γὰρ
1043 4817 1129 4873 τῆς
1173 4813 1434 4873 ἐπισκοπῆς
1478 4815 1710 4863 ποιεῖσθαι
1748 4814 1802 4863 οὐ
1850 4815 2031 4863 δίκαιον

337 4901 398 4949 τὰ
451 4906 540 4952 τοῦ
597 4904 718 4951 Θεοῦ
767 4902 1087 4966 χαριζόμενον
1146 4902 1286 4950 πάθει
1336 4901 1635 4966 ἀνθρωπίνῳο
1685 4903 1740 4951 οὗ
1792 4907 1884 4968 γὰρ
1939 4907 2030 4963 τὴν

334 4994 421 5038 τοῦ
477 4989 908 5049 ΘεουἘκκλτρ-ίαν
957 4990 1048 5038 ὑπὸ
1074 4988 1409 5054 κληρονόμους
1457 4989 1637 5053 ὀςρείλέι
1682 4990 1876 5037 τιθέναι.
1927 4991 2030 5038 Εἷδέ

335 5097 401 5134 τις
455 5083 598 5127 τοῦτο
640 5079 856 5138 ποιήσοι,
911 5079 1087 5142 ἄκυρος
1142 5079 1231 5140 μὲν
1277 5078 1400 5125 ἔστω
1451 5077 1484 5136 ἡ
1535 5078 1834 5142 χειροτονία,
1888 5077 2029 5132 αὐτὸς

336 5166 385 5211 δὲ
443 5166 730 5228 ἐπιτιμὰσθω
790 5166 1040 5229 ἀφορισμῶ
1095 5179 1105 5212 :
1175 5159 1532 5225 Episcopatus
1587 5160 1728 5210 enim
1796 5159 2028 5212 ha’redes

333 5249 511 5311 facere
531 5248 741 5314 justum
769 5262 874 5300 non
903 5251 998 5312 est,
1026 5261 1087 5298 ea
1112 5261 1230 5313 qua:
1260 5245 1366 5299 Dei
1397 5249 1522 5297 sunt
1565 5246 1796 5298 humano
1832 5247 2029 5312 affectu

335 5335 685 5402 largientem:
745 5351 849 5388 non
895 5337 1034 5390 enim
1081 5334 1201 5387 licet
1245 5333 1537 5386 Ecclesium
1567 5335 1664 5385 Dei
1700 5335 1758 5385 in
1796 5333 2027 5386 haeredes

331 5423 590 5484 conferre.
626 5423 693 5474 Si
714 5425 834 5491 quis
855 5427 1031 5476 autem
1058 5421 1152 5475 hoc
1169 5423 1376 5488 fecerit,
1403 5422 1569 5473 irrita
1591 5419 1807 5488 quidem
1847 5421 2027 5475 electio

331 5514 564 5576 maneat,
629 5511 741 5578 ipse
811 5514 988 5562 autem
1045 5511 1411 5576 segregatione
1470 5507 1743 5561 multetur.
1822 5506 1910 5562 Sic
1972 5513 2028 5563 et

2149 4374 2261 4422 tur.
2297 4371 2397 4424 Illa
2422 4376 2616 4425 autem
2640 4372 2750 4425 alia
2780 4379 2932 4441 sunt,
2968 4377 3216 4445 exempli
3250 4395 3455 4444 causa,
3483 4381 3610 4434 vita:
3638 4375 3833 4434 calami-

2148 4462 2312 4524 tates,
2365 4459 2518 4512 bona
2565 4459 2963 4530 religiosorum
3013 4463 3330 4520 hominum
3358 4471 3646 4538 exempla,
3677 4482 3833 4538 poma:

2147 4545 2215 4599 de
2248 4547 2412 4600 malis
2461 4565 2492 4600 a
2546 4548 2905 4627 Providentia
2943 4556 3210 4621 sumptae,
3245 4554 3614 4608 consectaria
3641 4547 3833 4603 virtutis

2143 4639 2200 4687 et
2228 4634 2351 4688 vitii
2377 4635 2551 4690 etiam
2581 4636 2638 4690 in
2671 4636 2775 4691 hac
2805 4639 2938 4708 vita,
2987 4639 3202 4694 amotio
3245 4644 3668 4702 tentationum,
3709 4637 3832 4691 exci-

2141 4722 2278 4776 tatio
2337 4722 2564 4777 interna
2611 4725 2788 4778 animi
2829 4727 2898 4780 ad
2947 4727 3359 4784 attentionem.
3415 4728 3710 4784 exstinctio
3755 4729 3833 4777 aut

2140 4808 2469 4864 imminutio
2511 4812 2818 4866 affectuum
2854 4815 3154 4886 Evangelio
3209 4819 3671 4884 contrariorum,
3720 4813 3832 4868 alia.

2141 4913 2250 4967 que
2277 4917 2291 4963 ;
2323 4915 2451 4968 qua:
2481 4901 2676 4953 omnia
2705 4903 3008 4972 multiplici
3037 4904 3138 4956 Dei
3157 4905 3460 4975 sapientia
3488 4907 3642 4960 varie
3673 4921 3703 4958 a
3738 4904 3833 4955 Deo

2139 4985 2458 5040 offeruntur
2486 4987 2836 5056 hominibus,
2874 5007 3190 5062 eorumque
3227 4995 3454 5049 animis
3505 4994 3831 5068 injiciuntur.

2139 5072 2273 5136 Quis
2307 5074 2460 5128 enim
2489 5076 2648 5131 novit
2671 5084 2809 5148 quot
2839 5079 3023 5132 modis
3068 5081 3220 5135 Deus
3276 5083 3513 5137 animos
3559 5082 3831 5137 hominum

2138 5162 2553 5230 aggrediatur?
2579 5165 2690 5217 Nec
2719 5165 3023 5235 quisquam
3053 5183 3269 5237 negare
3304 5175 3489 5242 queat
3521 5169 3660 5242 quin
3709 5169 3835 5222 Deus

2137 5249 2478 5304 intrinsecus
2507 5268 2676 5321 agere
2705 5252 2764 5305 in
2815 5254 3038 5307 animos
3079 5255 3399 5312 hominum
3441 5260 3638 5330 possit.
3681 5255 3832 5318 Talia,

2137 5353 2265 5406 quae
2318 5339 2525 5392 divina:
2557 5339 2854 5410 sapientitn
2909 5341 3329 5413 relinquuntur
3361 5346 3651 5418 eligenda,
3684 5361 3713 5396 a
3737 5345 3834 5397 Deo

2136 5429 2426 5494 petuntur,
2479 5427 2576 5480 sed
2635 5428 2827 5482 nullus
2889 5429 3284 5485 ineluctabilis
3342 5435 3614 5500 afﬂatus;
3660 5450 3691 5486 a
3736 5432 3834 5484 Deo

2136 5512 2287 5566 enim
2318 5518 2593 5583 petuntur
2622 5516 2925 5586 quaesolet
2952 5533 3016 5572 ac
3043 5520 3163 5574 vult
3191 5519 3413 5585 facere,
3449 5538 3568 5577 non
3590 5536 3713 5593 qua:
3736 5530 3834 5570 non
