3922 6188
140 328 212 380 333

134 446 229 509 vult,
254 453 403 510 neque
430 437 581 489 solet.
623 434 957 507 Quicunque
1000 452 1198 506 preces
1247 438 1410 492 aliter
1436 439 1725 511 interpre-
1757 442 1799 494 A

137 538 283 594 tantur,
309 543 385 581 eas
424 527 622 596 praeter
671 527 919 577 mentem
947 524 1308 579 fundentium
1352 532 1578 597 urgent.
1617 528 1721 580 De-

137 624 223 675 bent
243 616 362 670 enim
387 628 569 683 preces
599 612 883 683 ejusmodi
913 629 1052 679 esse,
1088 629 1218 683 quae
1259 618 1509 669 statuant
1543 617 1721 669 Evan-

134 707 470 779 geliiprncepta
498 717 615 755 esse
645 701 921 772 legitima,
946 718 1007 755 ac
1035 701 1276 770 proinde
1305 719 1468 773 posse
1501 704 1570 757 ab
1597 720 1721 757 om-

128 796 243 848 nibus
286 791 462 863 quibus
512 795 914 860 proponuntur
970 790 1308 855 observari;
1363 792 1449 845 sin
1511 792 1722 858 minus,

128 886 203 937 Deo
225 885 345 947 sunt,
368 895 524 950 quem
542 878 821 949 injustam
842 880 1081 949 faciunt,
1104 881 1561 938 contumeliosze.
1602 884 1725 937 Non

120 972 173 1024 ita
207 970 269 1023 fas
307 974 379 1021 est
420 967 778 1039 interpretari
827 968 1171 1038 religionem
1211 968 1615 1039 Christianam,
1661 974 1728 1024 ut

121 1059 215 1111 dum
238 1056 451 1127 aliquam
478 1057 598 1126 ejus
620 1061 866 1127 partem,
891 1061 954 1110 ut
980 1057 1084 1111 tibi
1102 1056 1348 1124 videtur,
1370 1056 1570 1125 tueris,
1598 1072 1726 1110 eam

117 1148 453 1215 repugnantem
499 1145 717 1199 caeteris
764 1145 954 1199 facias.
1005 1146 1199 1199 Potuit
1244 1145 1440 1200 Vitalis
1488 1162 1724 1200 conver-

114 1241 198 1287 tere
240 1236 608 1302 argumentum
663 1233 726 1286 in
782 1232 1168 1303 Augustinum
1234 1237 1291 1287 et
1326 1233 1550 1287 dicere:
1605 1234 1727 1287 Non

116 1321 240 1375 debes
276 1320 619 1391 Evangelium
674 1321 990 1391 praedicare
1019 1337 1085 1374 ex
1137 1324 1235 1375 tua
1275 1320 1580 1390 sententia,
1629 1322 1727 1376 sed

114 1412 243 1463 Deum
278 1425 419 1462 orare
446 1425 549 1479 pro
591 1409 923 1463 hominibus
954 1428 971 1475 ;
1013 1424 1149 1462 nam
1189 1410 1338 1463 Deus
1371 1409 1567 1463 omnia
1593 1409 1729 1463 facit

115 1497 238 1551 etiam
262 1496 368 1551 sine
406 1497 591 1550 verbo.

156 1584 286 1651 Ibid.,
323 1583 347 1653 ἕ
374 1587 452 1639 l6.
481 1584 838 1655 Augustinus
862 1584 956 1638 hic
1002 1589 1066 1640 12
1096 1584 1385 1655 capitibus
1419 1585 1733 1654 complecti

110 1679 172 1725 tur
185 1672 454 1728 doctrinam
478 1690 643 1728 suam
686 1674 755 1727 de
777 1673 981 1745 gratia,
999 1688 1251 1745 quorum
1274 1672 1434 1727 brevi
1467 1674 1726 1727 examine

107 1759 365 1813 claudemus
401 1777 525 1832 quae
556 1760 617 1814 in
647 1761 802 1815 hunc
837 1765 1060 1815 tomum
1119 1764 1177 1815 Η
1218 1760 1728 1815 animadvertenda

109 1845 385 1901 habebamus
397 1889 410 1903 .

155 1936 183 1988 l.
210 1937 387 1992 Scimus
422 1938 660 1992 nondum
687 1943 843 1993 natos
882 1938 1025 1992 nihil
1061 1940 1231 2006 egisse
1258 1939 1316 1991 in
1344 1940 1459 1991 vita
1502 1940 1730 2008 propria

108 2025 208 2091 toni,
237 2040 315 2079 seu
347 2028 488 2091 mali,
521 2044 616 2082 nec
654 2029 945 2082 secundum
990 2030 1186 2081 merita
1236 2029 1443 2096 prioris
1494 2028 1730 2096 alicujus

106 2114 206 2178 vita),
233 2127 373 2180 quam
401 2116 609 2169 nullam
649 2118 937 2186 propriam
966 2116 1173 2182 singuli
1204 2115 1397 2168 habere
1420 2118 1727 2183 potuerunt,

104 2201 141 2249 in
163 2200 291 2268 hujus
316 2205 431 2257 vitae
479 2206 666 2258 venire
693 2207 961 2259 miserias.
1010 2206 1143 2259 Haec
1181 2204 1548 2258 concessisset
1576 2204 1732 2258 Pela-

105 2287 209 2357 gius,
257 2290 663 2363 addidissetque
720 2293 977 2363 singulos
1028 2294 1292 2347 homines
1342 2309 1455 2347 non
1502 2297 1731 2347 tantum

103 2377 325 2445 propriam
349 2380 518 2434 vitam
549 2380 806 2450 priorem
853 2382 1069 2435 nullam
1100 2381 1309 2435 habere
1340 2381 1615 2450 potuisse,
1668 2384 1732 2433 ut

106 2465 315 2530 Putabant
356 2468 450 2538 qui
494 2468 798 2531 προϋπαρξιν
847 2469 1177 2523 animorum
1226 2469 1624 2534 defeneebant,
1669 2471 1733 2521 ut

104 2550 306 2622 Origenes
329 2556 455 2621 ;sed
484 2571 562 2610 ne
580 2570 945 2610 communem
979 2556 1232 2627 quidem,
1268 2562 1331 2610 ut
1349 2555 1724 2627 Augustinus,

106 2641 171 2707 qui
195 2642 416 2699 omnium
441 2644 750 2699 hominum
787 2645 1008 2699 animos
1041 2645 1102 2699 in
1144 2645 1363 2699 Adamo
1414 2644 1587 2698 fuisse
1617 2660 1732 2696 cre-

105 2727 233 2784 debat.
263 2732 463 2787 Addit:
514 2734 614 2788 sed
666 2738 841 2788 tamen
887 2735 1177 2789 secundum
1224 2734 1409 2789 Adam
1439 2734 1732 2787 carnaliter

110 2822 209 2869 uates
221 2823 504 2888 contagium
526 2824 721 2875 mortis
740 2825 981 2890 antiqua:
1006 2825 1188 2891 prima
1208 2824 1497 2875 nativitate
1511 2826 1731 2875 contra—

118 2901 201 2957 here.
240 2907 607 2964 Concessisset
671 2911 795 2965 haec
851 2927 1082 2982 quoque
1137 2908 1423 2980 Pelagius,
1481 2908 1577 2963 sed
1616 2925 1733 2963 non

119 2991 239 3045 omnia
258 3011 373 3065 quae
412 3002 741 3070 sequuntur
763 2998 824 3052 in
868 2999 1021 3053 hisce
1050 2998 1236 3053 verbis
1264 3014 1276 3065 ;
1324 3012 1418 3052 nec
1450 2998 1673 3052 liberari
1692 2994 1736 3050 a'
1762 3008 1800 3063 (ς

111 3081 297 3147 supplicio
334 3090 526 3141 mortis
547 3090 777 3155 aeternae,
821 3088 967 3157 quod
1008 3088 1180 3142 trahit
1209 3102 1276 3141 ea:
1305 3102 1410 3140 uno
1461 3089 1518 3139 in
1555 3101 1733 3140 omnes

107 3172 300 3226 transiens
319 3175 473 3242 justa
504 3176 811 3244 damnatio,
846 3179 956 3230 nisi
980 3190 1081 3245 per
1109 3176 1350 3242 gratiam
1378 3180 1735 3231 renascantur

104 3252 339 3313 inChristo.
371 3263 624 3317 Dixisset
653 3263 807 3318 enim
840 3262 1128 3333 lo§falsum
1156 3263 1543 3335 essejtransire
1573 3263 1731 3318 dam-

99 3343 321 3401 nationem
358 3350 426 3404 ab
480 3350 706 3405 Adamn
735 3350 798 3404 in
854 3355 1131 3421 posteros,
1177 3351 1278 3404 sed
1329 3350 1588 3421 singulos
1634 3350 1733 3421 qui

99 3428 391 3503 damnantur,
413 3439 719 3510 propriam
741 3439 813 3493 ob
831 3438 1059 3510 culpam
1089 3439 1351 3493 damnari
1376 3456 1389 3505 ;
1422 3441 1481 3492 2o
1514 3437 1734 3493 renasci

95 3514 134 3569 in
165 3521 373 3593 Christo,
420 3527 535 3581 hoc
567 3531 672 3594 est,
724 3528 996 3594 converti,
1032 3527 1082 3581 si
1124 3528 1357 3597 proprie
1406 3529 1734 3599 loquamur,

94 3620 161 3657 eos
185 3614 376 3667 tantum
418 3617 521 3687 qui
554 3616 769 3670 mortui
806 3616 1039 3670 fuerunt
1066 3615 1131 3669 in
1178 3616 1444 3687 peccatis,
1491 3616 1589 3671 sed
1621 3632 1737 3670 non

92 3698 313 3767 Parvulos,
341 3705 439 3774 qui
476 3705 745 3760 nondum
778 3709 1104 3775 peccarunt.

142 3784 193 3838 II.
220 3789 411 3847 Scimus
440 3796 690 3860 gratiam
716 3797 833 3863 Dei,
865 3810 957 3849 nec
989 3794 1261 3863 parvulis,
1290 3808 1383 3849 nec
1412 3793 1733 3862 majoribus,

89 3877 325 3933 secundum
354 3887 555 3938 merita
586 3886 772 3937 nostra
815 3884 958 3938 dari.
1011 3886 1157 3938 Ante
1188 3882 1385 3936 omnia
1415 3881 1739 3937 deﬁnienda

90 3958 239 4018 fuisset
260 3977 515 4027 accurate
544 3988 656 4027 vox
703 3975 907 4040 gratia.
939 3972 1236 4043 Intelligit,
1266 3976 1330 4025 ut
1356 3970 1604 4037 videtur,
1624 3974 1738 4022 Au-

89 4053 301 4115 gustinus
328 4060 591 4113 afﬂatum
622 4061 787 4114 illum
817 4061 918 4131 qui
944 4066 1120 4128 certo,
1153 4077 1221 4114 ex
1265 4060 1387 4130 ejus
1434 4057 1735 4123 sententia,

87 4146 391 4203 peccatorem
413 4148 718 4203 convertit.
752 4148 1014 4219 Pelagius
1047 4164 1277 4218 quoque
1320 4145 1508 4211 fateri,
1545 4161 1613 4198 ex
1639 4159 1741 4196 sua

88 4231 342 4300 sententia,
379 4235 491 4289 hoc
519 4235 739 4307 potuit;
777 4252 910 4290 nam
941 4235 1233 4305 Evangelii
1271 4233 1741 4304 praedicationem

85 4320 353 4390 ceteraque
405 4340 541 4394 qua:
591 4326 740 4378 Deus
769 4323 1001 4379 adhibet
1028 4324 1100 4379 ad
1146 4323 1443 4378 hominem
1488 4321 1743 4392 primum

86 4411 489 4465 convertendum
524 4412 701 4466 nullis
730 4411 985 4481 profecto
1008 4412 1229 4465 meritis
1256 4412 1327 4465 ab
1357 4409 1589 4464 homine
1621 4426 1749 4479 pro-

85 4499 272 4550 τορείας
291 4498 561 4569 largitur.
598 4501 707 4555 Sed
736 4500 783 4553 si
814 4501 1100 4571 intelligas
1132 4499 1452 4571 posteriora
1475 4498 1752 4552 beneﬁcia

90 4574 183 4642 Dei,
212 4598 330 4651 quae
347 4588 473 4656 jam
499 4588 866 4643 credentibus
893 4589 1125 4655 dantur,
1148 4605 1219 4643 ne
1240 4587 1593 4657 Augustinus
1625 4586 1751 4655 qui-

87 4661 188 4720 dem
220 4687 426 4743 negare
472 4677 759 4747 potuisset
786 4693 854 4732 ea
900 4677 1121 4731 meritis
1152 4678 1281 4747 (hoc
1303 4680 1408 4742 est,
1441 4673 1752 4727 benefactis

89 4766 189 4819 (ιιιεθ
212 4759 359 4817 Deus
405 4766 653 4835 praemio
684 4766 909 4821 afﬁcere
950 4782 1055 4838 pro
1095 4781 1199 4820 sua
1242 4762 1640 4818 misericordia
1684 4779 1745 4815 ac

88 4839 425 4907 beneficentia
463 4855 735 4925 decrevit)
768 4857 948 4909 Deum
978 4854 1289 4910 concedere
1316 4869 1330 4920 ;
1363 4867 1497 4906 nam
1539 4854 1757 4905 constat

87 4929 283 4990 habenti
310 4940 456 5008 dari,
495 4947 561 4996 ut
601 4942 810 4996 diserte
848 4943 1011 4997 docet
1040 4942 1314 5009 Christus,
1358 4957 1476 4995 non
1522 4939 1755 4993 habenti

86 5032 175 5073 non
214 5024 358 5084 dari.
421 5029 746 5087 Infantibus
795 5032 1111 5085 secundum
1165 5030 1372 5086 merita
1422 5027 1543 5083 dari
1584 5027 1756 5096 quid-

86 5120 246 5177 illlam,
294 5132 363 5170 ex
395 5117 686 5171 sententia
716 5117 955 5187 Pelagii,
987 5117 1099 5171 dici
1130 5134 1244 5171 non
1266 5115 1475 5187 potuit,
1508 5130 1639 5168 cum
1668 5114 1755 5166 in-

89 5192 235 5253 fantes
264 5202 380 5257 sint
421 5204 651 5260 virtutis
695 5221 927 5278 prorsus
956 5206 1293 5277 incapaces:
1333 5208 1397 5258 ut
1442 5218 1544 5256 nec
1583 5201 1757 5254 etiam

87 5293 287 5355 Propter
304 5292 471 5361 vitia,
496 5309 627 5363 quae
654 5310 769 5348 non
803 5293 1012 5351 cadunt
1041 5295 1152 5350 nisi
1180 5295 1241 5348 in
1261 5294 1481 5348 ratione
1510 5294 1753 5356 utentes,

89 5371 226 5436 plecti
250 5386 516 5448 possunt.

1778 4292 1823 4346 D

141 5464 222 5518 Ill.
252 5471 469 5523 Scimus
496 5472 797 5539 majoribus
827 5472 902 5525 ad
920 5474 1161 5539 singulos
1196 5474 1346 5526 actus
1377 5469 1522 5523 dari.
1566 5465 1761 5521 Afflari

90 5549 277 5607 adultos
320 5556 404 5611 ita
437 5564 508 5612 ut
567 5558 785 5614 afflatui
830 5559 1094 5617 resistere
1144 5561 1448 5629 nequeant,
1497 5558 1760 5625 negasset

834 312 1199 369 VARIORUM
1241 315 1841 374 EXERCITATIONES
1880 321 1946 374 IN
1986 321 2042 375 S.
2083 319 2445 374 AUGUSTINI
2487 320 2736 374 OPERA.

1830 546 2049 613 tendas,
2094 562 2194 599 seu
2253 545 2505 615 singulos
2552 549 2747 614 actus;

3432 328 3534 379 334

1837 458 2119 528 Pelagius,
2155 474 2255 512 seu
2285 458 2715 511 conversionem
2749 458 3080 512 summatim
3108 462 3416 529 spectatam
3446 466 3531 514 at-

2818 563 3001 617 neque
3077 548 3424 602 contrarium
3472 566 3535 603 ex

1833 633 2123 703 Scriptura
2149 634 2381 703 probari
2429 634 2696 687 adversus
2736 641 3043 705 negantem
3091 635 3389 705 potuisset.

1905 723 1996 775 IV.
2039 724 2247 778 Scimus
2289 738 2395 776 non
2432 722 2675 776 omnibus
2724 724 3027 777 hominibus
3059 724 3207 791 dari,
3254 729 3303 777 et
3334 725 3532 792 quibus

1834 810 2000 864 datur
2026 826 2132 864 non
2159 811 2331 864 solum
2357 810 2648 863 secundum
2673 813 2867 865 merita
2886 827 3104 880 cperam
3132 827 3237 864 non
3259 811 3405 878 dari,
3436 813 3531 866 sed

1832 913 1924 952 nec
1976 898 2267 952 secundum
2320 900 2514 950 merita
2549 899 2843 953 voluntatis
2888 916 3067 953 eorum
3113 902 3306 969 quibus
3346 902 3532 963 datur,

1834 987 1978 1055 quod
2006 989 2241 1040 maxime
2271 992 2501 1055 apparet
2529 989 2587 1039 in
2625 989 2892 1055 parvulis.
2933 988 2991 1041 Si
3037 988 3301 1042 omnibus
3330 988 3526 1041 homi-

1833 1073 2004 1127 nibus
2042 1090 2157 1127 non
2205 1074 2372 1128 datur
2426 1074 2749 1128 necessaria
2790 1092 3028 1145 prorsus
3069 1076 3140 1129 ad
3189 1076 3535 1130 credendum

1834 1160 2432 1230 perseverandumque
2480 1161 2542 1215 in
2583 1162 2696 1216 fide
2722 1163 2925 1232 gratia,
2964 1179 3080 1216 non
3116 1168 3355 1232 possunt
3384 1164 3534 1216 vitu-

1832 1247 2025 1316 perari
2057 1249 2354 1303 aaternisve
2387 1250 2683 1321 suppliciis
2711 1252 2885 1321 plecti
2917 1251 3015 1314 qui
3044 1268 3160 1305 non
3185 1252 3539 1305 creduntaut

1835 1351 1953 1389 non
1982 1342 2385 1407 perseverant;
2420 1338 2557 1408 quia
2583 1355 2883 1409 nunquam
2924 1339 3033 1393 fuit
3057 1339 3116 1392 in
3156 1355 3356 1392 eorum
3386 1344 3539 1408 pote-

1835 1427 1976 1477 state
2008 1425 2255 1495 gratiam
2284 1426 2442 1479 illam
2464 1426 2756 1496 consequi,
2790 1442 2985 1496 quam,
3022 1443 3090 1480 ex
3122 1427 3403 1480 sententia
3421 1429 3537 1480 Au-

1836 1512 2071 1582 gustini,
2118 1515 2265 1567 Deus
2294 1529 2397 1583 pro
2438 1514 2675 1567 arbitrio
2708 1514 2969 1583 largitur.

1908 1602 1970 1654 V.
2016 1602 2224 1656 Scimus
2272 1603 2348 1656 eis
2381 1603 2578 1671 quibus
2621 1603 2805 1668 datur,
2855 1603 3233 1659 misericordia
3263 1604 3369 1657 Dei
3405 1619 3541 1671 gra-

1841 1691 1981 1742 tuita
2030 1690 2173 1743 dari.
2219 1690 2343 1743 Non
2385 1696 2651 1759 negasset
2691 1691 2975 1760 Pelagius,
3010 1691 3057 1744 si
3084 1692 3152 1745 de
3182 1691 3368 1761 prima
3403 1708 3537 1745 con-

1840 1776 2118 1831 versionis
2144 1776 2326 1847 gratia
2351 1777 2641 1848 loquatur,
2671 1782 2737 1831 ut
2765 1778 3006 1846 videtur,
3052 1778 3427 1846 Augustinus.

1909 1866 1997 1918 VI.
2039 1865 2246 1919 Scimus
2302 1869 2377 1919 eis
2422 1866 2617 1934 quibus
2655 1882 2761 1920 non
2794 1867 2961 1920 datur
2995 1868 3146 1935 justo
3180 1866 3392 1934 judicio
3446 1867 3543 1919 Dei

1836 1968 1943 2007 non
1975 1953 2119 2007 dari.
2162 1954 2505 2008 Assensisset
2538 1954 2673 2008 huic
2705 1954 3002 2008 sententiae
3032 1954 3316 2021 Pelagius.

1908 2042 2022 2095 VII.
2078 2043 2286 2097 Scimus
2337 2043 2481 2111 quod
2544 2058 2720 2097 omnes
2771 2044 3070 2097 astabimus
3135 2046 3258 2095 ante
3299 2041 3542 2095 tribunal

1839 2130 2069 2195 Christi,
2105 2134 2163 2182 ut
2191 2132 2335 2195 ferat
2363 2132 2733 2197 unusquisque
2757 2130 3048 2183 secundum
3079 2144 3141 2181 ea
3171 2144 3289 2196 quae
3306 2144 3406 2197 per
3431 2143 3543 2181 cor-

1837 2233 1945 2287 pus
1978 2217 2162 2285 gessit,
2213 2234 2321 2272 non
2366 2219 2658 2272 secundum
2712 2236 2775 2273 ea
2812 2236 2953 2287 quae,
2979 2221 3030 2273 si
3075 2219 3285 2272 diutius
3322 2220 3546 2285 viveret,

1840 2312 2088 2375 gesturus
2108 2309 2240 2373 fuit,
2272 2309 2383 2361 sive
2413 2308 2624 2374 bonum,
2657 2309 2769 2362 sive
2797 2310 3018 2362 malum.
3060 2307 3170 2361 Nec
3201 2306 3334 2360 huic
3364 2307 3543 2375 apho-

1838 2395 2015 2448 rismo
2050 2411 2345 2448 assensum
2376 2400 2641 2466 negasset
2672 2395 2959 2466 Pelagius,
2995 2394 3103 2448 nisi
3132 2395 3277 2448 forte
3309 2393 3548 2447 senserit

1837 2483 1993 2554 quod
2023 2484 2095 2537 ad
2126 2487 2157 2537 9
2195 2482 2453 2553 regulam
2485 2484 2759 2539 dicemus.

1909 2571 2049 2624 VIII.
2093 2572 2301 2625 Scimus
2338 2573 2507 2624 etiam
2547 2572 2828 2639 parvulos,
2870 2570 3164 2624 secundum
3193 2586 3256 2623 ea
3295 2585 3412 2637 qua:
3447 2584 3547 2637 per

1837 2674 2030 2727 corpus
2084 2663 2382 2727 gesserunt,
2441 2665 2744 2727 recepturos
2786 2660 2868 2712 vel
2920 2660 3137 2724 bonum,
3188 2658 3270 2710 vel
3322 2658 3541 2710 malum.

1838 2747 2012 2816 Atqui
2059 2747 2201 2801 nihil
2229 2764 2333 2817 per
2380 2763 2583 2817 corpus
2615 2751 2931 2816 gesserunt,
2969 2762 3104 2799 nam
3160 2761 3339 2813 gerere
3380 2744 3546 2814 quid-

1840 2849 2015 2903 quam
2046 2834 2167 2888 sine
2196 2834 2432 2888 rationis
2472 2850 2577 2887 usu
2608 2850 2724 2887 non
2752 2838 3009 2903 possunt.
3040 2831 3190 2885 Audi
3216 2835 3410 2884 tamen
3430 2834 3544 2884 Au-

1841 2922 2136 2991 gustinum
2170 2940 2183 2976 2
2221 2925 2513 2976 Gesserunt
2555 2926 2733 2975 autem
2769 2937 2874 2974 non
2898 2936 2999 2990 per
3051 2921 3273 2987 seipsos,
3313 2918 3407 2972 sed
3442 2934 3546 2986 per

1833 3026 1915 3065 eos
1947 3012 2141 3079 quibus
2176 3026 2278 3079 pro
2307 3012 2419 3065 illis
2462 3009 2931 3078 respondentibus,
2984 3012 3034 3062 et
3077 3008 3391 3061 renuntiare
3420 3005 3540 3059 dia-

1843 3100 1955 3154 bolo
1994 3098 2252 3155 dicuntur
2276 3104 2325 3154 et
2363 3099 2572 3152 credere
2602 3099 2657 3151 in
2708 3099 2901 3151 Deum.
2935 3098 3000 3149 In
3027 3095 3275 3149 formula
3298 3093 3537 3164 quidem

1840 3187 2108 3259 baptismi
2155 3188 2378 3242 dicebat
2429 3190 2723 3257 susceptor
2751 3185 2930 3251 credo,
2964 3184 3308 3249 abrenuntio,
3340 3182 3438 3235 sed
3470 3197 3540 3236 ea

1840 3276 2110 3344 formula,
2144 3280 2209 3330 ut
2232 3274 2476 3329 diximus
2524 3275 2598 3327 ad
2642 3273 2817 3342 epist.
2858 3276 2945 3333 98,
2980 3272 3041 3325 in
3068 3287 3236 3325 nsum
3272 3270 3546 3324 duntaxat

1842 3362 2168 3417 adultorum
2190 3361 2379 3431 prima
2399 3360 2739 3415 concinnata
2768 3360 2967 3421 fuerat,
2990 3358 3197 3413 deinde
3222 3358 3539 3411 infantibus

1841 3449 2199 3503 incommode
2243 3451 2471 3518 aptata;
2514 3462 2701 3517 neque
2731 3462 2795 3499 ex
2828 3462 2894 3498 ea
2924 3447 3105 3498 ullum
3134 3443 3547 3498 consectarium

1843 3538 2046 3591 deduci
2074 3542 2312 3608 poterat,
2346 3535 2664 3606 praesertim
2689 3532 2844 3605 quod
2865 3534 3092 3603 magnis
3120 3536 3269 3586 esset
3299 3532 3546 3586 difficul-

1845 3626 2056 3679 tatibus
2075 3625 2408 3679 obnoxium.
2446 3622 2613 3691 Unde,
2636 3622 2824 3692 inquit
2852 3620 2911 3675 in
2937 3622 3310 3691 sequentibus
3350 3624 3545 3690 Augu-

1846 3713 2047 3778 stinus,
2083 3716 2133 3765 et
2160 3714 2218 3765 in
2239 3725 2461 3765 numero
2502 3710 2745 3779 ﬁdelium
2783 3714 3183 3778 computantur,
3220 3711 3549 3777 pertinentes

1847 3800 1922 3854 ad
1943 3801 2262 3854 sententiam
2310 3798 2526 3852 Domini
2554 3796 2785 3851 dicentis
2819 3812 2832 3849 :
2866 3796 2973 3859 Qui
3027 3795 3333 3850 crediderit
3363 3800 3418 3847 et
3450 3796 3548 3847 ba-

1846 3886 2092 3956 ptizatus
2120 3884 2316 3951 fuerit,
2350 3884 2533 3937 salvus
2564 3883 2689 3936 erit.
2720 3886 2789 3938 At
2817 3883 2877 3936 in
2898 3883 3053 3937 hisce
3079 3881 3553 3950 verbisloquitur

1849 3972 2104 4027 Christus
2144 3972 2213 4025 de
2259 3972 2466 4033 aduLtis
2514 3976 2756 4038 tantum,
2787 3972 2887 4042 qui
2936 3970 2989 4024 ei
3019 3971 3249 4025 credere
3290 3972 3549 4037 possunt,

1849 4067 1912 4116 ut
1940 4061 2010 4114 iis
2031 4061 2161 4114 solis
2190 4060 2537 4129 praedicatur
2570 4059 2958 4128 Evangelium.
2985 4058 3157 4111 Addit
3188 4065 3380 4110 tamen
3410 4058 3551 4109 Ari-

1847 4150 2053 4204 stoteles
2102 4151 2312 4212 Poenus,
2372 4151 2434 4200 ut
2488 4162 2619 4199 eum
2652 4146 2883 4215 quidam
2915 4145 3037 4215 ejus
3090 4143 3554 4198 adversariorum

1848 4238 2132 4292 vocabat:
2172 4239 2404 4306 Propter
2449 4236 2592 4303 quod
2636 4240 2687 4288 et
2716 4235 2825 4288 illis
2882 4236 2979 4303 qui
3010 4236 3102 4287 hoc
3152 4237 3555 4289 sacramentum

1853 4342 1960 4380 non
1980 4325 2274 4392 accipiunt,
2304 4324 2569 4389 contingit
2589 4320 2732 4389 quod
2768 4322 3051 4388 sequitur:
3085 4320 3184 4391 qui
3214 4326 3406 4372 autem
3438 4335 3557 4377 non

1860 4410 2166 4466 crediderit
2195 4406 2689 4462 condemnabitur.
2718 4405 2892 4477 Atqui
2915 4407 3171 4476 loquitur
3202 4405 3455 4461 Christus
3488 4407 3558 4460 de

1857 4502 1927 4555 iis
1954 4500 2053 4571 qui
2080 4500 2390 4570 prtedicato
2420 4497 2527 4550 sibi
2558 4495 2858 4565 Evangelio
2884 4511 2999 4548 non
3022 4494 3403 4562 crediderant,
3442 4510 3559 4549 non

1860 4590 1928 4643 de
1952 4584 2287 4652 infantibus,
2322 4586 2530 4655 quibus
2553 4601 2667 4637 non
2699 4583 3059 4657 praedicatur.
3082 4584 3189 4647 Qui
3221 4584 3361 4639 tales
3384 4583 3559 4638 inter-

1857 4675 2209 4747 pretationes
2251 4673 2558 4740 Scriptura:
2588 4685 2941 4739 concoquere
2985 4670 3196 4741 potuit,
3239 4669 3373 4740 quid
3404 4670 3463 4723 in
3495 4686 3561 4723 ea

1860 4781 1976 4818 non
2004 4762 2194 4833 potuit
2226 4759 2481 4813 invenire
2505 4760 2533 4811 ?
2606 4756 2613 4759 ’
3250 4812 3253 4813 ν

1932 4853 2015 4906 ΙΧ.
2052 4852 2264 4906 Scimus
2319 4847 2502 4914 felices
2534 4859 2644 4898 esse
2679 4848 2912 4898 mortuos
2945 4846 3041 4911 qui
3068 4846 3124 4897 in
3176 4845 3397 4897 Domino
3442 4857 3557 4895 mo-

1859 4943 2098 5005 riuntur,
2125 4954 2217 4992 nec
2259 4935 2333 4989 ad
2370 4950 2453 4989 eos
2483 4936 2749 5003 pertinere
2781 4928 3058 5001 quidquid
3104 4934 3283 4985 acturi
3314 4933 3555 4996 fuerant,

1859 5030 1909 5081 si
1948 5031 2178 5095 tempore
2206 5024 2547 5079 diuturniore
2578 5022 2863 5074 vidissent.
2890 5019 3290 5073 Commentum
3324 5015 3433 5071 fuit
3454 5018 3558 5070 Pe-

1859 5115 2237 5185 lagianorum,
2279 5112 2397 5183 qui,
2432 5115 2493 5164 ut
2525 5110 2642 5176 alii,
2690 5109 2969 5179 putabant
2999 5123 3207 5176 pueros
3239 5122 3357 5160 non
3393 5121 3557 5174 posse

1862 5203 2107 5275 gloriam
2144 5202 2428 5255 caelestem
2474 5199 2749 5269 consequi
2788 5198 2907 5250 sine
2934 5196 3238 5265 baptismo,
3263 5198 3327 5249 ut
3355 5195 3563 5250 redde-

1864 5294 1992 5343 rent
2032 5287 2315 5342 rationem
2352 5301 2453 5339 cur
2476 5285 2577 5338 alii
2627 5284 2860 5354 quidem
2907 5282 3148 5335 infantes
3202 5286 3563 5334 morerentur

1864 5378 1984 5432 sine
2015 5376 2321 5447 baptismo,
2358 5374 2455 5428 alii
2481 5388 2613 5427 vero
2662 5372 3092 5441 baptizarentur
3132 5376 3441 5441 antequam
3472 5370 3562 5423 in-

1860 5466 2118 5521 terirent.
2162 5463 2381 5517 Priorcs
2412 5477 2619 5529 nempe
2648 5459 2993 5529 praeviderat
3028 5460 3172 5513 Deus
3205 5459 3324 5512 fore
3358 5459 3563 5520 malos,

1868 5552 1917 5606 si
1940 5551 2228 5606 viverent:
2273 5547 2614 5618 posteriores
2655 5549 2853 5599 contra
2882 5545 3004 5598 fore
3038 5545 3235 5610 bonos,
3269 5543 3311 5597 si
3345 5544 3566 5598 diutur-
