3922 6188
345 257 446 311 335

1367 250 1922 308 SUPPLEMENTUM
1963 253 2054 305 AD
2091 251 2326 308 OPERA
2363 251 2417 308 S.
2459 249 2844 304 AUGUSTINI.
3667 269 3740 320 336

343 377 570 431 niorem
629 375 810 431 vitam
868 374 1120 429 haberet.
1179 372 1336 436 Quod
1389 372 1699 426 absurdum
1761 377 1845 426 est
1887 389 2037 426 com-
2077 375 2122 428 A
2156 371 2422 438 misisset,
2450 371 2744 442 multaque
2766 369 3072 440 Evangelio
3123 370 3411 428 addidisset
3433 380 3658 434 credendi
3680 385 3742 436 in-

346 470 625 519 mentum.

416 555 696 608 XScimus
725 567 807 605 eos
853 553 950 619 qui
1003 549 1159 604 corde
1186 552 1407 618 proprio
1461 549 1684 603 credunt
1740 552 1798 602 in
1854 551 2032 603 Domi-

345 657 493 708 num,
525 656 626 694 sua
654 640 714 693 id
739 644 918 704 facere
945 638 1216 691 voluntate
1243 652 1305 690 ac
1349 637 1512 690 libero
1539 637 1788 690 arbitrio.
1825 638 2038 690 Conce-

347 730 517 782 debat
543 727 822 796 Pelagius,
858 725 956 779 sed
984 726 1090 779 hoc
1110 724 1310 796 negari
1340 725 1409 778 ab
1445 725 1768 794 Augustino
1801 731 2041 778 conten-

347 817 543 882 debat;
587 815 722 886 quia
765 814 1073 884 Augustini
1131 813 1513 867 ineluctabilis
1565 813 1791 867 afﬂatus
1840 813 2042 867 evertit

345 905 642 958 libertatem
665 919 677 969 ;
709 918 838 973 qua:
867 902 1026 955 nulla
1046 907 1151 970 est,
1179 901 1290 954 nisi
1311 901 1370 954 id
1392 900 1572 972 possis
1595 901 1858 956 omittere
1885 902 2042 972 quod

343 991 511 1058 facis;
558 991 665 1045 hoc
695 996 798 1050 est,
851 989 1138 1043 vocationi
1194 989 1400 1044 divinae
1440 989 1518 1043 ita
1571 989 1922 1060 obsequeris,
1978 994 2042 1044 ut

344 1093 471 1132 eam
497 1078 681 1148 possis
703 1078 1015 1148 negligere.

411 1168 504 1221 XI.
544 1168 754 1222 Scimus
785 1183 888 1235 pro
932 1169 1028 1234 eis,
1061 1169 1159 1234 qui
1184 1167 1376 1221 nolunt
1403 1167 1617 1222 credere
1671 1183 1770 1222 nos
1804 1168 1902 1235 qui
1921 1166 2041 1235 jam

343 1256 611 1310 credimus
666 1259 812 1307 recta
849 1255 963 1322 ﬁde
1014 1270 1171 1320 agere
1221 1270 1338 1309 cum
1389 1257 1676 1310 Dominum
1719 1269 1934 1309 oramus
1981 1258 2042 1308 ut

342 1344 528 1397 velint.
553 1344 666 1396 Nec
685 1342 790 1395 hoc
821 1357 937 1394 non
991 1343 1190 1396 orabat
1227 1343 1510 1413 Pelagius,
1544 1343 1641 1397 sed
1669 1358 1788 1396 non
1812 1341 2043 1412 petebat

344 1447 377 1484 a
403 1432 518 1483 Deo
559 1439 620 1483 ut
660 1428 1101 1483 ineluctabiliter
1143 1430 1462 1484 voluntates
1493 1430 1796 1484 hominum
1844 1429 2034 1483 ﬂecte-

346 1522 452 1583 ret,
500 1517 595 1571 sed
650 1521 873 1570 tantum
927 1521 990 1570 ut
1028 1517 1255 1584 faceret,
1297 1533 1424 1587 quae
1452 1517 1698 1572 diximus
1739 1517 1810 1570 ad
1849 1519 1962 1583 §2,
2009 1532 2042 1569 a

347 1606 463 1658 Deo
494 1601 619 1656 ﬁeri
657 1606 721 1655 ut
767 1618 863 1656 cor
891 1602 1193 1657 hominum
1237 1603 1558 1671 molliatur;
1594 1604 2040 1674 ostendebatque

347 1691 416 1745 iis
443 1691 706 1762 precibus
731 1706 989 1745 amorem
1023 1707 1136 1760 quo
1183 1691 1513 1761 proximum
1560 1692 2036 1762 prosequebatur,

347 1779 484 1833 dum
515 1778 748 1848 optabat
771 1794 902 1832 eum
919 1778 1124 1832 divinae
1152 1778 1276 1832 voci
1297 1779 1652 1849 morigerum
1681 1795 1741 1832 se
1764 1779 2039 1849 praebere.

413 1868 536 1921 XII.
573 1867 781 1921 Scimus
797 1882 899 1936 pro
919 1869 1012 1934 eis,
1037 1869 1134 1936 qui
1159 1883 1227 1920 ea:
1256 1868 1366 1921 illis
1392 1867 1758 1934 crediderunt,
1781 1873 2044 1935 tanquam

344 1956 409 2009 de
439 1956 722 2024 beneﬁciis,
754 1960 893 2010 recte
921 1960 1083 2023 atque
1126 1957 1396 2012 veraciter
1437 1960 1488 2010 et
1539 1957 1726 2010 debere
1778 1971 1872 2010 nos
1930 1957 2043 2009 Deo

341 2059 499 2112 agere
528 2045 741 2110 gratias
765 2049 815 2097 et
843 2044 1028 2098 solere.
1071 2042 1162 2098 Sic
1209 2044 1384 2098 etiam
1435 2043 1720 2098 faciebant
1748 2042 2043 2112 Pelagiani

344 2147 561 2197 omnes,
595 2135 694 2184 aut
740 2131 924 2185 facere
953 2135 1104 2184 certe
1151 2131 1470 2199 debebant;
1499 2147 1632 2186 nam
1677 2131 1820 2185 nihil
1863 2131 2038 2185 habe-

342 2220 479 2274 bant
499 2219 815 2286 credentes,
846 2234 912 2272 ex
946 2235 1146 2272 eorum
1176 2219 1478 2286 sententia,
1521 2220 1677 2290 quod
1729 2237 1762 2273 a
1783 2221 1896 2274 Deo
1923 2235 2043 2272 non

344 2305 694 2376 accepissent
724 2323 738 2372 ;
770 2321 875 2359 nec
899 2305 946 2359 si
977 2307 1126 2360 Deus
1149 2307 1519 2378 Evangelium
1542 2308 1610 2362 ad
1633 2305 1895 2362 homines
1925 2323 2041 2361 non

2151 460 2473 526 citamenta,
2521 459 2825 530 quisquam
2858 458 2911 512 ei
2950 445 3291 515 credidisset.
3325 463 3446 526 Quis
3490 467 3746 526 divitiarum

2156 563 2354 601 amans
2375 563 2489 601 non
2525 547 2734 617 gratias
2766 549 2960 616 ageret
2979 546 3204 599 homini
3235 548 3329 618 qui
3357 567 3474 604 eum
3495 553 3665 608 divitiis
3680 575 3748 610 cu-

2152 637 2441 701 mulasset,
2475 635 2734 706 quamvis
2765 640 2825 688 ut
2846 651 2940 690 eas
2956 636 3235 706 acciperet
3253 637 3468 692 minime
3501 642 3746 712 coegisset?

2149 724 2284 788 Quis
2307 740 2426 778 non
2473 728 2635 792 grato
2683 723 2876 777 animo
2911 723 2979 777 sit
3020 739 3156 793 erga
3181 739 3305 778 eum
3348 727 3438 796 qui
3476 734 3606 783 recta
3638 732 3685 784 in
3708 750 3750 786 re

2150 812 2345 882 magni
2371 811 2650 865 momenti
2682 811 2919 865 consilia
2943 812 3212 882 praebuit,
3236 814 3470 883 quamvis
3491 815 3625 870 irrita
3645 819 3746 871 tuis-

2149 904 2290 964 sent,
2327 899 2437 953 nisi
2490 899 2629 953 ﬁdes
2687 898 2766 952 eis
2818 898 3012 953 habita
3056 900 3242 953 esset?
3271 901 3397 964 Quis
3437 903 3587 957 ﬁdem
3611 921 3746 972 suam,

2150 993 2248 1042 aut
2276 987 2522 1042 alienam
2567 986 2759 1041 animo
2792 991 3064 1057 reputans
3081 1003 3405 1059 summaque
3424 991 3516 1044 Dei
3532 1008 3638 1062 qua
3662 1009 3752 1048 eam

2149 1081 2578 1148 consequuntur
2613 1074 2911 1142 beneﬁcia,
2953 1076 3070 1130 Deo
3102 1076 3306 1145 gratias
3334 1077 3400 1130 ob
3427 1093 3487 1131 ea
3523 1083 3570 1131 et
3608 1078 3752 1146 ﬁdem,

2149 1165 2310 1235 cujus
2340 1164 2671 1240 potissimus
2699 1167 2895 1217 auctor
2941 1168 3025 1218 est
3063 1163 3232 1230 Deus,
3279 1181 3390 1218 non
3416 1165 3632 1219 habeat?
3674 1167 3751 1220 Sed

2151 1253 2272 1307 haec
2302 1253 2448 1322 grati
2477 1251 2657 1306 animi
2694 1251 3015 1306 testiﬁcatio
3048 1267 3166 1306 non
3187 1252 3348 1306 debet
3381 1267 3489 1306 esse
3520 1253 3752 1322 ejusmodi,

2153 1344 2214 1394 ut
2243 1340 2381 1394 dum
2412 1341 2524 1394 Deo
2547 1356 2649 1410 pro
2670 1339 2784 1394 ﬁde
2809 1339 3167 1394 credentium
3208 1343 3387 1411 grates
3428 1339 3754 1409 rependimus;

2149 1427 2228 1480 ita
2279 1427 2347 1481 de
2383 1443 2448 1482 eo
2493 1426 2824 1493 sentiamus,
2876 1426 3039 1498 quasi
3069 1443 3187 1480 non
3217 1425 3402 1480 minus
3446 1442 3594 1480 causa
3619 1425 3675 1478 sit
3695 1424 3756 1477 in-

2117 1589 2120 1592 ὶ
2151 1514 2501 1569 credulitatis
2522 1515 2945 1568 contumacium
2967 1530 3142 1586 quam
3177 1514 3309 1569 ﬁdei
3328 1514 3639 1568 credentium
3659 1533 3671 1579 ;
3693 1512 3760 1565 aut

2151 1619 2219 1657 ea
2248 1603 2523 1670 dicamus,
2567 1619 2635 1656 ex
2682 1603 2894 1674 quibus
2924 1602 3240 1658 necessario
3289 1603 3528 1673 sequitur
3556 1618 3634 1656 eos
3652 1602 3758 1671 juste

2155 1709 2188 1745 a
2227 1693 2342 1745 Deo
2372 1690 2544 1760 plecti
2572 1707 2690 1745 non
2717 1707 2884 1761 posse
2916 1708 2928 1758 ;
2953 1692 3106 1762 quod
3138 1691 3350 1746 faciunt
3379 1690 3471 1762 qui
3490 1691 3758 1758 dicuutpec-

2152 1783 2275 1833 cato
2343 1778 2545 1833 Adami
2593 1778 2769 1833 factos
2821 1784 3162 1850 peccatores,
3213 1784 3505 1851 antequam
3539 1782 3690 1832 essent
3721 1776 3761 1828 in

2153 1883 2346 1921 rerum
2377 1871 2605 1937 natura,
2637 1867 2894 1938 talesque
2925 1867 3099 1931 nasci,
3135 1872 3234 1922 aut
3264 1866 3615 1921 necessarium
3639 1864 3759 1935 quid-

2152 1955 2308 2026 piam
2338 1955 2409 2009 ad
2450 1954 2624 2009 ﬁdem
2677 1954 2982 2008 incredulis
3037 1954 3302 2009 defuisse.
3343 1954 3444 2008 Sed
3473 1954 3581 2007 haec
3605 1952 3757 2013 obiter,

2152 2060 2286 2098 nam
2315 2043 2385 2097 de
2427 2043 2582 2097 hisce
2639 2043 3036 2097 controversiis
3083 2043 3310 2112 copiose
3353 2042 3661 2112 scripserunt
3690 2038 3762 2092 viri

2151 2130 2480 2198 doctissimi,
2513 2130 2832 2202 praesertim
2887 2131 2948 2185 in
2988 2131 3182 2202 Belgio
3227 2127 3526 2196 Foederato,
3569 2128 3764 2183 abimu-

2151 2235 2264 2289 gno
2295 2219 2618 2272 animorum
2645 2223 2786 2272 testu
2816 2218 2954 2273 olim
2985 2220 3212 2290 agitatae
3236 2224 3383 2274 sunt.

1573 2580 1670 2647 IN
1757 2581 2107 2651 TOMUM
2183 2579 2663 2648 TERTIUM.

1942 2727 2254 2740 ——_-—

511 2822 923 2882 DESIDERIUS
961 2825 1280 2882 ERASMUS
1319 2826 1413 2880 AD
1447 2826 1834 2882 LECTOREM.

2145 2823 2318 2878 hodie
2339 2839 2508 2877 nemo
2531 2828 2616 2878 est
2645 2823 2798 2880 inter
2813 2827 3068 2881 eruditos
3094 2827 3196 2898 qui
3220 2827 3351 2881 velit
3371 2825 3471 2880 sub
3491 2822 3684 2878 nomine
3699 2835 3767 2873 suo

417 2930 481 2982 ln
520 2929 672 2982 hunc
698 2929 932 2984 tertium
972 2934 1028 2983 et
1053 2934 1322 3000 quartum
1363 2933 1696 2998 sequentem
1728 2933 1912 2983 tomos
1949 2929 2041 2984 di—
2078 2961 2117 3017 α
2151 2911 2261 3017 edi:
2295 2927 2424 2983 (Ἦλθε
2455 2913 3088 3017 εξεεθεξξοηξεῂςὶίνέηξε
3117 2916 3186 3017 3})
3220 2919 3449 3017 δυοίίξτῆ
3472 2912 3766 3017 Ρυξῗρδοίυτ·

346 3020 627 3089 gessimus
654 3030 716 3074 τὰ
745 3027 1010 3079 διδακτικά.
1069 3019 1175 3072 hoc
1221 3021 1323 3080 est,
1350 3032 1480 3087 quae
1509 3033 1611 3071 nec
1649 3023 1782 3072 sunt
1828 3017 2040 3086 episto-

347 3106 439 3172 lae,
477 3123 584 3162 nec
634 3108 701 3162 ad
742 3105 1022 3178 populum
1067 3103 1234 3168 dicta,
1291 3118 1396 3157 nec
1427 3104 1697 3164 adversus
1741 3105 2040 3160 haereticos

345 3195 685 3264 pugnantia,
709 3194 806 3248 sed
849 3189 1044 3246 lectori
1083 3190 1392 3245 erudiendo
1421 3192 1650 3262 scripta.
1679 3193 1862 3248 Notha
1905 3209 2040 3250 cen-

347 3283 494 3336 suris
516 3282 720 3338 additis
743 3279 1138 3346 indicavimus,
1161 3295 1234 3334 ne
1260 3280 1388 3350 quis
1419 3285 1570 3334 erret
1597 3281 1859 3336 insciens.

887 3399 1460 3459 ANIMADVERSION
1470 3405 1548 3458 ES

653 3526 709 3564 ΙΝ
747 3525 935 3564 LIBROS
984 3525 1052 3562 DE
1090 3523 1359 3563 DOCTRINA
1398 3524 1729 3564 CHRISTIANA.

417 3618 697 3672 Paomco.
733 3620 760 3684 §
804 3619 852 3670 1.
886 3617 1007 3670 Haec
1048 3615 1261 3668 tradere
1281 3617 1504 3669 institui
1523 3615 1822 3670 volentibus
1850 3620 1900 3670 et
1936 3632 2040 3670 υα-

347 3706 577 3761 lentibus
615 3705 836 3770 discere,
868 3705 920 3757 si
947 3707 1082 3758 Deus
1130 3719 1192 3757 ac
1228 3705 1490 3760 Dominus
1526 3709 1706 3758 noster
1743 3720 1804 3757 ea
1833 3719 1951 3772 qua
1976 3705 2041 3758 de

347 3793 446 3846 hac
474 3807 532 3846 re
558 3792 821 3860 cogitanti
847 3790 975 3848 solet
995 3805 1276 3856 suggerere
1295 3792 1457 3844 etiam
1488 3791 1746 3843 scribenti
1772 3791 1910 3844 mihi
1933 3806 2041 3846 non

345 3877 603 3951 deneget]
681 3878 948 3942 Quamvis
1018 3877 1200 3932 bonas
1272 3893 1472 3931 omnes
1519 3877 1892 3947 cogitationes
1968 3879 2039 3932 ad

346 3965 730 4036 Deum,quasi
755 3966 826 4020 ad
871 3965 1154 4020 bonorum
1201 3965 1462 4020 omnium
1509 3965 1755 4035 primam
1787 3981 2036 4032 causam,

341 4054 554 4108 referre
589 4054 916 4121 debeamus,
959 4069 1075 4107 non
1120 4052 1199 4107 ita
1228 4058 1423 4108 tamen
1465 4054 1838 4124 loquendum,
1875 4055 2039 4125 quasi

341 4143 490 4196 Deus
522 4159 624 4196 nos
655 4143 896 4210 afﬂaret,
937 4147 994 4196 et
1028 4141 1308 4213 quidquid
1352 4143 1570 4196 bonum
1601 4158 1722 4197 esse
1754 4143 2040 4197 credimus

2222 3001 2388 3056 LiBao
2419 3017 2457 3056 1.
2489 2999 2623 3070 Cap.
2659 3003 2747 3066 30,
2782 3001 2809 3071 ἓ
2842 3004 2928 3056 3t.
2955 3003 3061 3058 Sed
3096 3008 3282 3058 utrum
3313 3003 3386 3057 ad
3413 3002 3513 3055 duo
3552 3001 3634 3054 illa
3665 3011 3769 3066 pra:-

2149 3088 2321 3161 cepta)
2345 3089 2414 3143 de
2451 3089 2694 3144 amando
2734 3091 2849 3144 Deo
2885 3096 2942 3144 et
2971 3092 3260 3162 proximo)
3296 3096 3456 3146 etiam
3475 3090 3662 3144 dilectio
3680 3101 3771 3154 ρετ-
3856 3085 3857 3094 ‘

2151 3180 2320 3232 tineat
2340 3179 2651 3246 angelorum
2681 3195 2786 3232 non
2805 3181 3270 3236 irrationabiliter
3303 3182 3470 3251 quaeri
3489 3175 3675 3247 potest.)
3698 3171 3768 3236 Ουί

2149 3280 2266 3318 non
2291 3265 2603 3320 oscitanter
2641 3267 2904 3336 legerunt
2945 3268 3318 3339 Scripturam,
3351 3268 3568 3322 nomine
3589 3261 3772 3334 proximi

2148 3357 2372 3407 tantum
2422 3359 2518 3408 aut
2572 3355 2827 3425 ejusdem
2859 3357 3066 3426 gentis,
3125 3359 3216 3411 vel
3266 3357 3493 3412 familia.-
3524 3352 3770 3412 hominem,

2149 3445 2248 3494 aut
2294 3442 2550 3512 ejusdem
2593 3448 2814 3497 naturae
2845 3444 3115 3502 humanm
3166 3445 3506 3516 participem
3535 3433 3772 3512 signiﬁcari

2149 3535 2376 3584 norunt.
2399 3531 2511 3585 Nec
2532 3532 2679 3586 Deus
2724 3548 2850 3606 non.
2871 3533 3041 3602 jussit
3090 3549 3288 3588 amare
3319 3533 3561 3603 angelos,
3591 3527 3776 3599 quibus-

2147 3634 2278 3671 cum
2307 3635 2425 3673 non
2453 3633 2765 3687 versamur,
2793 3625 2851 3675 et
2889 3637 3032 3692 quos
3063 3621 3240 3677 etiam
3268 3637 3440 3678 nemo
3470 3620 3592 3675 odio
3618 3615 3772 3671 habere

2150 3709 2354 3774 potest.

2219 3793 2352 3863 Cap.
2387 3796 2473 3860 36,
2504 3793 2531 3864 §
2564 3796 2653 3849 41.
2702 3796 2780 3850 De
2817 3795 3129 3867 interprete
3173 3798 3483 3868 Scriptum
3532 3793 3619 3866 qui
3637 3801 3774 3843 veram

2147 3879 2381 3950 quidem
2422 3882 2761 3937 sententiam
2799 3886 3010 3954 quaerit
3062 3885 3122 3938 in
3170 3886 3484 3956 Scriptura,
3518 3881 3606 3936 sed
3633 3878 3770 3932 alieno

2148 3968 2270 4022 loco
2302 3985 2315 4022 :
2344 3970 2704 4037 Corrigendus
2733 3977 2811 4026 est
2833 3977 3029 4038 tamen,
3060 3973 3270 4044 inquit,
3293 3985 3344 4028 et
3361 3989 3518 4042 quam
3544 3973 3609 4024 sit
3635 3966 3774 4020 utilius

2146 4059 2292 4110 viam
2317 4073 2424 4111 non
2459 4059 2697 4112 deserere
2727 4059 3204 4115 demonstrandum
3229 4067 3328 4126 est,
3362 4077 3427 4114 ne
3464 4052 3774 4113 consuetudine

2147 4141 2419 4209 deviandi,
2457 4147 2618 4199 etiam
2647 4149 2704 4199 in
2736 4151 3104 4202 transversum
3126 4153 3224 4203 aut
3252 4163 3554 4216 peruersum
3582 4146 3648 4197 ire
3667 4153 3774 4206 coga-
3855 4165 3857 4184 ι

340 4229 519 4285 veluti
548 4231 806 4285 dictaret.
837 4229 1092 4284 Primum
1116 4229 1268 4288 enim
1292 4230 1410 4284 falli
1443 4247 1595 4300 stepe
1616 4247 1939 4300 possumus,
1973 4236 2038 4285 ut
2066 4246 2110 4302 Ι)
2151 4236 2259 4297 tur,
2293 4237 2395 4286 etc.
2444 4233 2572 4286 Haec
2611 4239 2744 4286 sunt
2783 4235 3125 4290 conferenda
3155 4251 3292 4292 cum
3322 4235 3392 4289 iis
3419 4251 3542 4305 quae
3587 4228 3774 4286 diximus

339 4332 540 4370 verum
569 4333 690 4370 esse
729 4320 995 4386 putemus
1025 4316 1179 4386 quod
1207 4333 1323 4370 non
1353 4321 1457 4382 est,
1509 4319 1662 4387 quod
1707 4319 2038 4388 frequenter

341 4405 660 4475 Augustino
682 4403 956 4473 contigit;
989 4419 1052 4456 ac
1082 4405 1322 4473 proinde
1372 4405 1686 4459 cavendum
1715 4422 1783 4458 ne
1811 4411 2036 4460 nostros

341 4509 563 4548 errores
584 4493 699 4546 Deo
729 4491 1063 4546 tribuamus.
1097 4491 1309 4545 Deinde
1339 4507 1697 4563 quaecunque
1726 4510 1855 4548 vere
1888 4494 2036 4548 dici-

337 4597 466 4635 mus
498 4596 616 4634 non
641 4583 774 4632 sunt
811 4583 1113 4648 propterea
1153 4595 1184 4631 a
1214 4580 1328 4632 Deo
1379 4585 1669 4650 suggesta,
1700 4574 1835 4635 cum
1852 4598 1919 4636 ea
1939 4582 2034 4635 in-

339 4667 620 4725 stitutioni
648 4667 993 4738 lectionique
1015 4668 1372 4738 plerumque,
1406 4669 1522 4722 Deo
1545 4685 1910 4739 nequaquam
1949 4670 2032 4723 in-

338 4756 714 4822 terveniente,
774 4756 1100 4810 debeamus.
1153 4755 1409 4826 Denique
1463 4756 1510 4810 si
1556 4756 1720 4824 alius,
1763 4757 1861 4827 qui
1909 4758 2034 4828 pari

333 4847 464 4917 jure
481 4845 710 4917 gaudet,
732 4843 839 4898 sibi
860 4843 1228 4913 cogitationes
1250 4859 1378 4896 suas
1400 4861 1432 4897 a
1455 4844 1568 4896 Deo
1593 4845 1824 4914 suggeri
1856 4845 2029 4909 dicat,

338 4941 396 4991 et
425 4933 710 4990 contraria
737 4929 1012 5003 proferat,
1041 4931 1168 5001 quis
1197 4931 1257 4985 in
1287 4931 1648 4986 c0ncordiam
1678 4933 1901 5004 rediget
1946 4935 2030 4988 af-

337 5024 502 5077 ﬁatos
531 5023 702 5078 hosce
724 5020 1032 5076 homines?
1079 5020 1148 5073 Se
1186 5019 1428 5074 invicem
1475 5009 1838 5075 infamabunt
1868 5023 2030 5093 quasi

337 5109 884 5180 pseudoprophetas,
918 5112 974 5162 et
1022 5107 1375 5162 internecino
1407 5109 1555 5163 bello
1585 5117 2023 5181 persequentur,

336 5198 474 5251 dum
498 5197 760 5251 homines
792 5198 982 5252 minus
1011 5196 1261 5266 religiosi
1298 5197 1480 5267 ipsam
1511 5198 1849 5268 religionem
1881 5199 2026 5254 ride-

339 5285 504 5350 bunt,
537 5299 709 5353 quam
731 5285 1186 5340 animadverterit
1206 5301 1336 5338 cum
1357 5286 1594 5338 somniis
1619 5286 1858 5339 misceri.
1886 5289 2030 5342 Sunt

340 5376 396 5426 et
433 5370 544 5424 alia
579 5371 941 5428 incommoda
983 5389 1112 5442 quae
1143 5372 1278 5426 hinc
1334 5372 1484 5425 nasci
1517 5379 1747 5442 queant,
1783 5390 2028 5444 quorum

339 5458 522 5514 miror
548 5455 608 5510 in
655 5462 902 5513 mentem
958 5459 1276 5530 Augustino
1317 5475 1429 5513 non
1494 5460 1730 5516 venisse.
1771 5461 2026 5519 Profecto

2144 4322 2214 4376 ad
2245 4323 2680 4378 Confessionum
2711 4325 2811 4380 lib.
2837 4343 2930 4391 xu,
2960 4344 3083 4396 cap.
3123 4331 3211 4395 l7,
3240 4327 3342 4381 ubi
3383 4329 3525 4380 Deus
3549 4314 3774 4376 contraria

2143 4410 2478 4480 Augustino,
2512 4411 2559 4464 si
2601 4413 2670 4466 de
2731 4429 2791 4465 se
2842 4414 3096 4468 creditur
3145 4414 3277 4484 ipsi,
3307 4411 3775 4483 suggerebat-,nam

2144 4514 2271 4567 qua:
2293 4498 2408 4552 illic
2437 4499 2610 4552 habet
2640 4499 2747 4553 sibi
2777 4517 2810 4553 a
2832 4502 2946 4555 Deo
2977 4507 3245 4572 suggesta
3290 4503 3362 4556 ab
3391 4500 3549 4556 initio
3578 4494 3686 4550 libri
3720 4492 3777 4543 in-

2141 4586 2286 4642 nuit.
2321 4586 2424 4640 Sed
2455 4587 2704 4640 secunda
2725 4590 3015 4660 suggestio
3041 4590 3234 4659 priore
3267 4591 3450 4644 multo
3475 4586 3671 4642 melior.

2212 4675 2351 4744 Cap.
2405 4678 2492 4740 39,
2534 4673 2562 4745 §
2615 4677 2703 4730 43.
2759 4680 2923 4731 Homo
2976 4681 3161 4746 itaque
3213 4679 3343 4746 ﬁde,
3385 4694 3476 4747 spe
3513 4681 3560 4730 et
3605 4671 3777 4726 caritate

2140 4763 2424 4828 subnixus,
2456 4779 2624 4832 caque
2652 4766 2964 4820 inconcusse
3009 4769 3264 4832 retinens,
3306 4783 3412 4821 non
3450 4755 3776 4828 indigctScri-

2135 4853 2336 4919 pluris,
2369 4853 2480 4905 nisi
2508 4852 2581 4905 ad
2616 4854 2753 4907 alios
2794 4855 3158 4910 instruendus.
3191 4858 3386 4923 Itaque
3429 4853 3577 4908 multi
3592 4864 3675 4918 per
3698 4843 3778 4897 MC
3855 4849 3857 4874 ‘

2140 4940 2250 4992 tria
2278 4941 2336 4992 in
2361 4940 2652 4994 solitudine
2679 4944 2796 4995 sine
2817 4942 3088 4996 codicibus
3128 4943 3369 5012 vivunt]
3407 4943 3575 4994 Nemo
3599 4943 3696 4991 tam
3720 4931 3776 4980 est

2137 5027 2353 5096 peritus
2384 5028 2689 5096 Scripturae
2711 5029 2852 5099 quin
2893 5029 3146 5100 indigeat
3193 5030 3504 5095 codicibus,
3541 5039 3664 5098 quos
3685 5032 3778 5073 con-

2138 5115 2288 5168 sulat
2305 5119 2360 5168 et
2402 5115 2554 5186 legat
2591 5117 2850 5171 subinde.
2902 5117 3064 5181 Quod
3093 5117 3140 5170 si
3192 5118 3324 5189 quis
3354 5119 3563 5171 litteras
3591 5107 3773 5165 nesciat.

2136 5203 2215 5256 ibi
2245 5203 2434 5272 potius
2469 5204 2636 5258 debet
2664 5205 2850 5258 vivere
2888 5206 2986 5259 ubi
3028 5207 3301 5275 leguntur
3346 5221 3519 5276 quam
3543 5203 3597 5256 in
3623 5195 3776 5252 solitu-

2137 5291 2288 5344 dine.
2323 5290 2381 5345 Si
2420 5291 2545 5362 quis
2600 5293 2758 5358 sciat,
2791 5294 3081 5363 protervia
3129 5299 3212 5347 est
3237 5297 3296 5350 et
3346 5288 3775 5363 negligentianon

2133 5378 2499 5447 ignoscenda,
2523 5379 2569 5432 si
2599 5380 2818 5435 codices
2846 5382 2953 5436 sibi
2974 5399 3090 5437 non
3119 5388 3430 5452 comparet.
3459 5382 3578 5435 Hmc
3596 5383 3773 5430 merum

2135 5467 2588 5523 enthusiasmum
2627 5469 2906 5526 redolent.
