3922 6188
128 327 205 377 337

852 276 1207 371 VAliIORUM
1250 315 1855 372 EXERCITATIONES
1894 318 1964 371 IN
2004 317 2058 371 S.
2101 319 2469 374 AUGUSTINI
2508 320 2758 376 OPERA.
2862 378 2879 393 χ

3457 328 3558 379 338

180 448 315 499 LIBBO
350 458 403 508 ιι,
433 455 547 509 cap.
591 441 644 503 8,
678 440 705 503 ξ
742 440 825 492 t2.
861 439 930 492 In
970 440 1241 493 canonicis
1289 444 1466 493 autem
1498 441 1745 508 Scriptu-
1785 439 1834 494 A
1866 442 2013 494 nullo
2052 442 2225 496 modo.
2278 445 2345 497 Ut
2387 446 2527 497 enim
2558 446 2766 512 cuique,
2804 447 2999 513 primis
3043 445 3173 513 ﬁdei
3209 449 3555 515 temporibus,

126 538 182 588 ris
209 532 527 585 Ecclesiarum
554 527 941 580 catholicarum
963 544 1125 595 quam
1144 528 1441 595 plurimum
1466 527 1753 581 auctorita-

128 630 199 675 tem
223 622 507 686 sequuntur,
553 617 696 667 inter
725 630 861 682 quas
891 630 1019 667 sane
1049 616 1154 668 illa:
1192 620 1335 682 sunt,
1371 632 1488 684 quae
1535 621 1749 683 aposto-

126 714 221 765 licos
269 706 401 760 sedes
455 705 641 757 habere
687 709 737 757 et
788 704 1041 773 epistolas
1096 706 1337 772 accipere
1390 702 1747 774 meruerunt.]

117 796 400 867 Apostolicze
443 794 599 847 sedes
652 797 785 846 sunt
834 809 915 847 eas
973 793 1033 846 in
1087 794 1295 863 quibus
1351 792 1460 863 ipsi
1512 794 1750 862 apostoli

114 887 357 956 episcopos
410 882 843 949 constituerunt,
896 898 1023 952 quas
1066 898 1197 935 cum
1250 886 1436 935 essent
1488 882 1748 935 omnium

113 970 489 1042 antiquissimae,
538 970 822 1023 debebant
861 970 1064 1039 prima:
1121 968 1383 1023 omnium
1440 968 1749 1039 apostolica

110 1061 275 1130 scripta
313 1074 423 1112 esse
456 1063 652 1111 nactae.
687 1058 890 1113 Mirum
935 1062 1018 1111 est
1060 1058 1443 1128 Augustinum
1488 1058 1579 1111 hic
1604 1058 1747 1111 nihil

108 1149 277 1203 habere
319 1146 383 1199 de
414 1162 609 1199 eorum
654 1146 936 1199 sententia
964 1146 1084 1217 qui,
1116 1147 1185 1199 ad
1216 1148 1385 1200 Vetus
1414 1148 1747 1201 Testamen—

107 1242 201 1289 tum
229 1234 365 1305 quod
399 1233 617 1300 attinet,
645 1235 834 1287 nullos
864 1234 1001 1287 alios
1027 1235 1410 1305 agnoscebant
1443 1236 1621 1289 libros
1649 1252 1747 1289 ca-

105 1324 297 1377 nonicos
341 1327 546 1392 praeter
584 1338 679 1374 eos
724 1322 822 1391 qui
854 1321 1124 1375 Hebraicc
1156 1322 1455 1392 conscripti
1500 1324 1742 1390 fuerant,

105 1427 238 1481 quam
266 1426 326 1463 ex
356 1410 682 1477 Hieronymi
712 1408 939 1478 scriptis
972 1425 1315 1479 cognoscere
1344 1410 1547 1479 potuit.

159 1498 297 1564 lbid.,
339 1501 363 1564 §
416 1501 495 1551 t3.
549 1498 649 1552 Illi
696 1498 802 1551 duo
859 1498 1009 1565 libri,
1038 1511 1177 1551 unus
1220 1499 1317 1564 qui
1365 1498 1649 1565 Sapientia
1698 1500 1747 1549 et

104 1588 213 1640 alius
235 1590 321 1654 qui
347 1588 750 1640 Ecclesiasticus
778 1586 1114 1653 inscribitur,
1150 1585 1212 1639 de
1238 1586 1475 1653 quadam
1494 1588 1747 1639 similitu-

103 1675 198 1727 dine
241 1676 524 1729 Salomonis
556 1690 665 1729 esse
716 1675 1010 1737 dicuntur,-
1052 1690 1180 1727 num
1220 1676 1384 1728 Jesus
1432 1674 1631 1729 Sirach
1661 1688 1745 1727 eos

103 1766 427 1832 conscripsisse
454 1766 888 1817 constantissime
911 1764 1246 1832 perhibetur,
1280 1765 1375 1831 qui
1403 1768 1579 1816 tamen
1608 1778 1745 1831 quo-

102 1855 215 1904 niam
258 1854 308 1905 in
351 1856 727 1906 auctoritatem
766 1854 941 1921 recipi
969 1856 1298 1919 meruerunt,
1329 1854 1469 1905 inter
1514 1852 1745 1920 prophe-

104 1943 201 1993 ticos
224 1942 531 1995 numerandi
560 1940 735 2012 sunt.]
772 1940 1263 1994 Retractationum
1296 1939 1394 1993 lib.
1441 1957 1500 2005 ιι,
1532 1955 1655 2009 cap.
1689 1941 1741 2006 4,

104 2028 161 2080 ait
185 2045 231 2081 se
257 2036 438 2098 postea
486 2029 749 2083 didicisse
798 2046 901 2082 non
930 2031 1012 2082 ita
1050 2034 1293 2082 constare
1324 2032 1385 2081 ut
1428 2031 1743 2097 putaverat,

104 2122 143 2169 et
178 2118 483 2185 probabilius
540 2133 651 2171 esse
698 2116 1047 2171 Sirachidem
1102 2116 1233 2169 libri
1281 2115 1585 2185 Sapientiae
1631 2132 1744 2169 non

104 2222 194 2256 esse
220 2210 511 2259 auctorem.
569 2206 773 2258 Mirum
819 2211 905 2260 est
933 2206 1262 2275 episcopum
1312 2205 1456 2257 tanti
1495 2204 1746 2257 nominis

106 2306 194 2342 rem
220 2293 476 2346 tantillam
508 2293 805 2363 ignorasse
835 2293 1194 2364 aliquandiu,
1225 2308 1398 2362 quam
1420 2308 1451 2345 a
1490 2293 1749 2345 catechu-

104 2380 243 2431 menis
261 2380 383 2433 disci
412 2381 783 2451 oportuisset.
818 2382 1125 2451 Nunquam
1154 2380 1402 2435 studiose
1435 2395 1567 2433 eum
1593 2380 1745 2450 lege-

105 2470 167 2518 rat
191 2467 397 2535 librum,
444 2486 581 2523 cum
614 2470 734 2522 hmo
764 2470 1036 2523 scriberet
1070 2482 1082 2524 :
1118 2484 1252 2522 nam
1296 2473 1490 2521 auctor
1529 2468 1659 2521 libri
1690 2484 1746 2521 se

105 2569 188 2605 non
214 2557 279 2608 ait
304 2558 493 2611 Jesum
526 2574 647 2610 esse
680 2556 864 2611 filium
894 2556 1113 2616 Sirach,
1147 2557 1245 2610 sed
1272 2571 1466 2627 regem
1496 2556 1744 2622 Israclis,

106 2656 194 2709 cap.
232 2660 295 2703 1x,
320 2650 374 2710 7,
417 2647 466 2698 8.
507 2646 674 2708 Quod
706 2661 837 2698 cum
889 2644 968 2698 ita
1000 2644 1088 2708 sit,
1126 2660 1242 2697 non
1273 2644 1434 2714 capio
1468 2643 1567 2714 qui
1596 2643 1749 2697 inter

107 2730 404 2798 propheticos
458 2733 643 2786 libros
697 2733 916 2786 censeri
959 2738 1152 2802 posset
1199 2732 1537 2801 opusculum
1585 2731 1746 2801 cujus

113 2820 250 2869 auctor
291 2836 403 2889 prie
450 2837 513 2874 se
574 2820 682 2873 fert
728 2836 787 2873 se
833 2836 1029 2890 regem
1079 2820 1269 2884 fuisse,
1325 2836 1456 2873 cum
1506 2819 1746 2873 minime

119 2900 246 2958 fuerit.

166 2994 256 3063 Cap.
304 2999 381 3058 ll,
482 2997 573 3049 16.
607 2997 817 3050 Latina
846 2996 1064 3065 quidem
1095 2997 1291 3063 linguae
1333 2996 1570 3049 homines
1616 3010 1745 3063 quos
1775 3006 1815 3061 (ζ

114 3086 515 3139 neninstruendos
547 3087 897 3153 suscepimus,
930 3084 1141 3137 duabus
1171 3086 1298 3137 aliis
1326 3085 1398 3136 ad
1427 3084 1744 3151 Scriptura—

109 3186 193 3242 ruin
221 3173 523 3227 divinarum
572 3176 925 3240 cognitionem
968 3188 1100 3241 opus
1131 3173 1344 3239 habent,
1374 3172 1615 3226 Hebraea
1640 3175 1744 3225 sci-

109 3259 207 3323 licet,
234 3267 275 3314 et
298 3264 506 3329 Graeca,
544 3267 603 3315 ut
633 3262 706 3314 ad
739 3263 1073 3329 emcmplaria
1107 3261 1467 3330 przecedentia
1504 3276 1748 3314 recurra-

106 3352 170 3397 tur
205 3351 246 3401 si
282 3366 434 3417 quam
484 3350 883 3403 dubitationem
913 3349 1158 3402 attulerit
1205 3350 1525 3401 Latinorum
1570 3350 1745 3401 inter-

103 3440 265 3500 pretum
292 3440 502 3506 inﬁnita
546 3436 827 3505 varietas]
862 3437 982 3489 Non
1014 3436 1189 3489 miror
1217 3435 1599 3505 Augustinum
1634 3437 1744 3489 lin-

104 3538 196 3589 guae
223 3525 408 3579 Grcecze
440 3524 705 3579 studium
748 3524 1175 3591 commendare,
1223 3539 1356 3576 nam
1389 3528 1445 3576 et
1476 3524 1610 3577 alibi
1642 3525 1747 3577 hoc

104 3607 229 3674 facit;
267 3612 355 3665 sed
390 3612 691 3665 Hebrasam
740 3610 871 3663 addi
904 3610 1116 3664 Latinae
1148 3611 1516 3663 vehementer
1544 3611 1743 3663 miror.

104 3696 223 3751 Certe
261 3714 369 3753 non
421 3703 653 3753 tantum
700 3697 863 3767 epist.
907 3700 995 3763 2t,
1052 3714 1179 3767 quas
1229 3704 1494 3752 censetur
1539 3699 1749 3768 scripta

1788 1726 1827 1779 Β

104 3784 213 3837 circa
250 3803 449 3841 annum
483 3789 614 3853 395,
657 3786 757 3839 sed
784 3790 841 3839 et
883 3785 1046 3855 epist.
1078 3790 1171 3854 7t,
1199 3786 1409 3857 scripta
1440 3804 1589 3841 anno
1621 3789 1743 3854 403,

101 3872 396 3943 Augustinus
426 3877 601 3946 plane
622 3874 903 3944 improbat
922 3874 1177 3928 studium
1200 3874 1453 3928 vertendi
1478 3875 1747 3928 Hebraica

104 3960 273 4027 Latine,
292 3963 709 4034 acquiescitque
728 3962 786 4015 in
804 3966 1065 4016 accurata
1083 3963 1343 4016 versione
1357 3962 1748 4016 translationis

102 4047 195 4102 LXX
233 4051 620 4123 interpretum.
661 4050 936 4104 Similiter
968 4056 1024 4104 et
1052 4051 1200 4103 infra
1243 4051 1414 4120 hujus
1461 4050 1593 4104 libri
1622 4067 1743 4121 cap.

104 4138 151 4188 ti
174 4138 422 4208 loquitur,
456 4145 517 4193 et
547 4154 719 4209 opere
759 4139 829 4192 de
877 4138 1114 4193 Civitate
1147 4138 1247 4192 Dei
1278 4139 1375 4192 lib.
1426 4156 1581 4204 xvm,
1621 4155 1743 4209 cap.

100 4222 167 4287 43,
193 4225 437 4280 divinitus
464 4227 691 4279 afflatus
722 4226 893 4279 fuisse
924 4230 1085 4295 putat
1113 4226 1341 4279 eosdem
1382 4225 1744 4295 interpretes,

100 4310 300 4383 ideoque
326 4316 668 4384 Hieronymo
689 4290 1097 4382 przeferendos,
1124 4313 1385 4384 quamvis
1409 4290 1587 4367 Judaei
1617 4290 1749 4367 Hie-
1786 4290 1829 4343 Β

102 4403 449 4467 ronymianam
521 4402 839 4455 versionem
912 4401 1452 4472 Septuagintavirali
1505 4401 1751 4471 lpraefer—

101 4494 213 4541 rent.
243 4490 342 4544 Sed
384 4496 439 4545 et
482 4491 594 4545 hoc
634 4490 847 4544 mirum
895 4494 977 4543 est
1016 4490 1085 4543 ab
1115 4488 1431 4560 Augustino
1480 4490 1572 4543 hic
1598 4505 1752 4543 com-

103 4577 317 4631 mendari
351 4579 603 4634 studium
624 4580 837 4650 linguae
870 4578 1178 4644 Hebraicm,
1210 4594 1315 4631 nec
1343 4584 1534 4631 tamen
1564 4578 1751 4647 ipsum

103 4666 177 4715 aut
202 4681 534 4738 quemquam
566 4668 766 4733 alium,
796 4666 864 4719 iis
898 4665 1136 4727 saeculis,
1168 4666 1482 4737 quidquam
1518 4682 1751 4736 aggres-

96 4748 202 4805 sum
237 4770 349 4809 esse
384 4756 585 4820 facere,
620 4760 683 4808 ut
716 4755 866 4807 viam
914 4754 1166 4825 aperiret
1194 4754 1263 4806 iis
1295 4753 1394 4823 qui
1424 4753 1479 4807 id
1506 4754 1755 4808 studium

103 4835 285 4907 ingredi
316 4845 645 4897 voluissent.
679 4844 949 4896 Attamen
993 4847 1051 4896 et
1078 4845 1275 4912 postea
1306 4842 1399 4895 lib.
1436 4858 1509 4909 IV,
1544 4859 1665 4912 cap.
1695 4847 1751 4907 ’7,

103 4926 283 4996 aliquid
326 4932 534 4985 iterum
564 4932 633 4985 de
670 4930 995 5000 Hieronymi
1027 4930 1220 4983 labore
1262 4929 1454 4983 habet.
1488 4929 1656 4995 Sane,
1690 4933 1755 4982 ut

102 5016 226 5081 quod
249 5021 491 5089 suspicer
518 5021 725 5086 dicam,
760 5034 955 5071 vereor
984 5034 1057 5071 ne
1106 5018 1243 5088 quid
1274 5018 1365 5071 hic
1396 5018 1467 5070 sit
1500 5018 1755 5087 interpo—

104 5100 249 5157 latum
287 5108 468 5161 aliena
497 5124 692 5171 manu,
735 5111 1043 5176 postquam
1092 5105 1535 5172 Hieronymiana
1569 5104 1753 5158 versio

106 5193 455 5248 auctoritatem
489 5196 545 5249 in
578 5194 880 5249 Occidente
922 5196 1227 5247 consecuta
1254 5192 1456 5246 fuerat.
1492 5192 1609 5245 Sim
1641 5192 1754 5245 mi-

106 5290 205 5343 nus,
234 5282 298 5335 ad
327 5283 709 5337 academicum
768 5282 1069 5354 ingenium
1120 5281 1445 5351 Augustini,
1498 5281 1607 5333 sibi
1638 5297 1756 5334 non

108 5366 211 5418 satis
237 5376 511 5437 constans,
537 5374 659 5425 hare
690 5378 861 5426 erunt
888 5371 1204 5425 referenda.

161 5454 281 5510 lbid.
322 5460 425 5524 Qui
466 5461 778 5530 Scripturas
808 5477 875 5514 ea:
918 5460 1143 5514 Hebraea
1188 5460 1376 5527 lingua
1422 5459 1479 5510 in
1511 5459 1756 5511 Grmcum

108 5547 337 5599 verterunt
378 5551 652 5603 numerari
687 5552 932 5619 possunt,
982 5548 1175 5602 Latini
1221 5551 1399 5600 autem
1439 5548 1757 5613 interpretes

1859 532 1917 582 in
1943 546 2133 583 manus
2163 533 2307 585 venit
2336 532 2501 585 code-.1:
2534 534 2772 597 Graecus,
2806 539 2855 585 et
2882 535 3285 601 aliquantulum
3310 537 3557 600 faculta—

1862 620 1932 671 tis
1973 619 2081 671 sibi
2125 623 2408 686 utriusque
2457 622 2653 687 linguae
2702 621 2895 674 habere
2934 622 3241 687 videbatur,
3282 638 3448 678 ausus
3481 630 3558 679 est

1861 704 2257 777 interpretari]
2314 708 2514 760 Fateor
2552 724 2617 760 ex
2649 709 2950 761 collatione
2998 709 3284 763 variarum
3328 711 3557 767 illarum

1859 794 2398 864 interpretationum
2430 797 2646 867 aliquid
2681 798 2819 851 lucis
2850 798 3009 864 oriri,
3042 803 3106 851 ut
3145 804 3340 868 postea
3367 805 3557 854 osten-

1860 884 1941 936 dit
1970 884 2361 954 Augustinus;
2416 886 2510 939 sed
2546 902 2613 938 ex
2657 886 2896 959 lectione
2931 887 3103 940 unius
3132 887 3336 941 codicis
3377 888 3554 942 Crazci

1858 972 2258 1027 emendatioris
2304 974 2485 1026 multo
2531 974 2715 1043 major
2756 974 2968 1027 fructus
2999 975 3123 1043 capi
3155 976 3341 1045 potuit
3379 992 3552 1047 quam

1857 1074 1923 1112 ex
1955 1058 2252 1113 collatione
2283 1059 2484 1130 viginti
2530 1061 2589 1114 in
2619 1062 2936 1131 peritorum
2992 1063 3390 1133 interpretum.
3441 1067 3549 1119 Ita-

1856 1165 1967 1219 que
2026 1148 2341 1217 optandum
2396 1150 2597 1203 fuisset
2659 1150 3046 1205 Occidentales
3105 1152 3395 1217 Ecclesias,
3446 1170 3549 1223 pro

1855 1240 1939 1291 tot
1968 1236 2292 1306 sumptibus
2322 1253 2464 1307 quos
2514 1237 2796 1292 faciebant
2827 1240 2886 1291 in
2915 1240 3172 1293 indoctos
3221 1245 3275 1293 et
3315 1241 3549 1309 otiosos,

1858 1327 1955 1376 aut
1989 1323 2087 1376 vili
2113 1324 2307 1378 labore
2350 1331 2657 1395 occupatos
2681 1328 3010 1393 monachos,
3058 1328 3288 1403 publico
3320 1332 3551 1399 sumptu

1857 1417 1913 1465 et
1967 1412 2207 1466 consilio
2258 1414 2643 1469 adolescentes
2699 1416 2918 1470 misisse
2970 1417 3030 1469 in
3099 1416 3391 1481 Graeciam,
3456 1420 3553 1469 aut

1857 1500 2078 1553 Graicos
2131 1502 2434 1571 magistros
2491 1520 2559 1557 ex
2629 1504 2858 1558 Oriente
2916 1520 3163 1572 vocasse,
3242 1508 3302 1559 ut
3358 1506 3549 1576 plures

1856 1591 2107 1643 Graecam
2142 1591 2399 1661 linguam
2444 1592 2853 1663 intelligerent,
2906 1593 3145 1663 aliisque
3185 1592 3367 1647 facem
3396 1610 3547 1663 pra:—

1859 1679 2091 1734 ferrent.
2149 1681 2358 1734 Omnes
2399 1697 2533 1734 vero
2566 1681 2919 1735 Christianos
2949 1697 3054 1751 par
3100 1681 3549 1735 fuissetcondu-

1858 1784 1982 1821 cere
2041 1769 2325 1835 Hebraeos,
2374 1786 2407 1822 a
2454 1769 2663 1839 quibus
2706 1769 2903 1838 lingua
2949 1769 3184 1823 Hebraea
3230 1769 3547 1835 doceretur,

1856 1870 2034 1925 eaque
2056 1857 2251 1909 omnia
2279 1856 2463 1910 facere
2491 1873 2618 1927 quae
2650 1873 2883 1910 avorum
2918 1862 3243 1910 nostrorum
3274 1857 3553 1911 memoria

1854 1943 1913 1995 in
1952 1944 2173 2012 Europa
2219 1943 2363 1996 facta
2405 1948 2556 2003 sunt,
2603 1944 2669 1997 ad
2700 1945 2912 2014 linguas
2960 1944 3113 1997 illius
3160 1945 3546 2014 cognitionem

1854 2031 1914 2085 in
1943 2047 2111 2085 usum
2142 2031 2598 2085 Christianorum
2628 2032 3028 2086 revocandam.
3071 2034 3214 2086 Nam
3247 2033 3401 2103 quod
3452 2049 3545 2085 se-

1858 2119 1973 2173 rius
2029 2120 2239 2173 factum
2300 2124 2404 2187 est,
2452 2120 2510 2174 id
2560 2120 2724 2190 prius
2773 2120 2900 2174 fieri
2955 2121 3162 2191 potuit,
3216 2124 3273 2174 et
3325 2120 3550 2175 facilius

1857 2208 2049 2273 etiam,
2082 2207 2192 2261 nisi
2220 2208 2474 2262 laborem
2506 2208 2785 2279 fugissent
2808 2208 3068 2262 homines
3100 2208 3251 2261 illius
3281 2208 3406 2262 aevi.

1928 2297 2061 2365 Cap.
2113 2299 2195 2362 16,
2232 2298 2259 2363 §
2289 2298 2377 2349 25.
2412 2297 2479 2349 Ut
2506 2296 2769 2349 ostendat
2799 2296 3175 2350 necessariam
3208 2312 3328 2349 esse
3366 2295 3552 2349 arith-

1856 2384 2122 2438 meticam
2197 2384 2268 2437 ad
2330 2383 2764 2454 intelligendam
2832 2384 3203 2454 Scripturam,
3269 2387 3553 2437 memorat

1850 2472 2139 2542 jejunium
2170 2472 2548 2542 quadraginta
2580 2471 2803 2525 dierum
2834 2472 3018 2537 Musis,
3050 2472 3183 2526 Elite
3221 2476 3274 2525 et
3303 2471 3507 2526 Christi
3533 2488 3547 2536 ;

1855 2564 1977 2614 tum
2004 2560 2160 2614 addit
2200 2576 2214 2613 :
2257 2561 2434 2628 Cujus
2486 2562 2714 2614 actionis
2755 2564 3025 2629 ﬁguratus
3071 2561 3297 2629 quidam
3348 2560 3548 2625 nodus,

1854 2651 1964 2703 nisi
1997 2650 2160 2717 hujus
2190 2650 2401 2702 numeri
2442 2651 2742 2716 cognitione
2765 2654 2814 2702 et
2843 2650 3268 2703 consideratione
3303 2664 3409 2702 non
3436 2649 3550 2701 sol—

1853 2740 2023 2791 uitur.
2053 2738 2223 2791 Habet
2260 2739 2406 2790 enim
2445 2737 2731 2790 denarium
2770 2742 2963 2805 quater
2992 2741 3253 2804 tanquam
3282 2738 3549 2803 cognitio-

1854 2841 1972 2878 nem
2002 2842 2182 2879 rerum
2211 2828 2475 2879 intentam
2517 2825 2867 2893 temporibus,
2907 2828 3011 2877 etc.
3045 2824 3201 2888 Quae,
3230 2838 3360 2876 cum
3398 2822 3550 2876 bona

1856 2912 2162 2983 Augustini
2201 2913 2387 2979 venia,
2420 2927 2590 2981 nugs:
2618 2916 2750 2965 sunt
2785 2911 3173 2982 Pythagorica:
3199 2928 3261 2964 ac
3291 2910 3549 2964 Platoni-

1856 3016 1954 3066 cze,
1991 3016 2023 3052 a
2054 2999 2262 3069 quibus
2306 2998 2365 3051 in
2395 3014 2455 3050 re
2483 3002 2599 3051 tam
2626 2997 2786 3067 gravi
2833 2997 3119 3051 abstinere
3160 2996 3341 3050 multo
3372 2995 3550 3049 satius

1854 3086 1977 3140 fuit.
2031 3085 2136 3139 Sed
2172 3084 2363 3138 nescio
2394 3084 2685 3155 quomodo
2733 3100 2800 3137 eo
2834 3088 3093 3153 tempore
3134 3082 3459 3137 ostentandi
3488 3082 3548 3136 in

1854 3173 2134 3242 ejusmodi
2164 3173 2331 3226 rebus
2362 3172 2580 3243 ingenii
2604 3173 2680 3225 ita
2726 3172 3046 3225 invaluerat
3065 3169 3438 3235 consuetudo,
3481 3174 3545 3224 ut

1856 3279 1986 3316 cum
2024 3262 2231 3331 plausu
2279 3262 2412 3315 talia
2461 3261 2791 3315 audirentur
2839 3275 2968 3330 qum
3016 3264 3148 3313 sunt
3190 3258 3309 3312 risu
3352 3258 3540 3328 digna.

1856 3351 1992 3415 Quis
2039 3351 2184 3404 ferat
2230 3349 2398 3403 hodie
2440 3349 2548 3402 sibi
2580 3348 2689 3402 dici
2733 3348 3068 3419 bydriarum
3110 3347 3389 3418 quinque,
3420 3362 3550 3417 qua:

1856 3440 2022 3493 Canae
2050 3441 2229 3501 erant,
2253 3438 2411 3492 Joan.
2448 3455 2505 3503 ιι,
2530 3453 2798 3491 mensura
2828 3453 2957 3507 quas
2987 3436 3094 3489 fuit
3114 3435 3339 3489 circiter
3367 3434 3547 3487 trium

1856 3530 2249 3592 metretarum,
2282 3526 2659 3595 signiﬁcatam
2696 3525 2749 3579 S.
2782 3524 3142 3589 Trinitatem,
3176 3523 3549 3593 quemadmo-

1857 3614 1994 3667 dum
2026 3613 2160 3667 facit
2202 3613 2576 3683 Augustinus,
2620 3612 2687 3665 ad
2720 3626 2853 3665 eum
2880 3611 3113 3664 Joannis
3139 3610 3366 3664 locum?
3394 3610 3436 3663 Ο
3465 3608 3545 3662 fe-

1856 3702 1989 3754 lices
2040 3700 2327 3769 homines,
2384 3701 2483 3771 qui
2528 3704 2746 3753 tantam
2790 3698 3127 3753 eruditionis
3170 3698 3384 3752 famam
3426 3701 3544 3749 tam

1855 3789 2019 3843 facile
2058 3790 2165 3842 sibi
2200 3792 2575 3859 pepererunt!
2613 3787 2720 3841 Sed
2752 3792 2808 3840 et
2851 3803 2883 3839 o
2917 3785 3157 3855 stipites,
3201 3784 3301 3855 qui
3340 3784 3549 3837 talibus

1858 3876 1997 3929 olim
2022 3876 2391 3945 plaudebant,
2426 3878 2525 3928 aut
2555 3873 2871 3928 etiamnum
2907 3873 3054 3926 serio
3084 3872 3300 3926 favent!

1928 3965 2058 4033 Cap.
2099 3966 2181 4027 t7,
2228 3966 2255 4030 §
2305 3966 2392 4029 27,
2446 3963 2516 4016 de
2550 3977 2753 4015 novem
2803 3962 2986 4014 Musas
3017 3976 3139 4013 esse
3187 3958 3545 4014 dicentibus:

1856 4053 2073 4117 Refellit
2104 4066 2187 4104 eos
2242 4053 2433 4114 Varro,
2478 4064 2581 4117 quo
2628 4051 2803 4102 nescio
2859 4054 3043 4102 utrum
3089 4047 3239 4115 apud
3281 4061 3364 4100 eos
3394 4049 3551 4114 quis-

1858 4155 2021 4209 quam
2064 4140 2258 4193 talium
2296 4152 2477 4191 rerum
2520 4137 2726 4190 doctior
2773 4142 2869 4190 aut
2903 4138 3171 4190 curiosior
3219 4149 3328 4188 esse
3355 4136 3547 4202 possit.

1859 4230 1999 4281 Dicit
2036 4228 2175 4280 enim
2204 4228 2475 4279 civitatem
2504 4227 2680 4279 nescio
2711 4241 2894 4294 quam,
2924 4241 3030 4278 non
3061 4225 3201 4277 enim
3243 4238 3431 4277 nomen
3460 4237 3552 4275 re-

1860 4316 1988 4379 colo,
2027 4316 2222 4369 locasse
2266 4314 2417 4381 apud
2447 4318 2553 4367 tres
2590 4316 2822 4382 artiﬁces
2854 4320 3005 4366 terna
3042 4313 3336 4366 simulacra
3365 4312 3551 4366 Musa-

1858 4419 2000 4468 rum,
2033 4402 2177 4471 quod
2196 4404 2254 4455 in
2282 4403 2475 4470 templo
2505 4402 2781 4469 Apollinis
2804 4402 3002 4455 donum
3025 4404 3263 4469 poneret,
3304 4404 3365 4451 ut
3394 4400 3554 4467 quis-

1860 4493 1981 4558 quis
2012 4492 2282 4558 artiﬁcum
2313 4490 2635 4558 pulchriora
2657 4491 2964 4555 formasset,
3004 4490 3070 4542 ab
3102 4488 3193 4542 illo
3211 4489 3554 4557 potissimum

1860 4580 2023 4632 electa
2061 4583 2270 4631 emeret.
2324 4580 2514 4647 Itaque
2561 4580 2845 4644 contigisse
2889 4582 2949 4631 ut
2994 4592 3157 4646 opera
3203 4591 3305 4629 sua
3343 4589 3553 4645 quoque

1858 4668 1945 4719 illi
1973 4668 2205 4733 artiﬁces
2235 4682 2382 4733 aeque
2407 4666 2643 4733 pulchra
2666 4666 3019 4733 explicarent,
3052 4669 3101 4717 et
3125 4664 3398 4732 placuisse
3426 4664 3555 4715 civi-

1860 4756 1964 4807 tati
1984 4768 2159 4807 omnes
2186 4768 2391 4818 novem,
2425 4757 2587 4819 atque
2615 4768 2791 4806 omnes
2820 4767 2930 4805 esse
2958 4756 3184 4821 emptas,
3217 4756 3277 4804 ut
3306 4752 3364 4803 in
3390 4750 3554 4817 Apol-

1860 4842 1988 4894 linis
2028 4841 2220 4908 templo
2263 4839 2665 4905 dedicarentur,
2713 4839 2908 4907 quibus
2955 4843 3144 4907 postea
3187 4838 3323 4890 dicit
3366 4837 3551 4889 Hesio-

1860 4928 1989 4981 dum
2030 4931 2249 4996 poetam
2279 4928 2597 4994 imposuisse
2646 4926 2928 4991 uocabula,
2984 4922 3118 4994 etc]
3172 4923 3230 4977 Si
3282 4921 3435 4991 quod
3484 4920 3552 4974 de

1862 5015 2116 5069 numeris
2152 5014 2299 5068 dixit
2342 5013 2698 5083 Augustinus
2728 5013 2799 5066 ad
2836 5011 3371 5081 interpretationem
3402 5008 3551 5062 Scri-

1860 5109 2062 5175 pturm,
2096 5103 2320 5157 admitti
2357 5103 2426 5156 ab
2475 5101 2715 5155 ethnicis
2757 5100 3028 5171 oportuit,
3083 5114 3197 5152 non
3241 5096 3408 5150 video
3440 5112 3554 5168 quo

1856 5195 1987 5263 jure
2024 5192 2267 5246 ethnicis
2313 5208 2431 5246 non
2460 5190 2681 5245 licuerit
2725 5190 2910 5246 dicere
2942 5190 3138 5241 fictum
3179 5186 3289 5240 hoc
3337 5202 3370 5239 a
3411 5186 3554 5238 Var-

1864 5297 2002 5334 rone
2032 5281 2119 5333 vel
2150 5280 2219 5333 ab
2245 5280 2377 5342 alio,
2429 5295 2559 5333 cum
2606 5277 2924 5347 praesertim
2956 5290 3141 5329 sermo
3191 5274 3262 5327 sit
3290 5273 3361 5327 de
3403 5276 3555 5327 tem-

1864 5369 2097 5440 poribus
2148 5367 2576 5439 antiquissimis,
2619 5367 2827 5437 quibus
2869 5368 2969 5417 aut
3012 5364 3207 5429 nullas,
3262 5367 3363 5416 aut
3407 5378 3554 5416 rarae

1865 5456 2365 5511 conscribebantur
2408 5454 2688 5519 historiae;
2722 5458 2843 5507 tum
2875 5452 3048 5506 etiam
3080 5452 3148 5505 de
3178 5466 3419 5505 numero
3452 5465 3554 5503 no-

1866 5544 2138 5598 vennario
2184 5546 2466 5599 Musarum
2498 5541 2865 5612 Pythagorica
2900 5540 3309 5612 philosophari.
3346 5537 3553 5601 Quidni
