3890 6186
369 252 470 303 339

1379 248 1937 305 SUPPLEMENTUM
1979 249 2068 304 AD
2105 249 2338 304 OPERA
2366 248 2420 303 S.
2466 247 2854 306 AUGUSTINI.
3731 259 3814 312 340

368 373 450 427 eis
477 371 701 426 licuerit
729 369 914 426 dicere
945 368 1130 423 tribus
1173 367 1340 422 Musis
1360 367 1648 438 designari
1678 371 1792 422 tres
1831 369 2061 422 musicae
2099 369 2142 423 A
2174 369 2390 422 Joanne
2422 365 2657 431 Clerico,
2692 365 2752 419 in
2783 363 3182 420 additamentis
3211 364 3385 420 Henr.
3419 367 3732 425 llammondi
3758 375 3812 428 ad

370 467 561 528 tonos,
595 474 846 530 gravem,
896 456 1170 519 medium,
1223 458 1281 508 ct
1327 460 1592 521 acutum;
1641 461 1697 508 et
1741 460 1829 510 ter
1875 462 2068 510 ternas

372 550 568 615 dictas,
603 548 755 619 quod
787 550 974 601 essent
1023 550 1140 598 tres
1166 544 1345 619 chori,
1380 561 1484 614 pro
1524 544 1706 599 tribus
1737 544 1852 598 illis
1882 545 2069 600 tonis?

370 641 443 692 At
492 638 634 703 haec,
691 635 935 706 inquies,
995 648 1098 703 pro
1153 614 1395 686 arbitr’io
1435 633 1898 687 comminisceris.
1947 634 2071 688 Non

374 726 641 790 difﬁteor,
692 723 791 777 sed
833 738 905 775 an
948 737 1067 775 non
1115 721 1288 774 etiam
1328 720 1665 791 theologica
1697 721 2069 777 arithmeticae

374 813 644 884 mysteria
665 827 769 882 pro
796 809 1034 864 arbitrio
1074 809 1409 878 fingebant?
1440 811 1634 880 Itaque
1661 826 1781 863 non
1813 815 1896 864 est
1925 827 2072 865 com-

370 901 736 968 mittendum,
767 903 831 953 ut
855 897 1155 952 veritatem
1180 898 1466 952 illustrare
1513 899 1828 964 videamur,
1873 899 2071 954 eadem

285 1027 294 1035 .
370 988 628 1059 ﬁngendi
666 986 895 1041 licentia
926 1002 1040 1057 qua
1069 991 1126 1039 et
1154 985 1374 1040 fabulas
1406 987 1772 1056 interpretari
1823 987 2068 1042 licuerit.

443 1076 578 1145 Cap.
635 1077 724 1140 20,
777 1074 809 1144 §
853 1076 938 1126 31.
973 1073 1117 1126 Illud
1169 1075 1440 1141 eleganter
1494 1074 1696 1127 dictum
1727 1079 1804 1128 est
1834 1076 2070 1142 Catonis,

372 1168 469 1233 qui
497 1180 617 1218 cum
663 1167 796 1217 esset
843 1163 1114 1215 consultus
1142 1178 1176 1214 a
1207 1163 1442 1230 quodam
1467 1165 1564 1231 qui
1605 1163 1713 1216 sibi
1745 1179 1779 1215 a
1807 1164 2071 1218 soricibus

371 1268 551 1308 erosas
595 1253 805 1317 caligas
858 1251 1078 1318 diceret,
1131 1251 1409 1319 respondit
1445 1267 1553 1305 non
1581 1267 1691 1306 esse
1747 1253 1886 1306 illud
1931 1268 2075 1306 mon-

373 1348 566 1406 strum,
617 1341 710 1394 sed
739 1354 859 1392 vere
906 1344 1204 1392 monstrum
1233 1339 1536 1392 habendum
1569 1341 1761 1406 fuisse,
1804 1343 1853 1393 si
1881 1343 2074 1395 sorices

376 1447 410 1484 a
462 1431 656 1496 caligis
696 1424 1059 1497 roderentur.]
1111 1426 1433 1496 Ingeniose.
1467 1427 1662 1481 Simile
1715 1432 1800 1481 est
1839 1429 2076 1482 Menan-

380 1517 470 1570 dri
496 1515 640 1569 illud
685 1531 714 1568 e
743 1513 1168 1584 Superstitioso,
1195 1514 1352 1584 quod
1407 1515 1580 1569 habet
1607 1515 1830 1570 Grotius
1876 1515 1938 1569 in
1971 1517 2077 1570 Ex-

382 1604 594 1674 cerptis
621 1619 750 1674 pag.
781 1604 887 1656 714
911 1619 923 1655 :

511 1718 521 1722 “
567 1714 622 1755 Α.
659 1707 844 1769 Λγειθὸν
870 1706 1056 1766 γένοιτό
1088 1721 1184 1767 μοι,
1213 1704 1249 1751 ὧ
1275 1705 1599 1768 πολυτίμητοι
1622 1707 1735 1768 θεοί,

565 1786 897 1848 Υποδούμενος
925 1788 1037 1848 γὰρ,
1065 1785 1215 1844 δεξιᾶς
1243 1789 1329 1844 τὴς
1362 1785 1566 1848 ἐμϐάδος

564 1868 655 1914 Τὸν
681 1866 858 1928 ἱμάντα
883 1864 1108 1928 διέῤῥτ,ξ’.
1137 1870 1186 1912 Β·
1219 1864 1422 1920 Εἰκότως
1447 1867 1508 1929 γ’,
1537 1867 1574 1912 ὥ
1605 1867 1815 1929 Κλεινῐα,

565 1948 753 2010 Σαπρὸς
781 1948 873 2008 γὰρ
898 1943 980 2006 ἢν,
1011 1948 1068 1992 σὺ
1100 1945 1150 1991 δὲ
1181 1946 1498 2008 σμικρολόγος
1523 1945 1577 1995 οὐ
1609 1947 1763 1994 θέλων

567 2028 740 2074 Καινὸν
764 2025 1006 2089 πρίασθαι.

386 2136 504 2189 Hoc
533 2137 638 2201 est,
669 2132 980 2202 interprete
1009 2131 1130 2184 viro
1159 2146 1384 2184 summo
1412 2149 1424 2185 :

539 2240 596 2289 Α.
634 2237 775 2285 Bene
799 2235 900 2284 hoc
924 2235 1055 2283 mihi
1089 2235 1382 2296 proveniat,
1409 2249 1440 2282 o
1475 2238 1643 2285 sancti
1672 2238 1782 2296 Dei,

538 2316 691 2374 Quod
722 2317 858 2364 inter
887 2315 1231 2363 calceandum
1253 2314 1422 2363 dextri
1453 2315 1614 2365 calcei

536 2394 782 2443 Vinclum
811 2393 1082 2455 diruptum
1107 2395 1205 2440 est.
1232 2395 1292 2442 B.
1323 2393 1506 2443 Merito
1541 2397 1736 2452 evenit,
1768 2395 1957 2457 Clinia,

535 2476 770 2536 Namque
800 2476 912 2522 erat
939 2472 993 2520 id
1025 2472 1276 2521 detritum
1306 2476 1359 2522 et
1391 2477 1449 2522 tu
1482 2486 1782 2537 prae-parcus
1806 2475 1985 2536 nimis,

540 2555 641 2613 Qui
658 2567 764 2603 non
799 2566 1000 2602 novum
1029 2566 1251 2602 emeres.

454 2661 587 2732 Cap.
621 2664 707 2727 22,
746 2663 774 2728 §
804 2663 889 2714 36.
921 2660 1110 2715 Omnes
1147 2661 1321 2725 igitur
1347 2664 1491 2714 artes
1517 2660 1830 2728 hujusmodi
1868 2663 1952 2716 vel
1977 2679 2082 2717 nu-

382 2751 628 2816 gatorias,
673 2747 760 2802 vel
786 2749 966 2800 noxiae
1008 2748 1408 2815 superstitionis
1451 2763 1519 2800 ex
1549 2749 1789 2817 quadam
1815 2752 2081 2818 pestifera

383 2840 634 2892 societate
674 2837 947 2890 hominum
989 2839 1039 2888 et
1075 2835 1394 2901 daemonum,
1436 2839 1598 2904 quasi
1636 2844 1802 2905 pacta
1834 2839 2081 2906 quadam

2182 458 2403 510 Novum
2434 457 2881 509 Testamentum.

2252 545 2385 615 Cap.
2433 547 2516 610 10,
2565 545 2592 610 §
2637 544 2720 596 14.
2769 540 3051 610 Quidquid
3089 542 3148 593 in
3191 555 3422 594 sermone
3467 543 3637 598 divino
3675 562 3816 616 neque

2180 633 2254 686 ad
2281 648 2487 686 morum
2519 633 2864 692 honestatem,
2896 645 3066 698 neque
3093 629 3168 682 ad
3187 627 3320 700 ﬁdei
3343 633 3609 687 veritatem
3633 641 3818 706 proprie

2179 723 2376 787 referri
2410 724 2602 789 potest,
2638 719 2942 788 figuratum
2971 733 3083 772 esse
3125 717 3445 791 cognoscas]
3482 720 3648 775 Nimis
3675 739 3820 793 gene-

2180 809 2392 862 ralibus
2420 808 2607 862 verbis
2650 809 2921 876 concepta
2951 806 3075 860 haec
3105 810 3188 860 est
3230 808 3444 878 regula,
3479 807 3703 880 ideoque
3729 815 3818 866 Au-

2181 897 2444 967 gustinus
2475 912 2599 949 eam
2642 898 2840 966 postea
2871 894 2941 948 de
2970 893 3269 964 praeceptis
3296 894 3502 965 partim
3528 896 3823 968 interpreta-

2179 989 2306 1052 tur;
2335 985 2431 1039 sed
2471 1001 2542 1038 ne
2590 984 2670 1037 sic
2716 984 2950 1054 quidem
2981 982 3118 1036 satis
3160 983 3460 1037 commoda
3504 989 3599 1040 est.
3642 988 3823 1042 Praece-

2180 1079 2347 1144 ptum
2378 1071 2532 1126 enim
2581 1070 2679 1125 Dei
2709 1071 3033 1125 Abrahamo
3066 1070 3263 1125 datum
3306 1070 3375 1124 de
3417 1072 3702 1150 occidendo
3730 1075 3824 1129 ﬁlio

2185 1178 2300 1215 non
2349 1165 2469 1214 erat
2496 1161 2830 1230 ﬁguratum,
2877 1174 2984 1212 nec
3031 1173 3098 1212 eo
3143 1158 3327 1212 secius
3373 1163 3564 1214 contra
3601 1161 3826 1217 honesta-

2183 1254 2299 1304 tem
2341 1265 2570 1303 morum
2601 1252 2741 1302 erat.
2775 1249 3133 1317 Praeceptum
3178 1246 3353 1300 etiam
3393 1247 3543 1302 Oseze
3573 1251 3826 1320 propheta

2183 1334 2380 1388 datum
2410 1333 2478 1386 de
2510 1331 2770 1387 ducenda
2816 1330 3142 1396 meretrice,
3174 1330 3482 1400 ﬁguratum
3507 1333 3752 1400 nonfuit,
3781 1337 3826 1389 in

2186 1439 2244 1477 se
2290 1425 2628 1493 spectatum,
2676 1425 2732 1474 et
2777 1424 2972 1474 tamen
3014 1419 3353 1474 indecorum
3395 1419 3519 1474 fuit.
3551 1421 3744 1476 Nollem
3769 1440 3832 1478 re-

2185 1512 2348 1581 gulas
2392 1509 2516 1564 dari
2572 1510 2642 1563 de
2676 1524 2938 1563 sermone
2992 1507 3280 1578 ﬁgurato;
3317 1523 3407 1560 res
3455 1507 3602 1562 enim
3645 1508 3750 1580 ipsa
3787 1516 3830 1566 et

2188 1599 2415 1654 animus
2443 1597 2729 1669 loquentis
2760 1597 2898 1668 quid
2918 1596 3221 1667 proprium
3253 1597 3344 1664 sit,
3381 1596 3516 1668 quid
3543 1597 3827 1668 ﬁguratum,

2192 1689 2325 1744 satis
2354 1687 2621 1742 ostendit.
2655 1685 2869 1741 Deinde
2897 1685 3250 1756 Augustinus
3277 1688 3569 1755 ﬁguratam
3595 1686 3831 1742 actionem

2189 1779 2393 1832 miscet
2432 1791 2562 1831 cum
2614 1778 2798 1846 typica
2843 1774 3196 1840 narratione,
3237 1790 3369 1846 quae
3399 1777 3516 1828 toto
3553 1776 3681 1830 coelo
3707 1776 3833 1830 dilic-

2190 1871 2344 1921 runt.

2261 1956 2394 2025 Cap.
2433 1958 2516 2010 12.
2549 1957 2576 2023 §
2618 1955 2702 2008 18.
2738 1953 2864 2019 Quae
2910 1957 3089 2007 autem
3119 1955 3280 2021 quasi
3306 1954 3577 2020 ﬂagitiosa
3610 1955 3834 2022 imperitis

2187 2044 2462 2111 videntur,
2502 2045 2615 2098 sive
2641 2046 2850 2096 tantum
2879 2043 3047 2105 dicta,
3097 2043 3212 2096 sive
3240 2044 3409 2095 etiam
3436 2044 3585 2108 facta
3620 2047 3748 2109 sunt,
3772 2045 3835 2097 vel

2189 2149 2256 2187 ex
2282 2133 2390 2186 Dei
2403 2147 2656 2202 persona,
2686 2132 2770 2185 vel
2797 2147 2863 2185 ea:
2891 2131 3164 2184 hominum
3189 2134 3421 2199 quorum
3448 2131 3594 2185 nobis
3616 2134 3834 2186 sanctitas

2186 2221 2606 2288 commendatur,
2647 2223 2759 2274 tota
2787 2218 3030 2289 ﬁgurata
3067 2218 3236 2288 sunt.]
3269 2219 3360 2272 Ad
3395 2220 3570 2273 Deum
3609 2219 3744 2290 quod
3768 2224 3832 2272 at-

2188 2308 2354 2375 tinet,
2387 2309 2550 2378 cujus
2580 2307 2830 2378 perfecta
2857 2323 2922 2361 ac
2941 2306 3323 2360 immutabilis
3348 2311 3432 2360 est
3461 2307 3726 2373 sanctitas,
3754 2323 3836 2360 cer.

2189 2396 2410 2450 tissima
2455 2397 2578 2450 hinc
2633 2399 2719 2450 est
2767 2396 3010 2466 regula;
3062 2395 3160 2449 sed
3207 2411 3585 2467 quascumque
3625 2395 3837 2449 fecerunt

2190 2484 2370 2538 sancti
2398 2483 2504 2537 viri
2549 2483 2654 2537 sub
2686 2483 2883 2537 Vetere
2927 2483 3284 2536 Testamento
3336 2482 3525 2536 minus
3563 2486 3719 2550 recta,
3745 2498 3834 2535 non

2189 2576 2324 2626 sunt
2350 2575 2654 2643 propterea
2702 2570 2892 2642 typica
2939 2574 3038 2624 aut
3083 2569 3365 2638 ﬁgurata.
3415 2569 3658 2640 Exempli
3683 2585 3834 2632 causa,

2188 2660 2536 2730 polygamia,
2582 2659 2651 2713 de
2685 2675 2799 2730 qua
2847 2661 2875 2726 §
2909 2660 2979 2712 20
3009 2662 3065 2712 et
3092 2661 3156 2713 27
3190 2658 3344 2712 nihil
3391 2658 3586 2713 habuit
3624 2657 3834 2729 typicum

2191 2765 2379 2819 neque
2410 2749 2748 2819 ﬁguratum,
2781 2762 2970 2818 neque
3005 2747 3116 2801 fuit
3143 2747 3479 2814 laudabilis,
3511 2747 3606 2802 sed
3647 2747 3839 2800 tolerata

2191 2853 2258 2890 eo
2285 2853 2425 2906 aevo,
2454 2841 2518 2891 ut
2548 2841 2607 2890 et
2637 2840 2836 2907 postea
2855 2835 3006 2889 inter
3040 2835 3290 2904 Judaeos,
3329 2835 3780 2908 quemadmodum
3799 2839 3839 2886 et

384 2925 621 2992 inﬁdelis
665 2928 715 2977 et
769 2924 964 2977 dolosa
1015 2925 1267 2977 amicitia
1321 2926 1633 2991 constituta,
1690 2928 1906 2994 penitus
1956 2934 2081 2983 sunt
2113 2941 2152 2996 c
2191 2925 2520 2979 divortium.
2565 2924 2674 2979 Sed
2701 2922 2900 2977 laudes
2925 2939 2989 2976 ac
3016 2921 3476 2992 vituperationes
3503 2921 3837 2992 intelligenda:

383 3012 733 3081 repudianda
775 3016 825 3065 et
871 3008 1188 3081 fugienda]
1223 3009 1548 3078 Verissime,
1605 3013 1702 3066 sed
1751 3012 1953 3068 inutile
1996 3019 2080 3068 ta-

386 3117 520 3154 men
550 3116 670 3154 non
701 3103 786 3152 est
813 3099 1127 3153 theoretice
1157 3099 1319 3152 nosci
1350 3116 1479 3169 qua:
1510 3100 1580 3154 de
1613 3101 1831 3155 artibus
1857 3101 1970 3155 illis
2008 3104 2080 3157 ab

388 3188 626 3243 ethnicis
674 3187 785 3242 dici
832 3192 889 3241 et
932 3187 1086 3241 credi
1115 3188 1395 3253 solebant,
1429 3192 1494 3241 ut
1523 3188 1642 3242 loca
1673 3190 1978 3259 Scripturae
2009 3192 2079 3246 ad

387 3294 480 3331 eas
506 3276 819 3348 spectantia
863 3275 1144 3345 explicare
1177 3275 1499 3346 possimus;
1533 3277 1683 3347 quod
1712 3277 1954 3332 feliciter
1985 3279 2081 3333 do-

386 3366 622 3421 ctissimi
649 3365 777 3431 viri,
824 3365 1128 3435 postremis
1173 3364 1327 3418 hisce
1353 3365 1595 3432 saeculis,
1633 3368 1883 3437 aggressi
1925 3372 2071 3422 sunt.

386 3455 560 3510 Multa
625 3470 729 3524 per
777 3469 835 3507 se
886 3453 1082 3508 inania
1145 3457 1381 3524 propter
1443 3469 1537 3507 eas
1586 3455 1895 3509 allusiones
1947 3461 2080 3511 sunt

386 3542 568 3597 obiter
597 3541 1013 3612 cognoscenda.

457 3631 625 3685 Lmao
655 3647 736 3698 ιιι,
793 3646 914 3700 cap.
948 3633 1002 3697 2,
1053 3631 1080 3696 §
1113 3632 1164 3684 3.
1205 3631 1308 3684 Illa
1353 3631 1602 3684 haeretica
1659 3631 1936 3686 distinctio
1963 3651 1980 3686 :
2015 3633 2079 3688 In

385 3717 668 3788 principio
711 3721 833 3770 erat
860 3717 1110 3770 Verbum
1157 3720 1213 3769 et
1242 3717 1493 3771 Verbum
1523 3722 1646 3772 erat
1685 3719 1838 3788 apud
1876 3720 2076 3788 Deum,

387 3809 445 3859 et
463 3807 613 3859 Deus
643 3809 789 3872 erat;
825 3810 886 3858 ut
917 3806 1061 3859 alius
1085 3821 1270 3860 sensus
1299 3808 1372 3860 sit
1403 3822 1415 3858 :
1447 3807 1695 3860 Verbum
1729 3807 1838 3861 hoc
1868 3813 1986 3864 erat
2019 3809 2080 3864 iu

383 3893 667 3965 principio
701 3893 855 3963 apud
902 3894 1115 3959 Deum;
1153 3909 1259 3948 non
1292 3895 1409 3948 vult
1457 3895 1688 3950 Verbum
1727 3898 1896 3950 Deum
1924 3901 2081 3967 conﬁ-

385 3982 529 4051 teri.]
571 3984 647 4036 Ex
677 3982 786 4036 hoc
814 3983 937 4035 loco
967 3985 1026 4035 et
1067 3981 1284 4036 caeteris
1336 3999 1464 4052 quae
1511 3983 1580 4037 de
1610 3984 1716 4037 hac
1764 4000 1827 4038 re
1862 3985 2076 4040 haben-

381 4072 478 4122 tur
506 4068 899 4123 distinctiones
932 4069 1116 4124 nullas
1159 4069 1433 4140 ascriptas
1463 4071 1634 4125 fuisse
1680 4073 1865 4144 liquet
1891 4074 1953 4127 in
1989 4091 2079 4128 co-

385 4157 606 4211 dicibus
632 4163 891 4229 tempore
921 4158 1243 4228 Augustini.
1278 4159 1400 4224 Qua
1428 4160 1498 4214 de
1528 4176 1589 4214 re
1615 4162 1741 4216 vide
1777 4179 1906 4233 quae
1934 4180 2074 4217 scri-

382 4245 495 4314 psit
531 4245 691 4299 Joan.
745 4223 993 4300 Clericus
1016 4223 1079 4299 in
1110 4249 1245 4301 Arte
1275 4223 1501 4310 Critica,
1550 4253 1694 4318 part.
1747 4223 1815 4315 3,.
1833 4258 1966 4305 sect.
2021 4256 2070 4319 1,
2113 4223 2158 4278 D

382 4347 502 4403 cap.
539 4336 624 4387 1Ο.

454 4421 595 4491 Cap.
633 4423 684 4486 3,
719 4423 746 4488 §
774 4425 826 4476 9.
851 4423 912 4476 In
946 4424 1221 4492 principio
1251 4423 1546 4477 cavendum
1576 4427 1654 4478 est
1679 4440 1746 4478 ne
1783 4428 2077 4492 ﬁguratam

383 4510 700 4564 locutionem
754 4510 828 4563 ad
875 4511 1112 4565 litteram
1161 4513 1433 4579 accipias;
1486 4517 1536 4566 et
1583 4513 1657 4565 ad
1704 4514 1799 4567 hoc
1841 4520 2076 4583 pertinet

382 4598 528 4666 quod
573 4600 654 4652 ait
695 4599 1030 4667 Apostolus:
1067 4598 1276 4652 Littera
1324 4599 1549 4667 occidit,
1597 4602 1830 4672 spiritus
1881 4609 2075 4659 autem

381 4686 659 4753 viviﬁcat;
698 4702 816 4740 cum
853 4689 994 4741 enim
1021 4690 1253 4756 ﬁgurate
1281 4687 1486 4742 dictum
1517 4691 1592 4742 sic
1617 4693 1904 4760 accipitur,
1947 4698 2074 4747 tan-

381 4791 546 4844 quam
605 4777 829 4844 proprie
890 4777 1092 4830 dictum
1146 4778 1242 4842 sit,
1293 4778 1588 4831 carnaliter
1637 4779 1894 4852 sapitur.]
1959 4783 2076 4836 Hoc

381 4863 542 4918 Pauli
585 4863 708 4917 loco
759 4865 806 4917 lI
839 4864 964 4917 Cor.
1000 4880 1080 4928 ιιι,
1113 4866 1165 4929 6,
1212 4865 1524 4919 abutuntur
1555 4882 1754 4921 omnes
1802 4869 2072 4939 allegori-

381 4956 503 5020 stae,
553 4966 668 5021 quo
716 4949 861 5003 nihil
916 4950 1100 5004 simile
1157 4950 1527 5021 signiﬁcatur.
1581 4954 1694 5007 Hoc
1749 4954 1903 5009 enim
1954 4956 2076 5010 vult

378 5039 684 5108 Apostolus
729 5038 962 5107 :legem
1013 5039 1316 5093 Mosaicam
1367 5040 1644 5107 occidere,
1702 5042 2073 5113 Evangelium

381 5140 512 5179 vero
570 5127 744 5180 vitam
803 5126 957 5181 dare.
1015 5126 1157 5180 Nam
1207 5137 1413 5198 γράμμα
1469 5145 1617 5199 saepe
1662 5134 1825 5184 vocat
1861 5132 2070 5202 legem,

378 5223 570 5282 πνεῦμα
621 5231 755 5268 vero
803 5215 1207 5285 Evangelium;
1237 5216 1393 5287 quia,
1443 5220 1509 5270 ut
1537 5217 1759 5287 opinor,
1803 5220 1894 5273 lex
1938 5220 2072 5290 qui-

379 5300 510 5354 dem
541 5316 699 5355 mera
727 5305 809 5356 est
838 5303 1026 5358 littera
1055 5319 1184 5374 quae
1211 5319 1326 5356 non
1355 5303 1569 5357 indicat
1595 5320 1699 5374 per
1731 5321 1789 5359 se
1814 5305 2072 5360 animum

379 5386 763 5457 legislatoris;
816 5392 1184 5461 Evangelium
1230 5408 1364 5446 vero
1408 5393 1667 5447 animum
1707 5393 1897 5463 ipsum
1946 5395 2069 5462 Dei,

379 5492 510 5531 cum
558 5477 742 5547 legem
781 5478 973 5544 ferret,
1029 5481 1232 5550 aperit.
1266 5481 1404 5536 Vide
1452 5485 1645 5536 notata
1700 5482 1808 5536 hac
1838 5483 1908 5536 de
1945 5499 2007 5537 re
2037 5500 2070 5536 a

2191 3029 2420 3084 semper
2470 3017 2622 3078 sunt,
2669 3028 2774 3082 pro
2824 3010 3180 3081 temporibus
3234 3015 3300 3064 et
3347 3011 3680 3066 hominibus.
3709 3009 3834 3073 Quod

2188 3102 2362 3156 habet
2403 3100 2757 3170 Augustinus
2803 3099 2873 3153 de
2903 3102 3262 3168 temperante
3302 3116 3410 3154 usu
3440 3099 3681 3172 plurium
3725 3114 3837 3152 uxo-

2188 3206 2338 3256 rum,
2360 3189 2578 3260 paucis,
2605 3192 2669 3242 ut
2696 3187 2922 3258 opinor,
2953 3187 3255 3258 persuasit.

2257 3278 2396 3347 Cap.
2463 3279 2548 3343 16,
2581 3278 2609 3343 §
2648 3277 2735 3330 24.
2781 3277 2850 3331 Si
2875 3277 3206 3344 praeceptiva
3249 3277 3446 3330 locutio
3480 3281 3556 3330 est
3598 3280 3686 3330 aut
3717 3276 3836 3344 ﬂagi-

2188 3369 2341 3433 tium,
2374 3370 2469 3419 aut
2495 3367 2732 3432 facimus
2757 3367 2964 3432 vetans,
2997 3367 3094 3417 aut
3126 3364 3448 3432 utilitatem,
3477 3369 3571 3418 aut
3599 3362 3835 3432 beneﬁcen-

2188 3456 2319 3508 tiam
2359 3454 2575 3522 jubens,
2623 3468 2730 3506 non
2758 3457 2834 3507 est
2862 3454 3122 3521 ﬁgurata.
3166 3452 3230 3507 Si
3260 3457 3442 3507 autem
3485 3454 3735 3522 ﬂagitium
3764 3452 3835 3501 aut

2183 3545 2406 3608 facinus
2424 3542 2641 3596 videtur
2659 3541 2867 3610 jubere,
2896 3544 2992 3594 aut
3017 3529 3339 3606 utilitatem,
3369 3546 3466 3595 aut
3493 3541 3834 3609 beneﬁcentiam

2184 3635 2384 3696 vetare,
2415 3634 2656 3700 ﬁgurata
2694 3635 2792 3684 est.
2823 3629 2947 3684 Nisi
2981 3629 3484 3696 manducaveritis,
3529 3629 3714 3699 inquit,
3740 3641 3833 3679 car-

2187 3735 2322 3772 nem
2362 3719 2486 3772 Filii
2515 3718 2764 3772 hominis
2793 3721 2850 3771 et
2877 3716 3222 3787 sanguinem
3252 3717 3539 3783 biberitis,
3563 3731 3673 3770 non
3695 3713 3834 3768 habe-

2185 3807 2319 3862 bitis
2350 3807 2520 3862 vitam
2565 3806 2625 3860 in
2654 3806 2836 3860 vobis.
2867 3808 3099 3862 Facinus
3141 3807 3224 3860 vel
3251 3805 3528 3875 ﬂagitium
3562 3805 3752 3859 videtur
3767 3801 3834 3869 ju-

2189 3897 2324 3964 bere,
2383 3900 2563 3965 ﬁgura
2618 3900 2696 3949 est
2745 3911 2868 3963 ergo
2920 3897 3244 3964 pracipiens
3298 3897 3551 3969 passioni
3592 3893 3834 3947 Dominicz

2186 3985 2685 4039 communicandum
2717 3988 2765 4038 et
2794 3986 3036 4038 suaviter
3065 3988 3230 4052 atque
3255 3985 3471 4039 utiliter
3495 3979 3835 4037 recondendum

2184 4076 2245 4127 in
2272 4075 2548 4138 memoria,
2590 4071 2736 4142 quod
2758 4087 2861 4142 pro
2888 4071 3039 4126 nobis
3070 4086 3195 4126 caro
3228 4072 3348 4141 ejus
3380 4071 3644 4143 cruciﬁxa
3670 4075 3714 4123 et
3740 4065 3835 4120 vul-

2183 4166 2383 4216 nerata
2419 4158 2539 4231 sit.]
2597 4161 2723 4212 Non
2769 4160 2917 4212 male
2970 4158 3142 4212 verba
3189 4159 3404 4214 Christi
3456 4160 3834 4229 interpretatur,

2186 4265 2314 4320 quae
2342 4247 2480 4302 alibi
2523 4253 2717 4302 tamen
2761 4247 2830 4301 de
2877 4247 3219 4302 eucharistia
3263 4249 3544 4302 sumenda
3582 4255 3833 4317 perperam

2185 4343 2405 4394 censet.
2441 4340 2512 4391 At
2553 4337 2676 4408 ipsa
2705 4337 2905 4407 regula
2929 4340 3014 4390 sat
3042 4341 3304 4391 accurata
3332 4354 3452 4391 non
3491 4341 3593 4402 est,
3625 4339 3681 4387 ut
3705 4335 3834 4386 antea

2186 4426 2560 4481 ostendimus.
2601 4425 2960 4496 Accipiamus
3003 4429 3197 4480 tamen
3241 4426 3400 4497 quod
3433 4429 3642 4480 rectum
3677 4424 3764 4483 est,
3795 4418 3834 4468 et

2184 4513 2318 4568 hinc
2378 4513 2768 4584 intelligamus
2834 4513 2932 4584 qui
2999 4515 3358 4586 Augustinus
3422 4513 3709 4586 participes
3753 4520 3833 4559 nos

2183 4618 2350 4672 posse
2382 4602 2508 4656 ﬁeri
2539 4601 2795 4656 crederet
2821 4602 3075 4673 corporis
3102 4603 3331 4657 Christi.

2255 4691 2392 4761 Cap.
2424 4694 2515 4758 21,
2549 4693 2576 4759 §
2608 4694 2693 4745 31.
2729 4691 2964 4745 Narrata
3008 4691 3390 4746 similitudine
3426 4707 3538 4761 qua
3563 4687 3758 4743 Nathan
3783 4695 3833 4732 ex

2183 4795 2280 4833 ore
2325 4778 2549 4832 Davidis
2599 4779 2878 4849 expressit
2929 4779 3364 4834 damnationem
3411 4775 3666 4834 adulterii
3710 4768 3830 4843 quod

2183 4867 2562 4929 commiserat,
2612 4867 2693 4921 ita
2716 4867 2970 4938 loquitur
2999 4885 3011 4922 :
3045 4871 3132 4922 Ea:
3162 4884 3266 4937 quo
3298 4869 3624 4935 intelligitur
3662 4863 3830 4932 quanta

2184 4957 2540 5024 temperantia
2585 4956 2784 5010 multas
2812 4958 3060 5011 mulieres
3109 4957 3382 5023 habuerit,
3416 4953 3625 5025 quando
3665 4950 3722 5004 de
3745 4960 3830 5000 una

2181 5047 2239 5098 in
2286 5059 2396 5113 qua
2442 5046 2668 5098 excessit
2699 5045 2934 5113 modum,
2978 5062 3014 5098 a
3051 5047 3228 5116 seipse
3271 5047 3472 5115 puniri
3517 5045 3712 5097 coactus
3752 5037 3826 5088 est.

2182 5131 2609 5187 Consectarium
2655 5132 2760 5186 hoc
2807 5133 2956 5186 male
3007 5133 3240 5188 ductum
3281 5149 3405 5186 esse
3447 5146 3612 5185 nemo
3639 5119 3827 5182 nonvi-

2180 5219 2295 5288 det,
2339 5236 2526 5291 neque
2557 5219 2710 5273 enim
2739 5221 3008 5291 plectitur
3045 5222 3220 5276 David
3259 5221 3413 5292 quod
3444 5235 3570 5274 cum
3614 5231 3717 5270 una
3752 5212 3817 5264 in-

2183 5307 2592 5377 temperantius
2611 5308 3027 5377 concubuisset,
3061 5311 3157 5365 sed
3184 5309 3339 5381 quod
3370 5313 3514 5363 esset
3541 5305 3632 5361 alii
3660 5305 3825 5370 nupta.

2177 5399 2388 5450 etcum
2417 5412 2483 5450 ea
2510 5397 2826 5451 moechatus
2865 5403 3031 5452 esset.
3062 5398 3224 5463 Quod
3254 5397 3317 5450 in
3347 5393 3702 5451 similitudine
3727 5388 3823 5458 Na-

2176 5483 2365 5537 thanis
2391 5484 2606 5538 mentio
2657 5485 2723 5538 tit
2764 5488 2925 5540 unius
2967 5487 3103 5554 ovis,
3135 5487 3193 5542 id
3225 5485 3433 5540 dicitur
3475 5491 3579 5539 κατ’
3623 5484 3824 5535 ἀντίθεσιν
