3922 6188
149 288 217 337 3H

863 268 1224 325 VARIORUM
1266 264 1864 326 EXERCITATIONES
1903 269 1969 323 IN
2010 270 2062 323 S.
2106 232 2470 325 AUGUSTIN‘I
2509 268 2758 324 OPERA.

3457 275 3565 327 342

143 406 195 457 ad
232 399 403 455 multas
446 391 663 449 Davidis
710 407 963 459 uxores;
1011 391 1110 461 qui
1156 396 1353 447 tamen
1399 393 1594 447 multis
1641 393 1755 447 illis
1795 391 1838 444 A
1870 391 2057 457 nibus,
2090 408 2231 463 quos
2260 404 2420 456 κοινὰς
2449 401 2630 455 ἐννοίας
2664 410 2782 448 non
2811 396 2960 448 male
3014 395 3251 463 vocaris,
3303 412 3433 449 cum
3460 397 3573 451 sint

142 508 227 547 non
264 488 528 541 contentus
574 480 789 533 infelici
838 479 987 535 Uria:
1042 496 1217 533 unam
1266 496 1441 550 quam
1515 481 1765 535 habebat

144 578 381 649 eripuerat,
429 587 534 642 qua
576 568 1005 622 circumstantia
1050 573 1293 639 augetur
1334 569 1540 639 flagitii
1571 570 1762 641 gravi-

143 677 213 722 tas.
250 662 400 725 Unde,
448 664 640 713 contra
695 674 869 728 quam
914 658 1051 711 fecit
1093 658 1471 727 Augustinus,
1528 659 1763 729 colligas

138 753 347 810 Dat-idem
375 748 735 803 libidinosum
788 745 1082 800 hominem
1132 746 1328 814 fuisse,
1379 746 1480 817 qui
1519 763 1648 801 cum
1680 752 1765 801 tot

133 842 316 896 haberet
344 852 537 892 uxores
570 834 746 902 domi,
782 839 896 889 tam
926 834 1092 888 facile
1124 834 1330 887 alienae
1362 851 1555 888 amore
1603 851 1759 889 exar-

129 928 255 983 serit.

179 1018 311 1070 Lmae
347 1030 411 1079 1v,
443 1029 566 1083 cap.
600 1011 709 1081 7,§
746 1016 830 1065 15.
878 1012 1108 1066 Videtur
1150 1015 1293 1066 enim
1338 1013 1433 1066 ubi
1476 1015 1555 1067 ait
1602 1015 1762 1082 (Pau-

122 1108 200 1171 lus,
245 1104 283 1157 II
326 1104 444 1157 Cor.
484 1118 559 1167 x1,
608 1104 696 1170 6):
768 1100 882 1154 Etsi
948 1100 1249 1171 imperitus
1324 1117 1608 1166 sermone,
1666 1103 1763 1155 sed

120 1210 207 1248 non
246 1190 477 1255 scientia,
532 1192 693 1259 quasi
731 1189 1062 1242 concedendo
1095 1188 1543 1243 obtrectatoribus
1586 1192 1658 1243 sit
1680 1192 1759 1243 lo-

117 1286 248 1341 cutus,
274 1294 383 1339 non,
416 1281 671 1342 tanquam
703 1275 762 1328 id
790 1291 978 1329 verum
1012 1281 1340 1342 agnosceret,
1374 1275 1693 1345 conﬁtendo.
1726 1274 1746 1347 ]

112 1367 245 1439 Atqui
270 1383 351 1420 res
376 1366 493 1435 ipsa
522 1365 730 1418 clamat
758 1381 959 1418 verum
991 1381 1132 1419 esse.
1178 1365 1317 1418 Vide
1366 1364 1763 1417 additamenta

111 1463 236 1515 loan.
266 1454 448 1509 Clerici
486 1454 560 1507 ad
616 1453 1037 1506 Adnotationes
1072 1453 1434 1507 Hammondi.
1475 1454 1587 1506 Nec
1638 1469 1765 1522 pro-

109 1553 261 1616 pterea
310 1542 540 1597 minoris
606 1541 838 1596 divinus
905 1543 1211 1612 Apostolus
1286 1540 1577 1595 faciendus
1636 1544 1761 1595 est;

1872 481 2044 533 totius
2090 481 2330 535 humani
2388 483 2637 553 generis,
2687 487 3015 541 avocarunt.
3070 485 3355 537 Caeterum
3399 486 3571 555 hujus

1874 568 2061 638 operis
2087 570 2304 623 malum
2334 587 2451 625 non
2481 577 2603 625 erat
2630 571 2955 635 consilium,
2992 573 3150 625 nulla
3214 573 3369 627 enim
3417 579 3571 628 recta

1871 657 2265 728 interpretatio
2305 664 2389 713 est
2444 677 2571 730 quae
2618 677 2735 714 non
2787 660 2859 714 sit
2905 662 2979 714 ad
3025 664 3287 726 litteram,
3342 679 3406 716 ex
3456 678 3569 733 qua

1870 751 2067 816 postea
2109 751 2163 800 et
2216 749 2457 802 moralia
2505 754 2563 803 et
2612 749 2933 819 theologica
2977 750 3339 805 deducuntur
3370 767 3566 804 conse-

1870 835 2064 888 ctaria.
2117 836 2223 889 Sed
2274 853 2341 890 eo
2398 854 2515 890 aevo
2540 838 2954 908 propemodum
2984 838 3198 908 ignota:
3225 843 3389 893 erant
3418 839 3566 893 litte-

1868 924 2015 977 rales
2045 940 2143 977 seu
2165 926 2551 994 grammaticae
2584 926 3115 996 interpretationes;
3154 943 3256 981 nec
3295 928 3563 997 Augusti-

1870 1028 1977 1065 nus
2008 1030 2074 1066 eo
2096 1018 2371 1083 tempore,
2415 1030 2517 1067 nec
2543 1018 2762 1083 postea,
2796 1016 3129 1069 necessariis
3166 1032 3293 1069 eam
3336 1016 3397 1069 in
3441 1032 3562 1070 rem

1872 1101 2178 1154 instructus
2212 1102 2494 1171 praesidiis
2524 1102 2651 1156 fuit.

1942 1190 2077 1258 Cap.
2130 1192 2184 1254 4,
2243 1190 2274 1259 §
2331 1193 2412 1243 l7.
2463 1194 2636 1244 Potest
2689 1196 2866 1244 autem
2914 1196 2963 1245 et
3012 1193 3169 1245 aliter
3220 1194 3472 1259 intelligi,
3502 1199 3560 1246 ut

1869 1279 2125 1346 spiritum
2158 1280 2250 1331 Dei
2275 1279 2492 1332 vitalem
2522 1283 2842 1345 creaturam,
2877 1295 2987 1346 qua
3016 1281 3297 1334 universus
3338 1283 3439 1334 iste
3475 1284 3559 1334 vi-

1870 1365 2046 1418 sibilis
2071 1366 2301 1420 mundus
2331 1372 2492 1434 atque
2520 1370 2698 1420 omnia
2727 1384 2977 1436 corporea
3003 1370 3339 1422 continentur
3379 1374 3428 1422 et
3455 1386 3561 1424 mo-

1868 1458 2062 1506 ventur
2089 1455 2491 1520 intelligamus;
2521 1457 2609 1508 cui
2646 1459 2780 1509 Deus
2822 1459 3167 1524 omnipotems
3216 1457 3407 1509 tribuit
3450 1460 3560 1511 vim

1871 1543 2163 1610 quamdam
2185 1545 2292 1597 sibi
2317 1544 2603 1609 serviendi,
2628 1545 2702 1597 ad
2727 1545 3057 1612 operandam
3106 1547 3163 1598 in
3208 1548 3277 1598 iis
3320 1562 3437 1613 qua
3474 1549 3559 1613 gi-

111 1650 243 1705 quem
268 1649 371 1687 non
396 1648 738 1685 veneramur
768 1631 932 1702 quasi
983 1633 1350 1701 eloquentem
1395 1631 1604 1696 virum,
1648 1632 1747 1685 sed
1788 1678 1829 1732 B
1870 1629 2157 1701 gnuntur.]
2209 1634 2336 1685 Haec
2385 1633 2493 1686 fuit
2536 1632 2816 1687 sententia
2860 1633 3161 1703 Theophili
3198 1634 3557 1701 Antiocheni,

109 1728 152 1775 ut
177 1721 463 1791 apostolum
495 1720 704 1773 Christi
736 1736 973 1773 munere
1008 1736 1111 1773 suo
1144 1735 1369 1772 summa
1394 1719 1508 1773 ﬁde
1537 1735 1603 1773 ac
1628 1720 1745 1774 for-

111 1810 304 1863 titudine
331 1808 679 1862 defunctum.

159 1898 274 1952 Ibid.
319 1898 623 1967 Postquam
669 1894 812 1949 dixit
859 1912 918 1949 se
967 1896 1164 1949 Amosi
1213 1895 1336 1949 loca
1367 1896 1746 1965 prolaturum,

108 1987 283 2040 subdit:
324 2002 424 2041 non
467 1991 649 2039 autem
683 1985 971 2039 secundum
1016 1987 1378 2054 Septuaginta
1408 1988 1745 2054 interpretes,

107 2078 177 2141 qui
214 2091 348 2128 mu
395 2092 495 2129 IPSI
531 2074 718 2127 divino
775 2074 987 2142 Spiritu
1016 2075 1377 2142 interpretati,
1408 2074 1483 2127 ad
1512 2075 1605 2127 hoc
1636 2075 1748 2127 ali-

105 2169 161 2216 ter
180 2164 403 2217 videntur
421 2164 685 2217 nonnulla
711 2162 938 2223 dia-isse,
981 2167 1041 2215 ut
1080 2163 1153 2215 ad
1185 2164 1488 2231 spiritalem
1532 2178 1747 2217 sensum

102 2252 390 2304 scrutandum
445 2252 827 2305 admoneretur
896 2252 1105 2304 lectoris
1174 2253 1419 2318 intentio,
1474 2255 1580 2305 etc.
1643 2251 1747 2306 Sed

100 2344 272 2393 sicutea:
300 2341 512 2394 Hebraeo
564 2342 623 2392 in
662 2340 921 2393 Latinum
964 2340 1231 2407 eloquium
1270 2340 1582 2408 presbytero
1615 2341 1743 2393 Hie-

100 2445 266 2495 ronymo
292 2431 571 2496 utriusque
600 2429 799 2495 linguae
825 2430 999 2496 perito
1041 2431 1430 2496 interpretante
1474 2430 1744 2482 translata

99 2517 251 2588 sunt]
288 2518 557 2587 Suspecta
603 2515 747 2568 mihi
791 2520 923 2569 sunt
967 2516 1160 2583 verba,
1206 2519 1369 2570 etiam
1400 2520 1513 2585 ipsi
1555 2518 1743 2571 divino

101 2607 260 2671 Spiritu
286 2607 662 2674 interpretati;
695 2602 822 2673 quis
855 2603 1009 2656 enim
1041 2603 1185 2657 alius
1205 2603 1490 2673 interpres
1521 2621 1588 2658 eo
1621 2622 1740 2659 (evo

100 2692 239 2748 divino
265 2694 467 2763 Spiritu
506 2698 671 2747 actus
700 2692 1082 2746 credebatur?
1122 2693 1199 2745 De
1238 2692 1584 2762 Hieronymo
1634 2695 1741 2747 hoc

100 2782 332 2849 postremis
374 2786 605 2835 tantum
662 2779 815 2833 hisce
860 2778 1079 2832 saeculis
1119 2779 1421 2848 jactatum.
1484 2781 1738 2833 Fortasse

108 2874 235 2922 tamen
259 2877 309 2923 τὸ
332 2872 497 2923 etiam
538 2884 654 2922 non
696 2871 814 2921 tam
864 2866 1095 2937 respicit
1141 2868 1319 2921 alium
1367 2867 1737 2937 interpretem

112 2973 223 3025 quam
260 2958 567 3029 scriptores
623 2956 775 3027 ipsos
819 2972 1043 3021 sacros;
1088 2956 1228 3009 adeo
1259 2960 1323 3009 ut
1352 2955 1594 3009 voluerit
1621 2960 1734 3009 Au-
1776 2963 1815 3017 C

105 3048 301 3115 gustinus
328 3064 446 3102 non
474 3050 710 3101 tantum
740 3061 927 3099 sacros
957 3043 1283 3115 scriptores,
1310 3045 1407 3098 sed
1430 3044 1599 3098 etiam
1650 3045 1741 3098 in-

100 3140 313 3204 terpretes
342 3137 501 3207 ipsos
536 3136 754 3190 Graecos
784 3152 815 3188 a
842 3133 1058 3203 Spiritu
1078 3137 1270 3187 sancto
1290 3133 1512 3187 afflatos
1542 3132 1735 3187 fuisse.

86 3240 89 3243 δ
145 3222 248 3292 Cap.
282 3226 364 3290 24,
415 3228 442 3291 §
495 3226 589 3277 53.
650 3223 726 3275 De
781 3220 1232 3275 Cmsareensibus
1290 3219 1500 3273 dicenti
1550 3221 1739 3289 Augu-

93 3308 202 3362 stino
226 3310 662 3366 acclamantibus
686 3325 700 3362 :
732 3312 850 3365 Non
877 3314 1053 3361 tamen
1081 3311 1247 3375 egisse
1270 3307 1485 3374 aliquid
1521 3322 1602 3360 me
1627 3323 1735 3375 pu-

92 3400 187 3457 tari,
222 3415 325 3453 cum
373 3416 456 3454 eos
515 3398 767 3452 audirem
816 3398 1195 3462 acclamantes,
1221 3395 1315 3450 sed
1336 3411 1454 3449 cum
1485 3410 1570 3449 eos
1598 3398 1735 3463 ﬂen-

91 3487 145 3535 tes
165 3485 394 3539 viderem.
433 3484 941 3540 Acclamationibus
983 3485 1184 3551 quippe
1204 3498 1258 3536 se
1303 3482 1482 3535 doceri
1504 3486 1554 3535 et
1601 3483 1737 3536 dele-

89 3577 207 3639 ctari,
257 3578 387 3643 ﬂecti
431 3578 620 3629 autem
662 3576 919 3645 lacrymis
962 3570 1349 3643 indicabant]
1398 3572 1558 3641 Saepe
1584 3573 1734 3642 ejus-

86 3662 202 3716 modi
255 3663 688 3719 acclamatioum
746 3664 805 3716 in
874 3662 1265 3716 ecclesiasticis
1340 3663 1735 3715 monumentis

86 3753 251 3805 mentio
275 3754 369 3821 ﬁt;
403 3770 541 3825 qum
583 3768 753 3823 quam
788 3751 1081 3805 efﬁcerent
1110 3765 1295 3803 sacros
1336 3753 1584 3802 oratores
1634 3765 1731 3803 ne-

85 3838 187 3904 scio,
226 3843 313 3895 sed
358 3842 663 3896 indecoras
707 3839 881 3893 fuisse
929 3838 1066 3904 scio,
1116 3842 1172 3891 et
1200 3842 1359 3908 aptas
1393 3838 1461 3892 ad
1495 3854 1590 3891 eos
1618 3838 1733 3891 mi—

80 3942 177 3981 rum
211 3930 263 3982 in
303 3931 541 3985 modum
580 3928 881 3982 inﬂandos.
948 3926 1111 3981 Plebs
1157 3927 1513 3996 frequentius
1566 3927 1732 3997 nugis

87 4016 355 4086 applaudit,
386 4018 432 4071 si
462 4018 581 4070 sint
632 4019 792 4087 grata
842 4030 977 4069 voce
1023 4018 1079 4068 et
1108 4015 1314 4068 decora
1344 4015 1563 4067 actione
1600 4031 1731 4085 pro-

85 4104 334 4170 nuntiata;
380 4122 561 4177 quam
620 4105 785 4159 bonis
857 4103 1417 4169 ratiocinationibus;
1487 4108 1543 4157 et
1601 4120 1731 4157 cum

78 4191 297 4258 plausum
342 4195 539 4249 ferunt
585 4193 841 4263 ineptiae,
894 4192 1120 4247 meliori
1148 4192 1401 4245 'orationi
1432 4196 1726 4261 negatum,

77 4278 179 4334 hinc
202 4282 258 4336 ﬁt
283 4288 344 4337 ut
370 4282 739 4355 negligantur
768 4297 897 4352 qua:
924 4280 1076 4351 plebi
1102 4280 1292 4333 minus
1320 4281 1568 4349 placent,
1631 4296 1727 4333 co-

78 4368 229 4424 lantur
266 4388 394 4425 vero
439 4388 572 4442 quae
626 4375 756 4424 sunt
802 4374 970 4423 rectas
1018 4368 1227 4422 rationi
1280 4368 1586 4422 contraria.
1656 4370 1732 4422 Ex

76 4455 171 4510 foro
212 4462 262 4513 et
302 4460 529 4513 theatro
578 4458 714 4512 talia
766 4457 825 4511 in
890 4457 1194 4511 Ecclesiam
1244 4457 1544 4511 transferri
1613 4473 1731 4511 non

78 4545 309 4610 oportuit.

1766 4244 1810 4298 D

548 4615 1207 4670 ANIMADVERSIONES

188 4724 234 4759 IN
261 4726 456 4765 LIBRUM
490 4726 852 4767 IMPERFECTUM
884 4730 950 4765 DE
979 4730 1169 4767 GENESI
1198 4730 1266 4767 AD
1288 4729 1576 4769 LITTERAM.

132 4802 250 4873 Cap.
287 4808 387 4877 με
422 4812 465 4863 3.
506 4812 636 4863 Esse
664 4814 844 4864 autem
873 4812 1056 4864 omnia
1082 4826 1200 4877 quae
1224 4811 1359 4877 fecit
1398 4811 1546 4864 Deus
1595 4812 1731 4865 bona

76 4891 236 4957 valde;
270 4898 414 4950 mala
443 4913 567 4952 vero
592 4913 697 4952 non
750 4913 861 4953 esse
902 4898 1203 4965 naturalia,
1244 4899 1338 4953 sed
1382 4915 1532 4953 omne
1587 4900 1731 4967 quod

74 4976 241 5034 dicitur
280 4987 502 5053 malum,
551 4992 647 5041 aut
702 4993 1005 5056 peccatum,
1070 4993 1166 5042 aut
1217 5003 1433 5055 poenam
1500 4974 1724 5058 peccati.

74 5065 149 5119 Nec
171 5086 269 5124 esse
288 5080 589 5141 peccatum,
646 5078 757 5129 nisi
803 5092 1039 5145 pravum
1084 5078 1264 5130 liberae
1304 5078 1599 5132 voluntatis
1638 5094 1726 5132 as-

73 5166 266 5224 sensum,
311 5177 430 5216 cum
484 5166 811 5218 inclinamur
863 5165 937 5217 ad
985 5181 1047 5218 ea
1093 5181 1211 5233 quae
1233 5166 1459 5234 justitia
1482 5170 1645 5227 vetat,
1679 5170 1728 5219 et

74 5245 184 5298 unde
214 5250 437 5305 liberum
462 5259 537 5307 est
564 5255 850 5308 abstinere.
874 5252 893 5323 ]
929 5255 1058 5307 Haec
1086 5254 1381 5307 verissima
1404 5258 1486 5307 est
1514 5260 1569 5307 et
1598 5270 1725 5323 pec-

73 5333 155 5384 cati
179 5341 232 5388 et
258 5337 532 5394 libertatis
564 5342 843 5409 deﬁnitio,
892 5359 1023 5413 quae
1078 5342 1149 5395 ab
1203 5341 1471 5395 omnibus
1518 5341 1725 5411 proba-

74 5414 226 5485 batur,
277 5432 333 5479 et
385 5444 613 5499 semper
668 5432 905 5500 probata
953 5432 1169 5497 fuisset,
1228 5429 1338 5483 nisi
1395 5428 1727 5482 incidissent

76 5506 451 5569 Controversia:
482 5518 795 5589 Pelagiana:
822 5536 835 5585 ;
870 5536 998 5589 quae
1025 5518 1412 5589 Augustinum
1453 5534 1485 5570 a
1534 5517 1725 5570 notio-

1862 1720 1960 1789 qui
1982 1720 2124 1773 libro
2154 1738 2191 1773 ll
2222 1720 2289 1774 ad
2323 1721 2686 1791 Autolycum,
2738 1721 2817 1775 sic
2862 1722 3156 1791 loquitur:
3197 1731 3394 1790 Πνεῦμα
3423 1730 3473 1776 δέ
3502 1729 3558 1777 τό

1862 1816 2205 1880 ἐπιφερόμενον
2256 1818 2331 1864 ἐπὶ
2376 1820 2462 1865 τοῦ
2521 1817 2688 1870 ὕδατος
2742 1817 2767 1864 ὃ
2812 1816 2988 1863 ἔδωκεν
3032 1816 3057 1863 ὁ
3103 1818 3216 1870 Θεὸς
3265 1816 3557 1879 ζωογόνησιν

1858 1908 1921 1964 τῆ
1963 1907 2113 1954 κτίσει
2158 1907 2374 1970 καθάπερ
2417 1906 2653 1970 ἀνθρώπῳ
2705 1907 2891 1970 ψυχὴν,
2935 1907 3003 1967 τῷ
3058 1904 3220 1951 λεπτῶ
3264 1904 3320 1949 τὸ
3375 1902 3555 1951 λεπτὸν

1859 1996 2175 2058 συγκεράσας·
2234 1998 2288 2043 τὸ
2328 1998 2421 2057 γάρ
2468 1999 2661 2057 πνεῦμα
2710 1994 2888 2042 λεπτὸν
2934 1997 3017 2041 καὶ
3064 1995 3119 2041 τὸ
3174 1993 3299 2055 ὕδωρ
3353 1992 3550 2040 λεπτὸν.

1858 2083 1983 2137 ὅπως
2021 2086 2077 2130 τὸ
2125 2087 2214 2145 μὲν
2266 2088 2455 2146 πνεῦμα
2507 2085 2660 2148 τρέφῃ
2711 2086 2767 2131 τὸ
2813 2084 2957 2147 ὕδωρ,
2992 2086 3047 2131 τὸ
3091 2083 3140 2130 δέ
3185 2082 3310 2145 ὕδωρ
3357 2084 3444 2129 σὺν
3483 2086 3551 2129 τῶ

1855 2172 2097 2233 πνεύματι
2178 2173 2331 2235 τρέφῃ
2406 2176 2497 2231 τὴν
2569 2172 2722 2219 κτίσιν
2796 2172 3125 2234 διικνούμενον
3201 2171 3479 2235 πανταχόσε
3535 2185 3547 2217 :

1853 2254 1930 2306 At
1949 2256 2203 2322 spiritum
2251 2256 2348 2322 qui
2403 2254 2682 2318 ferebatur
2728 2269 2890 2323 super
2935 2268 3105 2323 aquas
3147 2254 3376 2319 largitus
3414 2255 3550 2304 Deus

1854 2347 2134 2409 creaturae,
2166 2348 2224 2396 ut
2253 2342 2369 2409 ejus
2401 2358 2567 2410 opera
2594 2344 2767 2410 possit
2806 2343 3099 2411 producere
3142 2342 3399 2407 viventia,
3443 2354 3551 2393 non

1852 2445 2001 2484 secus
2026 2447 2088 2484 ac
2120 2432 2325 2485 homini
2351 2433 2590 2484 animam
2620 2432 2895 2499 attribuit,
2936 2435 3087 2484 tenue
3130 2434 3279 2483 tenus
3327 2431 3546 2482 commi-

1851 2533 1999 2572 scens
2049 2518 2201 2584 (nam
2239 2521 2471 2587 spiritus
2518 2534 2620 2571 sua
2660 2523 2863 2572 natura
2912 2520 3085 2573 tenuis
3131 2522 3228 2585 est,
3259 2517 3449 2570 itidem
3497 2520 3547 2569 et

1851 2607 2015 2676 aqua)
2043 2623 2056 2671 ;
2090 2612 2150 2659 ut
2168 2610 2397 2675 spiritus
2426 2608 2637 2659 nutriat
2667 2623 2887 2673 aquam,
2917 2611 2967 2659 et
2989 2622 3136 2674 aqua
3179 2606 3375 2658 addita
3422 2607 3546 2673 spi—

1849 2692 1988 2746 ritui
2014 2695 2225 2747 nutriat
2251 2697 2553 2746 creaturam
2581 2695 2908 2758 universam,
2940 2694 3121 2746 omnia
3154 2705 3454 2759 permeans.

1921 2780 2034 2850 Cap
2083 2783 2134 2845 6,
2185 2778 2211 2848 §
2255 2783 2342 2833 26.
2394 2780 2556 2834 Omne
2610 2781 2812 2847 quippe
2857 2780 3172 2832 vocabulum
3216 2778 3290 2831 ad
3336 2777 3543 2830 distin-

1848 2871 2072 2922 ctionem
2114 2869 2274 2921 valet.
2322 2868 2471 2922 Unde
2512 2870 2676 2921 etiam
2719 2882 2925 2933 nomen,
2993 2866 3137 2935 quod
3200 2882 3311 2919 rem
3381 2870 3540 2925 notet,

1847 2958 2178 3025 appellatum
2233 2960 2329 3021 est,
2382 2958 2542 3023 quasi
2584 2960 2851 3009 notamen.
2883 2953 2905 3026 ]
2940 2956 3061 3008 Imo
3107 2971 3141 3008 a
3168 2968 3320 3007 nosco
3354 2952 3418 3006 ﬁt
3438 2967 3541 3005 no-

1848 3061 1990 3112 men,
2023 3044 2175 3115 quod
2226 3060 2332 3114 ope
2380 3042 2629 3097 nominis
2666 3059 2758 3096 res
2808 3047 3129 3096 noscantur.
3168 3041 3307 3095 Vide
3334 3041 3440 3094 hac
3470 3040 3540 3093 de

1849 3148 1909 3185 re
1938 3132 2062 3186 Ger.
2096 3132 2330 3185 Joannis
2350 3131 2531 3185 Vossii
2562 3129 3007 3201 Etymologicon.

2359 3252 3016 3310 ANIMADVERSIONES

2128 3385 2183 3421 IN
2215 3384 2401 3422 LIBROS
2440 3384 2514 3421 XII
2545 3384 2611 3421 DE
2651 3383 2844 3421 GENESI
2872 3382 2941 3419 AD
2981 3381 3253 3419 LITTERAM.

1917 3484 2081 3537 Linno
2112 3500 2147 3535 ι.
2176 3483 2309 3551 Cap.
2350 3484 2433 3548 l8,
2464 3480 2491 3551 §
2518 3484 2605 3535 2|.
2639 3484 2701 3536 In
2758 3480 2896 3534 libro
2926 3483 3022 3548 qui
3060 3479 3370 3547 appellatur
3430 3480 3539 3531 Ec-

1843 3572 2132 3639 cle3iastes,
2176 3573 2257 3623 ita
2296 3574 2559 3638 scriptum
2599 3573 2713 3623 est:
2766 3570 2830 3621 Et
2875 3569 3056 3621 oritur
3103 3568 3184 3620 sol
3235 3570 3291 3620 et
3336 3565 3540 3619 occidit

1844 3660 1950 3727 sol,
1983 3664 2038 3713 et
2064 3658 2124 3712 in
2152 3658 2345 3712 locum
2374 3673 2541 3711 suum
2583 3656 2826 3722 ducitur,
2860 3657 2955 3711 hoc
2993 3661 3089 3720 est,
3122 3658 3180 3708 in
3212 3670 3332 3709 eum
3370 3655 3539 3709 locum

1842 3748 1983 3801 unde
2010 3752 2156 3801 ortus
2185 3750 2279 3801 est.
2313 3747 2569 3814 Sequitur
2596 3746 2737 3799 enim
2766 3748 2815 3797 et
2835 3745 3000 3798 dicit:
3047 3746 3173 3813 Ipse
3222 3743 3421 3798 Oriens
3464 3742 3538 3795 il-

1842 3837 1939 3889 lud
1968 3836 2123 3889 vadit
2151 3835 2221 3889 ad
2252 3838 2518 3889 Austrum
2550 3838 2606 3886 et
2636 3832 2837 3887 circuit
2881 3833 2952 3887 ad
2996 3832 3362 3902 Aquilonem.
3412 3836 3538 3884 Au-

1840 3924 2031 3977 stralis
2063 3938 2187 3989 ergo
2207 3937 2339 3991 pars
2373 3938 2491 3975 cum
2518 3921 2676 3973 habet
2704 3922 2880 3984 solem,
2926 3920 3079 3972 nobis
3116 3919 3228 3971 dies
3266 3924 3383 3987 est;
3418 3933 3539 3970 cum

1841 4016 2018 4064 autem
2040 4011 2115 4064 ad
2133 4012 2426 4079 Aquilonis
2450 4014 2664 4078 partem
2701 4009 3017 4061 circumiens
3058 4008 3324 4074 pervenit,
3382 4006 3536 4060 nobis

1839 4116 1947 4153 nea:
1977 4104 2072 4153 est.
2100 4098 2122 4169 ]
2158 4100 2362 4151 Versus
2389 4096 2623 4167 quidem
2653 4099 2682 4147 5
2710 4111 2835 4163 cap.
2867 4112 2885 4147 ι
2916 4093 3263 4147 Ecclesiasttn
3303 4094 3370 4149 de
3420 4096 3535 4148 sole

1841 4186 1975 4258 agit,
2010 4186 2109 4239 sed
2140 4202 2262 4255 cap.
2297 4201 2348 4237 vr
2377 4184 2601 4238 videtur
2626 4183 2695 4236 de
2725 4186 2893 4235 vento
2933 4185 3157 4235 tantum
3204 4181 3535 4252 intelligen-

1841 4278 1965 4343 dus,
2021 4281 2085 4330 ut
2142 4275 2428 4329 docebunt
2492 4272 2870 4327 aceuratiores
2915 4271 3275 4341 interpretes.
3328 4272 3535 4324 Verum

1842 4366 1948 4419 hoc
1980 4382 2094 4419 non
2125 4364 2367 4434 agimus,
2400 4378 2587 4433 neque
2618 4360 2771 4415 enim
2818 4359 3290 4413 commentarium
3347 4359 3538 4413 scribi-

1843 4471 1970 4508 mus
1998 4455 2059 4507 in
2087 4454 2213 4508 loca
2241 4452 2312 4506 ab
2333 4452 2651 4521 Augustino
2678 4450 2870 4503 minus
2896 4449 3041 4502 bene
3062 4448 3361 4519 explicata.
3391 4452 3536 4503 Ante

1842 4543 2059 4611 omnia,
2089 4539 2662 4595 animadvertendum
2692 4538 2783 4592 hic
2811 4536 3088 4591 mendum
3120 4551 3240 4590 esse
3288 4538 3349 4589 in
3396 4552 3534 4591 voce

1838 4632 1999 4696 illud,
2031 4634 2085 4684 et
2113 4630 2417 4699 legendum
2448 4629 2581 4691 illic,
2615 4626 2693 4680 sic
2722 4626 2877 4679 enim
2907 4625 3060 4679 hunc
3079 4624 3269 4677 locum
3309 4640 3377 4677 ex
3405 4640 3536 4676 ver-

1840 4719 1999 4772 sione
2030 4718 2264 4787 antiqua
2300 4716 2516 4785 profert
2548 4714 2961 4783 Hieronymus:
2995 4717 3046 4766 et
3068 4715 3245 4765 oritur
3288 4715 3404 4780 ipse
3435 4712 3533 4775 ibi,

1846 4807 2011 4861 Vadit
2041 4806 2114 4859 ad
2137 4807 2425 4870 Austrum,
2476 4808 2581 4856 etc.
2615 4804 2678 4855 In
2719 4801 2968 4855 editione
3019 4800 3234 4854 Erasmi
3274 4803 3359 4851 est
3384 4799 3531 4864 illuc,

1839 4894 1992 4965 quod
2040 4892 2112 4946 ad
2154 4907 2348 4945 veram
2388 4890 2688 4943 lectionem
2736 4888 2975 4958 prepius
3023 4886 3260 4941 accedit.
3319 4885 3533 4939 Deinde

1838 4980 2212 5053 quaerendum
2247 4983 2392 5033 esset
2419 4996 2452 5032 a
2482 4994 2594 5048 quo
2623 4981 2948 5031 astronomo
2980 4976 3333 5047 Augustinus
3382 4973 3532 5027 didi-

1836 5072 2018 5136 cisset,
2075 5084 2193 5123 cum
2241 5068 2520 5123 Australis
2565 5081 2699 5137 pars
2746 5066 2903 5119 habet
2949 5065 3129 5128 solem,
3194 5063 3348 5116 nobis
3394 5065 3535 5117 diem

1835 5176 1980 5225 esse;
2009 5176 2128 5214 cum
2156 5162 2335 5212 autem
2357 5156 2431 5210 ad
2459 5157 2756 5224 Aquilonis
2784 5159 2993 5223 partem
3031 5153 3349 5206 circumiens
3398 5167 3534 5220 per-

1834 5253 1997 5312 venit,
2044 5249 2197 5303 nobis
2223 5251 2425 5302 noctem
2449 5246 2605 5300 esse?
2653 5240 3000 5298 Crediderim
3048 5256 3177 5293 eum
3241 5238 3464 5293 audisse
3503 5256 3534 5292 a

1836 5338 2110 5408 quopiam
2143 5354 2270 5391 cum
2295 5336 2560 5390 australis
2591 5350 2741 5404 pars,
2772 5332 2878 5385 hoc
2907 5334 3012 5392 est,
3066 5329 3338 5382 australia
3370 5328 3536 5398 signa

1835 5430 2247 5496 percurruntur
2271 5443 2305 5479 a
2334 5425 2468 5490 sole,
2500 5422 2664 5477 nobis
2691 5420 2940 5474 hiemem
3003 5434 3160 5471 esse:
3213 5417 3352 5471 dum
3398 5433 3533 5471 vero

1837 5514 2193 5586 aquilonaria
2222 5514 2384 5583 signa
2412 5515 2698 5582 peragrat,
2728 5512 3018 5571 aestatem;
3055 5507 3150 5561 sed
3177 5522 3311 5561 eum
3354 5510 3532 5559 astro-
