3922 6188
339 268 440 320 343

1373 267 1928 323 SUPPLEMENTUM
1967 269 2056 323 AD
2093 267 2326 325 OPERA
2364 271 2418 324 S.
2461 269 2845 326 AUGUSTINI.
3679 288 3758 342 344

339 389 550 443 nomite
609 405 842 460 prorsus
892 389 1194 460 imperitus
1229 393 1392 451 esset,
1462 389 1614 443 diem
1679 395 1732 443 et
1804 394 2026 444 noctem
2056 390 2100 443 A
2145 391 2306 461 aquis
2335 407 2506 462 super
2534 393 2738 447 caelum
2768 391 3177 464 intelligendus
3206 393 3276 448 sit
3303 397 3370 450 de
3395 399 3615 455 nubibus
3653 404 3760 459 inte-

338 478 520 532 sestati
548 482 719 549 atque
750 478 946 544 hiemi,
982 477 1277 530 vacillante
1307 478 1606 543 memoria,
1651 478 2028 532 substituisse.

341 569 514 622 Multo
544 568 747 621 melius
772 567 1168 636 Hieronymus,
1199 566 1266 620 ad
1295 582 1449 620 vers.
1489 570 1540 631 6,
1575 567 1620 619 si
1650 567 1822 620 modo
1857 567 1916 620 in
1964 584 2031 621 eo

340 651 409 706 de
459 654 576 707 sole
619 670 804 708 sermo
852 653 960 707 sit:
1009 655 1148 707 Hinc
1191 669 1496 722 possumus,
1551 655 1738 726 inquit
1765 657 2032 709 aestimare

342 742 534 796 hiemis
565 747 794 810 tempore
839 743 999 796 solem
1028 743 1102 795 ad
1147 742 1507 797 meridianam
1529 744 1752 812 plagam
1795 759 2028 809 currere,

340 836 395 884 et
417 847 519 899 per
536 836 772 885 aestatem
791 834 1144 901 septentrioni
1171 847 1281 886 esse
1304 834 1560 887 vicinum.

412 919 576 973 [anno
609 937 665 982 u,
695 935 816 990 cap.
854 924 907 988 5,
941 923 968 987 §
1010 923 1061 973 9.
1096 922 1405 990 Postquam
1447 920 1592 975 dixit
1625 919 1852 975 Saturni
1900 922 2030 974 stel-

340 1007 451 1060 lam
480 1007 749 1078 frigidam
776 1008 847 1062 ab
879 1008 1179 1078 astrologis
1209 1009 1426 1076 haberi,
1462 1010 1539 1062 sic
1569 1014 1766 1063 contra
1803 1008 2031 1062 ratioci-

339 1099 508 1148 natur
532 1111 543 1148 :
578 1096 849 1161 Quaeritur
875 1095 1064 1165 itaque
1093 1097 1160 1150 ab
1181 1099 1255 1150 eis
1285 1097 1426 1150 unde
1455 1099 1555 1151 illa
1597 1097 1754 1151 stella
1805 1099 1877 1150 sit
1931 1099 2032 1163 fri-

337 1183 490 1248 gida,
524 1199 642 1252 quae
675 1187 823 1237 tanto
851 1184 1129 1238 ardentior
1166 1199 1277 1239 esse
1319 1185 1546 1250 deberet,
1610 1189 1811 1254 quanto
1857 1186 2034 1239 subli-

336 1273 504 1326 miore
542 1272 666 1326 cazlo
716 1275 957 1341 rapitur.
1012 1275 1151 1327 Nam
1183 1275 1372 1341 procul
1418 1273 1582 1327 dubio
1638 1289 1756 1327 cum
1793 1273 2035 1328 rotunda

338 1363 500 1414 moles
527 1362 788 1414 circulari
814 1364 959 1414 motu
982 1364 1188 1430 agitur,
1215 1364 1480 1415 interiora
1504 1363 1619 1431 ejus
1647 1362 1860 1416 tardius
1885 1366 2030 1425 eunt,

340 1452 610 1503 emteriora
639 1449 878 1514 celerius,
903 1455 962 1503 ut
991 1451 1204 1518 majora
1232 1454 1414 1519 spatia
1442 1467 1561 1505 cum
1592 1451 1922 1504 brevioribus
1961 1450 2036 1503 ad

341 1537 548 1592 eosdem
575 1553 735 1605 gyros
767 1540 978 1608 pariter
1027 1544 1346 1594 occurrant:
1383 1555 1506 1608 quae
1555 1544 1732 1593 autem
1786 1537 2032 1605 celerius,

341 1629 529 1695 utique
546 1629 864 1692 ferventius.
907 1628 924 1697 ]
953 1627 1052 1680 Hic
1082 1643 1312 1681 cernere
1343 1627 1526 1693 liceat,
1559 1627 1698 1697 quid
1743 1627 1815 1681 sit
1855 1627 2029 1680 ratio-

345 1714 522 1768 cinari
541 1715 610 1768 de
641 1730 700 1768 re
747 1731 916 1786 quam
964 1731 1169 1784 parum
1207 1720 1554 1786 compertam
1586 1715 1815 1769 habeas.
1843 1716 2032 1768 Astro-

345 1802 480 1873 logi,
527 1818 640 1872 quo
684 1803 936 1856 confutet
984 1803 1360 1874 Augustinus,
1411 1820 1476 1856 ex
1525 1803 1786 1857 absurdis
1812 1803 2034 1872 opinio-

342 1890 512 1944 nibus
543 1891 956 1944 consectarium
987 1907 1118 1944 casu
1148 1907 1346 1944 verum
1377 1891 1796 1958 deduxerumt;
1830 1892 2034 1962 Hippo-

344 1977 536 2032 nensis
577 1994 709 2032 vero
756 1978 1053 2050 episcopus
1112 1984 1264 2033 recta
1335 1979 1773 2033 ratiocinatione
1833 1995 2031 2033 verum

344 2069 658 2136 oppugnat.
689 2065 993 2134 Nimirum,
1035 2066 1321 2121 micabant
1357 2067 1587 2138 utrique
1648 2068 1709 2121 in
1747 2067 2030 2136 tenebris;

345 2171 449 2208 nec
481 2160 675 2209 tamen
705 2155 896 2208 minus
933 2156 1286 2210 conﬁdenter
1332 2173 1434 2210 sua
1479 2161 1806 2210 commenta
1850 2157 2037 2226 profe-

347 2247 507 2297 runt.
564 2242 853 2314 Astrologi
901 2244 1038 2314 quia
1084 2244 1360 2298 Saturnus
1391 2245 1730 2298 describitur
1758 2261 1791 2298 a
1832 2245 2033 2316 poetis,

347 2329 512 2402 quasi
555 2347 727 2385 senex
771 2335 828 2384 et
873 2331 1104 2402 quidem
1153 2335 1424 2399 exsectus,
1481 2331 1604 2386 ieeo
1633 2333 1756 2402 ejus
1817 2333 2037 2386 stellam

348 2420 614 2491 frigidam
647 2436 767 2474 esse
797 2420 1043 2474 absurde
1075 2420 1431 2475 dictitabant.
1485 2420 1619 2475 Vide
1668 2421 1925 2475 Servium
1967 2422 2040 2477 ad

349 2508 499 2561 hunc
529 2507 749 2578 Virgilii
797 2523 1046 2577 versum,
1093 2509 1193 2579 qui
1221 2514 1306 2563 est
1356 2512 1458 2564 336
1489 2526 1506 2563 1
1535 2510 1634 2564 lib.
1681 2509 2035 2581 Georgicon:

534 2639 745 2703 Friglda
773 2639 986 2690 Saturni
1006 2655 1118 2690 sese
1146 2655 1252 2705 quo
1288 2641 1442 2690 stella
1481 2644 1727 2704 receptet.

416 2775 685 2828 Attamen
732 2788 800 2825 ex
839 2771 987 2826 veris
1022 2778 1484 2826 astronomorum
1515 2771 1897 2826 recentiorum
1937 2772 2040 2825 do-

348 2861 636 2932 gmatibus
678 2859 918 2930 frigidus
966 2859 1075 2914 dici
1117 2863 1306 2930 potest
1349 2861 1579 2930 planeta
1627 2859 1727 2930 qui
1768 2861 2042 2915 Saturnus

2140 480 2276 533 riori
2321 481 2439 535 aeri
2484 481 2939 535 imminentibus.
2992 486 3056 535 ut
3111 487 3259 537 recte
3305 485 3508 541 dudum
3566 493 3760 560 conjecit

2140 569 2363 637 quidam
2391 569 2605 640 (neque
2627 569 2782 623 enim
2815 570 2978 624 aliter
3006 569 3347 641 designatur)
3374 575 3522 644 cujus
3549 580 3763 635 meminit

2139 659 2495 728 Augustinus
2525 675 2697 729 supra
2725 674 2854 728 cap.
2894 662 2948 725 4,
2986 664 3042 712 et
3090 675 3260 730 quem
3304 661 3441 715 bene
3489 674 3758 722 monentem

2140 745 2303 816 sequi
2337 745 2513 798 satius
2552 749 2692 812 erat,
2749 761 2922 816 quam
2970 761 3150 815 aquas
3194 746 3293 800 ubi
3332 749 3496 802 nullas
3538 758 3653 805 sunt
3688 771 3762 807 so-

2140 833 2381 888 mniare.
2415 832 2503 887 Sic
2524 833 2680 887 enim
2701 833 2932 887 tandem
2955 833 3169 887 claudit
3188 834 3326 888 hanc
3347 837 3760 906 disputationem:

2141 922 2516 990 Quoquomodo
2545 927 2724 976 autem
2761 927 2810 976 et
2859 923 3177 990 qualeslibet
3227 939 3378 992 aqua;
3410 928 3485 980 ibi
3531 931 3640 995 sint,
3683 946 3764 986 esse

2141 1025 2230 1064 eas
2250 1010 2330 1064 ibi
2352 1011 2574 1066 minime
2603 1011 2902 1065 dubitemus
2929 1029 2943 1077 ;
2973 1013 3159 1081 major
3187 1017 3263 1066 est
3302 1015 3491 1082 quippe
3529 1017 3766 1086 Scriptura

2142 1099 2306 1167 hujus
2329 1099 2648 1168 auctoritas,
2674 1116 2838 1170 quam
2864 1103 3034 1155 omnis
3064 1102 3288 1155 humani
3310 1105 3505 1170 ingenii
3527 1110 3764 1174 capacitas.

2143 1187 2282 1240 Vere
2299 1187 2439 1242 dixit
2463 1188 2767 1268 Scriptura:
2787 1205 2905 1242 esse
2923 1189 3114 1259 potius
3129 1191 3471 1245 credendum
3487 1211 3640 1264 quam
3663 1213 3767 1249 con-

2137 1275 2395 1345 jecturis,
2429 1277 2527 1330 sed
2558 1283 2686 1331 ante
2720 1277 2912 1332 omnia
2933 1277 3305 1348 intelligenda
3329 1280 3499 1349 probe
3521 1286 3595 1335 est
3626 1283 3768 1354 Scrip-

2143 1367 2292 1424 tura,
2325 1377 2396 1416 ne
2435 1364 2895 1418 commentitium
2925 1381 3177 1431 sensum,
3209 1366 3316 1420 hoc
3347 1371 3428 1421 est
3467 1369 3661 1422 somnia
3675 1386 3769 1424 nos-

2143 1455 2250 1518 tra,
2287 1467 2389 1521 pro
2418 1467 2552 1506 vera
2583 1453 2707 1522 ejus
2737 1453 3021 1507 sententia
3048 1455 3331 1508 credenda
3359 1456 3703 1520 obtrudamns,
3726 1466 3771 1510 ut

2142 1537 2275 1593 fecit
2294 1539 2385 1593 hic
2407 1540 2786 1612 Hipponensis
2806 1541 3122 1612 episcopus.
3149 1543 3288 1598 Vide
3327 1549 3528 1614 praeter
3553 1546 3772 1599 Geneseos

2144 1627 2483 1699 interpretes
2511 1628 2740 1699 Dionys.
2773 1629 3061 1684 Patavium
3103 1632 3444 1702 Dogmatum
3495 1633 3774 1703 theologica-

2141 1732 2271 1770 rum
2301 1721 2441 1771 tom.
2473 1717 2569 1781 ΙΙΙ,
2602 1717 2671 1770 de
2691 1717 2928 1788 Opiﬁcio
2946 1734 3039 1771 sex
3072 1718 3292 1773 dierum
3315 1720 3410 1774 lib.
3436 1736 3453 1773 ι
3479 1736 3590 1791 cap.
3616 1725 3684 1776 ll.

2214 1806 2347 1875 Cap.
2382 1807 2437 1873 6,
2486 1803 2628 1874 §lO.
2679 1807 2974 1861 Personam
3019 1810 3201 1861 Patris
3249 1809 3569 1862 declaratam
3607 1825 3696 1862 esse
3717 1810 3776 1862 di-

2143 1898 2290 1962 cunt,
2323 1898 2381 1946 in
2426 1909 2483 1948 eo
2539 1893 2688 1963 quod
2730 1897 2997 1963 scriptum
3032 1900 3145 1949 est:
3181 1897 3246 1949 Et
3277 1896 3417 1949 dixit
3447 1897 3582 1951 Deus
3606 1897 3774 1952 ﬁatlir-

2144 1987 2499 2036 mamentum
2527 1987 2655 2046 etc.,
2691 1998 2752 2036 ac
2779 1983 2970 2037 deinde
2998 1988 3057 2037 ut
3085 1985 3424 2053 intelligatur
3455 1987 3608 2040 Filius
3632 1989 3774 2053 fecisse

2145 2071 2290 2140 quod
2317 2087 2352 2125 a
2383 2073 2542 2126 Patre
2570 2071 2776 2124 dictum
2807 2077 2886 2125 est
2917 2076 2978 2125 ut
2998 2075 3167 2140 ﬁeret,
3199 2074 3536 2127 arbitrantur
3569 2088 3661 2128 esse
3684 2075 3775 2128 sub-

2164 2175 2362 2213 nemum
2385 2175 2398 2212 :
2424 2163 2481 2212 et
2509 2157 2639 2212 fecit
2667 2159 2814 2212 Deus
2835 2160 3286 2213 ﬁrmamentum.
3323 2161 3339 2229 ]
3373 2162 3497 2214 Haec
3525 2159 3775 2219 λεπτολοθέα.

2145 2248 2202 2297 et
2221 2243 2333 2296 alia
2361 2243 2641 2314 ejusmodi
2671 2259 2800 2313 quas
2829 2243 3003 2297 habet
3033 2243 3122 2296 hic
3152 2244 3520 2314 Augustinus,
3569 2244 3777 2298 nituntur

2144 2342 2320 2395 prava
2347 2328 2604 2382 versione
2645 2329 2829 2383 Latini
2878 2331 3224 2399 interpretis.
3279 2334 3417 2386 Nam
3454 2333 3508 2386 in
3563 2333 3776 2386 Hebraico

2146 2418 2303 2469 textu
2334 2431 2463 2470 cum
2491 2417 2562 2471 sit
2597 2427 2702 2479 in”,
2733 2418 2823 2485 sit,
2851 2424 3147 2473 verterunt
3176 2422 3354 2476 Graeci
3380 2420 3630 2482 γενηθήτω,
3663 2420 3777 2491 quod

2148 2519 2262 2557 non
2300 2506 2384 2557 est
2423 2507 2540 2573 ﬁat,
2593 2505 2690 2559 sed
2733 2508 2836 2572 sit;
2893 2507 2974 2561 ita
3021 2511 3082 2562 ut
3113 2508 3425 2580 imperium
3444 2511 3546 2564 hoc
3583 2509 3667 2564 Dei
3698 2525 3778 2562 non

2149 2591 2414 2662 respiciat
2438 2593 2509 2646 ad
2535 2593 2702 2647 aliam
2731 2610 2957 2649 causam
2991 2611 3118 2666 qua:
3141 2597 3313 2652 faciat
3341 2599 3487 2669 quod
3509 2599 3669 2668 jubet,
3713 2596 3779 2650 sed

2151 2680 2433 2751 signiﬁcet
2463 2682 2643 2735 Deum
2673 2684 2790 2735 sola
2819 2684 3113 2753 voluntate
3143 2701 3248 2739 sua
3277 2687 3472 2741 fecisse
3498 2692 3559 2741 ut
3576 2703 3651 2740 res
3683 2685 3779 2738 sint.

2224 2770 2388 2823 [λιθιιο
2414 2786 2493 2829 ιιι,
2525 2785 2646 2840 cap.
2709 2775 2757 2838 1,
2793 2771 2820 2841 §
2863 2775 2911 2825 1.
2958 2775 3226 2828 Dicuntur
3265 2780 3440 2829 autem
3486 2776 3592 2829 cali
3632 2776 3781 2844 plura-

2153 2858 2295 2922 liter,
2328 2859 2385 2911 in
2409 2873 2522 2910 una
2547 2858 2835 2928 eademque
2880 2875 2959 2926 re,
3013 2877 3132 2929 quae
3169 2862 3378 2916 dicitur
3405 2879 3563 2917 unum
3589 2859 3775 2930 calumf

346 2954 602 3018 vocatur,
653 2948 788 3019 quia
834 2954 914 3002 est
949 2965 981 3001 a
1027 2947 1161 3010 sole,
1216 2948 1366 3002 unde
1415 2948 1600 3001 omnis
1628 2949 1830 3002 mundi
1874 2948 2043 3017 hujus
2075 2957 2115 3012 (ς
2157 2945 2428 2999 Hebraice
2455 2946 2691 3016 quidem
2723 2963 2950 3017 semper
2984 2949 3180 3015 Dimisi,
3212 2952 3558 3020 Schamajim,
3580 2955 3651 3003 est
3682 2949 3780 3018 plu-

347 3037 527 3092 nostri
559 3037 730 3102 calor,
763 3035 1202 3090 remotissimus.
1237 3036 1446 3089 Contra
1470 3036 1774 3106 Augustini
1821 3036 2047 3093 ratioci-

349 3125 506 3179 natio
537 3141 670 3178 vera
693 3124 929 3194 quidem
955 3128 1059 3188 est,
1110 3123 1210 3176 sed
1263 3125 1408 3176 male
1434 3129 1648 3192 aptata,
1678 3123 1814 3194 quia
1853 3126 2049 3179 statuit

347 3213 678 3276 Saturnum,
721 3227 850 3264 cum
884 3209 1102 3264 caeteris
1132 3210 1401 3264 omnibus
1431 3210 1727 3274 sideribus,
1770 3211 1922 3265 intra
1962 3212 2045 3266 vi-

351 3300 498 3371 ginti
529 3303 773 3370 quatuor
804 3299 974 3352 horas
1003 3298 1127 3368 rapi
1161 3297 1309 3350 circa
1335 3302 1546 3351 terram
1573 3314 1587 3364 ;
1639 3299 1792 3369 quod
1840 3299 2044 3352 falsum

351 3403 472 3439 esse
493 3386 614 3457 jam
641 3389 856 3438 norunt
882 3401 1102 3439 omnes.
1129 3385 1380 3450 Proinde,
1429 3384 1619 3455 inquit
1670 3386 1788 3454 ille,
1845 3402 2046 3442 memo-

350 3479 477 3528 rata
531 3474 686 3528 stella
738 3475 912 3539 magis
959 3473 1143 3527 debuit
1182 3473 1363 3527 calida
1413 3488 1523 3527 esse
1585 3489 1749 3542 quam
1793 3477 2044 3545 frigida;

353 3565 603 3631 quamvis
628 3565 766 3616 enim
798 3577 892 3615 suo
919 3567 1084 3622 motu,
1129 3561 1385 3630 quoniam
1423 3563 1630 3630 grande
1672 3567 1912 3632 spatium
1945 3569 2046 3632 est,

351 3654 585 3719 triginta
615 3654 772 3705 annis
801 3655 967 3705 totum
987 3652 1250 3705 ambitum
1269 3656 1520 3720 permeet,
1552 3657 1728 3705 tamen
1757 3655 1873 3706 cazli
1901 3659 2048 3708 motu

353 3744 412 3794 in
441 3742 771 3794 contrarium
797 3743 980 3793 rotata
1005 3739 1254 3799 velocius,
1289 3740 1433 3807 quod
1461 3741 1706 3809 quotidie
1735 3755 1944 3795 necesse
1969 3745 2047 3795 est

350 3831 602 3898 patiatur
631 3831 924 3898 (quoniam,
947 3831 1086 3882 sicut
1105 3829 1316 3895 dicunt,
1348 3829 1473 3882 cali
1491 3829 1719 3896 singulae
1747 3831 2047 3882 conversio-

351 3934 443 3973 nes
487 3919 603 3974 dies
653 3920 892 3986 singulos
939 3919 1253 3987 explicant),
1297 3920 1524 3972 calorem
1564 3919 1822 3987 majorem
1864 3919 2047 3973 debuit

352 4009 475 4061 calo
504 4009 849 4062 concitatiore
879 4010 1170 4075 concipere.
1210 4008 1335 4060 Haec
1368 4006 1567 4060 habuit
1593 4023 1626 4060 a
1650 4007 1871 4077 vulgari
1893 4007 2046 4061 illius

354 4096 457 4150 sevi
488 4095 861 4159 astronomia,
887 4095 982 4150 sed
1013 4095 1065 4149 ei
1105 4095 1464 4149 astronomiae
1485 4094 1662 4149 alium
1689 4111 1941 4150 errorem
1981 4112 2046 4149 ex

353 4185 470 4237 loco
519 4184 798 4238 Geneseos
850 4197 1153 4252 perperam
1207 4181 1520 4248 intellecto,
1575 4182 1922 4254 poeticisque
1985 4183 2045 4237 ﬁ-

354 4270 601 4340 gmentis
649 4273 866 4324 temere
915 4271 1222 4339 conjuncto
1269 4269 1508 4336 addidit,
1548 4269 1607 4322 in
1637 4271 2043 4340 sequentibus:

355 4358 643 4420 Nimirum,
688 4370 812 4422 ergo
854 4371 972 4408 eam
1011 4354 1280 4422 frigidam
1305 4357 1447 4420 facit
1472 4371 1742 4424 aquarum
1761 4371 1923 4425 super
1949 4373 2048 4411 caa-

357 4444 467 4496 lum
497 4443 914 4496 constitutarum
940 4443 1234 4507 vicinitas;
1267 4457 1431 4509 quam
1482 4444 1671 4496 nolunt
1712 4445 1922 4498 credere
1956 4447 2054 4513 qui

358 4533 466 4584 hac
496 4545 616 4599 qua:
654 4530 885 4583 breviter
912 4529 1059 4596 dimi,
1082 4529 1147 4582 de
1172 4535 1318 4584 motu
1349 4532 1465 4584 caeli
1500 4535 1550 4584 et
1588 4531 1825 4586 siderum
1865 4533 2051 4602 dispu-

359 4623 495 4673 tant.
545 4617 743 4672 Merito
799 4617 1087 4682 nolebant,
1145 4619 1280 4688 quia
1318 4619 1523 4674 rationi
1565 4625 1688 4675 erat
1742 4622 2045 4688 contraria,

359 4724 490 4762 cum
521 4723 633 4778 qua
662 4722 920 4778 pugnare
951 4722 1064 4760 non
1083 4712 1273 4776 potest
1286 4707 1595 4778 Scriptura,
1627 4713 1692 4764 ut
1709 4708 1834 4779 ipse
1852 4711 2048 4780 Augu-

360 4797 544 4852 stinus
577 4795 713 4850 alibi
742 4796 920 4851 docet.

428 4887 570 4942 Ibid.
603 4888 704 4942 His
742 4885 958 4954 quidem
1002 4886 1176 4939 nostri
1221 4901 1566 4941 comacruars
1586 4891 1758 4954 agunt
1790 4887 2050 4943 adversus

354 4993 439 5033 eos
486 4979 583 5046 qui
620 4976 811 5031 nolunt
860 4988 1034 5043 aquas
1076 4989 1238 5043 super
1282 4976 1466 5029 caelum
1508 4977 1740 5039 credere,
1795 4982 1844 5032 et
1866 4979 2051 5032 volunt

353 5079 470 5118 eam
498 5065 709 5118 stellam
737 5077 847 5117 esse
873 5061 1160 5127 frigidam,
1195 5076 1313 5131 quae
1338 5063 1508 5132 juxta
1549 5077 1812 5118 summum
1859 5067 2051 5118 caelum

353 5154 565 5219 circuit,
596 5155 657 5205 ut
681 5167 748 5204 ea:
769 5152 862 5204 hoc
885 5154 1146 5217 cogantur
1175 5165 1443 5219 aquarum
1474 5156 1751 5221 naturam,
1776 5167 1882 5206 non
1930 5154 2050 5221 jam

352 5239 468 5292 illic
496 5240 747 5307 vaporali
774 5238 1052 5304 tenuitate,
1079 5238 1174 5292 sed
1219 5241 1441 5306 glaciali
1481 5241 1756 5294 soliditate
1798 5241 2046 5309 pendere.

362 5329 529 5382 Vana:
575 5327 689 5381 illae
739 5334 901 5383 erant
953 5329 1296 5399 conjecturae
1345 5328 1649 5382 hominum
1695 5329 2048 5384 indoctorum

355 5415 705 5486 Scripturam
762 5433 889 5470 cum
935 5417 1150 5487 poetica
1196 5415 1549 5471 astronomia
1577 5420 1791 5470 temere
1823 5417 1883 5469 in
1912 5434 2048 5472 con-

354 5503 607 5559 cordiam
629 5503 885 5575 redigere
909 5505 1263 5573 conantium,
1295 5520 1424 5558 cum
1456 5505 1612 5558 locus
1650 5505 1927 5560 Geneseos
1972 5508 2042 5562 de

2153 3033 2286 3087 ralis
2315 3033 2562 3095 numeri,
2595 3034 2853 3105 quamvis
2881 3051 3030 3106 saepe
3050 3053 3223 3091 sensu
3247 3039 3519 3109 singulari
3547 3041 3779 3101 sumatur;

2154 3123 2251 3176 sed
2304 3121 2482 3176 Graeci
2537 3122 2876 3193 interpretes
2915 3140 3068 3178 nunc
3129 3123 3360 3188 οὐρανόν,
3407 3143 3559 3181 more
3617 3127 3778 3182 Graeco.

2154 3226 2305 3264 nunc
2335 3208 2568 3272 οὐρανούς
2631 3210 2904 3265 Hebraico
2952 3213 3243 3280 dixerunt,
3266 3215 3663 3284 imitatoresque
3707 3212 3804 3264 har

2151 3299 2402 3352 buerunt
2436 3299 2682 3366 Latinos,
2725 3299 2855 3354 licet
2902 3301 3186 3356 nescirent
3242 3318 3344 3357 cur
3394 3303 3603 3358 numeri
3628 3302 3678 3354 in
3709 3301 3779 3354 hac

2153 3402 2286 3440 voce
2308 3390 2686 3442 mutarentur.

2223 3474 2356 3545 Cap.
2412 3477 2497 3539 2t,
2552 3474 2580 3544 §
2631 3479 2717 3530 33.
2778 3477 3046 3542 Quomodo
3091 3483 3271 3534 autem
3315 3482 3464 3535 homo
3527 3477 3780 3534 immortalis

2152 3563 2334 3628 factus
2364 3565 2436 3617 sit
2473 3568 2523 3617 et
2547 3568 2810 3634 acceperit
2837 3581 3011 3620 escam
3039 3583 3158 3622 cum
3178 3571 3306 3624 aliis
3332 3570 3654 3635 animalibus,
3691 3567 3780 3619 her—

2155 3651 2275 3704 bam
2319 3652 2512 3720 pabuli
2560 3655 2818 3718 ferentem
2846 3670 3039 3722 semen,
3088 3661 3138 3709 et
3168 3659 3378 3726 lignum
3404 3661 3726 3725 fructifemm,
3749 3655 3781 3702 et

2156 3739 2377 3793 herbam
2405 3741 2657 3808 viridem,
2681 3742 2909 3811 difﬁcile
2937 3749 3015 3798 est
3035 3744 3226 3799 dicere.
3261 3745 3282 3818 ]
3313 3751 3383 3800 At
3405 3747 3551 3811 hinc,
3589 3748 3642 3796 ut
3665 3746 3708 3794 et
3739 3752 3780 3791 ex

2153 3827 2547 3898 sequentibus,
2579 3829 2741 3883 facile
2768 3834 2855 3884 est
2883 3829 3178 3886 intellectu
3209 3833 3460 3888 hominis
3495 3847 3677 3902 corpus
3709 3841 3780 3878 sua

2155 3922 2361 3970 natura
2391 3919 2631 3972 mortale
2669 3922 2963 3986 creatum;
2995 3921 3093 3974 sed
3115 3920 3260 3976 nihil
3312 3923 3528 3976 vetabat
3566 3922 3728 3977 Deum,
3749 3913 3780 3965 si

2153 4005 2329 4058 homo
2379 4020 2679 4075 nunquam
2722 4012 3029 4077 peccasset,
3068 4007 3396 4065 immortale
3452 4010 3507 4064 id
3547 4009 3778 4080 praestare,

2154 4093 2601 4146 extraordinaria
2631 4109 2760 4162 ope.
2792 4094 2936 4158 Quia
2961 4111 3093 4149 vero
3121 4098 3392 4166 peccavit,
3429 4100 3567 4153 Deus
3608 4095 3654 4148 id
3697 4105 3779 4144 sua!

2152 4185 2374 4235 natura:
2405 4180 2818 4236 conficiendum
2855 4183 3109 4254 reliquit,
3135 4201 3252 4256 qua
3280 4187 3496 4240 ratione
3515 4199 3649 4238 mors
3673 4180 3779 4234 facta

2156 4273 2240 4322 est
2266 4284 2480 4322 merces
2504 4270 2742 4339 peccati.
2775 4272 2889 4325 Hoc
2921 4271 3106 4342 ipsum
3127 4274 3425 4345 perspicue
3454 4275 3603 4328 docet
3634 4274 3779 4336 Augu-

2160 4357 2341 4410 stinus
2366 4357 2515 4411 infra
2545 4358 2644 4412 lib.
2678 4375 2752 4425 v1,
2781 4375 2904 4431 cap.
2936 4363 3026 4426 25,
3057 4364 3084 4428 §
3115 4365 3200 4418 36.

2232 4445 2398 4499 Liaao
2436 4461 2510 4511 ιν,
2546 4445 2574 4514 §
2613 4448 2663 4500 2.
2722 4449 3025 4504 Invenimus
3067 4465 3192 4518 ergo
3237 4454 3510 4505 senarium
3561 4455 3778 4502 numerum

2152 4533 2394 4599 primum
2437 4547 2547 4586 esse
2584 4535 2902 4602 perfectum,
2935 4551 2998 4590 ea
3043 4540 3254 4591 ratione
3283 4539 3429 4609 quod
3452 4541 3558 4592 suis
3581 4530 3779 4606 partibus

2159 4621 2488 4688 compleatur
2515 4637 2528 4686 ;
2553 4621 2659 4674 hoc
2691 4626 2794 4684 est,
2835 4623 2925 4676 his
2954 4624 3136 4678 tribus
3176 4630 3412 4682 constet.
3445 4623 3466 4697 ]
3510 4625 3779 4690 Quicunque

2160 4708 2304 4762 alius
2330 4725 2604 4764 numerus
2632 4727 2666 4764 a
2696 4711 2809 4764 Deo
2836 4711 3017 4766 lectus
3047 4698 3265 4781 fuisset,
3293 4715 3355 4769 in
3397 4731 3461 4769 eo
3499 4706 3779 4767 necessarias

2157 4798 2531 4870 perfectiones
2551 4815 2751 4853 omnes
2768 4799 3079 4855 invenisset
3096 4803 3467 4872 Augustinus.
3502 4800 3640 4855 Talia
3662 4794 3780 4850 erant

2160 4886 2494 4942 Platonismi
2522 4892 2866 4957 commenta,
2893 4905 2926 4942 a
2956 4889 3163 4960 quibus
3202 4892 3452 4946 alienum
3507 4903 3612 4944 non
3651 4882 3778 4938 fuisse

2156 4976 2540 5048 Augustinum
2572 4976 2772 5046 miror,
2802 4979 2889 5030 vel
2919 4985 3155 5050 propter
3183 4979 3291 5034 hoc
3314 4980 3467 5051 quod
3494 4975 3623 5032 nihil
3648 4971 3778 5028 habe-

2157 5069 2286 5118 rent
2323 5064 2497 5116 ﬁxum
2527 5081 2591 5118 ac
2618 5069 2850 5122 certum.

2229 5155 2362 5222 Cap.
2414 5155 2499 5215 35,
2533 5151 2674 5222 §56.
2709 5157 2825 5209 Dies
2874 5172 2998 5224 ergo
3044 5157 3154 5225 ille,
3215 5173 3368 5226 quem
3417 5158 3552 5210 Deus
3573 5149 3778 5223 primitus

2157 5241 2305 5308 fecit,
2337 5244 2387 5295 si
2414 5244 2687 5309 spiritalis
2716 5246 3109 5312 rationalisque
3130 5253 3378 5300 creatura
3401 5248 3493 5311 est,
3523 5242 3580 5297 id
3597 5243 3678 5303 est.
3704 5249 3776 5287 ἀπ’

2157 5330 2394 5394 gelorum
2441 5331 2890 5398 supercaelestium
2937 5337 3098 5400 atque
3151 5335 3432 5400 virtutum,
3481 5327 3778 5400 prasentatus

2157 5423 2235 5470 est
2287 5417 2530 5472 omnibus
2586 5420 2835 5490 operibus
2886 5423 3002 5489 Dei,
3061 5422 3162 5477 hoc
3191 5422 3378 5476 ordine
3395 5418 3668 5490 presentia'
3699 5422 3776 5479 quo

2157 5507 2344 5560 ordine
2382 5509 2634 5572 scientiae,
2685 5524 2795 5577 qua
2835 5513 2886 5562 et
2914 5511 2972 5562 in
3021 5511 3195 5564 Verbo
3227 5512 3320 5565 Dei
3340 5506 3582 5576 facienda
3604 5511 3776 5572 primo-
