3890 6186
134 293 201 344 345
825 282 1187 338 VARIORUM
1231 284 1826 342 EXERCITATIONES
1863 285 1935 340 IN
1976 287 2011 340 S
2072 287 2438 343 AUGUSTINI
2479 289 2733 345 OPERA.
3451 299 3551 352 346

129 415 253 470 sceret,
277 413 316 460 et
343 410 390 459 in
432 411 673 458 creatura
709 407 862 471 facta
897 411 1246 473 cognosceret,
1289 423 1394 461 non
1423 425 1521 477 per
1550 412 1719 462 inter-
1761 415 1801 465 A
1835 410 2043 463 dentur
2075 409 2333 458 αἷτιιτικὸν
2365 411 2538 474 λόγον,
2583 415 2852 468 causalem
2892 417 3178 482 rationem,
3239 435 3352 488 qua
3405 403 3553 474 locu-

135 501 318 552 saliorum
353 495 710 562 temporalium
764 509 965 559 moras,
1017 495 1111 548 sed
1148 498 1306 564 prius
1362 501 1410 550 et
1458 500 1729 565 posterius
1838 498 1992 553 tione
2013 515 2164 570 saepe
2194 501 2371 554 utitur
2397 501 2456 553 in
2490 502 2639 555 hisce
2684 503 2844 556 libris
2876 506 3247 574 Augustinus.

136 588 265 640 hat-ms
299 586 350 635 in
404 584 716 636 connearione
777 588 1170 648 creaturarum,
1205 587 1263 638 in
1309 588 1555 653 efficacia
1609 602 1731 640 vero

134 675 322 729 Creatoris
343 673 510 724 omnia
528 671 712 725 simul.
752 671 839 724 Sic
856 674 994 724 enim
1023 673 1163 737 facit
1184 689 1302 741 quae
1315 677 1508 739 futura
1539 681 1727 742 essent,

125 767 163 814 ut
188 775 263 812 non
298 760 646 827 temporalitcr
670 762 874 824 faceret
902 763 1241 828 temporalia,
1278 762 1372 815 sed
1401 762 1467 815 ab
1488 780 1544 816 eo
1579 765 1732 829 facta

121 853 324 903 currerent
364 846 636 918 tempora]
689 850 815 902 Haec
871 849 1086 914 omnia,
1144 851 1354 919 quibus
1403 853 1732 906 summatim

117 937 270 1008 profert
291 935 428 1006 quod
461 935 844 1005 particulatim
894 937 956 990 in
1001 937 1105 990 hoc
1141 938 1284 992 libro
1339 939 1554 1004 docuit,
1608 941 1734 1010 quis

120 1041 193 1078 non
212 1024 417 1077 miretur
433 1023 620 1077 vocari
647 1023 1147 1094 interpretationes
1185 1026 1260 1078 ad
1286 1027 1523 1080 litteram
1543 1028 1570 1080 ?
1600 1028 1736 1091 Quis

115 1129 190 1166 non
217 1112 548 1182 Obstupescat
577 1129 705 1166 cum
727 1113 939 1183 cogitat
967 1113 1114 1167 serio
1141 1130 1260 1167 esse
1289 1113 1434 1168 dicta
1454 1115 1480 1169 ?
1520 1116 1735 1180 Quibus

114 1201 195 1253 hac
247 1199 447 1252 somnia
512 1199 886 1253 febricitantis
945 1200 1154 1254 eximia
1221 1201 1581 1268 videbantur,
1639 1219 1736 1255 eos

112 1292 276 1358 oportet
313 1287 474 1340 fuisse
522 1292 621 1340 aut
655 1287 816 1340 valde
874 1287 1125 1354 hebetes,
1179 1292 1277 1342 aut
1321 1289 1481 1342 valde
1529 1289 1730 1343 affectu

115 1377 379 1428 obczecatos.
412 1375 547 1439 Quis
577 1375 861 1446 interpres
891 1375 1063 1429 hodie
1095 1376 1229 1429 talia
1254 1377 1499 1431 scribere
1537 1378 1739 1431 vellet?

153 1464 267 1518 Ibid.
299 1464 374 1517 Ac
394 1479 492 1532 per
537 1464 634 1517 hoc
673 1465 768 1517 isti
794 1463 908 1517 dies
938 1468 1157 1532 septem,
1190 1480 1320 1533 quos
1361 1466 1458 1518 tua:
1499 1468 1738 1534 corporis

115 1553 282 1604 talestis
309 1551 677 1605 circumeundo
711 1553 948 1619 explicat
975 1556 1144 1621 atque
1165 1554 1412 1621 replicat,
1449 1554 1736 1607 secundum

110 1639 335 1705 quamdam
359 1640 605 1693 umbram
630 1641 1046 1708 signiﬁcationis
1075 1640 1363 1695 admonent
1387 1657 1481 1695 nos
1502 1658 1737 1710 quaerere

105 1728 186 1792 illos
196 1727 289 1780 dies
308 1729 359 1780 in
379 1728 576 1796 quibus
600 1728 695 1780 tua:
716 1733 896 1782 creata
927 1731 1199 1796 spiritalis
1220 1731 1465 1784 omnibus
1486 1731 1735 1799 operibus

105 1817 182 1879 Dei,
212 1831 297 1884 per
340 1818 612 1870 senariam
642 1819 854 1870 numeri
871 1819 1252 1886 perfectionem
1286 1822 1614 1887 prasentari
1647 1835 1742 1888 po-

104 1906 231 1971 tuerit,
268 1909 419 1974 atque
437 1904 567 1957 inde
593 1908 876 1973 septi-mam
902 1908 1140 1973 requiem
1168 1910 1263 1960 Dei
1291 1922 1445 1961 mane
1474 1908 1666 1961 habere
1695 1913 1745 1963 et

103 2008 311 2060 vesperam
333 2009 435 2047 non
487 1994 706 2060 habere,
741 1993 871 2062 etc.]
916 1995 1143 2048 Placere
1175 1995 1296 2048 huic
1335 1999 1645 2064 potuerunt
1674 1997 1742 2050 iis

103 2082 171 2150 qui
195 2082 420 2134 Platonis
453 2086 558 2135 aut
603 2081 944 2151 Pythagorm
993 2083 1290 2152 mysticam
1321 2084 1740 2138 arithmeticam

102 2169 243 2238 magni
269 2169 579 2235 faciebant;
614 2169 708 2222 sed
743 2169 843 2240 qui
873 2186 998 2222 eam
1029 2170 1370 2237 irridebant,
1405 2172 1526 2225 sine
1566 2173 1740 2226 dubio

106 2256 189 2311 hac
211 2258 382 2311 omnia
406 2257 584 2312 etiam
635 2258 1026 2325 exsibilabant,
1059 2263 1114 2312 et
1144 2259 1374 2330 quidem
1407 2260 1645 2326 merito;
1678 2264 1742 2314 ut

99 2345 183 2413 jam
208 2347 368 2416 liquet
388 2347 470 2399 vel
503 2362 576 2399 ex
608 2345 989 2416 interpretum
1027 2348 1410 2402 recentiorum
1433 2365 1734 2415 consensu,

100 2433 253 2502 quibus
280 2433 382 2488 alia
413 2434 610 2487 omnia
650 2435 1009 2505 placuerunt.
1073 2437 1372 2506 Ignoscere
1402 2437 1554 2490 hisce
1585 2453 1738 2490 com-

99 2522 256 2576 mentis
281 2539 604 2592 possumus,
635 2524 731 2577 sed
753 2523 952 2577 mirari
992 2540 1087 2577 eos
1111 2525 1211 2595 qui
1238 2530 1356 2578 tam
1384 2541 1533 2596 saepe
1553 2526 1738 2580 indul-

96 2609 235 2680 gentia
262 2617 447 2664 nostra
480 2611 768 2682 indigent,
799 2627 920 2665 non
949 2629 1273 2682 possumus.

142 2699 275 2753 Lmao
315 2716 364 2764 v,
413 2716 544 2770 cap.
609 2702 691 2768 14,
727 2699 754 2769 §
784 2703 870 2754 32.
903 2703 1010 2756 Nec
1063 2702 1588 2770 pratermittendum
1638 2708 1736 2769 est,

95 2786 195 2852 quod
227 2787 602 2842 emendatiores
657 2787 862 2842 codices
911 2789 1108 2843 habent
1170 2790 1347 2860 (Joan.
1408 2807 1448 2857 ι,
1481 2793 1510 2844 3
1542 2795 1597 2844 et
1637 2792 1684 2860 4)
1719 2809 1732 2845 :

93 2874 201 2942 quod
222 2875 414 2930 factum
431 2881 518 2929 est
541 2875 604 2929 in
625 2876 722 2930 illo
741 2877 855 2930 vita
878 2882 1001 2931 erat
1031 2894 1044 2943 ;
1073 2881 1133 2930 ut
1149 2880 1226 2932 sic
1245 2880 1590 2946 intelligatur
1620 2880 1737 2933 vita

1907 587 2048 641 Ibid.
2110 589 2408 642 Verendum
2464 597 2541 644 est
2591 595 2789 654 autem,
2844 609 2906 644 ne
2957 608 3076 645 cum
3130 594 3386 662 dicimus,
3439 611 3545 650 non

1840 678 1989 743 ipsas
2012 681 2134 730 tunc
2146 682 2374 730 naturas
2403 683 2565 746 atque
2584 679 2919 732 substantias
2942 695 3060 748 quze
3078 682 3282 745 futura:
3299 685 3541 748 fuerant,

1843 767 2006 817 Deum
2034 781 2259 828 creasse,
2294 766 2423 819 dum
2455 771 2660 820 crearet
2707 770 2887 820 omnia
2917 769 3104 833 simul,
3130 773 3384 836 putemur
3415 773 3537 824 inu-

1841 855 1938 906 nia
1965 853 2215 920 queedam
2246 852 2470 924 dicere]
2500 857 2680 908 Deum
2729 856 2926 909 omnia
2976 856 3144 909 simul
3187 873 3402 911 creasse
3428 859 3548 929 jam

1844 957 2012 994 nemo
2042 942 2241 1007 credit,
2274 945 2370 996 sed
2415 943 2580 996 multi
2607 943 2848 996 credunt
2879 946 3059 998 Deum
3090 945 3389 1000 materiam
3417 963 3541 1000 cor-

1844 1043 2052 1097 porum
2082 1034 2214 1082 ante
2236 1029 2429 1082 omnia
2455 1046 2697 1096 creasse,
2728 1047 2792 1084 ex
2826 1032 2964 1084 Gen.
3000 1049 3035 1097 1,
3076 1036 3123 1096 t,
3157 1049 3258 1086 nec
3298 1033 3545 1087 absurda

1844 1132 1910 1168 ea
1938 1123 2128 1186 potest
2157 1117 2353 1170 haberi
2407 1119 2701 1173 sententia.
2746 1121 2816 1173 At
2845 1122 3113 1174 causalem
3160 1124 3422 1175 rationem
3444 1127 3545 1175 aut

1844 1204 2116 1274 corporis,
2145 1210 2243 1259 aut
2272 1207 2477 1260 mentis
2503 1208 2602 1277 qui
2635 1208 2851 1273 dicunt,
2871 1209 2954 1261 illi
2980 1211 3172 1262 inania
3201 1211 3409 1272 dicunt,
3439 1227 3543 1264 nec

1846 1293 2196 1346 contrarium
2227 1293 2288 1346 in
2311 1295 2680 1364 sequentibus
2708 1297 2960 1350 ostendit
2987 1298 3354 1367 Augustinus.
3377 1299 3544 1352 Miras

1845 1381 2304 1435 ratiocinationes
2357 1400 2497 1454 quas
2575 1389 2772 1455 postea
2830 1385 2994 1438 affert
3050 1402 3166 1440 non
3217 1387 3542 1454 confutabo,

1846 1485 2033 1540 neque
2057 1471 2209 1524 enim
2243 1471 2563 1525 timendum
2595 1477 2678 1526 est
2709 1490 2780 1526 ne
2821 1473 2948 1544 quis
2978 1474 3046 1527 iis
3070 1491 3363 1529 assensum
3395 1491 3539 1544 praa'

1847 1559 1994 1613 beat.
2045 1561 2414 1630 Augustinus,
2452 1566 2707 1615 assuetus
2749 1563 3052 1616 Platonicis
3103 1563 3340 1632 argutiis
3379 1564 3547 1638 plura

1848 1663 1996 1717 serpe
2026 1648 2218 1702 scribit
2256 1665 2428 1719 quam
2478 1666 2606 1720 quae
2660 1649 2950 1721 intelligit,
2998 1652 3544 1722 consequentiasque

1855 1735 2068 1807 passim
2100 1737 2350 1791 admittit
2366 1739 2528 1808 quasi
2559 1739 2770 1805 bonas;
2799 1755 2927 1810 qua;
2949 1741 2994 1792 si
3024 1745 3323 1809 negentur,
3351 1739 3543 1792 statim

1854 1829 2152 1890 corruunt;
2171 1841 2368 1878 omnes
2390 1826 2541 1879 enim
2561 1825 3023 1880 ratiocinationes
3037 1843 3221 1896 neque
3243 1827 3354 1880 ullo
3371 1826 3542 1880 modo

1852 1913 2084 1983 probari
2126 1917 2376 1981 possunt.

1924 2001 2066 2055 Ibid.
2091 2005 2161 2056 Et
2187 2004 2424 2072 corporis
2459 2003 2675 2071 quidem
2697 2004 2940 2070 humani,
2973 2006 3188 2060 etiamsi
3213 2005 3326 2070 fuit
3355 2005 3544 2072 aliqua

1852 2092 2059 2144 occulta
2104 2096 2247 2144 ratio
2289 2108 2398 2160 qua
2433 2094 2685 2157 futurum
2722 2099 2837 2145 erat
2876 2098 2934 2146 ut
2970 2094 3321 2159 formaretur,
3353 2097 3471 2146 erat
3496 2096 3546 2144 et

1850 2181 2099 2232 materies
2121 2179 2186 2232 de
2211 2195 2319 2247 qua
2350 2182 2702 2246 formaretur,
2740 2179 2798 2232 id
2835 2185 2912 2233 est
2944 2186 3108 2246 terra,
3133 2183 3191 2233 in
3233 2197 3342 2249 qua
3369 2180 3546 2234 videri

1847 2271 2059 2335 pote-rat
2093 2269 2191 2322 illa
2225 2271 2387 2332 ratio,
2420 2268 2591 2323 veluti
2635 2271 2692 2321 in
2718 2270 2915 2322 semine
2953 2267 3222 2340 latuisst
3260 2268 3546 2323 Docebant

1849 2355 2045 2420 Stoici,
2099 2361 2161 2409 ut
2209 2356 2378 2410 habet
2423 2356 2676 2410 Laertius
2731 2355 2832 2410 lib.
2867 2356 3020 2425 \'u,§
3086 2360 3204 2421 136,
3266 2357 3546 2428 principio

1850 2443 2051 2510 Deum,
2085 2460 2215 2498 cum
2243 2448 2390 2498 esset
2446 2445 2594 2514 apud
2639 2462 2715 2509 se,
2766 2444 3138 2498 substantiam
3172 2462 3405 2499 omnem
3444 2461 3547 2516 per

1849 2547 2038 2585 aerem
2080 2532 2139 2586 in
2180 2549 2386 2604 aquam
2425 2533 2783 2588 convertisse.
2824 2544 2913 2590 Καὶ
2947 2543 3107 2606 ὥσπερ
3145 2543 3196 2590 ἐν
3237 2544 3300 2601 τῆ
3336 2544 3459 2604 γονῆ
3491 2543 3546 2588 τὸ

1849 2627 2351 2693 σπέρμαπεριέχεται,
2427 2630 2552 2676 οὕτω
2629 2632 2712 2677 καὶ
2785 2633 2958 2678 τοῦτον
3033 2631 3359 2693 σπερματικὸν
3430 2628 3546 2676 ὄντα

1846 2717 1993 2779 λόγον
2044 2720 2130 2765 τοῦ
2196 2718 2379 2780 κόσμου
2433 2718 2615 2765 τοιόνδε
2673 2718 2987 2766 ὑπολιπέσθαι
3045 2718 3094 2765 ἐν
3139 2721 3206 2765 τῶ
3255 2718 3413 2780 ὑγρῶ,
3465 2717 3550 2763 καῖ

1845 2800 1905 2844 τὰ
1938 2799 2040 2857 έξῆς
2070 2812 2082 2845 ε
2115 2802 2184 2853 Et
2229 2800 2677 2867 quemadmodum
2726 2803 2781 2853 in
2827 2802 2943 2865 fetu
2992 2815 3167 2852 semen
3219 2801 3542 2865 continetur,

1846 2890 1928 2941 ita
1956 2893 2006 2941 et
2057 2888 2216 2955 hanc,
2246 2904 2363 2941 cum
2388 2890 2664 2942 seminalis
2693 2891 2838 2941 ratio
2867 2888 3058 2941 mundi
3085 2890 3177 2950 sit,
3210 2887 3449 2941 eamdem
3488 2889 3544 2942 in

94 2967 176 3014 "at
201 2965 439 3030 WomOdO
475 2980 487 3018 ἔ
523 2965 594 3018 In
632 2963 912 3035 Ρτὶηθίρὶο
940 2969 1062 3019 erat
1089 2967 1358 3032 Verbum.
1399 2972 1456 3020 εἰ
1490 2968 1736 3021 Verbum
1779 2977 1816 3032 C
1849 2977 2066 3030 humore
2116 2978 2418 3045 reliquisse,
2464 2981 2569 3030 etc.
2616 2979 2767 3030 Hanc
2819 2977 3142 3031 Stoicorum
3194 2976 3545 3030 locutionem

94 3053 177 3103 erat
205 3053 340 3122 apud
382 3054 572 3106 Deum
621 3058 677 3106 et
725 3054 872 3106 Deus
932 3059 1055 3108 erat
1098 3055 1367 3109 Verbum.
1425 3056 1578 3122 Quod
1615 3071 1738 3123 ergo

94 3140 244 3200 factum
271 3146 359 3201 est,
398 3142 524 3210 jam
573 3141 687 3194 vita
719 3147 841 3195 erat
892 3143 952 3195 in
981 3143 1101 3210 illo,
1136 3147 1192 3196 et
1221 3146 1338 3197 vita
1376 3160 1482 3198 non
1523 3147 1739 3212 qualis-

95 3240 262 3294 mnque,
316 3229 442 3298 etc.]
492 3228 926 3282 Emendatiores
969 3230 1055 3283 illi
1115 3231 1336 3285 codices
1385 3232 1508 3286 sine
1567 3233 1739 3287 dubio

93 3312 240 3367 vitiosa
265 3315 729 3386 interpunctione
751 3316 1106 3384 laborabant,
1139 3322 1200 3371 ut
1231 3318 1508 3373 editiones
1540 3336 1740 3374 omnes

96 3397 322 3456 hodiernae
345 3410 400 3458 et
420 3421 514 3458 res
549 3404 669 3475 ipsa
692 3405 1022 3459 ostendunt.

139 3488 277 3544 [ιηηο
319 3508 391 3556 vi,
444 3508 577 3562 cap.
612 3493 681 3545 24
731 3498 786 3544 et
836 3508 980 3562 seq.,
1018 3490 1045 3562 §
1079 3495 1164 3547 36.
1225 3496 1344 3550 Non
1393 3497 1475 3548 ait
1500 3496 1739 3564 Aposto-

95 3574 161 3641 lus,
186 3593 353 3647 corpus
383 3580 610 3648 quidem
647 3581 871 3634 mortale
901 3585 1126 3649 propter
1151 3587 1466 3651 peccatum;
1511 3584 1606 3636 sed
1629 3600 1740 3638 cor-

90 3678 158 3728 pus
176 3674 418 3721 mortuum
445 3673 679 3736 propter
709 3673 1010 3736 peccatum.
1043 3670 1200 3722 Illud
1230 3673 1430 3738 quippe
1462 3676 1585 3724 ante
1605 3687 1738 3740 pec-

94 3756 220 3805 catum
240 3760 283 3807 et
323 3758 556 3810 mortale
601 3756 891 3809 secundum
917 3757 1106 3822 aliam,
1146 3761 1195 3810 et
1224 3759 1526 3812 immortale
1552 3774 1737 3812 secun-

92 3837 178 3891 dum
202 3842 351 3895 aliam
384 3859 613 3898 causam
648 3843 759 3896 dici
803 3848 1056 3912 poterat;
1097 3845 1159 3896 id
1193 3849 1290 3911 est,
1322 3847 1564 3909 mortale,
1609 3849 1740 3914 quia

92 3932 246 3990 poterat
287 3931 481 4004 mori.]
546 3931 809 3985 Nondum
865 3931 970 3985 hac
1027 3933 1094 3985 de
1141 3948 1202 3985 re
1259 3933 1531 4003 cogitasse
1589 3935 1740 3987 vide-

93 4015 157 4064 tur
178 4018 528 4087 Augustinus,
592 4035 721 4072 cum
769 4019 1042 4073 scriberet
1087 4019 1220 4074 libri
1273 4038 1353 4087 Ill,
1400 4037 1524 4090 cap.
1556 4025 1645 4089 2t,
1676 4027 1739 4076 ut

97 4101 408 4159 indicavimus
437 4107 629 4161 obiter
657 4107 728 4161 ad
757 4123 889 4160 eum
919 4106 1128 4161 locum.

139 4188 278 4246 Lmno
303 4210 392 4262 vn,
441 4211 569 4266 cap.
605 4198 656 4260 2,
693 4193 720 4264 §
751 4198 802 4249 3.
862 4196 1139 4262 Sacrilego
1180 4199 1362 4265 opinio
1417 4201 1495 4252 est
1525 4213 1640 4251 eam
1690 4203 1740 4252 et

94 4277 214 4331 Deum
265 4283 472 4336 credere
543 4286 706 4338 unius
759 4299 869 4338 esse
925 4284 1284 4356 substantiae]
1346 4287 1628 4356 Loquitur
1671 4287 1739 4340 de

94 4365 303 4432 opinione
332 4371 781 4425 Manichaeorum
814 4371 914 4443 qui
950 4373 1221 4428 volebant
1251 4374 1508 4429 animum
1529 4375 1741 4428 huma-

94 4466 195 4507 num
220 4472 325 4512 esse
353 4458 635 4520 ὁμοουσιον,
667 4461 780 4515 sive
833 4462 1379 4517 consubstantialem
1433 4465 1568 4518 Deo.
1603 4464 1739 4518 Vide

98 4538 252 4598 librum
281 4546 346 4601 de
377 4549 708 4603 Haeresibus
739 4566 862 4620 cap.
905 4551 993 4604 46.

145 4631 248 4702 Cap.
268 4637 353 4696 22,
396 4639 423 4703 §
465 4640 555 4691 32.
593 4637 946 4706 Quaerendum
980 4643 1058 4692 est
1088 4639 1349 4707 quomodo
1372 4642 1547 4709 possit
1576 4641 1740 4694 intel-

97 4714 167 4780 ligi
185 4723 308 4788 quod
353 4727 593 4778 causalis
634 4727 748 4794 ejus
782 4725 1036 4795 (animae)
1065 4729 1209 4780 ratio
1236 4729 1410 4794 fuisse
1461 4727 1740 4782 dicebatur

94 4804 134 4853 in
152 4812 314 4872 primis
341 4827 436 4866 sex
463 4813 678 4866 dierum
706 4813 954 4882 operibus
984 4815 1112 4879 Dei,
1137 4816 1396 4884 quomodo
1432 4817 1564 4882 fecit
1594 4817 1738 4869 Deus

96 4888 303 4950 hominem
347 4900 420 4952 ad
458 4902 753 4966 imaginem
783 4916 956 4966 suam,
990 4902 1134 4969 quod
1165 4904 1276 4955 nisi
1302 4903 1594 4958 secundum
1623 4907 1739 4957 ani-

93 4992 199 5033 mam
222 5000 314 5039 non
349 4993 491 5042 recte
529 4987 897 5060 intellig-itur]
934 4989 1200 5059 Sequitur
1232 4991 1589 5061 Augustinus
1619 4997 1738 5062 sty-

97 5064 180 5120 lum
203 5073 686 5145 philosophorum,
723 5077 822 5147 qui
853 5077 1121 5131 omnibus
1140 5081 1447 5134 seminalem
1472 5082 1734 5134 rationem

97 5159 365 5214 κερματικὸν
391 5159 544 5224 λόγον
593 5162 763 5216 fuisse
832 5163 1132 5229 docebant,
1218 5166 1425 5235 quibus
1507 5166 1737 5220 vocibus

98 5240 308 5298 Videntur
341 5247 682 5303 intellexisse
718 5251 896 5305 veluti
937 5252 1288 5322 principium
1321 5254 1635 5324 quoddam,
1669 5271 1733 5309 ex

100 5340 178 5393 quo
202 5335 438 5389 materia;
475 5337 677 5407 prima:
716 5338 1014 5393 mistiones
1045 5355 1244 5395 omnes
1275 5341 1536 5396 conﬂata).
1565 5348 1726 5398 sunt.

103 5412 198 5500 liide
235 5422 446 5477 Iustum
479 5425 730 5495 Lipsium
766 5427 827 5481 in
871 5427 1117 5499 Physiol.
1179 5429 1500 5484 Stoicorum
1541 5431 1640 5485 lib.
1674 5448 1732 5500 ιι,

103 5497 268 5562 dissert.
298 5513 348 5564 8.
375 5512 555 5566 Iidem
585 5513 906 5585 philosophi
946 5497 1156 5587 aliique
1185 5517 1392 5572 dixisse
1443 5517 1616 5572 etiam
1646 5497 1736 5572 vi?

1847 3063 2104 3117 imitatus
2136 3063 2434 3118 manifesto
2475 3068 2558 3117 est
2595 3065 2969 3134 Augusiinus.

1923 3154 2089 3206 [ωηο
2133 3167 2211 3216 1x,
2239 3168 2360 3222 cap.
2413 3154 2494 3214 t0,
2529 3153 2674 3218 §,16.
2719 3153 2979 3217 Quamvis
3017 3153 3285 3206 honestius
3323 3152 3545 3205 melius-

1849 3256 1950 3309 que
1992 3240 2247 3294 credatur
2293 3243 2373 3292 ita
2403 3242 2576 3305 fuisse
2616 3244 2738 3293 tunc
2784 3241 3000 3293 illorum
3041 3241 3316 3293 hominum
3353 3253 3547 3308 corpus

1847 3321 2081 3374 animale
2107 3322 2516 3373 constitutorum
2545 3321 2603 3372 in
2628 3320 2915 3389 paradiso,
2953 3320 3189 3373 nondum
3217 3323 3406 3373 mortis
3437 3321 3548 3386 lege

1847 3408 2184 3474 damnatum,
2209 3412 2269 3460 ut
2294 3423 2400 3460 non
2427 3407 2681 3460 haberent
2713 3410 3013 3476 appetitum
3036 3407 3272 3461 carnalis
3296 3408 3546 3475 volupta-

1848 3497 1938 3561 tis,
1989 3497 2203 3564 qualem
2237 3510 2378 3548 nunc
2412 3496 2610 3549 habent
2653 3498 2760 3549 ista
2801 3511 3045 3565 corpora,
3088 3495 3218 3564 etc.]
3250 3495 3548 3566 Appetitas

1847 3584 1964 3650 ille,
2000 3588 2060 3637 ut
2090 3583 2272 3654 liquet
2313 3585 2399 3637 vel
2451 3600 2518 3637 ex
2546 3584 2752 3649 brutis,
2805 3588 2923 3636 tam
2960 3584 3235 3637 naturalis
3261 3588 3346 3637 est
3375 3599 3548 3654 quam

1847 3672 2174 3742 appetentia
2226 3671 2361 3739 cibi,
2406 3675 2503 3724 aut
2533 3678 2704 3742 potus
2733 3672 3117 3742 voluptasque
3145 3687 3317 3742 quam
3369 3679 3544 3740 expe-

1846 3761 2028 3813 rimur
2056 3776 2186 3813 cum
2217 3760 2569 3814 comedimus
2599 3760 2931 3824 esurientes,
2964 3761 3051 3813 vel
3074 3760 3322 3814 bibimus
3351 3759 3545 3813 sitien-

1846 3851 1952 3901 tes.
1987 3848 2112 3901 Non
2141 3852 2278 3918 puto
2321 3864 2455 3900 sane
2505 3863 2854 3918 quemquam
2909 3847 3196 3901 dicturum
3243 3846 3395 3900 sitim
3450 3850 3547 3900 aut

1845 3933 2077 3999 famem,
2111 3935 2574 4004 voluptatemque
2595 3950 2766 4003 quam
2788 3935 2854 3986 iis
2880 3933 3170 4002 explendis
3195 3932 3541 4002 experimur,

1848 4021 2079 4074 effectus
2110 4037 2231 4074 esse
2259 4023 2496 4090 peccati.
2547 4022 2843 4089 Figmenta
2872 4036 3031 4074 mera
3060 4025 3194 4073 sunt
3218 4036 3346 4089 qua:
3376 4020 3469 4073 hic
3489 4025 3547 4073 et

1849 4108 1984 4162 alibi
2015 4108 2303 4161 dicuntur.
2354 4109 2430 4161 De
2475 4108 2564 4161 his
2597 4108 2882 4177 copiosius
2921 4109 3041 4178 egit
3077 4107 3428 4178 Augustinus
3473 4107 3543 4161 de

1855 4197 2091 4252 Civitate
2121 4197 2221 4250 Dei
2253 4197 2352 4252 lib.
2393 4213 2504 4262 xw,
2538 4212 2664 4266 cap.
2713 4200 2775 4250 16
2807 4201 2862 4250 et
2887 4213 3044 4267 seqq.

1777 4256 1822 4310 Β
1927 4287 2092 4339 Lmno
2136 4302 2190 4352 x,
2241 4301 2363 4356 cap.
2415 4289 2465 4339 9.
2493 4256 2641 4340 Illud
2687 4301 2810 4352 ergo
2833 4256 3287 4354 jampideamus,
3330 4287 3544 4339 cuinam

1844 4377 2025 4442 potius
2076 4376 2350 4428 sententia:
2404 4374 2604 4427 divine
2655 4375 2961 4427 testimonia
3007 4373 3398 4442 suffragantur,
3430 4375 3547 4426 eine

1847 4477 1957 4531 qua
1995 4462 2199 4516 dicitur
2253 4465 2493 4516 animam
2538 4477 2703 4515 unam
2756 4465 2915 4515 Deum
2960 4463 3172 4528 fecisse,
3233 4466 3284 4516 ct
3334 4461 3544 4516 dedisse

1842 4551 2022 4618 primo
2066 4551 2291 4617 homini,
2325 4550 2467 4603 unde
2497 4555 2714 4603 caeteras
2737 4551 2960 4617 faceret,
3015 4552 3154 4603 sicut
3191 4565 3259 4603 ea:
3287 4551 3402 4619 ejus
3429 4566 3544 4604 cor-

1845 4653 1976 4706 pore
2001 4644 2192 4695 ceetera
2215 4639 2487 4691 hominum
2517 4654 2770 4707 corpora;
2806 4655 2877 4692 an
2916 4641 2966 4691 ei
2987 4655 3096 4707 qua
3121 4639 3323 4692 dicitur
3351 4641 3545 4705 singu-

1848 4726 1930 4777 las
1959 4727 2188 4792 singulis
2215 4728 2411 4793 facere,
2445 4728 2584 4778 sicut
2613 4726 2698 4778 illi
2712 4740 2898 4792 unam,
2925 4741 3031 4779 non
3051 4741 3118 4778 ea:
3147 4727 3247 4780 illa
3276 4725 3541 4793 caeteras]

1850 4818 1958 4870 Has
1986 4814 2126 4867 duas
2173 4813 2483 4869 sententiis
2510 4813 2674 4883 quasi
2711 4813 3035 4882 probabiles
3066 4813 3315 4867 admittit
3345 4815 3541 4881 Augu-

1848 4903 2052 4966 stinus,
2082 4901 2304 4955 caeteris
2325 4901 2566 4971 rejectis,
2598 4905 2654 4954 et
2681 4900 2742 4954 in
2761 4901 3015 4971 priorem
3048 4901 3280 4970 quidem
3307 4900 3545 4970 pronior

1847 4995 1947 5055 est,
1987 4990 2138 5060 quod
2170 5005 2239 5042 ex
2275 5005 2343 5042 ea
2390 4988 2610 5042 facilius
2661 4989 2930 5057 explicari
2987 5004 3146 5059 posse
3177 4992 3339 5056 putet
3368 4991 3424 5040 et
3443 4987 3542 5058 qui

1847 5094 2043 5133 omnes
2083 5081 2141 5131 in
2169 5077 2386 5132 Adamo
2415 5093 2676 5147 peccasse
2721 5077 3003 5142 dicantur,
3038 5081 3092 5130 et
3114 5076 3212 5144 qui
3243 5080 3541 5144 peccatum

1846 5165 2080 5237 originis
2109 5167 2179 5220 ab
2216 5182 2282 5219 eo
2339 5171 2708 5235 propagetur.
2745 5168 2814 5220 At
2857 5164 3049 5217 nescio
3071 5163 3365 5232 quomodo
3395 5163 3543 5217 hanc

1847 5270 2007 5308 suam
2053 5253 2394 5307 sententiam
2439 5269 2570 5306 cum
2623 5269 2690 5306 eo
2723 5251 2873 5322 quod
2914 5250 3193 5303 sentiebat
3239 5251 3307 5305 de
3339 5257 3543 5306 natura

1846 5344 2183 5413 incorporea
2211 5341 2418 5395 mentis
2459 5346 2607 5394 stare
2643 5356 2806 5410 posse
2850 5337 3214 5408 intelligeret.
3248 5338 3382 5392 Vide
3413 5355 3536 5408 cap.

1843 5433 1930 5485 24.
1967 5433 2165 5501 Itaque
2217 5429 2609 5483 difﬁcultatem
2640 5426 2949 5482 difﬁculate
2992 5427 3260 5494 solvebat,
3293 5427 3399 5481 hoc
3430 5432 3532 5491 est,

1845 5536 1908 5573 ex
1960 5519 2232 5589 impedito
2296 5515 2719 5586 impeditiorem
2775 5514 3042 5567 lectorem
3083 5515 3390 5582 reddebat;
3440 5513 3536 5568 sed
