3890 6186
362 253 463 304 347

1369 249 1933 306 SUPPLEMENTUM
1975 245 2065 305 AD
2103 250 2337 308 OPERA
2374 253 2430 308 S.
2472 247 2862 307 AUGUSTINI.
3071 287 3076 293 ι
3734 260 3815 311 348

361 372 794 426 difﬁcultatibus
823 371 1123 436 bonusvir
1178 366 1293 425 non
1337 372 1676 438 terrebatur,
1726 388 1829 426 nec
1859 373 2054 427 admo-
2083 375 2127 427 Α
2166 373 2386 444 possint
2435 377 2656 430 mentes
2692 371 2979 444 generari,
3024 371 3105 426 ita
3140 376 3206 425 ut
3255 376 3381 426 ante
3426 376 3818 442 generationem

361 455 500 508 dum
530 459 763 512 curabat
787 475 858 511 an
890 458 1238 529 intelligeret
1267 460 1420 530 quod
1452 460 1693 514 dicebat.
1743 461 1878 526 Quis
1906 461 2057 515 enim

360 543 646 615 intelligat
670 547 948 617 ejusmodi
975 547 1452 617 propagationem
1497 564 1563 602 ex
1592 549 1846 616 traduce,
1878 549 1925 602 si
1954 565 2058 619 po-

363 650 466 688 nas
493 639 743 687 mentem
783 651 901 688 esse
931 651 1164 705 prorsus
1196 636 1638 706 incorpoream?

436 721 570 790 Cap.
596 724 678 774 19.
713 721 938 774 Prolato
968 724 1088 776 loco
1129 723 1263 777 Heb.
1318 741 1412 791 vn,
1443 727 1476 778 4
1525 729 1580 778 et
1609 741 1791 796 seqq.,
1827 725 1896 779 de
1929 725 2061 780 Levi

365 808 426 862 in
467 809 790 862 Abrahamo
847 810 1126 865 decimato
1159 829 1170 865 :
1206 814 1271 865 Si
1298 827 1441 879 ergo,
1495 812 1702 883 inquit,
1763 815 1857 867 hoc
1900 816 2062 868 etiam

363 897 504 949 valet
534 896 608 948 ad
627 897 789 950 istam
808 897 1146 966 distantiam,
1174 905 1792 970 quantumpraeemineat
1811 902 2061 955 sacerdo-

363 987 436 1038 tio
464 986 698 1038 Leuitico
727 987 1086 1042 sacerdotium
1107 989 1329 1049 Christi,
1365 989 1508 1057 quod
1547 990 1794 1044 sacerdos
1815 991 2062 1046 Christus

357 1088 456 1142 per
487 1073 643 1127 illum
666 1077 1059 1142 praeﬁguratus
1089 1082 1168 1131 est
1205 1079 1301 1146 qui
1331 1077 1620 1131 decimauit
1663 1078 1967 1143 Abraham,
2004 1081 2063 1132 in

362 1174 465 1228 quo
487 1166 537 1215 et
564 1161 677 1229 ipse
704 1165 829 1218 Levi
864 1164 1159 1218 decimatas
1189 1169 1284 1232 est,
1319 1168 1561 1233 profecto
1613 1166 1858 1221 Christus
1910 1166 1976 1219 ab
2007 1181 2063 1219 eo

360 1263 467 1304 non
485 1256 562 1306 est
583 1252 924 1321 decimatus.]
949 1254 1076 1306 Non
1101 1252 1270 1306 debet
1289 1252 1533 1322 ﬁgurata
1553 1253 1765 1306 locutio
1786 1254 2060 1323 Apostoli,

365 1354 539 1409 quam
553 1358 670 1395 non
683 1341 957 1396 sustinuit
969 1340 1389 1408 adhibere,nisi
1421 1342 1710 1407 praamissa
1733 1343 2064 1397 emolliendi

361 1427 632 1498 formula,
654 1431 713 1485 ὡς
745 1431 855 1485 ἔπος
884 1429 1050 1489 εἰπεῖν,
1103 1446 1284 1500 usque
1329 1429 1470 1483 adeo
1522 1430 1740 1500 urgeri,
1803 1431 1966 1502 quasi
1997 1449 2064 1486 ex

365 1531 430 1570 ea
461 1524 734 1588 sequatur
764 1536 995 1573 omnem
1033 1518 1264 1572 omnino
1294 1518 1684 1588 posteritatem
1732 1519 2063 1587 Abrahami,

365 1604 438 1658 ad
460 1604 690 1661 ultimos
727 1624 908 1679 usque
948 1612 1201 1678 nepotes,
1245 1607 1307 1660 in
1346 1623 1414 1660 eo
1471 1607 1812 1662 decimatam
1861 1607 2054 1662 fuisse.

365 1693 507 1747 Nam
538 1712 732 1750 revera
760 1697 891 1750 hinc
909 1699 1244 1767 sequeretur
1265 1696 1452 1766 ipsum
1476 1696 1764 1750 Christum
1809 1696 2059 1750 decimas

366 1783 808 1839 Melchisedecho
853 1786 1114 1850 solvisse;
1164 1801 1336 1839 nemo
1387 1786 1541 1839 enim
1590 1786 1852 1840 dubitare
1892 1791 2064 1851 queat

364 1869 507 1940 quin
537 1871 810 1939 Christus,
851 1873 1166 1927 secundum
1197 1889 1450 1941 carnem,
1497 1875 1607 1927 hoc
1651 1877 1754 1940 est,
1788 1872 2064 1927 humani-

364 1961 565 2026 tatem,
615 1975 677 2013 ex
706 1960 1027 2014 Abrahamo
1078 1961 1148 2014 sit
1203 1961 1500 2016 oriundus.
1560 1961 1750 2015 Voluit
1791 1962 2064 2016 duntaxat

365 2047 662 2102 ostendere
711 2049 954 2118 scriptor
1000 2050 1068 2103 ad
1125 2049 1410 2116 Hebraeos,
1442 2065 1558 2103 non
1592 2050 1806 2104 mirum
1855 2067 1975 2103 esse
2015 2051 2063 2104 si

363 2135 744 2189 sacerdotium
793 2135 999 2190 Christi
1057 2137 1300 2190 Levitico
1339 2135 1655 2207 praeferret,
1703 2137 2062 2208 quandoqui-

363 2219 494 2273 dem
524 2223 783 2276 sacerdos
826 2223 1012 2277 fuerat
1042 2224 1100 2276 iu
1158 2225 1457 2278 Palaestina
1504 2225 1860 2296 temporibus
1891 2225 2065 2279 Abra-

360 2307 540 2378 hami,
584 2310 683 2381 qui
708 2310 779 2364 ab
808 2311 931 2382 ipso
985 2312 1309 2366 Abrahamo
1358 2313 1517 2366 Levis
1545 2330 1758 2383 proavo
1817 2314 2064 2368 decimas

364 2399 687 2468 accepisset,
734 2410 790 2454 et
831 2401 976 2455 bene
1006 2406 1269 2471 precatus
1299 2403 1350 2455 ei
1391 2407 1560 2471 esset,
1593 2402 1850 2474 adeoque
1881 2403 2065 2459 Abra—

363 2486 535 2541 hamo
578 2488 839 2560 superior
876 2489 1074 2543 fuisset
1105 2506 1118 2556 ;
1167 2490 1267 2559 qui
1298 2490 1559 2544 sacerdos
1603 2495 1828 2561 poterat
1865 2491 2065 2545 haberi

363 2575 568 2630 Christi
587 2576 965 2631 adumbratio.
1002 2578 1128 2630 Non
1157 2581 1240 2630 est
1262 2577 1505 2631 ulterius
1539 2579 2053 2649 progrediendum,

293 2670 304 2678 ‘
365 2679 469 2717 nec
518 2666 882 2733 consectaria,
944 2665 1109 2737 quasi
1153 2682 1221 2719 ex
1269 2666 1684 2720 mathematicis
1721 2667 2064 2737 quibusdam

364 2752 634 2806 doctrinis
668 2754 800 2808 hinc
841 2754 1024 2824 rigide
1072 2754 1420 2808 deducenda.
1453 2755 1597 2809 Satis
1638 2755 1924 2809 habebant
1961 2771 2063 2810 ve-

362 2845 511 2896 teres
555 2859 682 2896 suas
729 2843 1230 2914 interpretationes
1281 2844 1616 2914 allegoricas
1670 2846 1862 2916 aliquo
1894 2863 2065 2901 sensu

2171 479 2282 516 non
2323 462 2590 517 fuerint?
2616 461 2828 516 Deinde
2868 477 2972 532 per
3016 459 3288 530 exiguum
3343 460 3580 514 duarum
3617 467 3820 519 tutatum

2167 551 2548 617 intervallum,
2597 551 2750 622 quod
2804 548 3124 603 intercessit
3171 548 3318 602 inter
3366 549 3731 606 Abrahamum
3777 560 3822 607 et

2172 641 2360 708 Levin,
2435 640 2588 706 licet,
2613 638 2674 693 ὡς
2704 639 2814 692 ἔπος
2841 637 2988 685 εἰπεῖν
3045 638 3234 692 dicere
3303 636 3468 690 Leviu
3542 639 3597 692 in
3670 641 3820 694 Abra-

2167 729 2337 783 hamo
2365 729 2738 795 decimatum;
2773 733 2830 781 at
2849 731 2978 798 post
3004 724 3383 797 quadraginta
3411 729 3466 778 et
3485 726 3691 797 aliquot
3707 735 3820 784 aita-

2166 823 2252 872 tes
2277 818 2432 872 idem
2461 818 2529 872 de
2552 816 2774 872 Christo
2794 816 3102 879 afﬁrmare,
3127 813 3357 868 nonnisi
3377 815 3656 868 audaciori
3680 833 3820 888 aequo

2169 907 2372 977 ﬁgura,
2403 907 2611 960 liceret.
2656 905 2910 976 Denique
2953 905 3002 958 si
3029 904 3324 965 vellemus,
3356 919 3424 956 ex
3451 902 3822 974 pbilosophicis

2168 995 2473 1066 Augustini
2504 994 2749 1066 placitis,
2784 997 2983 1048 contra
3011 1008 3145 1048 eum
3175 990 3585 1062 philosophari,
3609 1008 3820 1063 negare-

2170 1102 2297 1139 mus
2345 1101 2411 1139 ex
2443 1085 2565 1155 ejus
2607 1083 2908 1149 sententia,
2951 1098 3065 1152 qua
3106 1078 3304 1134 statuit
3351 1079 3598 1133 mentem
3639 1097 3700 1134 ex
3724 1085 3823 1134 tra-

2172 1175 2313 1229 duce
2339 1172 2664 1244 propagari,
2698 1171 2985 1227 Christum
3027 1185 3148 1223 esse
3179 1171 3370 1223 ortum
3418 1184 3483 1222 ex
3503 1169 3824 1235 Abrahamo;

2171 1260 2280 1314 nisi
2320 1261 2509 1314 solum
2553 1275 2758 1329 corpus
2796 1258 2940 1326 ejus,
2969 1254 3194 1310 excluso
3223 1256 3439 1324 animo,
3472 1256 3711 1311 Christus
3734 1258 3824 1311 dici

2172 1348 2371 1419 possit,
2400 1348 2551 1419 quod
2601 1347 2880 1401 noluisset
2915 1346 3224 1400 concedere
3251 1362 3266 1412 ;
3315 1361 3420 1399 nec
3446 1351 3628 1416 posset
3653 1346 3825 1400 Christi

2173 1437 2498 1507 exemplum
2526 1435 2690 1489 nobis
2723 1434 2988 1506 proponi,
3021 1434 3156 1504 quia
3194 1449 3358 1486 mens
3398 1434 3520 1503 ejus
3552 1450 3661 1486 non
3708 1440 3825 1486 esset

2174 1526 2425 1595 ejusdem
2458 1523 2684 1594 generis
2729 1540 2794 1576 ac
2843 1527 3039 1576 nostra
3061 1541 3082 1586 ;
3114 1538 3218 1575 nec
3247 1526 3415 1587 esset,
3449 1526 3508 1574 ut
3544 1521 3686 1576 idem
3711 1522 3822 1574 scri-

2174 1619 2304 1684 ptor
2356 1614 2426 1668 ad
2477 1613 2738 1667 Hebreeos
2795 1611 2978 1678 docet,
3009 1627 3111 1681 per
3162 1610 3358 1664 omnia
3415 1609 3617 1664 similis
3665 1611 3820 1674 nobis,

2172 1707 2404 1774 excepto
2432 1706 2681 1772 peccato.
2716 1702 2845 1754 Haec
2887 1704 2943 1754 et
2968 1700 3104 1754 talia
3133 1703 3372 1770 possent
3411 1699 3530 1768 ejus
3568 1698 3822 1752 sententia

2169 1792 2358 1862 objici,
2399 1790 2609 1862 quibus
2665 1789 2878 1844 factum
2935 1794 3021 1855 est
3047 1793 3114 1842 ut
3148 1805 3179 1842 a
3234 1788 3527 1858 plerisque
3583 1785 3824 1854 theologis

2168 1885 2363 1952 postea
2394 1880 2603 1950 rejecta
2630 1878 2720 1932 sit.
2782 1880 2872 1944 At,
2921 1876 3110 1948 inquit
3164 1876 3315 1930 forte
3366 1874 3590 1946 aliquis,
3641 1873 3824 1927 ratioci-

2169 1970 2400 2024 natione
2431 1966 2722 2038 scriptoris
2751 1967 2820 2021 ad
2844 1967 3110 2020 Hebraeos
3125 1969 3190 2019 ut
3215 1965 3296 2018 ita
3328 1963 3563 2018 sentiret
3589 1962 3823 2016 adductus

2169 2067 2256 2113 est
2280 2059 2649 2128 Augustinus.
2684 2057 2802 2109 Imo
2835 2055 2952 2108 illic
2985 2053 3246 2124 quaesivit
3274 2054 3692 2108 ﬁrmamentum
3717 2067 3820 2104 sen-

2168 2147 2362 2202 tentiae
2409 2162 2549 2210 sum,
2605 2145 2674 2199 de
2722 2143 2931 2198 mentis
2978 2142 3419 2214 propagatione,
3474 2141 3620 2212 quod
3667 2145 3823 2193 tamen

2169 2237 2392 2290 nullum
2415 2238 2520 2302 est,
2553 2239 2618 2288 ut
2647 2237 2815 2287 antea
2844 2231 3222 2286 ostendimus.

2243 2327 2409 2379 Lmuo
2439 2341 2518 2391 χι,
2555 2339 2682 2393 cap.
2731 2326 2784 2389 9,
2819 2321 2846 2392 §
2879 2325 2961 2377 l2.
2995 2322 3082 2378 Sic
3132 2335 3217 2375 eos
3265 2319 3481 2389 (malos)
3525 2321 3651 2386 fecit
3676 2319 3822 2388 (Deus)

2168 2420 2230 2468 ut
2269 2417 2344 2468 eis
2389 2415 2724 2481 relinqueret
2763 2411 2907 2465 unde
2949 2417 3003 2465 et
3038 2411 3152 2478 ipsi
3196 2409 3418 2478 aliquid
3453 2410 3694 2475 facerent,
3743 2422 3822 2474 quo

2171 2502 2444 2572 quidquid
2489 2504 2653 2556 etiam
2681 2499 3028 2569 culpabiliter
3063 2499 3346 2564 eligerent,
3393 2498 3545 2551 illum
3568 2497 3628 2549 de
3661 2511 3707 2550 se
3733 2497 3822 2548 lau~

2170 2592 2426 2646 dabiliter
2454 2593 2760 2660 operantem
2807 2589 3128 2642 invenirent.
3153 2591 3196 2642 A
3229 2601 3286 2640 se
3328 2587 3526 2655 quippe
3563 2584 3736 2638 habent
3751 2599 3821 2636 vo-

2172 2683 2431 2736 luntatem
2466 2679 2689 2743 malam,
2732 2677 2800 2730 ab
2846 2677 2939 2730 illo
2969 2680 3147 2729 autem
3185 2680 3235 2729 et
3283 2679 3542 2728 naturam
3580 2673 3747 2726 bonam
3783 2674 3821 2723 et

2159 2771 2373 2839 justam
2414 2765 2672 2837 pomum]
2701 2766 2880 2819 Nemo
2927 2779 3044 2817 non
3082 2762 3236 2816 videt
3283 2762 3409 2816 hinc
3434 2760 3670 2832 potuisse
3702 2763 3820 2812 recte

2170 2857 2282 2913 dici
2309 2854 2608 2925 aPelagio,
2636 2859 2694 2907 et
2738 2851 2975 2923 quidem
3008 2866 3075 2904 eo
3123 2865 3302 2903 sensu
3340 2865 3454 2920 quo
3481 2851 3608 2902 sunt
3648 2846 3820 2902 intelli-

364 2945 483 2983 εδδθ
521 2947 702 2999 "eras:
729 2949 845 2986 11011
893 2948 986 2986 eas
1009 2932 1174 3002 quasi
1221 2933 1515 2987 δΧίοῐῐιειῐᾶ
1543 2934 1888 3004 geometrica
1925 2951 2066 3005 PFO-
2104 2943 2143 2999 C
2175 2942 2360 3014 genda
2403 2944 2469 2994 ut
2515 2937 2817 3010 qlimstioni
2871 2937 3131 3003 satisﬁat,
3181 2952 3285 2990 cur
3333 2937 3479 2990 Deus
3513 2933 3703 2988 crearit
3748 2948 3820 2984 eos

362 3017 641 3073 ferebant.

431 3107 576 3161 Ibid.
610 3108 687 3162 At
716 3111 767 3162 si
780 3113 1068 3178 propterea
1099 3109 1394 3164 decimatas
1435 3115 1514 3165 est
1539 3112 1671 3165 Levi
1699 3115 1829 3179 quia
1857 3117 1975 3166 erat
2001 3115 2062 3166 in

368 3196 563 3250 lumbis
599 3197 856 3263 Abrahae,
901 3203 1188 3267 propterea
1215 3214 1321 3253 non
1351 3203 1428 3253 est
1454 3199 1748 3253 decimatas
1781 3201 2057 3267 Christus,

367 3286 500 3352 quia
544 3300 650 3338 non
696 3289 812 3339 erat
841 3288 898 3340 in
946 3288 1140 3340 lumbis
1188 3287 1452 3341 Abrahae.
1483 3289 1649 3342 Porro
1684 3293 1860 3342 autem
1889 3292 1938 3342 si
1956 3305 2062 3344 non

364 3373 654 3427 secundum
685 3377 943 3439 animam,
972 3376 1066 3430 sed
1095 3381 1305 3430 tantum
1343 3375 1634 3430 secundum
1670 3392 1883 3431 carnem
1925 3382 2064 3432 acci-

363 3464 542 3530 pimus
578 3464 704 3516 Levi
718 3465 892 3529 fuisse
912 3466 967 3518 in
984 3464 1268 3519 Abraham
1288 3481 1306 3530 ;
1338 3465 1418 3517 ibi
1438 3468 1555 3518 erat
1571 3469 1621 3518 et
1643 3466 1909 3532 Christus,
1931 3470 2062 3535 quia

374 3551 641 3619 Christus,
675 3553 966 3606 secundum
1008 3568 1242 3618 carnem,
1276 3568 1343 3606 ea:
1389 3556 1587 3607 semine
1616 3558 1695 3607 est
1723 3555 1979 3619 Abrahae,
2015 3560 2064 3609 et

367 3642 486 3708 ipse
516 3643 699 3708 itaque
742 3641 1040 3695 decimatas
1077 3641 1198 3710 est.]
1247 3642 1356 3696 Sed
1386 3658 1517 3696 cum
1554 3642 1812 3696 dicerent
1842 3643 2065 3698 Hebrmi

368 3733 604 3798 nepotes
636 3729 908 3798 prodiisse
936 3745 1003 3784 em
1043 3731 1239 3784 lumbis
1269 3731 1553 3800 majorum
1591 3747 1847 3800 suorum,
1879 3734 2064 3786 autin

365 3819 436 3872 iis
450 3821 640 3886 fuisse,
667 3835 783 3872 non
820 3818 901 3872 ita
927 3819 1035 3872 hoc
1090 3818 1509 3888 intelligebaut,
1543 3820 1705 3890 quasi
1731 3825 1787 3873 et
1823 3837 2065 3890 corpora

366 3911 421 3961 et
437 3908 616 3962 animi
635 3913 911 3979 nepotum
925 3908 987 3961 in
1003 3907 1214 3962 lumbis
1234 3908 1517 3978 majorum
1542 3908 1768 3979 proprie
1794 3908 2060 3976 fuissent;

365 4012 480 4050 non
503 3996 581 4050 ita
616 3997 900 4050 subtiliter
917 3996 1473 4067 philosophabantur
1503 3996 1761 4064 Hebraei;
1789 3998 1888 4051 sed
1913 3998 2064 4052 vole-

363 4084 504 4138 bant
530 4088 756 4138 tantum
798 4084 1230 4155 propagationis
1270 4084 1470 4138 ordine
1511 4085 1582 4139 ab
1612 4084 1682 4138 iis
1712 4101 1832 4140 esse
1862 4085 2061 4140 oriun-

361 4172 479 4226 dos.
548 4174 744 4244 Itaque
797 4173 906 4227 hoc
957 4174 1078 4227 vult
1149 4178 1347 4227 auctor
1402 4174 1475 4228 ad
1525 4174 1808 4241 Hebraeos,
1863 4175 2056 4240 Levin,

365 4265 552 4316 ortum
584 4261 652 4314 ab
703 4262 1045 4329 Abrahamo,
1077 4278 1240 4332 posse
1283 4262 1501 4316 censeri
1550 4262 1798 4316 decimas
1832 4263 2058 4317 Melchi-

364 4348 607 4403 sedecho
628 4349 877 4416 solvisse,
911 4366 1042 4404 cum
1091 4351 1450 4404 Abrahamus
1487 4350 1611 4419 ejus
1665 4366 1908 4420 proavus
1965 4368 2059 4406 eas

366 4436 618 4491 solverit.

434 4523 580 4577 Ibid.
612 4524 757 4591 Quid
802 4530 878 4579 est
907 4540 1032 4592 ergo
1080 4525 1225 4594 quod
1261 4525 1493 4594 affertur
1534 4542 1637 4595 pro
1668 4542 1869 4593 magna
1898 4527 2058 4596 diffe-

364 4615 545 4665 rentia
583 4613 873 4667 sacerdotii
928 4615 1130 4670 Christi
1155 4629 1191 4666 a
1219 4615 1517 4668 sacerdotio
1553 4617 1702 4682 Levi,
1766 4617 1909 4684 quod
1932 4618 2062 4670 Levi

366 4701 663 4755 decimatas
721 4706 798 4755 est
854 4719 888 4756 a
957 4703 1368 4772 Melchisedech,
1419 4719 1538 4757 cum
1593 4719 1704 4758 esse
1755 4708 1813 4758 in
1864 4706 2060 4760 lumbis

365 4790 624 4858 Abrahae,
668 4790 765 4844 ubi
792 4795 841 4844 et
888 4793 1142 4846 Christus
1185 4796 1330 4861 erat;
1380 4793 1522 4846 unde
1549 4795 1759 4861 pariter
1804 4794 2061 4847 decimati

365 4881 526 4942 sunt;
560 4877 672 4930 nisi
701 4878 832 4944 quia
864 4892 1070 4931 necesse
1115 4880 1194 4930 est
1233 4879 1601 4946 intelligamus
1629 4880 1921 4934 secundum
1947 4882 2060 4935 ali-

364 4980 519 5033 quem
548 4964 762 5018 modum
801 4965 882 5018 ibi
914 4967 1198 5020 Christum
1225 4982 1331 5020 non
1356 4969 1529 5034 fuisse
1547 4968 1575 5020 ?
1595 4968 1725 5033 Quis
1755 4973 1940 5025 autem
1967 4985 2059 5023 ne-

367 5057 455 5120 get
483 5068 602 5106 eum
631 5053 922 5107 secundum
968 5069 1182 5108 carnem
1219 5055 1300 5108 ibi
1339 5058 1511 5122 fuisse
1531 5055 1559 5110 ?
1588 5059 1731 5123 Ergo
1770 5058 2060 5112 secundum

367 5143 606 5194 animam
635 5141 716 5195 ibi
741 5158 846 5195 non
882 5145 1013 5210 fuit.
1059 5145 1178 5198 Non
1214 5148 1291 5196 est
1337 5146 1512 5211 igitur
1553 5145 1738 5198 anima
1767 5145 1973 5200 Christi
1995 5145 2060 5199 de

366 5227 587 5281 traduce
623 5232 1090 5297 pravaricationis
1137 5229 1292 5284 Adae.
1342 5231 1607 5298 Alioquin
1642 5234 1806 5284 etiam
1834 5235 1954 5300 ipsa
1983 5233 2062 5286 ibi

362 5315 600 5384 fuisset]
658 5317 766 5370 Sed
813 5318 1074 5388 quamvis
1120 5318 1567 5372 concederentur
1613 5319 1791 5372 animi
1825 5336 1946 5373 esse
1991 5336 2062 5374 ex

368 5403 620 5471 traduce,
666 5405 822 5475 quod
849 5409 975 5473 iuon
999 5411 1160 5478 puto,
1192 5423 1309 5460 non
1335 5410 1668 5477 sequeretur
1705 5407 1929 5462 animos
1958 5424 2060 5462 ne-

368 5495 575 5562 potum
605 5491 779 5547 fuisse
812 5493 872 5548 in
900 5495 1251 5565 majoribus;
1283 5494 1488 5565 quidni
1513 5494 1688 5561 enim,
1714 5501 1776 5551 ut
1801 5513 2057 5568 corpora,

2171 3039 2314 3093 quos
2348 3023 2528 3077 malos
2583 3022 2704 3076 fore
2759 3021 3053 3090 praevidit;
3089 3036 3224 3073 nam
3281 3036 3353 3074 ex
3408 3020 3528 3090 ejus
3580 3014 3817 3071 sententia

2168 3111 2307 3165 mali
2333 3113 2663 3166 voluntatem
2692 3112 2894 3165 malam
2931 3126 2965 3163 a
2991 3125 3049 3162 se
3105 3109 3346 3176 habent,
3379 3125 3411 3162 a
3449 3109 3560 3161 Deo
3605 3110 3817 3159 naturam

2170 3201 2361 3254 bonam
2390 3215 2504 3270 qua
2544 3203 2788 3269 possunt
2823 3197 3043 3268 aliquid
3093 3197 3318 3264 facere;
3353 3195 3507 3267 quod
3535 3209 3657 3247 sane
3683 3205 3814 3261 quie-

2167 3288 2338 3342 stioni
2374 3287 2460 3342 illi
2495 3286 2814 3342 necessario
2862 3285 3352 3356 respondendum.
3395 3286 3594 3338 Verum
3637 3297 3695 3334 ex
3730 3282 3814 3332 Au-

2169 3376 2384 3447 gustini
2431 3375 2730 3443 sententia,
2773 3375 2897 3429 hinc
2935 3390 3052 3428 non
3092 3377 3356 3444 possunt,
3408 3372 3519 3427 nisi
3568 3369 3710 3424 valde
3730 3366 3814 3419 im-

2167 3464 2397 3537 proprie
2429 3464 2559 3531 dici,
2607 3479 2791 3534 eoque
2822 3479 2990 3517 sensu
3032 3462 3132 3533 qui
3164 3460 3470 3533 quaestioni
3499 3469 3812 3529 nequaquam

2169 3553 2458 3608 satisfecit.
2506 3552 2615 3608 Sed
2659 3552 2739 3606 ita
2793 3553 2936 3606 solet
2976 3541 3311 3622 Aristoteles
3367 3552 3586 3613 Poenus,
3638 3540 3811 3610 Pelagii

2170 3658 2348 3708 more,
2398 3641 2620 3712 objecta
2646 3641 2707 3694 in
2749 3639 3169 3695 Providentiam
3214 3639 3528 3701 resolvere;
3559 3635 3683 3689 dum
3701 3627 3813 3684 nihil

2169 3730 2499 3801 objicieutes
2526 3729 2812 3784 contraria
2835 3727 3030 3783 omnia
3057 3727 3242 3781 docet.
3276 3728 3401 3781 lam
3428 3721 3685 3778 nonnulla
3708 3716 3813 3770 talia

2168 3819 2428 3890 superius
2485 3817 3013 3884 animadvertimus,
3065 3816 3350 3886 pluraque
3407 3808 3809 3868 animadverteut

2171 3909 2499 3979 quicunque
2520 3923 2650 3978 qua:
2674 3906 2829 3960 hisce
2876 3905 2946 3960 de
2990 3905 3162 3958 rebus
3201 3903 3376 3958 habet
3421 3897 3710 3956 accuratius
3734 3908 3811 3947 ex—

2170 3997 2444 4068 pendent.
3656 4072 3684 4077 __
3726 4067 3756 4077 υ

2242 4087 2375 4156 Cap.
2415 4087 2497 4150 l6,
2531 4082 2558 4154 §
2597 4085 2682 4138 '22.
2729 4083 2807 4136 De
2836 4081 3150 4152 quaestione
3179 4097 3254 4135 an
3302 4081 3500 4135 beatus
3537 4072 3692 4131 fuerit
3714 4069 3807 4124 dia-

2169 4174 2332 4228 bolus
2366 4177 2498 4228 ante
2527 4174 2828 4242 peccatum
2860 4186 2873 4224 :
2908 4169 3175 4236 Quomodo
3219 4171 3381 4234 enim,
3409 4164 3606 4237 inquit,
3635 4159 3810 4214 duxisse

2169 4264 2333 4317 etiam
2370 4264 2542 4316 vitam
2573 4261 2784 4314 beatam
2825 4261 2968 4312 inter
3018 4258 3199 4312 beatos
3231 4257 3446 4324 angelos
3493 4250 3630 4307 credi
3650 4245 3805 4317 potest.

2168 4354 2265 4420 qui
2300 4352 2482 4418 futuri
2500 4350 2588 4404 sui
2614 4350 2829 4421 peccati
2868 4351 3032 4416 atque
3079 4348 3360 4415 supplicii,
3393 4344 3453 4398 id
3487 4347 3578 4402 est,
3606 4335 3808 4392 desertio-

2166 4442 2253 4494 nis
2273 4443 2323 4493 et
2364 4441 2509 4507 ignis
2547 4439 2735 4492 sterni
2779 4437 3044 4505 praescius
3080 4449 3187 4488 non
3214 4433 3372 4502 fuit?
3399 4430 3448 4486 si
3480 4429 3711 4499 przscius
3727 4433 3806 4474 non

2166 4529 2295 4594 fuit,
2326 4527 2516 4579 merito
2547 4526 2813 4593 quaeritur
2841 4538 2936 4577 cur
2975 4537 3082 4576 non
3104 4523 3278 4588 fuerit
3319 4518 3369 4590 ?]
3403 4514 3640 4572 Delenda
3666 4522 3804 4600 negat-

2167 4615 2250 4669 tio
2280 4615 2341 4667 in
2369 4612 2575 4678 verbis,
2603 4613 2749 4678 ignis
2778 4612 2967 4664 aeterni
2980 4611 3238 4679 praescius
3269 4623 3374 4662 non
3427 4607 3554 4672 fuit,
3599 4604 3654 4654 ut
3679 4597 3807 4665 liqui-

2169 4703 2307 4757 dum
2336 4705 2421 4755 est
2457 4717 2521 4755 ex
2541 4699 2942 4770 sequentibus;
2978 4713 3084 4751 nec
3109 4713 3246 4750 sane
3272 4697 3468 4751 beatus
3496 4706 3608 4745 esse
3635 4685 3800 4776 potest,

2168 4791 2268 4862 qui
2302 4789 2530 4861 praescit
2553 4805 2610 4842 se
2671 4787 2945 4841 miserum
3001 4785 3141 4840 fore.
3195 4786 3260 4839 In
3313 4781 3558 4838 editione
3609 4777 3802 4862 Erasnll,

2167 4856 2417 4933 deterius
2456 4876 2730 4931 mendum
2770 4879 2872 4938 est,
2915 4890 3048 4928 nam
3077 4877 3208 4944 post
3247 4873 3434 4928 ztemi
3460 4864 3695 4951 sequitur
3731 4856 3804 4951 ab-

2168 4966 2336 5020 surde
2359 4967 2408 5020 si
2436 4967 2694 5035 praescius
2723 4979 2829 5018 non
2853 4965 2986 5030 fuit,
3025 4961 3248 5016 omissis
3271 4959 3452 5014 tribus
3476 4949 3802 5042 antecedenti-

2167 5055 2274 5110 bus
2310 5054 2562 5108 vocibus.
2584 5053 2673 5107 Sic
2693 5057 2884 5106 autem
2901 5049 3094 5122 pergit
3118 5048 3465 5120 Augustinus
3484 5061 3497 5098 ε
3527 5053 3678 5108 neque
3693 5045 3801 5128 enuti-

2168 5145 2346 5198 sancti
2389 5143 2569 5214 angeli
2606 5145 2818 5196 aeterna
2853 5155 2964 5194 suae
2999 5141 3126 5194 vita
3167 5154 3229 5192 ac
3269 5133 3606 5191 beatitudinis
3645 5123 3799 5180 incerti

2166 5237 2307 5288 sunt.
2343 5233 2480 5289 Nam
2525 5229 2785 5299 quomodo
2842 5229 3005 5293 beati,
3037 5230 3088 5282 si
3141 5227 3380 5281 incerti?
3413 5227 3515 5276 etc.
3571 5218 3703 5304 Hauc
3727 5223 3797 5304 at-

2169 5298 2683 5392 gumeutationem,
2714 5322 2780 5372 ut
2806 5317 2918 5371 alia
2960 5317 3162 5382 multa,
3218 5310 3467 5369 Ciceroni
3506 5298 3802 5397 suq

2169 5387 2270 5481 qui
2302 5410 2380 5464 sic
2399 5407 2656 5479 loquitur
2687 5407 2755 5460 de
2787 5405 3022 5461 Finibus
3049 5405 3152 5458 lib.
3177 5421 3237 5468 ιι,
3266 5417 3421 5455 num.
3450 5400 3513 5452 86
3543 5393 3630 5449 :Si
3652 5387 3799 5442 amitti

2167 5500 2284 5552 vita
2307 5498 2463 5552 beata
2478 5500 2671 5566 potest,
2705 5495 2862 5549 beata
2899 5509 3010 5549 esse
3045 5509 3152 5548 non
3188 5494 3373 5562 potest.
3405 5487 3526 5553 Quis
3552 5482 3674 5534 enim
3697 5486 3794 5526 con-
