3922 6188
136 277 215 327 349
912 267 1269 324 VARIORUM
1312 270 1911 330 EXERCITATIONES
1950 276 2017 330 IN
2057 278 2112 331 S.
2153 276 2525 332 AUGUSTINI
2564 275 2817 333 OPERA.

3459 284 3561 335 350

134 396 231 465 ﬁdit
253 407 433 461 semper
470 390 564 444 sibi
600 390 739 444 illud
767 390 961 444 stabile
988 394 1038 444 et
1065 391 1285 461 ﬁrmum
1314 410 1754 463 permansurum,
1798 400 1839 451 A
1872 396 2126 464 tricibus,
2161 399 2310 468 quod
2355 398 2676 467 suspicatur
2699 397 3051 467 Augustinus
3090 397 3337 469 intelligi
3367 402 3436 455 de
3469 402 3561 456 di-

137 483 244 551 quod
263 480 442 546 fragile
461 484 508 532 et
535 478 794 533 caducum
818 482 891 533 sit
914 479 943 533 fl
970 481 1078 543 Qui
1108 487 1289 535 autem
1319 482 1549 553 dif/idet
1568 500 1757 553 perpe-

138 572 278 625 tuitati
301 568 535 622 bonorum
558 582 795 632 suorum,
832 570 1017 621 timeat
1036 584 1242 623 necesse
1270 575 1347 624 est
1369 588 1431 625 ne
1458 573 1756 642 aliquando

137 659 299 713 amissis
328 657 429 710 illis
458 659 527 710 sit
546 658 724 709 miser.

578 744 1235 801 ANIMADVERSIONES

566 848 621 885 IN
660 848 847 886 LIBROS
884 849 1227 887 LOCUTIONUM
1239 874 1250 885 .

184 924 322 976 LIBRO
350 938 382 975 1.
417 920 503 975 Sic
528 922 729 974 titulus
768 922 1087 992 concipitur
1114 940 1127 977 :
1160 925 1473 977 Locutiones
1502 925 1757 993 Scriptu-

118 1027 285 1077 rarum,
324 1025 435 1077 qua:
454 1010 705 1063 videntur
738 1010 1029 1064 secundum
1057 1014 1440 1080 proprietates,
1464 1029 1583 1082 quae
1610 1015 1755 1068 idio-

118 1105 233 1153 mata
293 1099 456 1153 Graece
507 1102 786 1165 vocantur,
844 1100 1044 1166 linguae
1090 1101 1363 1154 Hebraicae
1401 1102 1482 1154 vel
1541 1102 1751 1156 Graecae.

116 1190 273 1257 Itaque
308 1186 658 1240 Hebraismos
701 1191 872 1257 atque
901 1187 1273 1241 Hellenismos
1304 1188 1396 1242 hic
1426 1194 1624 1243 notare
1657 1206 1755 1259 ag—

116 1290 298 1343 gressus
340 1279 419 1326 est
462 1274 829 1343 Augustinus,
882 1275 1098 1344 optimo
1143 1292 1278 1328 sane
1323 1275 1575 1341 consilio,
1620 1276 1755 1346 quia

115 1364 267 1415 Graeca
293 1360 577 1414 translatio
620 1378 767 1432 smpe
814 1362 987 1415 verbo
1036 1365 1203 1415 tenus
1248 1363 1521 1416 Hebraica
1564 1364 1753 1435 sequi-

113 1456 197 1515 tur,
238 1451 471 1505 Graecam
518 1466 652 1503 vero
697 1450 963 1504 similiter
994 1456 1348 1519 expresserat
1377 1456 1536 1505 vetus
1582 1454 1750 1521 Itala;

110 1537 230 1590 unde
272 1552 485 1590 necesse
524 1542 649 1591 erat
678 1553 830 1607 saepe
862 1555 1130 1608 magnam
1162 1540 1567 1593 obscuritatem
1599 1540 1755 1593 nasci

111 1626 264 1679 Latine
290 1629 498 1679 tantam
529 1626 857 1680 scientibus.
893 1626 1105 1681 Verum
1135 1627 1241 1681 hoc
1271 1628 1341 1682 ab
1382 1628 1748 1699 Hieronymo,

109 1712 355 1783 utriusque
386 1711 619 1782 Linguae
663 1714 949 1767 Hebraicm
982 1719 1037 1768 et
1066 1715 1274 1769 Grmcm
1313 1716 1520 1785 perito,
1548 1717 1751 1770 melius

110 1801 374 1870 praestitum
439 1800 642 1870 fuisset
691 1818 865 1872 quam
922 1803 992 1856 ab
1059 1804 1401 1873 Augustino,
1460 1805 1750 1859 Hebraicee

108 1889 239 1959 plane
278 1889 561 1959 imperito,
606 1891 812 1945 Graecae
864 1908 999 1945 vero
1040 1893 1377 1947 tenuissima
1426 1894 1752 1964 cognitione

109 1977 318 2045 perfuso;
347 1977 442 2047 qui
484 1994 552 2031 ex
584 1979 907 2049 conjectura
952 1979 1225 2033 idiomata
1253 1985 1416 2034 vocat
1454 1998 1753 2052 quascum—

110 2078 191 2131 que
214 2063 387 2116 Latine
416 2069 581 2118 erant
601 2064 892 2133 inusitata,
922 2071 979 2119 et
1003 2066 1215 2120 intacta
1243 2068 1426 2122 multa
1452 2068 1745 2139 relinquit.

110 2151 285 2204 Interea
330 2151 464 2206 utile
514 2157 601 2205 est
652 2153 761 2207 hoc
809 2170 974 2224 opus,
1025 2155 1072 2208 si
1119 2172 1235 2209 non
1278 2156 1339 2209 in
1396 2172 1530 2211 eum
1576 2157 1754 2212 ﬁnem

108 2255 241 2308 quem
266 2240 363 2294 sibi
397 2246 785 2312 proposuerat
810 2243 1181 2314 Augustinus,
1215 2250 1273 2297 at
1315 2250 1464 2300 certe
1497 2246 1566 2300 ad
1616 2264 1750 2301 con-

108 2327 362 2383 ﬁrmandas
406 2334 461 2384 et
517 2332 798 2385 eruendas
849 2347 1010 2386 veras
1069 2334 1340 2386 lectiones
1400 2335 1525 2389 LXX
1576 2335 1750 2389 inter-

109 2422 286 2485 pretum
336 2419 885 2490 restituendamque,
948 2424 1232 2490 quatenus
1290 2420 1443 2491 licet,
1501 2428 1750 2477 veterem

110 2505 280 2572 Italam,
305 2512 366 2561 ut
408 2508 598 2579 liquet
627 2524 695 2560 ex
727 2508 991 2562 Flaminii
1022 2509 1235 2563 Nobilii
1283 2510 1752 2566 adnotationibus

110 2592 150 2644 in
196 2595 487 2649 versionem
567 2595 823 2650 Latinam
885 2598 1009 2650 LXX
1077 2597 1475 2669 interpretum.
1543 2601 1747 2663 Pauca,

112 2683 300 2753 exempli
343 2684 553 2754 gratia,
605 2684 1013 2754 expendemus,
1069 2701 1205 2738 nam
1243 2702 1359 2739 non
1398 2686 1753 2742 instituimus

115 2770 190 2838 ipsi
212 2772 554 2826 locutionum
583 2788 727 2842 opus
757 2772 1023 2827 scribere.

166 2859 293 2913 Num.
327 2864 373 2912 l.
407 2864 478 2915 Et
510 2860 768 2914 dividant
796 2863 943 2914 inter
970 2861 1205 2914 medium
1236 2862 1347 2916 diei
1390 2868 1439 2917 et
1468 2865 1609 2916 inter
1637 2880 1752 2918 me—

1865 485 2016 539 vitiis
2046 502 2113 539 ex
2153 487 2289 541 Gen.
2340 502 2466 552 xxx,
2515 490 2604 555 3t,
2637 502 2766 556 quae
2799 503 2933 540 sane
2964 487 3177 543 absona
3222 504 3339 541 non
3370 492 3452 541 est
3480 489 3564 541 in-

1865 576 2229 644 terpretatio;
2262 576 2459 628 malim
2492 579 2683 629 tamen
2707 576 2775 629 de
2806 576 2999 629 liberis
3020 577 3370 647 intelligere;
3394 577 3471 631 ita
3498 583 3561 631 ut

1868 663 2045 716 Moses
2074 662 2230 728 velit,
2265 663 2399 733 quia
2429 664 2757 717 obstetrices
2795 671 3174 733 pepercerunt
3201 667 3331 720 vitae
3375 666 3559 719 infan-

1866 750 2011 803 tium
2037 751 2443 814 Israelitarum,
2476 751 2545 803 iis
2576 752 2798 821 prolem
2844 768 2962 805 esse
2992 769 3025 805 a
3049 755 3162 807 Deo
3194 771 3558 808 numerosam

1866 855 2206 893 concessam.
2261 839 2320 894 Si
2351 839 2639 905 Hebraica,
2690 843 2787 893 aut
2837 840 3154 895 versionem
3209 844 3432 913 Aquilia
3475 844 3561 897 le-

1866 943 1999 995 gere
2039 926 2316 996 potuisset
2350 925 2725 995 Augustinus,
2768 933 2866 980 aut
2906 929 2951 981 si
2985 929 3323 999 inspexisset
3363 930 3557 984 Hiero-

1864 1014 2215 1083 nymianam,
2277 1015 2629 1067 observasset
2674 1013 2735 1066 in
2798 1012 3069 1069 Hebraico
3117 1021 3388 1070 contextu
3435 1033 3557 1071 esse

1865 1101 2039 1153 Deum
2064 1100 2357 1169 ediﬁcasse
2386 1100 2565 1153 domos
2597 1099 3014 1155 obstetricibus.
3652 1158 3655 1161 _

1938 1189 2106 1241 Num.
2244 1188 2386 1253 Quid
2428 1190 2501 1242 sit
2546 1188 2731 1241 thibin
2762 1188 2963 1256 (Exod.
3005 1206 3063 1250 11,
3098 1191 3149 1256 3)
3180 1188 3296 1242 ideo
3335 1190 3560 1260 difﬁcile

1865 1281 1941 1330 est
1983 1290 2155 1339 nosse,
2204 1278 2336 1342 quia
2376 1290 2469 1328 nec
2502 1276 2722 1329 Graecus
2774 1278 3044 1343 interpres
3084 1291 3150 1328 ea:
3180 1276 3431 1343 Hebraeo,
3465 1293 3558 1332 nec

1864 1366 2094 1419 Latinus
2134 1380 2200 1417 ea:
2230 1365 2415 1417 Graeco
2445 1362 2607 1417 vertit
2638 1365 2731 1418 hoc
2772 1379 2980 1429 nomen,
3013 1364 3107 1417 sed
3148 1366 3222 1417 sic
3254 1367 3554 1434 transtulit,

1864 1456 1925 1506 ut
1954 1450 2209 1522 invenit.]
2242 1454 2335 1505 Est
2366 1451 2701 1505 Hebraicum
2735 1462 2883 1511 nam
2908 1452 3125 1519 thebah,
3146 1452 3254 1505 hoc
3280 1456 3382 1517 est,
3409 1469 3555 1520 arca,

1865 1557 2037 1611 quam
2066 1549 2184 1596 Oiew
2226 1545 2500 1594 vocarunt
2547 1542 2670 1594 LXX
2718 1541 3084 1609 interpretes,
3127 1542 3364 1595 fortasse
3404 1544 3559 1612 quod

1867 1645 1933 1682 ea
1962 1645 2069 1683 vox
2098 1632 2241 1683 esset
2280 1644 2510 1699 quoque
2552 1629 2613 1681 in
2659 1644 2766 1681 usu
2796 1628 2858 1681 in
2885 1630 3145 1699 .lEgypto.
3196 1628 3253 1682 Si
3283 1628 3560 1699 Augusti-

1864 1734 1972 1771 nus
2003 1718 2074 1771 ad
2100 1734 2337 1771 manum
2368 1722 2502 1770 tunc
2530 1716 2820 1770 habuisset
2859 1717 3179 1770 versionem
3204 1715 3557 1787 Hieronymi,

1860 1807 2091 1861 vidisset
2117 1807 2373 1874 ﬁscellam
2402 1804 2668 1875 intelligi,
2700 1805 2807 1859 hoc
2837 1810 2924 1859 est
2952 1805 3285 1875 cophinum.

1936 1896 2110 1948 Num.
2147 1898 2202 1948 3t
2221 1935 2233 1947 .
2265 1895 2327 1948 Si
2356 1895 2594 1961 loquitur
2622 1894 2771 1947 vobis
2796 1894 3010 1947 Pharao
3036 1894 3215 1947 dicens
3246 1913 3262 1947 :
3292 1895 3436 1948 Date
3467 1910 3555 1948 no-

1862 1981 1942 2035 bis
1981 1983 2197 2049 signum
2241 1986 2336 2033 aut
2362 1985 2689 2048 portentum,
2729 1984 2780 2034 et
2808 1981 2950 2034 dices
3002 1984 3196 2034 Aaron
3240 1984 3415 2047 fratri
3443 1986 3550 2047 tuo,

1860 2086 2006 2124 sume
2052 2073 2285 2136 virgam.
2337 2070 2421 2122 Ita
2464 2068 2636 2122 habet
2670 2069 2846 2121 Moses
2900 2069 3072 2124 Exod.
3114 2085 3209 2134 v11,
3258 2072 3307 2123 9.
3343 2069 3559 2134 Quaerit

1859 2159 2233 2229 Augustinus,
2284 2159 2420 2225 quid
2447 2158 2526 2210 ibi
2555 2157 2807 2210 additum
2854 2158 2926 2210 sit
2956 2160 3012 2209 et
3057 2157 3204 2225 (ante
3248 2157 3414 2227 dices)
3443 2160 3556 2211 nisi

1860 2250 2050 2315 aliqua
2098 2248 2434 2316 proprietate
2486 2246 2773 2299 locutionis
2818 2245 3144 2299 Hebraicar?
3196 2246 3401 2299 Verum
3449 2251 3554 2312 est,

1860 2352 1995 2390 nam
2042 2335 2102 2387 in
2135 2350 2201 2387 ea
2230 2333 2430 2403 lingua
2484 2334 2696 2403 passim
2742 2333 2998 2387 abundat
3028 2333 3357 2403 conjunctio
3412 2336 3553 2398 Vau,

1861 2424 2013 2494 quod
2068 2420 2391 2492 intelligere
2442 2420 2723 2490 potuisset
2769 2437 2838 2473 ex
2893 2421 3259 2492 Hieronymo.
3314 2421 3453 2477 Vide
3501 2427 3558 2477 et

1862 2511 1983 2565 Lib.
2018 2528 2099 2575 ιιι,
2130 2526 2288 2563 num.
2318 2512 2407 2569 23,
2434 2510 2519 2562 30.

1934 2600 2101 2653 Num.
2136 2601 2223 2652 32.
2255 2599 2370 2653 Non
2400 2598 2535 2649 mihi
2575 2596 2850 2663 videntur,
2878 2596 3087 2667 inquit,
3116 2598 3255 2651 satis
3285 2599 3551 2653 commode

1861 2689 2208 2756 interpretati
2252 2688 2439 2739 Latini
2477 2693 2699 2756 σοφιστάς
2736 2686 3036 2738 Pharaonis
3071 2684 3265 2751 (Exod.
3317 2702 3413 2751 v11,
3452 2686 3556 2755 Η),

1862 2780 1924 2828 ut
1972 2758 2204 2828 dicerent
2249 2773 2567 2843 sapientes;
2619 2782 2757 2843 σοφοὶ
2785 2772 2923 2826 enim
2961 2774 3227 2840 sapientes
3276 2773 3549 2827 dicuntur.

1861 2864 2042 2915 Potuit
2073 2864 2214 2915 enim
2261 2863 2490 2915 Latinus
2538 2864 2805 2929 interpres
2852 2861 3133 2930 sophistas
3176 2860 3369 2926 dicere,
3420 2876 3553 2929 quo-

128 2946 223 3001 dium
264 2953 443 3005 noctis.
490 2950 680 3004 Verba
741 2953 959 3003 exstant
1019 2950 1155 3004 Gen.
1210 2968 1248 3015 1,
1322 2952 1384 3004 M-
1429 2953 1495 3005 de
1542 2953 1751 3023 quibus
1790 2958 1829 3012 C
1861 2952 2011 3004 niam
2060 2965 2167 3002 non
2213 2952 2290 3002 est
2332 2948 2782 3017 qnemadmodum
2820 2950 3011 3002 Latine
3054 2948 3291 3016 dicatur,
3342 2953 3393 3002 et
3438 2949 3555 3003 ideo

127 3034 220 3089 nihil
242 3039 384 3093 addit
403 3038 781 3109 Augustinus.
806 3038 1003 3091 Sermo
1032 3042 1117 3091 est
1133 3039 1201 3091 de
1223 3038 1603 3094 luminaribus
1624 3042 1752 3095 coeli

119 3137 206 3190 quae
240 3128 349 3181 vult
378 3144 500 3181 esse
537 3128 705 3193 Deus,
745 3130 807 3180 ut
848 3126 1102 3180 dividant
1130 3112 1304 3186 nSv‘m
1335 3138 1448 3215 pm
1496 3139 1632 3187 nun
1660 3141 1750 3219 ττι

115 3212 216 3264 inter
238 3215 364 3269 diem
390 3221 440 3269 et
483 3220 715 3283 noctem,
752 3214 1024 3267 nimirum
1055 3219 1283 3285 tempus
1309 3236 1324 3284 ;
1347 3212 1442 3269 vel
1475 3222 1537 3272 ut
1581 3212 1749 3272 omne

112 3304 285 3370 tempus
313 3304 573 3359 dividant
611 3303 671 3356 in
694 3302 877 3356 noctis
914 3306 969 3355 et
996 3302 1110 3356 diei
1139 3303 1306 3359 vices.
1353 3305 1532 3359 Graeci
1559 3310 1749 3361 verte-

108 3394 207 3442 runt
231 3391 560 3460 particulam
593 3401 681 3480 19:.
721 3391 837 3456 ben,
874 3388 966 3442 hic
996 3394 1053 3443 et
1082 3390 1235 3458 alibi,
1272 3399 1364 3446 ἀνὰ
1396 3400 1561 3462 μέσον,
1597 3396 1747 3465 quod

106 3478 229 3530 vertit
254 3481 468 3535 Latinus
509 3478 797 3550 interpres
833 3480 974 3532 inter
1014 3480 1270 3549 medium,
1301 3498 1431 3534 cum
1462 3483 1749 3538 debuisset

106 3562 383 3634 simpliciter
404 3573 570 3635 inter,
603 3568 755 3622 unde
785 3569 921 3620 nata
951 3566 1285 3622 obscuritas.

154 3653 293 3710 Nam.
319 3658 368 3712 2.
410 3659 683 3713 Volatilia
722 3656 967 3709 uolantia
998 3670 1160 3725 super
1206 3661 1425 3722 terram,
1456 3660 1747 3713 secundum

102 3740 227 3810 (κατὰ)
275 3748 669 3814 ﬁrmamentum
730 3741 893 3813 creti]
960 3744 1054 3795 Est
1118 3760 1312 3798 versus
1366 3748 1431 3798 27
1493 3746 1744 3815 ejusdem

101 3831 274 3899 capitis,
324 3836 416 3889 ubi
449 3834 728 3889 Hebraica
754 3831 970 3885 habent
1016 3841 1111 3893 ηδε
1142 3818 1215 3895 by
1262 3836 1355 3888 hal
1378 3850 1503 3903 pne,
1554 3835 1623 3889 ad
1672 3835 1745 3888 fa-

98 3916 233 3989 ciem;
272 3926 416 3993 quod
448 3924 665 3995 optime
696 3937 923 3982 versum
963 3935 1109 3991 κατὰ,
1142 3923 1453 3989 secundum,
1501 3923 1609 3976 hoc
1640 3928 1743 3983 est.

94 4004 221 4070 juxta
249 4010 361 4079 ejus
407 4012 823 4069 extensionem.
876 4018 949 4069 At
978 4011 1328 4084 Augustinus
1358 4010 1568 4081 quaerit
1614 4027 1746 4079 quo-

97 4097 216 4151 modo
259 4102 626 4171 accipiendum
671 4106 745 4157 sit
774 4104 1091 4159 secundum
1140 4101 1589 4165 ﬁrmamentum,
1640 4100 1742 4153 ad-

97 4181 253 4255 ditque
278 4206 293 4240 :
314 4192 386 4242 sic
412 4193 579 4243 etiam
609 4191 881 4245 faciamus
920 4190 1217 4246 hominem
1258 4188 1567 4242 secundum
1599 4188 1739 4242 ima-

95 4270 252 4336 ginem
281 4279 332 4328 et
356 4277 671 4331 secundum
702 4278 1156 4344 similitudinem,
1184 4275 1328 4343 quod
1357 4275 1515 4328 multi
1556 4276 1743 4328 Latini

94 4359 260 4415 codices
301 4365 491 4419 habent
538 4366 607 4419 ad
639 4366 965 4437 imaginem.
998 4366 1104 4421 Sed
1135 4366 1225 4418 hae
1253 4362 1569 4417 locutiones
1600 4364 1742 4417 nihil

93 4441 266 4502 habent
293 4451 491 4518 simile,
541 4470 673 4507 nam
720 4454 882 4524 prius
925 4465 1074 4521 κατὰ,
1108 4453 1421 4521 secundum,
1455 4453 1629 4506 situm
1661 4452 1742 4505 si-

94 4535 305 4608 gniﬁcat,
331 4542 612 4611 posterius
638 4542 1100 4599 similitudinem.

149 4622 299 4677 Num.
345 4630 394 4680 6.
428 4628 698 4683 Observat
737 4630 996 4684 Graecum
1048 4628 1260 4682 habere
1314 4628 1449 4681 Gen.
1496 4643 1555 4690 11,
1608 4630 1660 4693 9,
1693 4630 1744 4679 et

96 4707 262 4774 lignum
285 4715 355 4768 ad
390 4718 665 4771 sciendum
702 4719 1051 4787 cognoscibile
1093 4718 1216 4770 boni
1244 4721 1293 4769 et
1342 4716 1491 4777 mali,
1526 4715 1632 4768 hoc
1661 4718 1744 4767 est

93 4808 159 4850 τοῦ
193 4807 350 4857 είὸἐναι
376 4815 590 4874 γνωστὸν
626 4813 781 4862 καλοῦ
814 4814 897 4862 καί
924 4815 1161 4877 πονηροῦ,
1220 4804 1364 4873 quod
1407 4805 1600 4870 nescio,
1653 4801 1741 4855 in-

94 4888 194 4954 quit
236 4894 597 4964 Augustinus,
638 4902 823 4951 utrum
878 4898 1162 4951 locutionis
1218 4897 1291 4948 sit
1322 4898 1371 4947 et
1410 4909 1518 4946 non
1565 4895 1741 4959 magis

91 4982 259 5032 certum
308 4997 516 5039 sensum
571 4987 807 5055 aliquem
848 4988 1102 5040 insinuet.
1156 4985 1252 5037 Est
1294 4986 1517 5037 tantum
1569 4999 1743 5053 prava

90 5068 260 5136 versio,
301 5087 433 5145 nam
488 5074 759 5127 Hebraica
805 5073 1143 5144 simpliciter
1196 5072 1411 5125 habent
1451 5088 1463 5124 :
1506 5074 1742 5125 scientiae

94 5150 191 5205 boni
214 5162 258 5209 et
284 5161 433 5226 mali,
469 5162 614 5232 quod
644 5162 784 5216 verti
825 5178 941 5216 non
973 5160 1169 5215 debuit
1201 5159 1268 5229 (si
1310 5159 1479 5213 modo
1509 5159 1588 5212 ita
1614 5176 1739 5211 ver-

91 5242 250 5297 terunt
291 5247 412 5302 LXX
462 5249 817 5321 interpretes)
862 5254 1001 5305 scire
1030 5249 1175 5319 quod
1197 5252 1373 5318 potest
1402 5250 1648 5315 cognosci
1676 5249 1741 5303 de

94 5324 195 5382 bono
218 5338 262 5386 et
290 5338 447 5391 malo.

144 5417 290 5476 LIBRO
319 5441 378 5479 ιι.
411 5426 577 5481 Num.
609 5430 661 5481 2.
711 5431 967 5483 Fecerunt
1008 5427 1117 5482 sibi
1148 5426 1351 5494 domos,
1388 5427 1645 5495 quoniam
1681 5428 1742 5480 ti-

92 5518 301 5565 muerunt
328 5516 534 5585 Deum]
587 5517 760 5572 Exod.
796 5534 837 5587 1,
863 5519 950 5583 21,
994 5516 1095 5570 ubi
1125 5531 1312 5569 sermo
1341 5517 1427 5568 est
1456 5513 1524 5567 de
1551 5513 1739 5568 obste-

1860 3042 1962 3092 isto
2008 3038 2165 3091 verbo
2190 3039 2309 3107 jam
2355 3039 2562 3091 utimur
2602 3053 2703 3105 pro
2732 3039 2946 3104 Latino,
2997 3034 3132 3107 etc.]
3165 3036 3269 3091 Sed
3318 3037 3555 3091 auribus

1862 3125 2076 3180 Latinis
2114 3126 2359 3194 sophista
2388 3124 2545 3178 aliud
2577 3126 2818 3178 sonabat
2856 3141 3029 3196 quam
3057 3125 3209 3196 quod
3240 3126 3428 3179 Greece
3458 3125 3551 3179 hic

1860 3214 2145 3285 signiﬁcat
2192 3225 2437 3285 σοφιστὴς,
2490 3214 2646 3284 quod
2695 3218 3006 3285 usurpatur
3054 3230 3159 3284 pro
3209 3214 3414 3284 magiae
3460 3230 3557 3284 pe-

1859 3301 1990 3355 rito.
2041 3302 2176 3356 Vide
2206 3303 2273 3355 de
2323 3303 2429 3355 hac
2475 3319 2608 3355 voce
2656 3318 2784 3372 quae
2832 3303 3118 3373 congessit
3169 3302 3257 3355 vir
3295 3302 3553 3356 eruditus

1861 3389 1995 3444 Lud.
2041 3391 2367 3458 Cresollius,
2409 3390 2469 3443 in
2498 3391 2741 3444 Theatro
2773 3391 3067 3445 rhetorum
3114 3407 3258 3462 quos
3301 3391 3361 3444 in
3392 3392 3553 3446 Grae-

1857 3479 1943 3531 cia
1973 3479 2349 3533 nominabant
2381 3479 2679 3549 sophistas,
2706 3480 2776 3533 ab
2807 3478 2997 3533 initio.

1928 3566 2095 3619 Lrnno
2139 3583 2214 3619 ιιι.
2254 3568 2420 3620 Νιιω.
2474 3570 2567 3619 '22.
2598 3569 2722 3620 Haec
2762 3568 3125 3621 usitatissima
3164 3568 3356 3621 locutio
3384 3572 3461 3621 est
3504 3571 3555 3620 et

1856 3656 2180 3710 creberrima
2209 3660 2267 3709 in
2286 3658 2605 3725 Scripturis,
2638 3658 2860 3710 locutus
2882 3663 2965 3710 est
2985 3658 3193 3711 dicens.
3219 3659 3325 3713 Sed
3345 3675 3405 3711 ea
3436 3673 3553 3726 quae

1854 3746 2102 3812 sequitur
2149 3744 2350 3812 (Levit.
2390 3762 2487 3811 x11,
2530 3746 2580 3814 1)
2622 3747 2805 3799 rarius
2834 3748 3107 3813 reperitur
3130 3751 3179 3799 et
3202 3747 3388 3800 Latini
3432 3762 3553 3800 ser-

1853 3835 2024 3886 monis
2064 3836 2303 3885 ccarctat
2347 3835 2620 3900 inopiam;
2666 3834 2885 3886 Graecus
2922 3836 3063 3885 enim
3106 3834 3281 3900 habet,
3315 3834 3397 3878 καὶ
3431 3832 3551 3896 ἐρεῖς

1852 3928 1969 3989 πρὸς
1999 3926 2172 3982 αὐτοὺς
2196 3927 2371 3989 λέγων,
2413 3920 2557 3987 quod
2600 3921 2792 3972 Latine
2839 3922 3077 3988 emprimi
3112 3925 3311 3988 posset,
3368 3925 3423 3973 et
3461 3922 3548 3974 di-

1854 4023 1944 4060 ces
1992 4008 2063 4061 ad
2103 4025 2196 4062 eos
2227 4008 2439 4072 dicens,
2470 4010 2648 4060 minus
2680 4012 2857 4061 autem
2888 4007 3114 4075 offendit
3140 4010 3191 4061 si
3227 4008 3464 4076 dicatur,
3495 4014 3551 4063 et

1852 4094 2077 4166 inquies
2109 4097 2177 4150 ad
2225 4112 2322 4149 eos
2370 4095 2603 4161 dicens;
2631 4100 2679 4148 et
2709 4094 2942 4149 similius
2977 4101 3054 4149 est
3090 4096 3290 4159 Grmco,
3337 4098 3470 4164 quia
3499 4102 3548 4151 et

1852 4186 1943 4238 ille
1984 4199 2095 4239 non
2138 4185 2283 4237 dixit
2324 4191 2517 4249 ζλέξεις
2560 4192 2675 4254 πρὸς
2716 4190 2888 4245 αὐτοὺς
2940 4182 3144 4254 λέγων.]
3192 4185 3397 4245 Verum
3456 4184 3548 4254 (ne

1771 4246 1815 4300 D
1856 4273 2040 4327 dicam
2068 4273 2327 4327 futurum
2355 4279 2477 4338 λέξω
2508 4288 2621 4325 non
2651 4272 2729 4324 ita
2760 4270 3028 4325 usitatum
3061 4271 3251 4342 fuisse)
3285 4273 3342 4325 in
3372 4288 3543 4327 sensu

1851 4363 1973 4432 ipso
2005 4363 2230 4415 nullum
2268 4366 2352 4415 est
2395 4361 2481 4414 vel
2512 4360 2817 4414 minimum
2861 4361 3185 4425 discrimen,
3217 4360 3547 4433 mirumque

1852 4454 1938 4503 est
1964 4449 2043 4503 ita
2066 4456 2381 4519 λεπτολογεῖν
2414 4448 2822 4518 Augustinum,
2864 4449 2963 4519 qui
3001 4453 3085 4502 tot
3117 4448 3390 4502 idiomata
3434 4450 3544 4503 lin-

1852 4553 1979 4608 guae
2030 4536 2316 4592 Hebraicee
2374 4536 2587 4607 passim
2633 4537 2862 4591 omittit.
2922 4536 3028 4591 Sed
3074 4537 3334 4608 pluribus
3381 4538 3548 4592 hasce

1851 4628 2123 4683 minutias
2152 4643 2269 4681 non
2296 4642 2725 4697 persequemur.

2384 4714 2958 4768 ANIMADVERSIO‘N
2969 4714 3045 4769 ES

2200 4821 2255 4857 IN
2289 4818 2629 4863 QUESTIONES
2660 4819 2715 4854 IN
2748 4819 3189 4857 HEPTATEUCHUM.

1923 4895 2090 4947 Lmae
2126 4908 2163 4945 1.
2202 4891 2405 4955 Quaest.
2444 4893 2494 4943 3.
2546 4890 2825 4953 φωνέων
2871 4888 3319 4958 quemadmodum
3359 4894 3545 4957 potue-

1850 4985 1965 5037 rint
2010 4981 2189 5047 angeli
2240 4995 2359 5033 cum
2398 4978 2615 5047 ﬁliabus
2664 4978 2936 5031 hominum
2992 4978 3351 5043 concumbere,
3404 4976 3545 5030 unde

1849 5074 2095 5139 gigantes
2124 5070 2245 5123 nati
2274 5083 2385 5123 esse
2408 5064 2807 5139 perhibentur.]
2844 5067 2968 5120 Non
2998 5067 3145 5119 male
3167 5064 3545 5135 quaestionem

1851 5160 1920 5213 de
1973 5158 2309 5228 angelorum
2345 5155 2654 5210 concubitu
2703 5155 2901 5221 solvit;
2944 5154 3006 5207 in
3046 5169 3241 5223 quam,
3274 5153 3437 5224 quasi
3482 5154 3575 5221 in,

1851 5248 2163 5318 scopulum,
2212 5245 2574 5316 impegerant
2620 5244 2789 5298 multi
2819 5245 3010 5297 Patres
3041 5241 3254 5307 Graeci;
3305 5242 3400 5296 sed
3432 5242 3547 5296 fru-

1850 5342 1965 5391 stra
2007 5336 2104 5390 dat
2151 5350 2384 5404 operam
2440 5338 2506 5388 ut
2550 5333 2810 5387 ostendat
2865 5332 3037 5385 fuisse
3089 5333 3363 5399 gigantas.
3396 5334 3543 5386 Ante

1850 5424 2066 5491 omnia,
2127 5422 2503 5495 quaerendum
2552 5422 2751 5476 fuisset
2801 5436 2873 5473 an
2924 5423 3069 5474 esset
3119 5436 3222 5473 vox
3272 5420 3547 5476 Hebraica

1850 5530 1979 5586 quae
2026 5514 2282 5581 gigantas
2340 5510 2712 5582 signiﬁcaret,
2767 5510 2905 5564 Gen.
2958 5526 3030 5576 v1,
3079 5511 3131 5564 4.
3181 5509 3356 5564 Voces
3396 5511 3545 5563 certe
