3890 6186
358 288 463 368 35(
1369 305 1922 365 suaenam:an
1963 305 2052 361 AD
2088 303 2318 361 ornas
2357 305 2412 360 s.
2452 306 2843 363 AUGUSTINI.
3476 302 3485 307 '
3697 321 3778 373 εδ.

352 450 531 500 una;
562 438 795 507 nphilim
834 452 895 490 ac
924 445 1116 493 cvm:
1141 432 1429 500 gibborim,
1460 430 1631 484 fortes
1673 446 1737 483 ac
1768 428 2041 511 militares
2077 425 2121 479 A
2151 429 2419 497 gentium;
2443 430 2696 496 mamime,
2728 426 2963 499 inquit,~
2983 428 3115 496 quia
3156 429 3269 480 sine
3314 404 3525 486 articulo
3560 435 3612 488 in
3637 436 3783 495 Greco

349 526 503 580 viros
529 530 754 591 sonant,
798 529 856 578 et
882 523 1043 593 prior
1082 520 1315 591 quidem
1344 521 1578 573 latrones
1608 508 1844 573 fortasse
1875 508 2048 587 Signi-

351 615 507 681 ﬁcat;
549 614 646 668 sed
711 613 990 683 gigantas,
1041 609 1148 662 hoc
1186 612 1274 661 est
1336 607 1624 661 inusitata
1687 605 2046 677 proceritatis

350 702 631 765 homines,
665 700 732 754 iis
762 696 1072 769 signiﬁcari
1101 712 1273 750 nemo
1308 694 1641 749 ostenderit.
1677 696 1880 749 Fateor
1914 693 2046 748 LXX

353 789 715 859 interpretes,
767 802 909 858 quos
959 789 1015 840 et
1060 785 1181 856 ipse
1224 788 1450 838 secutus
1514 788 1599 837 est
1645 782 2045 853 Hieronymus,

353 878 431 932 sic
461 876 692 930 vertisse
723 892 736 942 ;
770 875 868 929 sed
910 890 1098 945 neque
1143 872 1337 926 nativa
1376 871 1458 925 vis
1483 886 1707 938 vocum,
1747 886 1933 940 neque
1964 858 2047 923 lo-

352 982 547 1020 corum
580 962 1022 1019 circumstantiae
1058 962 1130 1016 iis
1163 961 1374 1015 favent.
1410 961 1475 1013 In
1518 959 1667 1013 hanc
1705 974 1900 1013 vocem
1941 957 2046 1011 ite-

352 1069 479 1108 rum
510 1052 755 1123 impegit
781 1050 1137 1121 Augustinus
1167 1050 1379 1114 Quaast.
1412 1050 1497 1103 18.

423 1140 632 1205 Quaest.
699 1143 754 1194 9.
817 1137 1152 1201 Notandum,
1202 1135 1391 1206 inquit
1451 1134 1597 1205 quod
1651 1136 1916 1204 scriptum
1970 1138 2049 1189 est

353 1229 514 1295 (Gen.
555 1245 649 1294 vn,
686 1228 791 1294 15),
826 1228 885 1281 in
925 1242 1038 1297 quo
1070 1228 1156 1278 est
1186 1224 1421 1294 spiritus
1452 1223 1603 1289 vitae,
1648 1238 1755 1277 non
1783 1224 1954 1277 solum
1984 1224 2050 1278 de

353 1318 677 1385 hominibus,
710 1318 803 1371 sed
832 1319 994 1371 etiam
1017 1315 1081 1369 de
1096 1315 1378 1385 pecoribus
1401 1313 1634 1376 dictum;
1659 1316 1880 1381 propter
1908 1309 2049 1364 illud

353 1407 497 1476 quod
538 1407 761 1475 quidam
790 1406 855 1460 de
883 1406 1099 1473 Spiritu
1128 1408 1313 1458 sancto
1342 1402 1532 1458 volunt
1577 1401 1907 1468 intelligere,
1955 1399 2050 1452 ubi

352 1497 617 1564 scriptum
662 1499 741 1549 est
788 1494 946 1563 (Gen.
997 1510 1056 1555 ιι,
1104 1493 1178 1560 7),
1223 1495 1281 1544 et
1308 1488 1620 1544 insufﬂavit
1672 1490 1819 1543 Deus
1859 1487 1920 1541 in
1962 1486 2047 1541 fa-

353 1582 499 1637 ciem
525 1584 647 1652 ejus
677 1582 943 1652 spiritum
981 1580 1110 1633 vitze
1138 1597 1151 1646 ;
1187 1579 1333 1648 quod
1359 1580 1551 1633 melius
1589 1577 1815 1646 quidam
1846 1576 2049 1630 codices

355 1671 552 1726 habent
588 1670 790 1724 tlatum
834 1664 1019 1738 vitta]
1074 1666 1380 1732 Nimirum,
1414 1682 1548 1719 voce
1587 1667 1820 1735 spiritus
1869 1665 2042 1734 vulgo
2085 1702 2127 1757 B

355 1758 661 1812 utebantur
692 1756 887 1811 Latine
927 1756 995 1810 ad
1026 1755 1461 1825 signiﬁcandam
1498 1770 1622 1808 rem
1653 1753 2048 1823 incorpoream

355 1852 412 1902 et
438 1845 878 1916 intelligentem,
920 1860 1036 1898 non
1065 1860 1199 1897 vero
1243 1860 1376 1898 voce
1422 1845 1605 1911 ﬂatus.
1637 1845 1903 1897 Attamen
1941 1844 2051 1896 Au-

353 1934 615 2005 gustinus
661 1932 828 1988 initio
856 1932 990 1987 libri
1029 1948 1104 1986 vn
1133 1932 1201 1986 de
1244 1931 1449 1987 Genesi
1492 1932 1563 1986 ad
1594 1931 1841 1985 litteram
1872 1929 2049 1983 inter-

353 2026 613 2095 pretatur
659 2022 847 2075 locum
900 2022 1097 2075 Genes.
1148 2037 1208 2085 ιῐ,
1256 2024 1311 2083 7,
1362 2020 1433 2073 de
1476 2023 1665 2073 mente
1713 2016 2050 2083 immortali,

355 2128 472 2166 non
513 2111 582 2165 de
630 2109 845 2175 anima,
894 2124 1023 2180 quae
1062 2107 1246 2177 possit
1299 2106 1465 2160 nobis
1518 2123 1647 2161 cum
1696 2105 1880 2161 brutis
1932 2120 2052 2159 esse

353 2196 692 2251 communis.
724 2198 860 2250 Eam
891 2212 1025 2250 vero
1055 2211 1158 2249 cur
1174 2197 1364 2263 ﬂatum
1385 2194 1575 2265 potius
1603 2210 1776 2265 quam
1800 2195 2055 2263 spiritum

354 2285 467 2340 dici
513 2284 675 2338 malit
722 2300 839 2338 non
866 2282 1145 2353 intelligo.
1196 2283 1335 2336 Gen.
1378 2299 1438 2346 Il,
1480 2281 1697 2335 habent
1725 2281 1902 2335 Grteci
1926 2291 2054 2349 πνοὴ

357 2382 480 2441 ζωῆς
498 2396 513 2443 ;
571 2372 756 2443 capite
810 2387 943 2426 vero
997 2388 1115 2433 vui,
1150 2379 1361 2440 πνεῦμα.
1389 2370 1499 2425 Sed
1541 2370 1614 2424 ad
1670 2370 2053 2440 signiﬁcatum

357 2460 514 2531 quod
544 2459 766 2527 attinet,
806 2458 1030 2513 nullum
1075 2461 1163 2510 est
1202 2456 1353 2510 inter
1394 2472 1489 2511 eas
1531 2472 1694 2511 voces
1726 2456 2050 2513 discrimen.

357 2546 531 2601 Multa
576 2544 669 2599 hic
734 2548 1075 2616 quaeruntur
1140 2558 1269 2614 qua:
1332 2542 1571 2613 quaesita
1631 2558 1750 2596 non
1794 2543 2053 2613 fuissent,

356 2633 405 2687 si
453 2632 725 2687 Hebraice
766 2637 864 2686 aut
918 2635 1066 2686 certe
1116 2631 1305 2685 Greece
1366 2630 1562 2685 doctus
1618 2629 1816 2684 fuisset
1860 2633 2054 2701 Augu-

358 2721 573 2788 stinus;
608 2721 904 2792 multaque
951 2719 1115 2775 aliter
1147 2719 1451 2774 solvuntur
1488 2734 1663 2790 quam
1695 2719 1880 2773 soluta
1914 2718 2059 2773 fuis-

359 2814 507 2866 sent.

428 2897 638 2961 Quaest.
677 2899 759 2951 11.
793 2896 1003 2965 Aquila
1030 2895 1180 2949 dixit
1211 2891 1501 2962 obtinuit;
1534 2893 1888 2962 Symmachus
1917 2908 2058 2965 prae-

2156 515 2360 570 dictum
2380 521 2475 580 est,
2507 532 2612 586 quo
2633 517 2862 571 articulo
2889 515 3285 569 euidentissime
3302 518 3422 570 solet
3436 522 3540 573 veri
3558 524 3640 576 Dei
3653 529 3783 580 unius

2154 607 2275 673 ﬁeri
2320 608 2670 675 signiﬁcatio.
2720 608 2841 662 Non
2883 606 3025 658 enim
3072 604 3223 657 dixit
3264 611 3549 675 επρόσωπον
3573 621 3648 664 τοῦ
3672 623 3785 681 Θεοῦ,

2154 693 2251 748 sed
2296 694 2446 748 dixit
2472 701 2729 764 πρόσωπον
2762 702 2903 757 Θεοῦ,
2935 693 3114 747 Facile
3175 696 3350 745 autem
3395 696 3484 749 hoc
3525 699 3788 767 intelligunt

2156 797 2266 850 qua
2296 781 2562 835 distantia
2591 782 2828 846 dicatur,
2863 784 2959 849 qui
3006 783 3313 835 Graecorum
3344 782 3595 850 eloquium
3633 788 3792 842 audire

2155 874 2319 939 atque
2354 870 2653 938 intelligere
2679 869 2892 938 solent.]
2924 870 3131 923 Verum
3164 873 3250 922 est
3274 868 3415 923 hanc
3443 887 3555 926 esse
3598 888 3792 929 consue-

2154 958 2417 1010 tudinem
2450 956 2587 1011 Novi
2631 956 2996 1023 Testamenti,
3048 957 3146 1011 sed
3175 957 3412 1011 Jacobus
3450 975 3621 1030 neque
3663 978 3793 1018 more

2156 1041 2298 1095 Novi
2329 1040 2695 1127 Testamenti,
2744 1057 2931 1112 neque
2970 1042 3159 1096 Graece
3204 1041 3553 1113 loquebatur,
3593 1045 3681 1099 sed
3708 1049 3793 1101 ile-

2156 1129 2349 1185 braica
2391 1130 2618 1201 lingua;
2652 1129 2712 1183 in
2743 1145 2856 1201 qua
2885 1130 3077 1184 nullus
3121 1134 3207 1183 est
3238 1129 3524 1197 articulus,
3553 1148 3641 1185 seu
3670 1145 3725 1203 τι,
3747 1142 3798 1190 ut

2156 1219 2476 1291 loquuntur
2524 1217 2904 1288 grammatici,
2942 1217 3321 1288 emphaticus,
3367 1218 3465 1273 sed
3513 1219 3799 1291 simpliciter

2159 1287 2350 1361 mihi»:
2381 1311 2476 1364 θῦε)
2506 1287 2649 1372 phne
2677 1304 2892 1358 elohim.

2229 1391 2396 1445 Lieao
2426 1408 2499 1444 v1.
2540 1391 2748 1456 Quaest.
2785 1393 2837 1447 4.
2881 1394 2951 1447 Et
2978 1397 3135 1447 erunt
3163 1392 3311 1446 vobis
3351 1392 3554 1461 lapides
3595 1395 3684 1449 isti
3716 1411 3801 1449 me-

2155 1481 2379 1534 moriale
2431 1481 2563 1549 ﬁliis
2622 1481 2820 1544 Israel,
2883 1485 3045 1550 atque
3073 1482 3133 1534 in
3169 1486 3450 1535 zternum.
3499 1481 3667 1535 Verba
3695 1487 3804 1537 sunt

2157 1568 2267 1622 Jos.
2332 1584 2405 1633 1v,
2453 1572 2508 1634 7,
2555 1567 2626 1621 de
2670 1568 2879 1638 quibus
2916 1569 2995 1621 sic
3042 1568 3420 1622 ratiocinatur
3455 1570 3803 1639 Augustinus:

2159 1656 2430 1722 Quomodo
2455 1655 2516 1710 in
2562 1660 2860 1721 teternum,
2896 1668 3015 1710 cum
3058 1658 3244 1711 caelum
3274 1660 3325 1711 et
3363 1660 3509 1710 terra
3532 1661 3809 1712 transeant?

2160 1746 2251 1799 An
2290 1747 2547 1814 quoniam
2591 1748 2849 1799 aeternum
2882 1744 3101 1813 aliquid
3148 1743 3470 1815 signiﬁcant
3516 1746 3572 1799 hi
3616 1746 3809 1814 lapides,

2161 1849 2281 1887 cum
2316 1835 2428 1902 ipsi
2450 1835 2639 1888 aeterni
2664 1848 2773 1887 esse
2801 1848 2907 1887 non
2921 1831 3175 1902 possint?
3209 1833 3324 1887 Cur
3350 1829 3466 1886 n'on
3497 1848 3701 1887 memor
3718 1838 3814 1886 erat

2162 1921 2574 1976 observationis
2613 1937 2787 1992 quam
2852 1921 2987 1976 alibi
3025 1921 3146 1992 ipse
3203 1936 3324 1975 non
3384 1921 3559 1975 semel
3594 1921 3813 1991 protulit,

2161 2010 2481 2081 praesertim
2526 2009 2588 2063 in
2633 2026 2805 2080 opere
2854 2009 3064 2080 scripto
3107 2010 3313 2063 eodem
3352 2014 3607 2080 tempore
3642 2025 3699 2062 ac
3746 2009 3815 2062 lue

2164 2099 2549 2171 quaestiones?
2600 2098 2904 2153 Locutione
2944 2102 3011 2154 93
3046 2098 3115 2152 de
3166 2099 3381 2167 Exodo,
3424 2098 3491 2152 ad
3529 2098 3645 2152 haec
3678 2098 3820 2151 verba

2165 2188 2344 2242 Exodi
2389 2205 2503 2252 xxx,
2550 2191 2603 2255 6,
2639 2188 2845 2243 Serviet
2890 2190 2940 2241 ei
2967 2189 3026 2240 in
3079 2191 3371 2253 aeternum;
3438 2186 3580 2255 quod
3621 2187 3817 2249 Grzcus,

2164 2275 2374 2346 inquit,
2424 2277 2581 2331 habet
2628 2286 2690 2339 εἰς
2730 2284 2815 2331 τὸν
2857 2282 3026 2331 αἰῶνα.
3067 2279 3201 2331 Ecce
3238 2275 3683 2344 quemadmodum
3701 2275 3822 2329 Scri-

2158 2369 2331 2435 ptura
2357 2366 2542 2420 multis
2573 2367 2701 2420 locis
2732 2365 2869 2419 dicit
2894 2365 3185 2419 secundum
3216 2366 3315 2419 hoc
3344 2366 3565 2419 verbum
3592 2364 3823 2421 Graecum.

2164 2452 2599 2523 sempiternum,
2666 2455 2750 2507 vel
2816 2456 3117 2507 aeternum.
3185 2454 3290 2507 Ubi
3367 2468 3477 2507 non
3540 2453 3827 2519 intelligitur

2164 2544 2438 2596 aeternitas
2467 2543 2567 2596 illa
2596 2541 2887 2596 secundum
2916 2557 3079 2610 quam
3107 2541 3261 2595 nobis
3290 2546 3499 2595 aeterna
3527 2539 3830 2611 promittun-

2164 2635 2332 2684 tur...
2369 2644 2538 2699 neque
2582 2632 2724 2683 enim
2753 2644 2940 2684 servus
2980 2633 3099 2697 iste,
3152 2632 3250 2697 qui
3278 2632 3464 2683 vivere
3500 2631 3558 2682 in
3610 2633 3829 2682 aternum

2163 2734 2269 2773 non
2295 2722 2491 2787 posset,
2525 2722 2704 2787 posset
2731 2720 2932 2772 servire
2968 2719 3027 2771 in
3071 2721 3358 2785 aeternum,
3411 2717 3508 2772 sed
3544 2717 3834 2783 intelligitur

2166 2810 2448 2860 aeternum
2487 2805 2712 2871 dictum,
2759 2806 2910 2875 cujus
2952 2808 3204 2874 temporis
3252 2809 3383 2873 ﬁnis
3420 2822 3529 2861 non
3573 2811 3665 2860 est.
3695 2806 3835 2858 Notat

2167 2895 2340 2949 etiam
2388 2893 2452 2948 in
2497 2893 2879 2948 locationibus
2935 2893 3006 2948 de
3046 2893 3299 2949 Levitico
3358 2911 3474 2948 xvn
3517 2898 3574 2949 et
3620 2910 3761 2958 xviii,
3792 2891 3837 2946 id

358 2985 662 3039 valuerunt
712 2984 872 3054 (Gen.
922 2999 1019 3047 vn,
1050 2984 1160 3049 24),
1211 2982 1273 3036 id
1301 2985 1381 3036 est
1406 2981 1605 3051 aqua]
1652 2982 1736 3036 Ab
1785 2981 1897 3035 alio
1940 2981 2060 3036 haec
2096 2986 2135 3042 C
2169 2982 2477 3053 aliquando
2522 2986 2780 3036 zternum
2809 2981 2941 3047 dici,
2986 2982 3139 3052 quod
3183 2981 3395 3053 utique
3435 2998 3553 3037 non
3599 2982 3699 3036 erit
3739 2980 3837 3033 sine

362 3075 660 3144 acceperat
706 3070 1080 3143 Augustinus,
1126 3070 1224 3124 sed
1257 3069 1476 3123 mirum
1522 3073 1607 3123 est
1643 3084 1776 3123 eum
1826 3068 1932 3123 sibi
1964 3085 2058 3123 eas

363 3159 765 3214 translationes
816 3175 931 3212 non
975 3173 1357 3229 comparasse,
1412 3161 1469 3211 et
1510 3156 1708 3211 Latine
1757 3156 2058 3210 vertendae

361 3265 475 3303 non
501 3263 766 3313 curasse;
800 3261 916 3301 non
945 3250 1173 3317 poterat
1218 3245 1373 3299 enim
1415 3244 1685 3315 ignorare
1715 3260 1890 3315 quam
1937 3260 2057 3298 ma-

361 3336 461 3408 gni
506 3352 644 3392 usus
692 3351 814 3389 esse
861 3337 1116 3405 possent.
1161 3333 1299 3397 Quis
1343 3348 1458 3387 non
1507 3332 1870 3402 Obstupescat
1903 3348 2054 3398 eum,

360 3440 466 3477 usu
497 3424 622 3493 ipso
654 3422 1087 3492 interpretandi,
1120 3437 1238 3475 non
1264 3419 1613 3474 intellexisse
1644 3419 1851 3490 quibus
1876 3419 2058 3474 subsi-

361 3512 469 3567 diis
498 3511 812 3582 indigeret;
843 3514 962 3576 aut,
1010 3510 1057 3563 si
1087 3508 1449 3573 intellexerit,
1495 3507 1606 3561 sibi
1637 3512 1920 3578 quatenus
1952 3524 2057 3579 po-

361 3601 472 3656 tuit
500 3616 619 3655 non
652 3614 1012 3670 comparasse
1039 3615 1053 3665 ;
1087 3602 1187 3652 aut
1216 3597 1481 3667 denique,
1517 3596 1564 3650 si
1593 3612 1711 3650 non
1740 3602 1966 3667 poterat
1995 3614 2061 3652 ea

363 3688 632 3755 nancisci,
677 3705 710 3742 a
754 3692 837 3742 tot
885 3686 1297 3758 questionibus
1353 3684 1763 3756 proponendis,
1807 3686 2059 3740 conscri-

2165 3070 2299 3125 ﬁne.
2348 3069 2567 3125 Similia
2611 3070 2782 3125 habet
2827 3074 3029 3141 quaest.
3075 3072 3133 3124 31
3190 3068 3252 3122 in
3286 3069 3577 3125 Genesim.
3609 3072 3839 3124 Attamen

2166 3156 2354 3228 pergit
2398 3157 2551 3211 hisce
2598 3156 2783 3212 verbis
2820 3173 2834 3210 :
2876 3159 3125 3225 quamvis
3168 3160 3351 3227 possit
3403 3159 3551 3227 quod
3589 3161 3645 3212 in
3690 3157 3840 3212 Graeco

2166 3250 2263 3310 est,
2306 3252 2391 3307 ἕως
2420 3254 2506 3299 τοῦ
2530 3250 2718 3309 αἰῶνος,
2770 3244 2883 3299 dici
2932 3246 3127 3299 Latine
3154 3249 3204 3298 et
3252 3261 3432 3315 usque
3489 3249 3547 3299 in
3601 3244 3840 3307 saeculum,

2168 3333 2312 3401 quod
2354 3348 2460 3387 non
2504 3336 2583 3387 est
2615 3347 2935 3402 consequens
2976 3336 3039 3386 ut
3074 3334 3432 3400 intelligatur
3459 3340 3730 3388 aeternum.
3772 3331 3843 3384 Sic

2166 3437 2297 3475 cum
2325 3421 2608 3492 palpando
2638 3437 2837 3475 verum
2867 3425 3108 3490 quierat,
3140 3437 3213 3475 an
3258 3421 3318 3477 id
3355 3423 3645 3476 invenerit
3670 3419 3841 3481 nescit,

2167 3513 2513 3581 paratusque
2577 3513 2661 3562 est.
2724 3509 2984 3564 deserere
3045 3510 3351 3564 inventum
3412 3527 3536 3566 non
3600 3510 3754 3565 aliter
3797 3523 3847 3561 ac

2169 3612 2439 3654 errorem.
2475 3596 2638 3662 Quod
2682 3597 2728 3651 si
2757 3596 3045 3651 Hebraicis:
3075 3597 3294 3668 linguae
3338 3615 3581 3669 operam
3613 3597 3847 3663 dedisset,

2169 3684 2421 3740 scivisset
2456 3671 2600 3748 D593:
2637 3686 2814 3740 holam
2862 3684 3181 3756 signiﬁcare
3220 3688 3469 3758 proprie
3517 3692 3737 3757 tempus
3777 3700 3852 3737 cu-

361 3775 678 3847 bendisqne
706 3778 792 3829 tot
819 3774 979 3829 libris
1008 3773 1069 3828 in
1112 3774 1282 3826 Vetus
1319 3773 1768 3840 Testamentum,
1800 3780 1858 3828 et
1881 3789 2061 3845 usque
2162 3772 2258 3843 jus
2287 3773 2539 3827 occultus
2585 3776 2670 3827 est
2714 3772 2867 3839 ﬁnis,
2896 3789 2930 3826 a
2974 3773 3163 3828 redice
3196 3761 3323 3840 ὡς]
3370 3776 3588 3840 Italam,
3637 3773 3849 3827 occulta-

361 3864 505 3919 adeo
574 3863 851 3933 verbosis,
906 3862 1239 3917 abstinere?
1286 3861 1466 3916 Credo
1524 3861 1831 3916 excitatum
1887 3862 2061 3918 fuisse
2169 3863 2261 3913 tus
2308 3859 2436 3925 fuit,
2491 3859 2676 3914 latuit.
2731 3860 2996 3916 Scivisset
3034 3862 3208 3917 etiam
3255 3865 3518 3929 Graecos,
3568 3877 3694 3917 cum
3737 3862 3853 3914 hanc

360 3951 803 4018 adulationibus,
852 3956 950 4005 aut
996 3951 1169 4005 stulta
1216 3950 1594 4005 admiratione
1639 3950 1907 4005 Afrorum
1939 3967 2064 4005 suo-
2170 3963 2365 4003 vocem
2428 3956 2581 4004 αἰῶνα
2643 3948 3114 4019 interpretantur,
3189 3953 3470 4007 eamdem
3541 3952 3853 4022 potestatem

360 4055 525 4105 rum;
560 4043 770 4093 utnon
813 4039 1099 4094 desineret
1129 4037 1361 4104 dictare,
1409 4038 1547 4091 dum
1575 4037 1674 4092 illa
1712 4037 1921 4092 dictata
1962 4055 2065 4093 sua
2171 4036 2451 4108 subjicere
2491 4038 2617 4093 voci
2656 4046 2793 4104 αἰὼν,
2821 4053 2926 4092 nec
2969 4055 3168 4109 passus
3214 4045 3376 4094 esset
3412 4035 3854 4095 ﬂuctuationibus

363 4129 485 4179 tam
513 4125 675 4180 avide
706 4125 891 4196 excipi
915 4125 1161 4180 videbat.
1193 4124 1283 4180 Sic
1311 4124 1577 4179 homines
1614 4128 1821 4195 putant
1849 4142 1906 4180 se
1939 4142 2064 4179 ma—
2171 4125 2503 4179 academicis
2521 4126 2776 4181 animum
2805 4142 2973 4180 suum
2997 4125 3258 4181 distrahi.
3293 4127 3496 4182 Potuit
3519 4143 3675 4194 sane,
3699 4125 3792 4179 hac
3806 4122 3853 4173 in

362 4229 505 4284 gnos
536 4230 599 4267 ac
632 4214 907 4280 eruditos,
959 4229 1078 4268 non
1122 4213 1260 4284 quia
1303 4216 1457 4283 sunt,
1504 4213 1603 4268 sed
1633 4213 1769 4284 quia
1815 4213 1884 4267 ab
1932 4214 2058 4268 aliis
2096 4271 2137 4286 ἢ
2168 4228 2253 4275 re,
2294 4216 2358 4267 ut
2387 4216 2441 4267 et
2469 4212 2529 4268 in
2559 4213 2706 4281 aliis,
2753 4212 3055 4271 Carneades
3085 4215 3278 4269 Pomus
3309 4214 3515 4285 potius
3548 4227 3718 4286 quam
3745 4210 3854 4265 Ari-

363 4271 657 4371 putantur,
689 4271 1037 4373 sumun'tque
1084 4271 1219 4356 inde
1266 4271 1566 4356 audaciam
1610 4271 1740 4373 qua:
1800 4318 2058 4375 persaepe
2096 4271 2140 4325 Β
2168 4271 2377 4357 steteles
2403 4300 2532 4355 dici.

368 4390 514 4442 male
546 4390 627 4442 eis
657 4389 827 4444 cedit.
2245 4389 2411 4443 Lamo
2450 4406 2542 4442 vn.
2597 4388 2807 4453 Quaest.
2845 4392 2894 4443 1.
2940 4390 3013 4442 In
3065 4391 3172 4456 ﬁne
3199 4390 3343 4444 libri
3395 4394 3529 4445 Iesu
3576 4391 3720 4446 Nave
3762 4388 3859 4441 bre-

437 4476 648 4539 Qutest.
681 4478 799 4529 105.
835 4475 979 4544 Quid
1008 4476 1116 4530 sibi
1141 4477 1256 4531 vult
1276 4475 1422 4545 quod
1446 4476 1611 4530 Jacob
1637 4479 1716 4531 ait
1742 4479 1918 4544 fratri
1934 4494 2058 4535 suo:
2170 4477 2314 4531 viter
2348 4480 2607 4530 narrator
2621 4478 2869 4545 porr-emit
2897 4476 3185 4530 historiam
3223 4492 3337 4545 quo
3378 4493 3561 4548 usque
3586 4479 3691 4545 ﬁlii
3720 4472 3863 4529 Israel

368 4561 607 4633 Propter
651 4561 761 4616 hoc
789 4562 905 4616 vidi
947 4562 1150 4616 faciem
1195 4568 1376 4629 tuam,
1410 4564 1895 4635 quemadmodum
1932 4583 2063 4622 cum
2172 4564 2248 4617 ad
2284 4564 2526 4619 colendos
2582 4564 2721 4619 Deos
2753 4565 2956 4619 alienos
3004 4563 3405 4637 desciverunt]
3450 4563 3721 4631 Quamvis
3766 4564 3861 4615 Au-

367 4645 523 4702 videt
565 4648 772 4719 aliquis
818 4649 1020 4704 faciem
1061 4650 1209 4705 Dei?
1250 4653 1440 4705 Utrum
1467 4654 1716 4720 paventis
1760 4657 1811 4707 et
1840 4658 2060 4723 pertur-

371 4738 488 4793 bati
515 4739 688 4792 animi
714 4739 880 4794 verba
916 4755 1085 4808 usque
1111 4742 1171 4795 in
1214 4742 1351 4794 hanc
1381 4741 1752 4795 adulationem
1793 4758 2061 4812 prorupe-

367 4829 540 4882 runt?
575 4831 671 4881 An
710 4828 1001 4882 secundum
1050 4829 1286 4898 aliquem
1328 4829 1655 4883 intellectum
1691 4830 1807 4884 sine
1844 4835 2063 4900 peccato

371 4915 521 4970 dicta
544 4917 722 4985 accipi
743 4921 972 4985 possunt
992 4915 1021 4972 7
1047 4919 1316 4972 Fortassis
1340 4919 1504 4972 etiam
1543 4919 1675 4986 quia
1703 4918 1839 4972 dicti
1862 4922 1989 4973 sunt
2013 4923 2064 4974 et

368 5006 608 5072 gentium
635 5006 749 5072 Dei,
803 5020 922 5073 quae
949 5010 1076 5059 sunt
1104 5005 1390 5071 daemonia,
1438 5021 1545 5059 non
1571 5006 1961 5075 praejudicetur
1996 5023 2064 5061 ea:

369 5093 452 5145 his
479 5093 657 5147 verbis
685 5093 892 5147 lumini
933 5094 1059 5148 Dei.
1090 5095 1207 5150 Non
1240 5098 1381 5148 enim
1408 5093 1544 5148 dicit
1569 5112 1585 5147 :
1615 5094 2064 5163 quemadmodum

367 5181 419 5233 si
457 5180 694 5235 viderem
733 5184 931 5248 faciem
959 5184 1074 5250 Dei,
1117 5183 1230 5249 sed,
1262 5198 1392 5236 cum
1422 5181 1574 5235 videt
1602 5181 1856 5252 aliquis]
1887 5183 2064 5253 Opor-

369 5266 572 5321 tuisset
598 5267 689 5321 hic
718 5272 1031 5322 consultam
1060 5268 1235 5323 fuisse
1269 5268 1583 5323 versionem
1626 5271 1867 5341 Aquilia,
1909 5270 2063 5324 unde

369 5354 692 5425 intelligere
738 5357 1018 5426 potuisset
1063 5356 1415 5427 Augustinus
1464 5373 1522 5410 se
1568 5356 1779 5412 frustra
1806 5358 2063 5429 argutari

371 5443 433 5497 in
482 5442 714 5498 vocibus
742 5447 793 5498 si
822 5448 963 5514 quis,
1016 5445 1222 5517 quibus
1265 5445 1439 5499 nullae
1479 5449 1613 5499 sunt
1658 5462 1786 5517 qua:
1825 5462 2063 5516 respon-

372 5531 545 5585 deant
589 5530 650 5586 in
689 5533 1004 5590 Hebraicis.
1056 5536 1228 5589 Potea
1264 5538 1429 5606 putat
1455 5549 1620 5605 posse
1655 5533 1902 5604 intelligi
1932 5538 2064 5589 Deos

2173 4650 2389 4719 gustini
2441 4651 2711 4706 Latinitas
2761 4666 2944 4722 usque
2987 4651 3130 4705 adeo
3168 4656 3330 4706 casta
3376 4670 3505 4707 non
3534 4654 3629 4718 sit,
3662 4650 3864 4706 mallem

2173 4743 2367 4792 tamen
2404 4739 2499 4793 hic
2547 4740 2737 4810 legere
2779 4741 3037 4809 pertexit,
3088 4743 3188 4793 aut
3210 4745 3551 4809 pertexuit;
3600 4740 3689 4794 vix
3734 4736 3864 4791 enim

2171 4825 2403 4882 barbari
2440 4826 2571 4898 ipsi,
2622 4844 2691 4883 ex
2736 4826 2927 4883 media
2954 4826 3164 4894 Africa,
3214 4828 3428 4885 dicant
3467 4831 3754 4900 porrigere
3795 4826 3868 4880 hi-

2171 4917 2415 4970 storiam.

2243 5003 2452 5067 Quaest.
2488 5005 2572 5058 16.
2615 5002 2681 5057 Et
2723 5002 3042 5057 servierunt
3080 5003 3208 5058 Baal
3249 5009 3316 5060 et.
3351 5006 3702 5061 Astartibus.
3761 4998 3870 5057 Jud.

2172 5108 2233 5160 ιι,
2292 5093 2376 5146 13.
2419 5091 2560 5147 Solet
2616 5088 2826 5162 (inquit
2873 5091 3251 5162 Augustinus)
3316 5093 3443 5148 dici
3503 5095 3647 5149 Baal
3709 5103 3873 5145 nomen

2172 5194 2283 5234 esse
2327 5179 2479 5248 apud
2527 5183 2706 5245 gentes
2758 5181 2980 5233 illarum
3023 5183 3268 5249 partium
3300 5184 3485 5248 Iovis,
3536 5184 3759 5238 Astarte
3793 5192 3875 5232 au-

2173 5272 2277 5321 tem
2312 5269 2558 5332 Iunonis,
2590 5268 2735 5336 quod
2759 5272 2810 5322 et
2848 5270 3038 5337 lingua
3074 5270 3284 5323 Punica
3321 5275 3574 5339 putatur
3598 5267 3872 5324 ostendere.

2173 5357 2313 5412 Nam
2376 5355 2507 5409 Baal
2558 5357 2753 5410 Punici
2810 5356 3066 5411 videntur
3119 5357 3301 5411 dicere
3357 5360 3699 5424 Dominum;
3751 5352 3878 5409 unde

2174 5443 2514 5510 Baalsamin,
2546 5446 2708 5514 quasi
2750 5443 3059 5499 Dominum
3088 5444 3217 5499 coeli
3239 5446 3653 5513 intelliguntur
3680 5445 3873 5499 dicere:

2174 5531 2358 5586 samin
2400 5534 2601 5602 quippe
2628 5531 2780 5601 apud
2807 5548 2893 5588 eos
2935 5535 3052 5588 coeli
3086 5532 3478 5603 appelluntur.
3532 5536 3676 5589 Juno
3716 5534 3879 5585 autem
