3922 6188
141 240 219 290 353

135 363 221 414 sine
237 355 532 409 dubitatione
549 352 614 405 ab
644 353 754 406 illis
781 355 1000 406 Astarte
1029 356 1270 406 vocatur.
1302 350 1323 423 ]
1361 351 1593 423 Egregie
1645 353 1765 405 haec
1802 351 1845 403 A

138 445 301 506 omnia,
331 449 486 512 atque
506 440 725 494 utinam
752 441 932 494 multa
956 439 1166 494 similia
1186 441 1338 510 apud
1375 440 1764 507 Augustinum

139 529 464 590 occurrerent!
509 529 772 582 omnibus
823 528 1145 599 allegoricis
1187 528 1768 599 interpretationibus

140 633 265 694 atque
297 619 517 689 argutiis
541 617 837 672 rhetoricis
863 634 928 672 ea
959 617 1388 687 praeferremus.
1430 617 1552 670 Non
1589 617 1765 670 semel

136 709 413 781 signiﬁcavit
451 707 556 762 sibi
596 710 959 777 perspectum
1003 705 1176 759 fuisse
1217 705 1442 778 linguas
1491 705 1768 759 Punicam

129 806 169 854 et
205 797 498 852 Hebraicam
543 795 715 849 fuisse.
773 795 990 848 afﬁnes.
1045 793 1135 848 Sic
1166 809 1338 864 supra
1380 793 1668 847 locutione
1694 794 1764 847 de

129 885 286 941 Genesi
315 900 457 949 xxw;
512 883 661 949 Quod
696 885 959 952 scriptum
1009 888 1110 950 est,
1147 887 1204 937 et
1257 884 1500 936 emtendit
1549 899 1768 936 manum

125 991 260 1040 suam,
291 974 482 1041 accepit
523 987 637 1026 eam
684 977 735 1026 et
783 970 1025 1038 induxit,
1075 987 1192 1025 eam
1243 975 1383 1039 etc.,
1435 973 1630 1025 locutio
1667 977 1766 1039 est,

123 1061 288 1132 inquit,
311 1076 462 1130 quam
489 1064 772 1129 prapterea
801 1060 1080 1114 Hebraeum
1101 1065 1254 1128 puto,
1301 1061 1435 1128 quia
1475 1064 1525 1113 et
1554 1061 1769 1113 Punicae

122 1152 280 1215 linguae
302 1147 732 1213 familiarissima
756 1152 853 1213 est,
876 1149 936 1200 in
964 1163 1073 1215 qua
1102 1147 1273 1200 multa
1292 1148 1633 1200 inveniuutvr
1660 1147 1766 1199 IIe-

121 1237 242 1289 brzis
259 1235 418 1290 verbis
438 1239 822 1299 consonantia;
843 1253 971 1290 nam
992 1239 1180 1304 utique
1196 1238 1486 1304 sufﬁceret,
1513 1239 1567 1288 et
1588 1240 1766 1288 exten-

118 1324 179 1377 dit
202 1340 432 1390 manum,
463 1328 564 1378 etsi
592 1340 696 1378 non
720 1324 946 1378 adderet
977 1339 1167 1377 suam.
1218 1322 1369 1376 Alibi
1408 1322 1580 1375 etiam
1630 1321 1766 1375 talia

118 1411 265 1478 habet,
304 1429 421 1482 qua:
450 1429 628 1484 usque
663 1412 805 1466 adeo
833 1411 1195 1466 conﬁrmavit
1223 1411 1309 1464 vir
1330 1426 1591 1464 summus
1609 1411 1760 1464 Sam.

118 1500 392 1566 Bochartus,
422 1500 479 1554 in
519 1517 622 1554 suo
655 1501 980 1566 Chanaane,
1007 1505 1066 1554 ut
1095 1515 1266 1554 nemo
1298 1498 1543 1569 amplius
1593 1487 1672 1551 de.
1693 1499 1763 1551 iis

117 1589 328 1643 dubitare
357 1594 544 1659 queat.
580 1589 738 1653 Quod
767 1605 897 1643 cum
927 1589 1008 1643 ita
1057 1588 1147 1655 sit,
1188 1588 1316 1659 quis
1357 1603 1472 1641 non
1516 1588 1759 1642 miretur
1797 1629 1841 1683 B

115 1677 511 1730 Christianorum
534 1679 845 1732 Poenorum
872 1677 1212 1744 socordiam,
1233 1675 1333 1746 qui
1356 1676 1641 1730 Hebraicae
1656 1676 1760 1729 lin-

115 1781 211 1834 guae
232 1783 258 1819 e
283 1764 521 1819 tenebris
549 1765 819 1820 eruendae
849 1780 1082 1834 operam
1108 1779 1227 1817 non
1271 1762 1599 1816 dederunt?
1636 1763 1760 1816 Cul-

115 1869 213 1921 pam
238 1851 528 1907 maximam
564 1858 702 1924 puto
752 1853 925 1906 fuisse
970 1867 1148 1922 penes
1191 1851 1618 1916 declamatores,
1661 1850 1761 1920 qui

115 1957 202 2010 pur
251 1941 745 1995 declamationibus
797 1940 994 1994 omnia
1058 1939 1424 2010 spernebant,
1493 1954 1597 1992 nec
1655 1938 1760 1992 ulli

114 2026 268 2092 labori,
316 2027 420 2080 nisi
456 2027 754 2098 loquendi,
812 2042 978 2097 pares
1021 2031 1204 2081 erant.
1248 2027 1326 2080 De
1366 2026 1488 2095 ipsa
1530 2041 1590 2078 re
1632 2040 1760 2096 qua:

115 2114 381 2185 bicagitur,
412 2115 612 2170 multis
654 2114 773 2186 egit
815 2116 981 2174 Joan.
1033 2114 1328 2182 Seldenus,
1375 2113 1437 2167 in
1488 2128 1659 2184 opere
1691 2113 1760 2167 de

116 2202 201 2255 Diis
235 2203 390 2273 Syris.

165 2290 276 2346 Ibid.
336 2294 437 2346 Hoc
474 2297 679 2357 autem,
731 2291 791 2344 id
837 2295 915 2344 est
954 2292 1166 2344 nomine
1206 2288 1418 2358 plurali
1445 2292 1677 2343 Junones
1703 2291 1762 2342 in

114 2380 271 2433 Grecis
296 2380 581 2434 secundum
610 2382 970 2448 Septuaginta
1006 2380 1272 2445 novimus,
1306 2381 1366 2432 in
1405 2380 1614 2432 Latinis
1653 2394 1760 2431 au—

114 2471 187 2519 tem
218 2469 555 2533 singulariter
601 2473 737 2522 erat.
770 2467 786 2538 ]
833 2465 1102 2531 Quamvis
1153 2464 1484 2520 terminatio
1519 2466 1762 2528 1111112"!

115 2555 354 2624 hastamth,
407 2557 479 2611 sit
537 2557 780 2628 pluralis
828 2554 1112 2624 feminini,
1160 2554 1306 2609 nihil
1353 2559 1505 2608 vetat
1567 2560 1762 2608 tamen

117 2641 218 2710 quin
256 2642 591 2712 signiﬁcatio
641 2643 715 2696 sit
757 2642 1086 2712 singularis,
1153 2652 1352 2702 ΠἾῚΞΞΠ
1418 2641 1758 2707 hhochmoth,

120 2728 350 2798 sapientia,
381 2742 596 2790 men:
629 2731 898 2795 bhemoth,
932 2729 1402 2799 hippopotamus,
1431 2733 1520 2782 etc
1541 2771 1553 2783 .

170 2819 274 2872 Ibid.
335 2821 578 2886 Quorum
611 2822 670 2874 in
709 2821 802 2873 illo
849 2821 946 2888 qui
989 2834 1094 2873 non
1139 2819 1369 2872 habebat
1403 2820 1760 2887 Septuaginta

133 2908 576 2975 interpretationem,
599 2907 692 2962 sed
708 2924 774 2960 ea:
797 2907 1032 2962 Hebraeo
1069 2911 1185 2960 erat
1215 2907 1478 2960 Astaroth
1512 2907 1756 2973 legimus,

131 3009 190 3046 nec
214 2997 338 3059 Beat,
381 2998 474 3051 sed
531 2993 811 3066 Baetim]
862 2994 1184 3065 Intelligere
1227 2994 1451 3048 videtur
1475 2995 1764 3065 Aquilam,

123 3083 315 3148 quamvis
362 3090 561 3140 textus
608 3084 922 3138 hodiernus
998 3083 1304 3138 Hebraicus
1375 3082 1584 3138 habeat
1651 3069 1763 3146 by:

119 3169 252 3235 tabat,
293 3173 784 3243 quemadmodum
835 3172 1005 3226 etiam
1053 3173 1320 3242 legerunt
1382 3169 1765 3243 Septuaginta

117 3257 410 3330 interpretes.
1135 3273 1142 3278 ‘

162 3345 331 3409 Quaest.
357 3354 442 3405 25.
480 3353 560 3405 Et
583 3352 851 3422 percussit
872 3351 1208 3416 alienigenas
1228 3351 1285 3402 in
1305 3354 1576 3404 sexcentos
1619 3351 1760 3403 viros

110 3440 260 3498 praeter
299 3440 486 3492 vitulos
539 3438 712 3492 boum.
759 3437 888 3492 Jud.
945 3453 1027 3504 ιιι,
1081 3439 1167 3490 31.
1227 3436 1314 3491 Ad
1373 3453 1500 3506 quae
1568 3437 1757 3503 verba,

110 3528 360 3594 postquam
381 3527 600 3581 frustra
630 3526 982 3597 Augustinus
1004 3524 1268 3598 quaesivit
1291 3523 1427 3594 quid
1455 3523 1563 3576 sibi
1590 3525 1765 3577 velint

109 3609 216 3676 haec,
253 3620 441 3681 preter
486 3616 694 3669 vitulos
739 3615 912 3680 boum,
971 3613 1159 3667 addit:
1219 3613 1336 3667 Non
1393 3619 1573 3666 autem
1606 3613 1763 3665 habet

107 3699 426 3768 tamn-etalio
444 3720 517 3758 ea:
561 3703 797 3768 Hebraeo,
817 3706 1028 3772 praeter
1045 3700 1254 3754 vitulos
1270 3701 1468 3766 boum,
1491 3702 1630 3754 sicut
1656 3703 1764 3754 ista

107 3801 195 3849 qua
218 3792 488 3845 secimdum
523 3793 882 3862 Septuaginta
925 3795 1037 3843 est:
1083 3792 1223 3843 sicut
1265 3790 1414 3860 (lege
1443 3790 1558 3859 sed)
1606 3789 1763 3842 habet

105 3874 175 3927 illa
199 3893 256 3930 ear
280 3879 516 3947 Hebraeo,
553 3896 780 3933 vomere
805 3878 1017 3932 occisos
1066 3882 1354 3930 sexcentos
1391 3877 1563 3943 viros,
1617 3877 1764 3946 quod

105 3960 186 4016 ista
207 3981 298 4020 non
325 3971 500 4023 habet.
527 3967 544 4039 ]
570 3969 635 4022 In
655 3967 944 4021 codicibus
964 3966 1174 4020 nostris
1201 3965 1490 4020 Hebraicis
1510 3966 1760 4035 legimus

105 4061 222 4110 1:23
264 4042 490 4124 13:52:,
546 4057 805 4110 bmilmad
861 4055 1160 4119 habbakar,
1221 4053 1328 4107 hoc
1381 4058 1486 4118 est,
1540 4055 1760 4107 stimulo

106 4137 245 4208 boum,
274 4158 370 4212 pro
403 4161 524 4215 quo
571 4143 772 4213 legisse
813 4142 1048 4196 omnino
1098 4139 1360 4194 videntur
1404 4140 1527 4193 LXX
1576 4139 1755 4192 inter-

104 4232 254 4295 pretes
294 4218 452 4294 τε.θῇ
499 4232 727 4297 milbad,
781 4231 888 4285 hoc
920 4233 1024 4298 est,
1073 4226 1224 4287 ἐκτός,
1283 4229 1520 4296 exceptis
1565 4227 1754 4281 bubus.

102 4315 228 4382 Quae,
253 4325 311 4372 ut
339 4320 520 4390 liquet
541 4336 605 4373 ex
638 4319 742 4372 hoc
764 4316 1066 4387 Augustini
1098 4317 1242 4381 loco,
1274 4331 1408 4368 vera
1455 4318 1540 4368 est
1589 4314 1757 4369 lectio

104 4402 201 4458 LXX
255 4406 645 4478 interpretum,
697 4423 825 4477 qua:
867 4410 1064 4476 postea
1100 4403 1447 4473 interpolata
1498 4407 1582 4456 est
1631 4419 1756 4456 ver-

102 4491 227 4547 sione
262 4497 497 4566 Aquilae,
550 4496 650 4567 qui
702 4499 950 4548 verterat
997 4491 1304 4556 ἀροτρόποδι,
1335 4507 1560 4545 vomere.
1620 4491 1762 4546 llinc

103 4577 146 4630 in
167 4581 532 4637 Alexandrino
569 4583 757 4637 codice
795 4587 1100 4652 utramque
1144 4582 1448 4634 lectionem
1498 4580 1758 4633 videmus

102 4668 456 4736 conjunctam:
537 4676 826 4740 ἀροτρόποδι
852 4676 984 4730 ἐκτὸς
1017 4673 1234 4740 μόσχων,
1305 4681 1531 4731 vomere,
1605 4682 1757 4720 exce-

99 4755 185 4814 ptis
218 4759 428 4824 titulis;
461 4757 616 4826 quod
643 4772 774 4810 cum
806 4756 993 4808 minus
1022 4754 1391 4808 commodum
1440 4753 1753 4822 videretur,

99 4835 144 4889 in
181 4843 354 4897 codice
402 4845 671 4896 Vaticano
716 4849 802 4896 est
848 4847 1070 4896 tantum
1109 4847 1404 4912 ἀροτρόποδι
1457 4852 1554 4895 τῶν
1613 4849 1754 4912 βοῶν,

99 4922 195 4978 Non
232 4928 407 4984 dicam
457 4931 668 4984 rectius
710 4945 904 4984 vocem
953 4929 1288 4983 Hebraicam
1312 4927 1556 4998 intelligi
1586 4929 1655 4982 ab
1685 4928 1755 4981 iis

97 5013 176 5080 qui
199 5019 464 5072 stimulum
495 5019 982 5089 interpretantur;
1024 5033 1212 5085 neque
1243 5016 1397 5070 enim
1448 5017 1556 5070 hoc
1605 5033 1757 5070 nunc

101 5101 272 5168 agitur,
303 5108 399 5160 sed
429 5124 499 5160 ex
531 5107 637 5161 hoc
667 5109 789 5160 loco
820 5105 1144 5176 Augustini,
1179 5105 1217 5158 li
1239 5120 1395 5175 luere
1421 5120 1596 5175 quam
1631 5121 1755 5158 cor-

101 5197 236 5258 rupta
277 5195 448 5249 fuerit
499 5196 677 5249 versio
722 5196 846 5249 LXX
893 5195 1292 5264 interpretum,
1345 5198 1401 5245 et
1430 5191 1662 5262 quidem
1693 5197 1757 5245 ut

102 5285 236 5333 rectae
266 5283 472 5336 rationi
498 5284 898 5338 convenienter
926 5283 1156 5337 vertisse
1185 5282 1529 5335 viderentur.
1552 5280 1756 5350 Aquila

101 5372 257 5420 autem
304 5377 544 5424 verterat
569 5370 874 5434 ἀροτρύποδι,
905 5371 1060 5440 quod
1105 5385 1172 5422 ea
1209 5385 1338 5439 pars
1385 5367 1558 5421 aratri
1602 5367 1756 5420 vide-

103 5461 228 5508 retur
251 5460 433 5528 aptior
465 5459 532 5514 ad
562 5459 900 5514 occidendos
926 5457 1205 5526 homines,
1247 5473 1421 5528 quam
1468 5455 1752 5523 stimulus,

1797 2911 1837 2967 C

856 230 1217 286 VABIORUM
1260 231 1869 288 EXERCITATIONES
1908 234 1972 287 IN
2015 235 2071 291 S.
2112 238 2483 294 AUGUSTINI
2524 238 2780 295 OPERA.

3469 243 3571 297 354

1877 358 1974 408 aut
2003 355 2237 417 βουπλήξ.
2272 358 2442 410 Plura
2469 357 2530 410 in
2570 358 2720 410 hunc
2753 357 2963 410 librum
2991 373 3104 410 non
3126 358 3353 424 addam,
3385 375 3570 430 neque

1879 442 2034 497 enim
2059 445 2536 498 commentarium
2570 445 2776 510 scribo,
2806 445 2904 499 sed
2934 451 3156 498 tantum
3206 446 3570 500 animadver—

1878 531 2083 597 siones,
2117 531 2177 585 in
2206 533 2411 602 quibus
2442 533 2804 602 potissimum
2832 550 2999 587 usum
3033 538 3087 586 et
3141 535 3385 589 abusum
3437 552 3569 606 ope-

1877 637 2004 674 rum
2058 621 2360 690 Augustini
2414 626 2607 674 notare
2651 623 2951 676 voluimus.
3000 622 3151 675 Nihil
3182 624 3364 676 dicam
3396 624 3570 677 etiam

1875 708 1942 762 de
1972 709 2447 762 Adnotationibus
2477 708 2534 762 in
2565 710 2788 777 Jobum,
2825 727 2964 780 quas
3011 711 3364 780 Augustinus
3394 711 3572 765 instar

1877 795 2117 848 abortivi
2144 796 2290 849 fetus
2321 797 2541 863 habuit,
2577 813 2681 851 nec
2709 798 2977 867 dignatus
3003 802 3084 851 est
3124 799 3452 852 emendare.
3493 801 3569 853 Ac

1876 899 2011 936 sane
2041 883 2324 938 difﬁcilior
2353 889 2436 938 est
2459 885 2630 938 lobus
2661 902 2834 956 quam
2876 890 2939 940 ut
2991 886 3054 940 at
3103 887 3422 958 Augustino
3467 903 3570 940 ex-

1875 970 2073 1040 plicari
2104 978 2313 1042 posset.
2725 989 2728 992 '

2221 1061 2538 1116 CENSURA
2582 1061 2935 1116 DESIDERII
2978 1062 3228 1117 ERASMI

2513 1166 2566 1202 IN
2611 1167 2909 1204 SPECULUM.

1902 1297 1905 1301 _
1945 1235 2057 1286 Hoc
2086 1251 2229 1305 opus
2255 1235 2346 1288 vix
2376 1251 2532 1290 eram
2563 1237 2914 1307 ascripturus
2946 1236 3287 1306 Augustino,
3319 1235 3428 1290 nisi
3477 1239 3572 1291 Po-

1873 1322 2127 1376 sidonius
2157 1323 2272 1377 sive
2305 1323 2390 1394 (ut
2432 1324 2668 1394 quidam
2712 1325 2954 1394 malunt)
3001 1325 3290 1378 Possidius
3336 1325 3398 1377 in
3447 1326 3570 1378 Vita

1873 1411 2217 1464 nominatim
2251 1411 2332 1464 illi
2361 1411 2688 1466 tribuisset:
2733 1417 2788 1465 et
2833 1412 3090 1482 praefatio
3141 1429 3257 1466 non
3302 1412 3572 1466 abhorret

1873 1499 1942 1551 ab
1973 1499 2096 1569 ejus
2125 1501 2289 1569 stylo.
2322 1501 2590 1554 Versatus
2630 1505 2715 1554 est
2739 1501 2800 1553 in
2847 1501 3022 1554 simili
3060 1501 3292 1570 negotio
3338 1501 3569 1570 Cypria-

1875 1603 2001 1655 nus,
2041 1592 2098 1640 et
2135 1589 2286 1658 apud
2333 1589 2556 1642 Graecos
2602 1588 2886 1656 nonnulli,
2920 1589 3017 1642 sed
3071 1590 3288 1659 majore
3335 1588 3570 1659 ingenio

1873 1688 2140 1744 curaque.
2181 1676 2462 1730 Caeterum
2527 1675 2742 1730 inﬁmis
2793 1677 2967 1730 etiam
3022 1675 3296 1731 inservire
3360 1677 3573 1748 gaudet

1868 1761 2187 1816 Christiana
2215 1763 2438 1821 caritas.

2410 1852 3070 1907 ANIMADVERSIONES

2511 1956 2570 1995 IN
2599 1957 2896 1996 SPECULUM.

1941 2023 2134 2077 Gravis
2161 2041 2297 2080 sane
2330 2029 2410 2079 est
2441 2041 2607 2080 causa
2632 2025 2932 2081 dubitandi
2963 2043 3036 2080 an
3069 2026 3176 2080 hoc
3206 2042 3370 2097 opus,
3403 2028 3569 2097 quale

1869 2110 1938 2163 ad
1973 2128 2178 2166 manus
2204 2117 2425 2167 nostras
2455 2114 2734 2184 pervenit,
2766 2115 2838 2167 sit
2867 2113 3208 2185 Augustini;
3243 2114 3377 2184 quia
3402 2114 3461 2167 in
3500 2130 3567 2168 eo

1870 2199 2136 2254 laudatur
2165 2201 2374 2271 passim
2406 2218 2524 2255 non
2553 2207 2712 2256 vetus
2761 2203 2902 2256 Itala
2943 2201 3123 2256 versio
3153 2218 3264 2271 qua
3311 2201 3570 2255 Ecclesiae

1871 2287 2254 2342 Occidentales
2302 2307 2368 2342 eo
2415 2305 2534 2342 aevo
2579 2289 2906 2356 utebantur,
2959 2291 3057 2344 sed
3104 2290 3565 2359 Hieronymiana.

1871 2375 1986 2429 Viri
2018 2377 2168 2430 docti
2201 2376 2301 2448 qui
2331 2376 2566 2430 editioni
2594 2378 2896 2431 Parisiensi
2938 2378 3312 2447 praefuerunt,
3359 2377 3419 2430 in
3463 2378 3570 2431 ad-

1871 2464 2186 2518 monitione
2219 2481 2392 2535 quam
2411 2465 2543 2519 huic
2563 2466 2709 2520 libro
2732 2466 3118 2536 praeﬁxerunt,
3145 2467 3417 2520 adnotant
3437 2481 3566 2519 cum

1871 2551 1940 2605 ad
1971 2552 2125 2622 vulgi
2154 2569 2319 2607 usum
2352 2554 2459 2607 hoc
2489 2570 2629 2616 opus
2650 2559 3008 2624 compararet
3031 2553 3408 2623 Hipponensis
3446 2553 3568 2622 epi-

1871 2655 2094 2709 scopus,
2127 2639 2387 2694 versione
2413 2657 2602 2707 usum,
2627 2658 2743 2695 non
2774 2658 2842 2695 ex
2881 2643 3073 2696 Graeco
3121 2642 3245 2695 LXX
3285 2641 3569 2710 interpre-

1868 2729 2013 2793 tum,
2046 2743 2219 2798 quam
2251 2729 2413 2798 sequi
2446 2729 2666 2782 solebat
2694 2747 2710 2795 ;
2742 2729 2838 2783 sed
2860 2746 2927 2783 ex
2950 2729 3208 2792 Hebraeo,
3239 2729 3391 2798 quod
3422 2729 3570 2782 hanc

1868 2813 2101 2867 demum
2144 2815 2516 2884 comperisset
2553 2832 2672 2869 esse
2702 2816 2802 2868 illa
2834 2815 3029 2869 multis
3060 2815 3195 2868 locis
3224 2815 3566 2885 planiorem.

1870 2902 1978 2956 Sed
2009 2903 2132 2956 haec
2161 2902 2285 2972 ipsa
2313 2919 2483 2957 causa
2513 2903 2798 2958 deterrere
2832 2903 3022 2974 potuit
3057 2903 3439 2973 Augustinum
3491 2919 3564 2957 ne

1871 3007 1901 3043 a
1929 2990 2186 3043 versione
2218 2998 2444 3060 recepta
2475 2991 2783 3059 recederet,
2818 2991 2971 3061 quod
3003 2989 3064 3044 in
3111 2990 3356 3060 gratiam
3408 2991 3568 3060 vulgi

1872 3077 2220 3132 exscribebat
2250 3080 2373 3133 loca
2398 3079 2707 3150 Scriptura:
2740 3079 3096 3149 dignissima,
3119 3095 3247 3148 qum
3274 3079 3567 3132 memoria:

1872 3166 2281 3221 mandarentur
2310 3173 2366 3222 et
2395 3168 2624 3222 assidua
2653 3167 3022 3222 meditatione
3052 3172 3563 3238 concoquerentur.

1872 3255 2085 3326 Vulgus
2132 3255 2287 3310 enim
2337 3255 2668 3327 imperitum
2715 3272 2831 3310 non
2880 3255 3061 3326 potuit
3115 3272 3232 3309 non
3255 3256 3490 3323 oﬁ'endi,
3520 3255 3570 3310 si

1871 3343 2162 3412 Scriptura
2191 3343 2244 3396 ei
2273 3343 2538 3397 discenda
2567 3351 2986 3414 proponeretur
3026 3361 3155 3415 quae
3195 3344 3570 3399 dissentiebat

1869 3430 1938 3482 ab
1969 3446 2036 3483 ea
2065 3447 2193 3502 quae
2220 3429 2279 3484 in
2310 3417 2560 3486 ecclesiis
2591 3431 2924 3500 legebatur;
2951 3447 3056 3485 nec
3089 3430 3141 3484 ei
3176 3433 3377 3485 saltem
3423 3448 3556 3502 pro-

1871 3518 2135 3588 ponenda
2164 3519 2270 3572 fuit
2295 3535 2445 3573 nova
2474 3519 2656 3573 versio
2701 3519 2823 3573 sine
2867 3519 3330 3590 prmmonitione,
3382 3519 3570 3590 qualis

1871 3607 2030 3660 nulla
2075 3607 2166 3660 hic
2213 3607 2476 3661 occurrit.
2520 3607 2748 3661 Addunt
2766 3607 2875 3661 viri
2895 3608 3106 3661 eruditi
3135 3608 3204 3661 ab
3247 3607 3566 3678 Augustino

1869 3693 2172 3764 aliquoties
2201 3695 2524 3748 versionem
2571 3695 3090 3765 Hieronymianam,
3139 3695 3303 3765 quasi
3346 3695 3566 3764 planio-

1869 3799 1993 3836 rem
2024 3783 2259 3850 laudari,
2291 3783 2346 3836 in
2379 3784 2682 3852 postremis
2713 3785 2870 3836 libris
2900 3784 3291 3847 Qmestionum
3335 3783 3394 3837 in
3456 3786 3568 3837 He-

1869 3873 2262 3942 ptateuchum,
2284 3889 2346 3925 ac
2373 3872 2694 3941 praesertim
2722 3888 2772 3925 1v
2810 3872 2878 3925 de
2929 3871 3198 3926 Doctrina
3248 3871 3568 3924 Christiana

1869 3959 2036 4025 libro,
2065 3977 2187 4030 cap.
2221 3964 2280 4014 7.
2321 3963 2390 4012 At
2421 3959 2610 4012 nescio
2640 3966 2830 4012 utrum
2869 3959 3066 4014 laudet
3104 3975 3330 4027 semper
3367 3959 3564 4012 Hiero-

1869 4064 2124 4117 nymum,
2160 4063 2232 4100 an
2269 4064 2402 4100 vero
2429 4047 2711 4117 Aquilam,
2754 4063 2882 4099 cum
2905 4049 2963 4098 in
2995 4046 3154 4100 libris
3175 4046 3565 4109 Qumstionum

1867 4137 2000 4189 citat
2041 4135 2413 4204 interpretem
2461 4134 2558 4205 qui
2606 4135 2772 4188 vertit
2819 4151 2884 4187 ex
2935 4135 3216 4199 Hebraeo;
3265 4150 3368 4188 nec
3410 4135 3565 4188 locus

1795 4195 1840 4250 θ
1872 4223 1966 4276 ille
1998 4237 2066 4275 ex
2097 4195 2280 4276 lib.-1v
2311 4221 2379 4275 de
2413 4195 2680 4274 Doctrina
2701 4220 3024 4276 Christiana
3048 4195 3331 4290 ejusmodi
3365 4227 3468 4287 est,
3501 4227 3566 4277 ut

1871 4327 2099 4366 omnem
2148 4309 2610 4380 interpolationis
2657 4309 3042 4378 suspicionem
3097 4308 3381 4363 excludat.
3451 4308 3560 4362 Sed

1867 4405 2008 4467 esto,
2038 4398 2296 4470 probarit
2326 4398 2428 4452 sub
2470 4398 2598 4452 vitae
2646 4398 2821 4452 tinem
2871 4397 3207 4468 Hieronymi
3255 4396 3561 4451 consilium

1865 4487 2238 4558 Augustinus,
2266 4487 2324 4540 in
2357 4487 2513 4540 libris
2541 4486 2599 4540 in
2629 4487 2950 4541 doctiorum
2999 4486 3245 4556 gratiam
3292 4484 3554 4554 scriptis;

1866 4576 1928 4629 in
1960 4577 2100 4631 libro
2131 4577 2298 4646 quale
2338 4581 2421 4629 est
2441 4575 2769 4644 Speculum,
2803 4574 2862 4628 in
2896 4590 3058 4627 usum
3089 4574 3400 4643 plebecula:
3431 4588 3564 4625 con-

1867 4665 2097 4733 scripto,
2146 4679 2354 4716 novam
2402 4663 2838 4716 translationem
2885 4662 2990 4728 vir,
3056 4661 3375 4732 praisertim
3437 4661 3558 4712 sine

1865 4749 2280 4815 admonitione,
2312 4749 2463 4819 plebi
2498 4748 2892 4818 propositurus
2913 4749 3086 4802 fuisse.
3118 4748 3343 4801 videtur
3363 4749 3389 4801 ‘l
3413 4747 3561 4809 Quid

1865 4840 2047 4910 ergo?
2070 4838 2312 4908 inquies,
2343 4854 2415 4891 an
2455 4837 2772 4907 Augustino
2804 4836 2981 4904 igitur
3008 4837 3115 4889 hoc
3146 4851 3292 4905 opus
3323 4835 3558 4903 abjudi-

1865 4929 2006 4979 cas?
2027 4927 2421 4995 Nequaquam,
2472 4924 2570 4977 sed
2615 4922 2870 4992 suspicor
2909 4923 3206 4977 citationes
3253 4921 3560 4991 Scriptura

1867 5015 2002 5067 olim
2048 5029 2168 5066 esse
2217 5017 2462 5066 mutatas
2509 5029 2541 5066 a
2583 5011 2864 5065 monacho
2896 5011 3166 5082 quopiam
3196 5026 3264 5064 ex
3301 5010 3559 5063 versione

1868 5099 2332 5171 Hieronymiana.

1939 5194 2007 5244 De
2037 5191 2291 5255 Psalmis,
2317 5188 2375 5241 in
2404 5188 2547 5258 psal.
2581 5206 2635 5243 ιι.
2669 5189 2918 5242 Adorate
2960 5203 3115 5257 pure,
3157 5202 3222 5240 ne
3258 5189 3400 5252 forte
3437 5187 3562 5239 ira—

1863 5277 2108 5351 scatur.]
2142 5279 2282 5343 Quis
2306 5278 2500 5331 credat
2542 5279 2928 5347 Augustinum
2971 5276 3298 5346 spirituales
3338 5291 3556 5341 sensus,

1866 5368 2036 5421 etiam
2066 5367 2161 5420 ubi
2193 5367 2332 5419 nulli
2365 5370 2514 5431 sunt,
2549 5365 2865 5418 avidissime
2893 5370 3221 5429 sectantem,
3258 5364 3407 5418 hunc
3445 5366 3562 5417 tam

1865 5455 2150 5526 insignem
2183 5456 2366 5508 locum
2417 5470 2481 5507 ex
2517 5451 2846 5520 Hieronymi
2895 5451 3149 5505 Versioue
3181 5451 3400 5517 citasse,
3432 5467 3560 5504 cum
