3922 6188
372 283 473 335 355

1377 282 1934 338 SUPPLEMENTUM
1975 286 2066 339 AD
2103 285 2334 342 OPERA
2371 285 2426 338 S.
2467 282 2855 339 AUGUSTINI.
3689 287 3765 362 356

369 403 691 473 praesertim
733 403 1075 474 Hieronymo
1120 403 1414 472 ingentem
1462 403 1736 459 invidiam
1799 405 2050 461 crearit?
2088 408 2130 461 A
2164 406 2435 476 apostolis
2463 406 2692 477 probari
2723 411 2778 460 ct
2806 421 3033 460 veraces
3081 406 3292 477 haberi,
3342 416 3528 483 partim
3569 438 3674 477 suas
3708 428 3769 482 hi.

374 493 488 546 Nec
539 492 795 546 Ecclesiae
823 493 1052 560 quidem
1108 492 1488 562 posteriorum
1519 496 1882 563 saeculorum,
1927 512 2057 550 cum

371 580 730 634 admisissent
757 579 1076 633 versionem
1109 579 1474 651 Hieronymi;
1508 581 1566 636 in
1616 583 1877 654 Psalmis,
1921 584 2059 655 quia

371 670 541 739 vulgo
572 669 902 723 memoriter
931 669 1292 737 tenebantur,
1320 670 1625 725 voluerunt
1655 672 1860 726 veteris
1903 673 2056 726 Italae

373 775 537 811 usum
572 757 851 827 abrogari.

438 849 514 899 De
554 847 688 899 libro
742 847 1057 915 Sapientiae,
1101 847 1194 900 cui
1243 848 1364 901 haec
1406 846 1815 917 praeﬁguntur:
1849 848 1965 901 Ista
1993 844 2058 899 de

367 933 523 987 libris
563 935 858 1002 posuimus,
885 950 1016 1002 quos
1064 940 1114 988 et
1156 937 1348 992 Judaei
1384 938 1663 990 canonicos
1701 935 1915 1002 habent,
1948 940 2054 989 etc.

369 1021 495 1073 Haec
523 1036 590 1073 ex
622 1020 954 1092 Hieronymi
975 1022 1279 1090 sententia,
1313 1022 1502 1076 nescio
1525 1039 1599 1076 an
1630 1039 1697 1076 ex
1721 1021 2050 1094 Augustini.

371 1108 503 1162 Vide
534 1109 632 1164 lib.
668 1126 704 1162 II
734 1109 802 1164 de
838 1111 996 1164 Doct.
1025 1111 1362 1179 Christiana,
1393 1127 1516 1182 cap.
1550 1114 1604 1165 8.

888 1237 1539 1292 ANIMADVERSIONES

612 1365 666 1401 IN
695 1364 882 1402 LIBROS
913 1365 980 1402 DE
1008 1366 1278 1404 CONSENSU
1308 1366 1803 1404 EVANGI-ILISTARUM.

436 1463 601 1517 LIBRO
629 1481 668 1533 1,
701 1481 820 1534 cap.
856 1467 909 1530 2,
957 1465 1066 1535 §4.
1111 1467 1364 1531 Quamvis
1415 1467 1620 1533 singuli
1659 1481 1820 1520 suum
1872 1481 2054 1535 quem-

363 1551 493 1606 dam
531 1554 802 1607 narrandi
850 1554 1090 1607 ordinem
1133 1556 1362 1608 tenu‘isse
1416 1555 1690 1622 videntur,
1737 1570 1844 1608 non
1879 1559 2056 1608 tamen

364 1643 733 1710 unusquisque
779 1657 960 1696 eorum
1011 1644 1155 1696 velut
1187 1644 1410 1697 alterius
1433 1643 1787 1712 praecedentis
1826 1646 2052 1710 ignarus

360 1729 592 1783 voluisse
637 1730 867 1784 scribere
913 1733 1204 1800 reperitur,
1256 1731 1340 1785 vel
1365 1734 1618 1798 ignorata
1642 1734 2054 1801 praetermisisse

362 1833 479 1885 quae
507 1819 786 1886 scripsisse
816 1820 955 1873 alius
988 1823 1294 1888 invenitur;
1341 1821 1435 1873 sed
1463 1824 1604 1874 sicut
1645 1821 1936 1887 unicuique
1973 1823 2054 1874 in-

358 1908 636 1974 spiratum
663 1911 762 1974 est,
795 1923 903 1961 nou
929 1912 1257 1977 super/luam
1289 1912 1711 1978 cooperationem
1739 1911 1828 1962 sui
1851 1910 2052 1964 laboris

356 1992 684 2066 adjunrrit.‘]
709 1995 806 2047 Vix
830 1994 1062 2066 quidem
1086 1995 1347 2050 dubitare
1369 2012 1675 2065 possumus
1705 2013 1778 2050 an
1797 1999 2048 2051 Joannes

355 2081 464 2134 tria
491 2081 605 2134 alia
655 2083 957 2151 Evangelia
1006 2082 1249 2150 viderit;
1287 2083 1423 2154 quia
1472 2100 1601 2136 cum
1653 2085 1722 2138 ad
1768 2100 2052 2140 summam

359 2174 709 2224 senectutem
755 2171 1098 2240 pervenerit,
1129 2171 1188 2224 in
1233 2188 1335 2224 suo
1375 2171 1548 2225 etiam
1579 2172 1882 2241 Evangelio
1914 2189 2051 2243 ope-

356 2273 481 2310 ram
505 2258 676 2321 dedit,
705 2275 776 2312 ne
797 2264 1084 2330 repeteret
1103 2276 1231 2330 quas
1252 2259 1322 2313 ab
1348 2260 1470 2313 aliis
1495 2265 1766 2330 occupata
1787 2261 2038 2329 fuerant,

356 2349 565 2415 praeter
593 2362 793 2416 pauca,
825 2363 1006 2417 eaque
1037 2347 1353 2401 necessaria
1378 2365 1391 2414 ;
1426 2347 1581 2418 quod
1601 2365 1671 2402 ex
1723 2350 2052 2403 Harmoniis

357 2434 726 2504 Evangelicis,
777 2439 834 2490 et
879 2437 1196 2506 praesertim
1258 2437 1488 2508 quidem
1559 2455 1627 2492 ex
1693 2455 1758 2493 ea
1825 2455 1955 2510 quae
2021 2457 2051 2494 a

353 2524 570 2578 Joanne
621 2523 836 2578 Clerico
880 2525 1031 2579 edita
1077 2529 1178 2592 est,
1225 2526 1422 2596 liquet.
1462 2527 1569 2580 Sed
1609 2544 1727 2581 non
1755 2529 1918 2582 video
1951 2529 2052 2598 qui

354 2627 458 2680 pro
476 2617 767 2682 comperto
798 2612 909 2666 dici
965 2619 1138 2683 queat
1186 2615 1403 2667 Marcus
1451 2615 1674 2670 scivisse
1706 2633 1738 2669 a
1787 2617 2050 2671 Matthan

351 2702 628 2771 scriptum
657 2700 830 2756 fuisse
863 2701 1256 2771 Evangelium,
1285 2706 1384 2755 aut
1434 2704 1609 2757 Lucas
1655 2703 1726 2760 ab
1778 2708 2046 2774 utroque.

352 2788 409 2843 Si
450 2791 666 2844 Marcus
710 2789 961 2845 Matthaai
1015 2790 1268 2844 laborem
1317 2790 1569 2856 vidisset,
1604 2793 1785 2846 multo
1817 2793 2053 2846 credibi-

350 2877 460 2930 lius
491 2883 574 2931 est
598 2893 731 2932 eum
764 2876 821 2931 in
854 2878 1048 2932 labore
1079 2877 1330 2946 apostoli
1362 2877 1592 2944 Christi,
1623 2878 1733 2933 hoc
1761 2883 1865 2943 est,
1887 2878 2048 2933 testis

2166 495 2366 548 storias
2396 496 2746 566 collegerint.
2778 497 2898 549 Imo
2924 495 3070 550 nihil
3101 501 3248 551 vetat
3291 499 3465 570 ipsum
3506 508 3765 570 Matthaum

2166 582 2358 652 aliquo
2388 599 2555 636 usum
2591 599 2711 636 esse
2741 583 3174 648 commentario,
3208 602 3370 656 quem
3412 607 3634 651 veracem
3682 617 3769 656 esse

2165 670 2412 725 videbat.
2463 670 2643 724 Facile
2693 676 2884 725 autem
2929 673 3256 742 contingere
3287 678 3456 745 potuit
3483 682 3689 740 Marcum
3712 689 3770 742 in-

2163 757 2351 813 cidere
2386 758 2446 812 in
2467 760 2907 814 commentarios
2955 761 3170 815 similes
3214 765 3447 820 maxima
3489 785 3548 822 ex
3573 779 3702 840 parte
3723 777 3772 830 iis

2165 847 2374 916 quibus
2406 864 2539 901 usus
2563 848 2748 903 fuerat
2771 850 3086 904 Matthasus.
3119 852 3229 904 Nec
3256 852 3307 906 id
3339 853 3506 910 obstat
3531 862 3771 928 quominus

2163 948 2364 986 eorum
2405 932 2703 1003 scriptioni
2750 941 2992 1006 praeeset
3035 935 3274 1008 Spiritus
3319 948 3544 1012 sanctus,
3580 961 3640 999 ne
3673 951 3772 1019 quid

2162 1020 2291 1074 falsi
2321 1020 2653 1076 scriberent.

2235 1107 2384 1162 Ibid.
2416 1107 2592 1164 Lucas
2623 1114 2802 1164 autem
2846 1114 2991 1166 circa
3035 1113 3412 1170 sacerdotalem
3447 1120 3638 1173 Domini
3674 1126 3772 1175 stir-

2158 1210 2283 1263 pem
2308 1202 2472 1266 atque
2492 1213 2784 1267 personam
2812 1201 2987 1267 magis
3026 1206 3310 1269 occupatus
3351 1211 3573 1271 apparet.
3603 1204 3621 1276 ]
3661 1208 3773 1262 Cur?

2169 1285 2398 1340 Duabus
2428 1287 2498 1340 de
2529 1287 2733 1354 causis,
2764 1288 2811 1341 si
2841 1287 3124 1342 credimus
3170 1290 3495 1359 Augustino.
3551 1293 3684 1346 Prior
3717 1303 3776 1350 est

2165 1373 2300 1442 quia
2327 1377 2442 1442 ipse
2471 1375 2669 1438 David,
2704 1392 3018 1444 quanquam
3048 1383 3232 1446 aperte
3275 1395 3368 1432 rea:
3408 1382 3529 1447 fuit,
3573 1383 3776 1451 ﬁguravit

2170 1466 2347 1516 tamen
2387 1468 2439 1518 et
2480 1465 2775 1520 sacerdotis
2809 1481 3118 1536 personam,
3170 1468 3382 1535 quando
3403 1486 3556 1538 panes
3589 1476 3774 1542 proposi-

2165 1552 2325 1605 tionis
2381 1553 2752 1621 manducavit,
2791 1569 2921 1622 quos
2961 1570 3066 1610 non
3113 1556 3308 1610 licebat
3357 1557 3665 1628 manducare,
3702 1564 3777 1614 nisi

2161 1638 2290 1691 solis
2318 1639 2719 1707 sacerdotibus;
2773 1642 2947 1695 Lucas
2994 1647 3187 1697 autem
3235 1644 3307 1698 ad
3335 1647 3504 1713 ipsum
3532 1646 3681 1699 David
3704 1663 3777 1701 non

2160 1728 2369 1791 regium
2399 1732 2621 1782 stemma
2646 1735 2856 1784 secutus
2890 1731 3153 1798 ascendit,
3188 1732 3281 1785 sed
3328 1749 3424 1801 per
3454 1749 3530 1787 eos
3564 1737 3645 1802 qui
3673 1751 3778 1803 reges

2160 1828 2266 1867 non
2288 1816 2514 1880 fuerunt
2541 1832 2607 1869 ea:
2633 1819 2704 1870 iis
2733 1817 2807 1870 ad
2830 1819 3051 1873 Nathan
3077 1821 3250 1886 ﬁlium
3277 1821 3470 1884 David,
3496 1826 3580 1890 qui
3605 1838 3679 1875 nec
3699 1825 3778 1891 ipse

2159 1919 2259 1955 rea:
2285 1905 2415 1968 fuit.
2452 1905 2650 1958 Nullus
2681 1922 2794 1959 non
2826 1906 2979 1960 videt
3002 1909 3420 1962 commentitias
3447 1910 3540 1963 has
3565 1926 3666 1964 esse
3686 1927 3779 1964 con-
3879 1913 3881 1932 '

2160 1991 2484 2060 sequentias
2510 2011 2525 2058 ;
2553 2009 2693 2063 quas
2723 1993 2770 2046 si
2797 1995 2924 2064 quis
2955 2000 3141 2065 neget,
3185 2012 3354 2050 nemo
3384 1996 3608 2067 probare
3635 2002 3774 2066 queat.

2160 2077 2266 2131 Sed
2294 2077 2446 2133 hisce
2475 2080 2802 2135 rhetoribus
2831 2083 2965 2138 satis
2995 2087 3120 2138 erat
3149 2085 3442 2155 quidpiam
3463 2101 3570 2138 non
3589 2101 3688 2139 esse
3703 2085 3778 2136 im-

2158 2165 2446 2234 possibile,
2478 2173 2539 2222 ut
2580 2171 2741 2240 quasi
2772 2172 3068 2240 probabile
3099 2173 3160 2226 in
3189 2172 3442 2227 medium
3482 2173 3777 2242 proferretur.

2162 2253 2288 2307 Non
2317 2254 2540 2308 ﬁrmior
2566 2262 2650 2310 est
2674 2258 2852 2312 altera
2881 2259 3046 2319 ratio,
3079 2277 3211 2330 quas
3260 2261 3336 2314 sic
3373 2261 3563 2318 habet:
3605 2262 3698 2313 Huc
3720 2275 3779 2312 ac-

2160 2341 2299 2396 cedit
2325 2343 2469 2411 quod
2502 2345 2646 2398 solus
2702 2349 2865 2401 etiam
2907 2349 3082 2402 Lucas
3131 2351 3369 2403 Mariam
3394 2353 3716 2404 commemorat
3735 2349 3780 2399 at

2160 2433 2347 2499 angelo
2398 2437 2809 2501 manifestatum
2848 2443 3135 2504 cognatam
3183 2441 3358 2505 fuisse
3395 2438 3676 2504 Elizabeth,
3701 2450 3781 2504 qua

2158 2536 2302 2574 umor
2345 2526 2463 2576 erat
2504 2525 2779 2579 Zachariae
2825 2526 3157 2594 sacerdotis;
3189 2528 3259 2582 de
3287 2544 3388 2596 quo
3428 2527 3559 2581 idem
3600 2527 3780 2592 scripsit,

2161 2608 2304 2674 quod
2317 2624 2434 2663 eam
2455 2609 2521 2664 de
2539 2613 2758 2679 ﬁliabus
2774 2615 2980 2678 Aaron,
3011 2616 3106 2668 hoc
3129 2619 3231 2681 cst,
3256 2615 3322 2669 de
3340 2615 3479 2669 tribu
3516 2614 3781 2668 sacerdotum

2161 2696 2389 2752 habebat
2433 2713 2672 2753 uxorem.
2724 2702 2968 2770 Ergone,
3017 2703 3156 2772 quia
3206 2704 3380 2760 Maria
3439 2707 3658 2773 cognata
3700 2704 3784 2754 erat

2158 2784 2417 2838 mulieris
2447 2801 2511 2839 ex
2540 2788 2876 2842 sacerdotali
2905 2791 3192 2862 prosapia,
3228 2792 3357 2847 ideo
3411 2808 3476 2846 ex
3523 2788 3783 2844 sacerdotali

2158 2873 2331 2943 stirpe
2377 2879 2435 2928 et
2471 2876 2596 2945 ipsa
2641 2877 2801 2932 fuit?
2846 2882 2936 2932 An
2985 2880 3164 2950 igitur
3207 2880 3447 2935 Aaronis
3483 2877 3674 2949 posteri
3693 2891 3784 2930 cum

351 2965 578 3033 oculati,
603 2965 1002 3035 acquieturum
1038 2965 1211 3019 fuisse
1236 2983 1250 3019 ;
1275 2982 1377 3019 nec
1400 2967 1594 3032 Lucas,
1629 2966 1749 3036 qui,
1778 2970 1841 3019 ut
1869 2966 2051 3037 liquet
2087 2980 2125 3034 ο
2159 2960 2314 3013 nulla
2344 2961 2454 3014 alia
2483 2963 2638 3017 tribu
2659 2967 2947 3020 connubia
2976 2968 3381 3024 miscuerunt?
3407 2968 3684 3036 Nullalege
3707 2965 3780 3016 hoc

352 3069 415 3106 ex
463 3052 626 3106 initio
675 3053 798 3122 ejus
843 3051 1151 3122 Evangelii,
1198 3053 1389 3121 plures
1443 3052 1510 3106 de
1569 3052 1732 3107 dictis
1784 3059 1841 3108 et
1888 3054 2046 3108 factis

353 3139 559 3193 Christi
608 3140 1047 3193 commentarios
1087 3139 1320 3203 viderat,
1380 3140 1662 3195 omisisset
1724 3159 2044 3196 memorare

353 3227 673 3296 apostolum
721 3227 903 3297 qualis
944 3231 1064 3281 erat
1111 3228 1425 3283 Matthmus.
1474 3229 1608 3292 Quis
1671 3231 1866 3284 credat
1912 3247 2044 3284 eum

351 3329 554 3367 novam
585 3312 790 3367 Christi
810 3312 1202 3383 genealogiam
1225 3313 1535 3370 allaturum
1556 3315 1752 3385 fuisse,
1776 3334 1848 3370 ne
1870 3318 2042 3371 verbo

350 3401 583 3471 quidem
609 3405 924 3456 memorata
953 3402 1290 3472 genealogia
1319 3420 1350 3456 a
1381 3404 1641 3458 Mattliaeo
1673 3411 1842 3460 antea
1871 3406 2039 3473 edita,

349 3505 479 3544 cum
503 3491 822 3560 prmsertim
851 3489 920 3543 ad
952 3507 1049 3544 eos
1076 3491 1135 3544 in
1167 3491 1529 3546 concordiam
1562 3493 1904 3564 redigendos
1927 3509 2045 3548 non

352 3578 488 3632 levis
541 3577 840 3632 difﬁcultas
889 3579 1172 3633 oxoritura
1221 3582 1410 3634 esset?
1456 3582 1766 3650 lnspiratos
1813 3582 2045 3652 quidem

349 3681 521 3720 nemo
569 3666 915 3734 difﬁteatur;
966 3672 1023 3721 at
1067 3653 1182 3722 non
1208 3667 1288 3724 ita
1318 3673 1379 3724 ut
1407 3669 1623 3722 ratione
1656 3686 1755 3723 sua
1779 3671 1862 3724 uti
1895 3671 2042 3724 desi-

351 3757 553 3808 nerent
595 3752 861 3826 inspirati
909 3754 1158 3819 fuerunt,
1207 3761 1264 3810 et
1315 3756 1478 3826 quasi
1531 3757 1902 3826 inspiratione
1945 3773 2046 3812 sua

348 3843 519 3897 iidem
547 3843 801 3898 histories
821 3845 970 3915 apud
999 3844 1344 3914 incredulos,
1389 3845 1595 3915 quibus
1642 3847 1873 3915 probari
1927 3863 2046 3902 non

348 3934 572 4000 poterat
616 3930 712 3984 ille
773 3931 1018 3998 afflatus,
1079 3931 1286 3986 facturi
1347 3943 1551 3987 essent.
1617 3934 1792 3994 Multo
1835 3933 2044 3990 rectius

350 4019 560 4073 sentire
605 4019 871 4074 videntur
918 4020 1017 4092 qui
1065 4020 1438 4090 evangelistas
1495 4026 1608 4074 tres
1656 4022 1873 4092 priores
1913 4022 2045 4075 scri-

347 4108 525 4179 psisse
573 4125 703 4162 suas
756 4107 1020 4163 historias
1069 4115 1317 4174 censent,
1369 4125 1501 4166 cum
1550 4116 1752 4164 neuter
1799 4111 2046 4164 aliorum

347 4195 567 4251 consilii
597 4196 854 4251 conscius
880 4200 1043 4262 esset,
1075 4196 1228 4250 unde
1259 4195 1431 4249 etiam
1467 4212 1667 4250 eorum
1713 4196 2040 4254 testimonio

2154 3050 2222 3104 iis
2251 3051 2607 3122 impositum,
2637 3055 2795 3108 nulla
2816 3057 3234 3110 consuetudine
3288 3058 3646 3111 observatum.
3686 3053 3782 3115 Qua:

2153 3156 2290 3210 ergo
2333 3141 2464 3195 hinc
2511 3141 2860 3212 colliguntur
2906 3144 2976 3198 de
3025 3145 3253 3200 diverso
3304 3145 3538 3200 Matthaei
3588 3148 3636 3197 et
3668 3143 3784 3195 Luce

2153 3229 2389 3283 consilio
2437 3229 2631 3283 inania
2681 3236 2836 3288 sunt.
2891 3233 3017 3288 Non
3061 3233 3303 3288 meliore
3345 3234 3593 3288 nituntur
3625 3227 3780 3284 funda-

2153 3321 2346 3370 mento
2378 3334 2506 3387 quas
2537 3322 2736 3388 postea
2773 3319 3039 3382 dicuntur
3072 3322 3140 3375 de
3164 3323 3384 3376 Joanne
3428 3321 3641 3393 quidem
3680 3320 3782 3369 circa

2152 3404 2423 3460 virtutem
2464 3406 2991 3478 contemplativam,
3035 3410 3260 3464 creteris
3307 3426 3440 3464 vero
3483 3403 3778 3476 evangelistis

2153 3493 2300 3546 circa
2329 3493 2569 3547 activam
2600 3497 2953 3550 versantibus
2979 3514 2992 3563 ;
3021 3503 3142 3552 tum
3173 3499 3352 3553 etiam
3393 3499 3460 3554 de
3505 3492 3780 3552 animalibus

2153 3581 2394 3653 singulis
2443 3584 2803 3653 evangelistis
2851 3587 3156 3642 attributis.
3207 3589 3348 3652 Quae
3395 3592 3577 3640 tamen
3602 3577 3782 3636 nouab-

2151 3686 2460 3738 servarem,
2483 3672 2595 3728 nisi
2628 3673 2874 3728 viderem
2891 3676 3128 3730 somniis
3149 3674 3544 3748 hujuscemodi
3576 3664 3784 3742 applaudi

2151 3776 2186 3812 a
2215 3760 2527 3828 nonnullis,
2577 3761 2677 3832 qui
2717 3768 2916 3818 contra
2951 3765 3189 3819 meliora
3224 3761 3691 3820 vehementissime
3714 3771 3782 3824 op-

2153 3853 2417 3918 pugnant
2443 3864 2455 3901 :
2491 3849 2654 3920 quasi
2682 3851 2840 3905 mille
2865 3852 3004 3908 anni
3030 3853 3262 3923 pondus
3285 3854 3557 3908 adderent
3587 3843 3783 3906 somniis.

2147 3951 2241 3990 1‘85
2287 3952 2420 3992 vero
2479 3925 2902 3993 accuratissime
2966 3941 3387 3996 demonstratas
3451 3941 3564 3994 $018
3617 3933 3782 3988 novitas

2150 4031 2343 4096 posset
2373 4025 2611 4080 elevare.

2223 4112 2357 4181 (λειρ-
2395 4116 2477 4179 15,
2529 4116 2673 4182 §23.
2735 4113 2971 4179 Quidam
3016 4116 3333 4186 philosophi
3377 4131 3570 4176 eorum,
3606 4111 3719 4166 sicut
3746 4106 3784 4155 in

2151 4199 2305 4251 libris
2349 4201 2463 4254 suis
2510 4203 2846 4270 Porphyrius
2894 4206 3107 4259 Siculus
3140 4205 3418 4274 prodidit,
3474 4195 3783 4264 consulamini

348 4286 531 4356 majus
561 4285 774 4339 accedit
811 4284 1054 4354 pondus.
1109 4286 1249 4338 Cum
1298 4285 1448 4338 enim
1481 4285 1847 4339 consentiunt
1869 4290 2038 4340 testes
2079 4265 2119 4318 Ι)
2150 4286 2274 4342 deos
2302 4301 2424 4340 suos
2455 4288 2591 4355 quid
2611 4265 2937 4344 devChristo
2975 4265 3362 4360 responderent
3383 4265 3503 4360 {illi
3520 4294 3674 4344 autem
3697 4295 3785 4336 οτα-

347 4374 446 4444 qui
473 4373 622 4427 inter
671 4389 729 4426 se
773 4371 959 4442 capita
1000 4373 1381 4439 contulerunt,
1433 4373 1680 4442 suspecti
1709 4374 1901 4443 potius
1947 4375 2045 4428 ha-

349 4451 592 4527 bentur‘;
627 4461 722 4515 sed
743 4465 914 4518 testes
939 4459 1042 4530 qui
1086 4461 1243 4516 idem
1289 4465 1572 4515 testantur
1628 4463 1886 4529 seorsim,
1942 4477 2040 4515 ne-

348 4549 449 4604 scii
478 4548 723 4604 aliorum
747 4547 1084 4618 testimonii,
1125 4548 1331 4603 merito
1379 4565 1578 4603 verum
1625 4549 1813 4606 dicere
1851 4550 2043 4605 viden-

353 4642 466 4693 tur.

416 4726 561 4782 Ibid.
608 4728 825 4782 Marcus
875 4741 994 4782 eum
1037 4726 1370 4795 subsecutus,
1421 4731 1583 4795 quasi
1597 4727 1953 4797 pedissequus
1992 4733 2042 4784 et

346 4817 616 4872 breviator
635 4816 751 4885 ejus
772 4813 1033 4887 videtur.]
1065 4814 1235 4870 Miror
1265 4815 1344 4869 ita
1374 4815 1535 4887 loqui
1554 4817 1943 4886 Augustinum
1972 4817 2040 4871 de

345 4903 619 4975 scriptore
672 4903 881 4969 afﬂato,
927 4917 1113 4973 neque
1158 4902 1312 4956 enim
1359 4899 1731 4973 inspiratione
1783 4920 1926 4974 opus
1957 4910 2042 4960 est

343 4996 408 5046 ut
436 4991 724 5063 quispiam
744 4992 817 5044 sit
841 4991 1192 5060 pedissequus
1223 4996 1271 5044 et
1299 4991 1568 5044 breviatur
1605 4990 1793 5060 operis
1845 4991 2035 5047 alieni.

345 5079 696 5134 Crediderim
726 5079 918 5150 potius
947 5077 1018 5132 iis
1044 5077 1143 5148 qui
1163 5079 1410 5132 Marcum
1459 5094 1492 5130 a
1535 5079 1701 5132 Petro
1750 5081 2038 5148 evangeli-

346 5181 472 5220 cam
500 5167 795 5222 historiam
844 5166 1124 5236 accepisse
1173 5171 1439 5234 censent;
1485 5182 1589 5219 nec
1641 5166 1840 5221 dubito
1873 5167 2035 5238 quin,

345 5269 474 5307 cum
504 5255 693 5322 multi,
726 5259 788 5308 ut
835 5254 1085 5326 prodidit
1129 5254 1306 5308 Lucas
1345 5253 1509 5306 initio
1547 5255 1854 5324 Evangelii,
1889 5271 2039 5310 com-

342 5341 653 5400 mentarios
685 5343 963 5397 dictorum
991 5348 1049 5398 et
1076 5343 1359 5397 factorum
1402 5343 1610 5396 Christi
1657 5342 2033 5412 scripsissent,

345 5432 561 5485 Marcus
589 5435 645 5483 et
672 5432 864 5498 Lucas,
923 5430 1024 5502 qui
1079 5436 1249 5486 testes
1292 5446 1491 5484 eorum
1538 5447 1652 5485 non
1687 5432 1934 5500 fuerant,
1967 5449 2037 5487 ex

344 5518 889 5574 commentariorum
925 5519 1149 5574 illorum
1180 5519 1470 5574 nonnullis
1500 5535 1642 5590 quos
1672 5518 1936 5574 videbant
1966 5521 2035 5576 ab

2150 4377 2283 4428 culis
2314 4377 2424 4429 suis
2447 4375 2718 4430 Christum
2744 4378 2971 4432 laudare
2999 4382 3264 4448 compulsi
3283 4385 3429 4434 sunt.
3453 4378 3476 4450 j
3501 4369 3785 4445 Porph)ers

2150 4479 2268 4517 non
2297 4462 2514 4517 Siculus
2557 4463 2686 4529 fuit,
2735 4466 2831 4518 sed
2879 4466 3101 4536 Tyrius,
3156 4472 3221 4521 ut
3261 4477 3386 4540 jam
3431 4460 3787 4521 observavimus

2149 4552 2220 4605 ad
2242 4552 2729 4605 Retractatiouum
2745 4553 2845 4607 lib.
2867 4571 2924 4619 ιι,
2944 4572 3067 4626 cap.
3097 4559 3186 4611 32.
3207 4556 3514 4628 Porphyrii
3529 4553 3678 4608 verba
3693 4543 3784 4600 vide

2148 4639 2303 4710 apud
2329 4640 2634 4695 Eusebium
2665 4643 2959 4697 Demonst.
2991 4644 3340 4716 evangelica:
3379 4646 3477 4700 lib.
3511 4661 3584 4709 ιιι,
3615 4654 3714 4708 cap.
3749 4635 3783 4694 ὃ,

2153 4733 2210 4783 et
2238 4729 2307 4783 de
2341 4728 2506 4783 Civit.
2536 4729 2636 4782 Dei
2660 4729 2760 4785 lib.
2794 4747 2904 4796 xxx,
2929 4749 3050 4802 cap.
3084 4736 3172 4788 23.

2225 4817 2359 4888 Cap.
2394 4819 2484 4883 ‘22,
2520 4817 2547 4886 ἓ
2578 4820 2662 4872 30.
2692 4819 2816 4872 Alii
2858 4821 3046 4874 dicunt
3091 4821 3364 4874 Saturnus
3414 4825 3508 4887 est,
3539 4814 3674 4871 credo
3695 4822 3787 4878 pro-

2145 4909 2269 4973 pter
2288 4907 2504 4960 sabbati
2524 4909 3019 4975 sancliﬁcationem,
3045 4911 3176 4977 quia
3191 4911 3290 4962 isti
3307 4924 3427 4963 cum
3447 4909 3580 4962 diem
3607 4905 3788 4959 δαίωπο

2149 4994 2473 5048 tribuerunt.
2501 4994 2515 5062 l
2542 4991 2654 5046 Alii
2686 4995 2966 5050 Bacchum
2994 4997 3062 5049 ab
3091 4996 3161 5049 iis
3180 4997 3292 5050 coli
3313 4989 3788 5061 dicebant,propl’£l‘

2148 5082 2338 5135 nescio
2369 5098 2511 5152 quas
2543 5082 2761 5137 rituum
2806 5084 3231 5153 similitudines,
3283 5091 3350 5139 ut
3390 5085 3567 5155 liquet
3607 5094 3662 5132 ex
3689 5075 3786 5127 Plu-

2145 5172 2340 5225 tarcho
2369 5171 2868 5242 Symposiacorum
2888 5173 2985 5228 lib.
3018 5189 3090 5239 1v,
3119 5174 3332 5238 Quaest.
3368 5177 3421 5228 5.
3449 5176 3519 5226 At
3544 5170 3641 5224 hoc
3657 5160 3791 5230 negat

2147 5259 2368 5312 Tacitus
2403 5259 2606 5312 Histor.
2638 5259 2742 5314 lib.
2772 5276 2827 5327 v,
2871 5276 2996 5330 cap.
3046 5264 3109 5327 5;
3149 5261 3244 5315 sed
3279 5265 3513 5331 propter
3541 5249 3790 5311 absurdam

2144 5346 2426 5399 rationem
2452 5362 2466 5400 :
2497 5349 2699 5415 quippe
2723 5347 2898 5412 Liber,
2933 5348 3144 5419 inquit,
3191 5351 3361 5415 festos
3413 5350 3644 5413 laetosque
3683 5338 3788 5391 ritus

2139 5435 2358 5502 posuit;
2391 5433 2703 5489 Iudaeorum
2732 5451 2843 5490 mos
2865 5437 3135 5491 absurdus
3179 5437 3557 5505 sbrdidusque.
3596 5431 3698 5484 Imo
3729 5438 3792 5474 sa-

2143 5521 2306 5593 piens
2342 5526 2400 5576 et
2445 5522 2670 5578 sobrius
2717 5539 2839 5578 mos
2884 5525 3234 5593 Judeeorum,
3296 5525 3439 5580 ritus
3484 5536 3605 5576 vero
3633 5507 3789 5604 Bacchi
