3922 6188
129 260 204 311 357
817 247 1204 317 {VARIORUM
1245 251 1846 308 EXERCITATIONES
1883 253 1950 306 IN
1989 254 2046 307 S.
2087 252 2461 308 AUGUSTlNi
2499 253 2753 310 OPERA.

3452 263 3553 315 358

125 373 493 430 temulentorum
521 384 580 422 ac
599 367 948 423 furiosorum
977 370 1299 427 hominum.
1351 373 1441 428 Sic
1492 375 1734 429 absurde
1772 375 1817 429 A
1852 375 2106 428 tationem
2136 375 2288 429 illam
2318 391 2436 444 qua
2465 376 2670 431 dicitur
2685 379 3066 447 Septuagintn,
3102 383 3160 434 in
3188 385 3466 438 nonnullis
3503 399 3557 438 se

129 456 284 514 ethnici
319 453 472 508 etiam
515 452 618 505 viri
662 469 860 523 graves
905 459 960 507 et
990 455 1161 519 docti,
1211 455 1280 509 de
1320 456 1491 510 rebus
1535 454 1740 509 divinis

124 543 398 617 judicabant,
421 545 472 594 et
503 540 638 594 dum
669 557 738 594 ex
767 541 1024 596 moribus
1056 543 1173 596 suis
1213 543 1280 596 de
1319 543 1563 597 aliarum
1607 558 1743 612 gen-

130 635 231 686 tium
251 629 339 684 diis
365 630 686 699 loquuntur,
722 629 935 683 alienas
953 631 1034 684 eis
1063 631 1365 700 opiniones
1386 631 1739 686 tribuebant.

127 721 223 774 Vide
241 734 349 789 qua
387 717 486 792 hac
523 717 589 771 de
639 735 700 771 re
725 719 945 772 notavit
973 721 1134 774 Joau.
1165 719 1414 774 Clericus
1442 719 1594 774 Artis
1626 718 1742 773 Cri-

119 811 212 862 tica
235 811 362 876 part.
389 809 438 873 ‘2,
471 811 609 860 sect.
652 811 702 873 1,
735 824 859 878 cap.
899 810 980 862 13.

162 898 294 950 LlBRO
339 911 392 960 ιι,
426 911 543 965 cap.
597 896 649 962 4,
700 898 727 962 §
777 898 827 950 8.
877 896 1049 950 Acute
1078 898 1280 966 quippe
1300 896 1744 951 animadversum

116 991 169 1038 est
191 983 486 1049 Matthaum,
532 984 628 1050 qui
673 985 880 1057 regiam
925 985 982 1036 in
1012 984 1224 1039 Christo
1257 987 1570 1038 instituerat
1599 984 1742 1037 insi—

113 1086 241 1124 nuare
254 1085 534 1138 personam,
566 1075 793 1138 excepto
816 1072 934 1139 ipso
955 1073 1187 1140 Christo,
1231 1073 1606 1142 quadraginta
1653 1072 1745 1124 ho-

111 1163 237 1213 mines
266 1161 314 1212 in
345 1161 737 1226 generationum
779 1162 916 1212 serie
960 1160 1325 1230 nominasse.]
1370 1159 1557 1214 Voluit
1600 1160 1744 1214 Mat-

110 1247 250 1299 thaaus
273 1245 554 1299 nominare
599 1247 980 1318 quadraginta
1019 1249 1159 1303 duos
1201 1249 1482 1315 homines,
1532 1262 1744 1318 eosque

111 1335 400 1403 nominarat,
429 1340 491 1388 ut
526 1335 712 1406 liquet
740 1351 804 1390 ex
833 1353 980 1392 vers.
1014 1340 1098 1404 l7,
1148 1338 1244 1391 ubi
1293 1354 1490 1391 omnes
1543 1335 1746 1390 dividit

110 1425 152 1476 in
173 1428 268 1476 tres
293 1425 767 1478 tessaradecadas:
795 1441 1040 1495 quarum
1063 1425 1268 1495 prima
1291 1425 1544 1479 decimus
1568 1440 1742 1495 quar-

109 1518 175 1564 tus
199 1516 270 1565 est
293 1511 475 1578 David,
507 1513 772 1566 secunda
801 1513 1096 1567 Jechonias
1127 1514 1294 1568 Josia
1332 1513 1504 1582 ﬁlius,
1560 1514 1745 1566 tertia

107 1601 330 1670 losephus
375 1600 459 1654 vir
498 1601 717 1656 Maria.
768 1602 876 1656 Sed
925 1606 1052 1657 dua
1087 1602 1290 1674 prima
1348 1603 1745 1674 generationes

109 1689 269 1742 desunt
293 1689 350 1742 in
414 1689 585 1743 tertia
643 1691 1090 1758 tessaradecade,
1148 1691 1285 1745 vitio
1343 1691 1744 1758 librariorum;

108 1777 216 1830 nihil
241 1776 376 1830 enim
405 1783 595 1848 potest
623 1779 926 1834 absurdius
956 1780 1098 1850 ﬁngi
1140 1797 1313 1851 quam
1335 1781 1383 1834 si
1432 1780 1584 1834 dicas
1613 1781 1750 1835 Mat-

108 1863 271 1918 thaum
306 1865 508 1935 ipsum,
559 1868 908 1921 recensendo
950 1867 1230 1938 singulos,
1262 1885 1595 1922 numerasse
1623 1871 1750 1922 tan-

104 1955 194 2001 tum
237 1951 604 2022 quadraginta
652 1953 946 2017 homines;
999 1954 1374 2008 subducendo
1426 1971 1559 2008 vero
1588 1970 1752 2007 sum—

106 2053 236 2098 mam,
270 2038 544 2094 invenisse
573 2041 955 2113 quadraginta
993 2042 1156 2096 duos.
1205 2043 1449 2097 Perinde
1481 2046 1565 2096 est
1595 2059 1658 2095 ac
1706 2042 1754 2095 si

107 2127 202 2196 quis
252 2129 532 2183 recensitis
595 2129 790 2184 decem
850 2130 1046 2201 digitis
1111 2131 1351 2201 singulis
1421 2131 1754 2185 nominibus

108 2213 209 2279 suis,
229 2216 472 2270 undecim
506 2223 709 2289 postea
756 2218 863 2272 sibi
904 2235 1025 2273 esse
1073 2219 1303 2274 diceret.
1363 2220 1526 2274 Absit
1556 2224 1617 2272 ut
1643 2220 1753 2272 tale

108 2303 209 2372 quid
248 2306 602 2375 evangelista
648 2307 1006 2362 tribuamus!
1058 2307 1391 2378 Mysterium
1435 2307 1496 2361 in
1544 2307 1752 2361 mendo

107 2390 410 2448 librariorum
438 2396 656 2449 frustra
685 2395 946 2466 quaesivit
977 2397 1350 2468 Augustinus,
1384 2396 1444 2450 in
1469 2395 1754 2468 sequenti-

108 2479 186 2533 bus
199 2481 379 2537 verbis.

156 2568 267 2622 Ibid.
291 2573 556 2628 Numerus
587 2577 769 2628 autem
798 2577 898 2628 iste
926 2575 1068 2628 illud
1095 2579 1300 2643 tempus
1342 2578 1613 2644 signiﬁcat
1649 2589 1752 2643 quo

109 2658 148 2710 in
168 2658 241 2712 hoc
266 2662 443 2715 saculo
474 2666 533 2715 et
556 2664 614 2715 in
645 2663 744 2716 hac
762 2667 908 2716 terra
936 2665 1054 2729 regi
1074 2678 1170 2716 nos
1201 2668 1408 2732 oportet
1444 2679 1478 2716 a
1517 2663 1748 2729 Christo,

112 2747 329 2801 secundum
370 2750 728 2819 disciplinam
782 2751 1105 2806 laboriosam
1124 2767 1231 2820 qua
1280 2753 1520 2819 ﬂagellat
1591 2755 1750 2817 Deus,

116 2839 384 2906 ascriptum
403 2844 503 2906 est,
538 2854 744 2893 omnem
771 2840 945 2908 ﬁlium
973 2855 1129 2908 quem
1167 2841 1378 2909 recipit,
1413 2847 1517 2894 etc.
1543 2837 1564 2910 ]
1589 2839 1646 2892 Si
1679 2840 1750 2892 ab

1849 464 2010 517 aliter
2033 462 2226 516 habere
2248 480 2409 532 quam
2444 468 2724 520 inveniunt
2756 469 2811 519 in
2851 468 3086 523 Hebraeo
3135 473 3232 538 qui
3275 487 3393 525 eam
3443 473 3555 526 lin-

1850 567 2014 619 guam
2039 556 2320 614 noverunt,
2355 557 2405 605 et
2437 553 2532 620 qui
2560 556 2907 622 interpretati
2935 561 3061 610 sunt
3103 560 3310 626 singuli
3347 560 3554 614 eosdem

1851 639 2015 692 libros
2040 639 2303 693 Hebraos.
2333 642 2510 708 Hujus
2538 643 2664 695 item
2694 643 2969 698 distantia
2989 661 3155 700 causa
3176 649 3227 700 si
3257 654 3554 716 quaratur,

1851 741 1948 779 cur
1973 731 2128 780 tanta
2157 730 2453 781 auctoritas
2483 731 2946 796 interpretationis
2971 732 3333 800 Septuaginta
3364 737 3553 790 multis

1853 817 1910 868 in
1935 815 2060 868 locis
2083 815 2246 869 distet
2275 816 2341 868 ab
2367 832 2427 869 ea
2465 819 2692 870 veritate
2740 834 2856 885 qua
2884 821 2944 873 in
2997 820 3234 874 Hebrais
3279 822 3548 877 codicibus

1853 905 2144 970 invenitur,
2163 904 2302 956 nihil
2329 919 2603 958 occurrere
2615 906 2952 974 probabilius
2974 910 3222 962 existimo
3246 925 3409 978 quam
3431 912 3552 966 illos

1853 992 2213 1060 Septuaginta
2240 1008 2295 1045 eo
2314 995 2517 1061 spiritu
2537 995 2917 1062 interpretatos
2937 1011 3037 1063 quo
3059 1001 3109 1049 et
3135 998 3233 1050 illa
3253 1013 3371 1065 qua
3392 1001 3556 1052 inter—

1848 1081 2212 1150 pretabantur
2259 1081 2407 1135 dicta
2447 1084 2672 1147 fuerunt
2699 1098 2711 1147 ;
2746 1083 2890 1150 quod
2915 1099 2982 1136 ea
3013 1085 3138 1152 ipsa
3168 1101 3348 1139 eorum
3378 1089 3555 1141 mira—

1855 1170 1971 1231 bili,
2005 1185 2125 1238 qua
2151 1171 2509 1238 praedicatur,
2543 1174 2884 1225 consensione
2911 1175 3187 1240 ﬁrmatum
3208 1179 3305 1228 est.
3339 1174 3556 1246 JAtqui

1852 1255 1976 1309 hac
2004 1257 2300 1309 consensio
2333 1257 2537 1326 putida
2560 1263 2643 1311 est
2666 1258 2880 1324 fabula,
2902 1275 3075 1328 quam
3103 1259 3265 1314 doleo
3288 1278 3449 1331 aque
3480 1262 3558 1316 fa-

1853 1343 1958 1397 cile
1987 1344 2260 1397 creditam
2293 1360 2357 1398 ac
2389 1362 2517 1414 qua
2549 1346 2720 1399 iidem
2754 1347 2861 1399 sibi
2893 1348 3159 1401 omnibus
3202 1351 3557 1419 argumentis

1853 1431 2066 1502 quibus
2096 1449 2297 1486 verum
2328 1449 2360 1486 a
2388 1434 2530 1486 falso
2576 1437 2912 1501 secernitur,
2960 1436 3205 1503 faciunt;
3240 1452 3370 1491 cum
3410 1455 3558 1510 pra-
3648 1478 3649 1481 η

1855 1521 2051 1575 sertim
2099 1521 2232 1575 inde
2291 1521 2445 1574 aliud
2479 1523 2687 1576 falsum
2733 1527 2967 1576 enatum
3014 1524 3085 1576 sit
3117 1526 3557 1592 consectarium,

1859 1625 1973 1679 quo
2021 1609 2301 1679 putabant
2347 1613 2444 1662 aut
2481 1610 2626 1662 bene
2649 1609 2884 1663 vertisse
2909 1611 3034 1664 LXX
3069 1611 3429 1681 interpretes,
3461 1619 3561 1668 aut

1859 1694 2069 1764 Spiritu
2120 1701 2272 1750 actos
2312 1696 2422 1750 alia
2469 1697 2697 1762 dixisse,
2732 1715 2861 1768 qua
2892 1698 2960 1751 iis
3005 1700 3349 1769 suggerebat
3381 1699 3560 1770 Spiri-

1858 1787 1975 1836 tus.
2015 1784 2177 1848 Quod
2209 1800 2383 1854 quam
2412 1784 2618 1838 falsum
2651 1787 2723 1839 sit
2752 1791 2970 1840 norunt
2999 1786 3039 1839 ii
3071 1787 3170 1856 qui
3198 1802 3324 1840 eam
3345 1787 3561 1841 versio-

1859 1888 1993 1925 nem
2042 1888 2173 1926 cum
2217 1873 2492 1927 Hebraico
2537 1878 2694 1927 textu
2723 1875 3113 1942 contulerunt,
3147 1879 3202 1928 et
3231 1875 3330 1945 qui
3356 1892 3559 1930 eorum

1859 1952 2332 2006 allucinationum
2381 1968 2576 2006 causas
2626 1958 2992 2022 aperuerunt.
3051 1954 3260 2007 Verum
3325 1955 3396 2007 iis
3458 1954 3562 2024 qui

1858 2039 2130 2092 nolebant
2155 2039 2488 2094 Hebraicam
2520 2041 2777 2110 linguam
2799 2041 3014 2095 discere
3037 2042 3376 2112 expediebat
3405 2042 3561 2097 credi

1859 2127 2011 2196 quod
2032 2127 2587 2200 habetAugustinus,
2615 2129 2936 2184 neinscitia
2971 2135 3070 2183 aut
3095 2131 3437 2202 arrogantia
3471 2132 3562 2185 in-

1860 2216 2288 2285 simularentur,
2332 2217 2487 2288 quod
2535 2234 2637 2286 per
2684 2222 2861 2271 totam
2903 2219 3079 2272 vitam
3103 2235 3167 2272 ex
3202 2220 3391 2274 vitiosi
3431 2237 3564 2274 ver-

1859 2303 2017 2358 sione
2060 2305 2411 2376 Scripturam
2457 2305 2671 2359 Veteris
2726 2307 3072 2360 Testamenti
3117 2313 3330 2362 temere
3371 2313 3557 2364 essent

1858 2390 2238 2461 interpretati.
2275 2392 2366 2446 Sic
2393 2397 2448 2446 et
2470 2394 2651 2447 multa
2681 2394 2895 2448 credita
2926 2399 3076 2462 sunt,
3114 2401 3210 2450 aut
3237 2396 3390 2451 credi
3421 2397 3560 2464 visa,

1860 2479 2016 2550 quod
2065 2479 2222 2550 plebi
2250 2496 2383 2534 vera
2411 2480 2590 2534 videri
2620 2480 2920 2535 interesset
2940 2498 3141 2536 eorum
3173 2484 3274 2554 qui
3293 2501 3432 2555 eam
3468 2502 3564 2539 re—

1860 2568 2107 2637 gendam
2133 2574 2520 2639 susceperant.
2556 2571 2778 2623 Interea
2818 2571 2953 2623 hinc
2999 2572 3374 2626 conﬁrmatur
3409 2575 3562 2643 quod

1861 2657 1931 2710 ad
1963 2657 2271 2727 Speculum
2299 2656 2743 2726 conjiciebamus
2765 2675 2796 2710 a
2835 2660 3116 2712 monacho
3161 2661 3432 2730 quopiam
3473 2678 3562 2714 re-

1860 2745 2112 2798 centiore
2141 2745 2462 2799 versionem
2512 2746 3012 2816 Hieronymianam
3051 2763 3171 2802 esse
3197 2748 3373 2802 veteri
3407 2749 3562 2805 Itala

1859 2833 1921 2887 in
1951 2849 2018 2887 eo
2044 2834 2191 2887 libro
2215 2833 2599 2888 substitutam.

119 2925 355 2992 Augustino
387 2933 558 2997 petas
588 2943 688 2981 cur
717 2927 796 2981 ita
823 2943 1130 2982 numerum
1156 2927 1538 2998 quadraginta
1574 2927 1748 2981 inter-
1788 2952 1826 3007 ρ
1932 2922 2098 2975 Linno
2129 2937 2208 2974 ιιι.
2237 2921 2370 2990 Cap.
2401 2925 2455 2984 ‘7,
2492 2920 2518 2990 ξ
2549 2924 2634 2975 29.
2669 2921 2750 2976 Ad
2782 2923 2978 2976 Matth.
3005 2941 3174 2992 xxvii,
3214 2927 3315 2978 l0:
3350 2926 3413 2980 Si
3442 2927 3565 2993 quis

112 3017 330 3081 pretetur;
381 3018 520 3085 quia
576 3032 721 3084 ergo,
779 3015 990 3087 inquit,
1043 3031 1299 3070 numerus
1354 3018 1455 3069 iste
1493 3015 1751 3070 laboriosi

106 3098 218 3166 hujus
238 3107 476 3172 temporis
506 3107 911 3157 sacramentum
957 3108 1222 3166 est,.......
1267 3105 1432 3157 etiam
1468 3102 1610 3156 illud
1648 3103 1748 3157 de-

104 3185 229 3241 clarat
249 3191 380 3258 quod
408 3191 796 3261 quadraginta
824 3192 1035 3246 dierum
1055 3191 1354 3260 jejunium,
1392 3192 1487 3245 hoc
1513 3195 1610 3256 est,
1654 3192 1752 3244 hu-

100 3276 386 3334 miliationem
409 3283 618 3334 anima
637 3283 1003 3346 consecravit;
1035 3285 1084 3334 et
1116 3282 1203 3334 lea:
1233 3287 1283 3334 et
1316 3281 1615 3348 propheta,
1653 3296 1754 3349 per

101 3364 283 3432 Hoysmn
324 3373 370 3422 et
408 3371 623 3436 Etiam,
680 3371 776 3437 qui
816 3368 1186 3438 quadragenis
1239 3368 1425 3422 diebus
1456 3369 1753 3436 jejunave-

97 3458 287 3519 runt;et
311 3456 677 3524 Evangelium
716 3473 814 3525 per
841 3459 1014 3525 ipsius
1048 3459 1265 3511 Domini
1291 3456 1592 3526 jejunium,
1636 3459 1754 3526 qui-

99 3540 167 3592 bus
190 3541 354 3597 diebus
383 3544 769 3614 quadraginta
798 3547 960 3598 etiam
984 3546 1293 3598 tentabatur
1321 3561 1355 3598 a
1385 3545 1618 3612 diabolo,
1645 3549 1749 3599 etc.

97 3625 174 3681 Sed
199 3629 237 3682 si
264 3631 381 3702 quis
414 3632 576 3686 dicat
602 3633 710 3685 hoc
732 3647 854 3686 esse
886 3633 1177 3687 somnium
1223 3632 1536 3704 vigilantis,
1581 3633 1748 3704 quid-

95 3716 156 3767 vis
181 3720 440 3774 somniare
474 3720 670 3792 parati
693 3720 762 3774 de
787 3721 989 3792 quovis
1019 3721 1131 3775 alio
1166 3738 1409 3776 numero
1428 3722 1456 3776 εἰ
1500 3721 1756 3775 Profecto

96 3806 392 3861 contrarium
415 3825 722 3880 nunquam
749 3809 1106 3879 probabilius
1124 3811 1230 3864 hac
1259 3809 1643 3864 afﬁrmatione
1672 3810 1755 3863 vi-

94 3891 294 3949 debitur.
329 3897 724 3961 Quamobrem
771 3898 952 3952 miror
997 3898 1405 3969 Augustinum,
1457 3897 1558 3969 qui
1601 3902 1665 3952 ut
1693 3914 1756 3951 os

93 3979 290 4037 ethnicis
318 3985 620 4040 obturaret
647 3987 755 4040 hoc
785 4002 928 4056 opus
953 4002 1162 4057 magno
1201 3987 1388 4041 studio
1417 3985 1750 4053 elaboravit,

92 4069 263 4125 talibus
301 4073 682 4128 arithmeticis
726 4074 1014 4144 allegoriis
1061 4075 1396 4129 sustinuisse
1441 4074 1545 4128 uti.
1598 4073 1757 4138 Quod

93 4156 144 4208 de
185 4163 544 4231 sequentibus
591 4163 762 4216 etiam
794 4163 1081 4235 allegoriis
1129 4163 1345 4218 dictum
1376 4163 1566 4218 velim.
1604 4162 1759 4216 Nihil

1858 3016 2055 3077 autem,
2087 3008 2296 3080 inquit,
2337 3015 2575 3064 movetur
2602 3011 2746 3078 quod
2767 3012 2861 3065 hoc
2887 3014 3248 3067 testimonium
3276 3029 3382 3067 non
3422 3017 3566 3068 inve-

1857 3102 2010 3153 nitur
2036 3100 2093 3151 in
2123 3097 2417 3167 Scriptura
2441 3097 2686 3154 Jeremia
2715 3102 3009 3169 propheta,
3045 3105 3093 3155 et
3139 3102 3258 3156 ideo
3306 3107 3466 3172 putat
3494 3105 3568 3171 ﬁ-

1861 3186 1950 3239 dei
1992 3186 2332 3251 evangelista
2383 3187 2597 3254 aliquid
2664 3187 3070 3253 derogandum;
3119 3190 3308 3257 'primo
3358 3193 3569 3243 noverit

1860 3291 1966 3329 non
1995 3290 2170 3328 omnes
2208 3274 2411 3328 codices
2461 3276 2881 3342 Evangeliorum
2930 3276 3122 3330 habere
3157 3277 3301 3344 quod
3337 3293 3444 3347 per
3476 3277 3566 3331 Je-
3605 3330 3612 3335 _

1862 3363 2102 3416 remiam
2135 3362 2340 3415 dictum
2375 3364 2467 3428 sit,
2515 3363 2609 3415 sed
2638 3363 3027 3430 tantummodo,
3063 3380 3164 3434 per
3202 3365 3563 3435 prophetam.

1862 3454 2136 3506 Possemus
2189 3467 2312 3517 ergo
2356 3451 2531 3504 dicere
2577 3453 2662 3506 his
2704 3455 2886 3520 potius
2918 3453 3188 3507 codicibus
3219 3469 3328 3508 esse
3357 3453 3571 3507 creden-

1865 3539 1993 3594 dum
2048 3541 2146 3608 qui
2176 3539 2437 3593 Jeremia
2479 3555 2667 3594 nomen
2696 3557 2802 3595 non
2848 3541 3073 3608 habent;
3097 3542 3299 3596 dictum
3321 3547 3398 3596 est
3427 3544 3570 3595 enim

1866 3629 1960 3681 hoc
1987 3644 2091 3698 per
2118 3629 2482 3698 prophetam,
2517 3630 2611 3683 sed
2630 3630 2980 3696 Zachariam,
3013 3631 3154 3684 unde
3174 3636 3408 3700 putatur
3424 3631 3568 3684 codi-

1865 3731 1948 3770 ces
1967 3731 2079 3771 esse
2108 3717 2381 3771 mendosos
2424 3720 2520 3786 qui
2565 3718 2761 3772 habent
2798 3734 2985 3772 nomen
3013 3719 3295 3786 Jeremia,
3324 3722 3456 3787 quia
3488 3720 3572 3773 vel

1865 3805 2148 3859 Zachariae
2178 3807 2371 3860 habere
2398 3807 2716 3872 debuerunt,
2743 3808 2826 3860 vel
2856 3808 3080 3873 nullius,
3117 3809 3256 3861 sicut
3297 3808 3527 3875 quidam
3553 3823 3566 3873 ;

1865 3895 1960 3947 sed
1984 3898 2217 3960 tantum,
2250 3910 2352 3964 per
2380 3895 2716 3964 prophetam
2741 3894 3045 3959 dicentem,
3070 3897 3168 3963 qui
3192 3897 3378 3962 utique
3415 3896 3570 3948 intel-

1868 3981 2057 4048 ligitur
2088 3982 2451 4051 Zacharias]
2499 3985 2710 4036 Revera
2751 3983 2850 4053 qui
2899 3987 3203 4052 prOpterea
3253 3983 3565 4052 carpebant

1869 4071 2215 4137 Matthaum,
2240 4071 2347 4124 hoc
2366 4072 2556 4141 potius
2583 4073 2814 4126 credere
2839 4073 3162 4126 debuerunt
3188 4089 3361 4143 quam
3380 4072 3567 4126 homi-

1869 4174 2003 4213 nem
2031 4159 2314 4226 Judaum,
2347 4166 2628 4230 perpetuo
2660 4160 2990 4215 audientem
3020 4161 3326 4231 prophetas
3371 4160 3430 4214 in
3478 4178 3569 4231 sy-

92 4243 188 4300 hac
213 4265 471 4305 excusare
499 4256 695 4322 potest
723 4256 936 4321 prater
984 4253 1201 4306 bonum
1255 4251 1514 4306 animum
1556 4266 1756 4304 eorum
1787 4236 1834 4293 ι)
1872 4247 2111 4318 nagogis
2161 4247 2425 4311 lectitari,
2479 4254 2535 4303 et
2583 4249 2853 4319 privatim
2896 4250 3066 4304 etiam
3096 4251 3379 4320 legentem
3401 4253 3572 4320 atque

91 4333 169 4400 qui
217 4337 496 4408 allegoriis
531 4339 916 4401 indulserunt,
951 4345 1006 4394 et
1034 4341 1134 4411 qui
1175 4356 1292 4394 non
1334 4339 1603 4394 viderunt
1651 4356 1757 4409 pro

92 4418 268 4479 divina
304 4427 606 4499 sapientia
649 4428 900 4483 consiliis
944 4429 1022 4483 sic
1070 4429 1320 4484 credula
1368 4429 1552 4483 turba
1598 4445 1759 4482 mera

95 4505 353 4578 ingeniose
392 4516 769 4571 delirantium
801 4522 1125 4572 commenta
1171 4516 1422 4588 proponi
1476 4517 1756 4572 miranda.

93 4592 226 4655 Quod
267 4601 313 4654 si
357 4603 511 4657 serio
556 4604 921 4674 cogitassent,
968 4605 1091 4659 hac
1145 4605 1338 4659 omnia
1362 4604 1759 4674 praetermisis-

96 4692 230 4754 sent;
260 4706 360 4745 nec
390 4692 815 4747 commisissent
835 4699 899 4748 ut
928 4695 1326 4765 loquerentur,
1377 4693 1490 4747 nisi
1526 4692 1762 4747 habuis-

93 4779 194 4827 sent
213 4776 432 4834 silentio
453 4781 696 4850 potiora.

143 4865 212 4918 De
253 4869 450 4924 ordine
498 4875 556 4924 et
597 4870 997 4925 conciliatione
1049 4872 1307 4926 locorum
1356 4871 1507 4926 inter
1528 4886 1587 4924 se
1620 4869 1763 4924 nihil

89 4947 162 5004 hic
198 4954 466 5026 dicemus,
518 4959 983 5030 quandoquidem
1020 4960 1144 5013 tam
1210 4960 1420 5014 multas
1485 4959 1764 5013 habemus

88 5038 390 5100 barmonias
438 5063 510 5100 ex
561 5047 770 5118 quibus
816 5047 932 5118 peti
979 5052 1210 5118 queant.
1244 5048 1384 5102 Vide
1411 5049 1496 5102 vel
1530 5049 1766 5102 Harmo-

91 5128 216 5184 niam
237 5136 625 5206 evangelicam
647 5153 680 5189 a
698 5137 914 5190 Joanne
943 5137 1157 5192 Clerico
1177 5138 1408 5192 editam.
1441 5139 1492 5190 Is
1525 5135 1624 5189 ubi
1659 5141 1767 5188 tra-

89 5213 154 5270 dit
182 5221 425 5278 Canones
458 5226 834 5287 Harmonicos,
863 5225 1073 5296 quibus
1104 5230 1223 5280 tota
1253 5227 1374 5297 ejus
1404 5224 1610 5278 nititur
1634 5225 1768 5277 Har-

91 5309 271 5376 monia,
321 5328 477 5382 sapc
524 5313 702 5367 utitur
743 5314 1050 5384 Augustini
1094 5314 1301 5382 verbis,
1351 5331 1418 5368 ex
1470 5315 1578 5368 hoc
1622 5312 1767 5366 libro

91 5394 273 5457 petitis.

148 5487 267 5557 Cap.
327 5495 419 5555 66,
496 5493 526 5560 ξ
583 5496 699 5549 128.
756 5496 1107 5562 Manifestum
1163 5499 1241 5549 est
1274 5499 1452 5550 autem
1507 5496 1769 5563 interpre-

1867 4337 2018 4390 inter
2065 4337 2204 4390 alios
2251 4337 2339 4391 sui
2385 4338 2598 4392 similes
2641 4344 2986 4407 versantem,
3034 4339 3098 4392 in
3149 4338 3250 4392 tali
3292 4355 3353 4392 re
3404 4340 3571 4392 aber-

1867 4441 2022 4480 rasse
2049 4441 2062 4493 ;
2095 4442 2225 4480 cum
2256 4427 2576 4497 prasertim
2607 4428 2749 4482 nihil
2779 4429 2901 4499 ejus
2931 4429 3229 4484 interesset
3265 4429 3574 4484 Jeremiam

1867 4513 2062 4585 potius
2095 4515 2205 4568 dici
2231 4531 2402 4585 quam
2433 4516 2784 4570 Zachariam.

1939 4603 2064 4669 Sed,
2101 4603 2292 4673 inquit
2330 4604 2701 4674 Augustinus,
2752 4610 2946 4659 utatur
2999 4609 3107 4661 ista
3157 4607 3464 4673 defensione
3485 4609 3574 4662 cui

1867 4699 2062 4767 placet,
2094 4697 2232 4752 mihi
2257 4704 2435 4752 autem
2461 4714 2558 4752 cur
2585 4715 2690 4753 non
2715 4702 2927 4768 placeat
2957 4704 3064 4758 hac
3096 4718 3261 4757 causa
3302 4708 3399 4768 est,
3441 4703 3574 4771 quia

1869 4793 1920 4841 et
1947 4788 2128 4856 plures
2158 4787 2360 4840 codices
2391 4787 2585 4839 habent
2613 4789 2852 4842 Jeremia
2887 4805 3093 4858 nomen,
3132 4797 3180 4846 et
3210 4793 3307 4860 qui
3337 4792 3570 4857 diligen-

1870 4877 1978 4929 tius
2001 4878 2058 4928 in
2071 4876 2273 4929 G-raeis
2286 4876 2587 4944 exemplari
2590 4877 2684 4929 bus
2697 4878 3052 4945 Evangelium
3074 4879 3568 4944 consz'deraverunt,

1871 4967 1930 5016 in
1977 4964 2378 5032 antiquioribus
2410 4965 2608 5019 Gracis
2652 4967 2734 5018 ita
2781 4981 2836 5019 se
2872 4967 3155 5034 perhibent
3197 4969 3492 5032 invenisse;
3525 4967 3576 5020 et

1870 5053 2023 5105 nulla
2047 5053 2157 5118 fuit
2188 5068 2354 5106 causa
2382 5068 2478 5106 cur
2507 5052 2799 5107 adderetur
2831 5054 2922 5107 hoc
2951 5069 3139 5107 nomen
3166 5058 3227 5107 ut
3247 5053 3575 5108 mendositas

1872 5143 2048 5208 ﬁeret;
2089 5157 2186 5194 cur
2235 5145 2413 5194 autem
2459 5141 2524 5194 de
2544 5143 2818 5195 nonnullis
2836 5141 3106 5194 codicibus
3135 5141 3432 5204 tolleretur,
3463 5144 3576 5207 fuit

1873 5231 2061 5297 utique
2083 5244 2246 5283 causa
2267 5233 2326 5281 ut
2356 5228 2451 5284 hoc
2483 5228 2669 5282 audaa
2690 5231 2964 5297 imperitia
2983 5231 3206 5295 faceret,
3240 5245 3358 5283 cum
3387 5231 3578 5284 turba-

1874 5321 2025 5368 retur
2046 5318 2333 5384 quastione
2375 5317 2520 5386 quod
2549 5317 2642 5370 hoc
2693 5319 3054 5371 testimonium
3110 5317 3260 5386 apud
3290 5321 3577 5373 Jeremiam

1877 5421 1982 5459 non
2005 5407 2352 5459 inveniretur.
2380 5405 2478 5458 Hic
2508 5405 2675 5475 plane
2732 5404 2990 5458 criticum
3036 5405 3157 5476 agit
3197 5407 3574 5478 Augustinus,

1875 5508 1979 5546 nec
2005 5492 2124 5546 sine
2153 5493 2338 5564 specie
2367 5492 2605 5546 rationis
2637 5492 2922 5562 vulgatam
2957 5493 3264 5549 lectionem
3296 5494 3570 5549 defendit.
