3890 6186
352 241 454 293 359

1355 232 1913 291 SUPPLEMENTUM
1955 233 2044 288 AD
2082 233 2314 290 OPERA
2352 234 2408 287 S.
2448 234 2841 291 AUGUSTINI.
3176 282 3179 285 .
3696 255 3776 309 350

349 360 458 417 Sed
476 356 760 431 quidquid
810 357 963 412 dicat
1002 355 1143 410 nihil
1187 359 1341 411 vetat
1364 355 1596 410 credere
1626 355 1685 409 in
1713 354 2044 426 autiquissi-
2077 360 2118 412 A
2156 355 2445 412 intellecta
2499 356 2952 429 pulcherrimam
3011 361 3067 412 et
3131 359 3523 420 sanctissimam
3582 376 3775 428 senten-

350 464 444 502 mo
474 446 746 517 quopiam
777 444 969 499 codice
996 443 1055 499 id
1084 443 1258 497 fuisse
1290 444 1591 517 mendum,
1650 444 1801 514 quod
1850 448 2051 514 postea

351 536 412 590 in
461 515 600 589 alios
651 532 979 599 transierit;
1032 547 1162 585 cum
1210 547 1326 585 non
1383 515 1661 586 auderent
1712 530 1931 585 librarii
1990 530 2049 585 id

351 624 680 689 emendare,
740 627 838 675 aut
872 619 1154 674 nescirent
1219 620 1393 673 etiam
1432 635 1507 673 an
1556 625 1705 674 esset
1754 619 2046 674 mendum.

352 712 533 777 Quam
582 711 644 764 in
686 708 1025 763 sententiam
1059 708 1479 775 descendimus,
1513 706 1633 779 qui,
1663 707 1927 762 omnibus
1953 725 2048 761 ac-

351 804 544 855 curate
587 796 904 869 pensitatis,
950 813 1066 851 non
1122 795 1382 851 videmus
1424 796 1526 866 qui
1563 795 1734 849 verba
1769 794 2051 850 Zachariae

348 887 573 959 possint
595 884 858 941 Ieremia:
885 884 1061 939 tribui
1084 903 1098 953 ;
1133 900 1266 938 nam
1291 884 1437 938 ratio
1461 900 1635 954 quam
1673 883 1847 938 habet
1872 883 1943 954 ,in
1969 899 2052 937 se-

350 974 660 1047 quentibus
685 973 1040 1045 Augustinus
1073 972 1374 1026 versimilis
1415 987 1535 1025 non
1598 969 1849 1026 videtur.
1900 971 2051 1036 Quid

348 1062 473 1131 ergo
504 1062 912 1131 intelligendum
952 1064 1049 1127 est,
1101 1059 1311 1130 inquit,
1346 1061 1456 1113 nisi
1485 1060 1579 1113 hoc
1609 1063 1788 1113 actum
1824 1073 1936 1113 esse
1963 1074 2049 1113 se-

351 1154 572 1206 cretiore
599 1151 820 1205 consilio
859 1148 1216 1218 providentiae
1242 1149 1357 1215 Dei,
1413 1163 1521 1216 qua
1545 1154 1740 1201 mentes
1773 1148 2050 1214 evangeli—

350 1245 560 1294 starum
570 1238 1017 1306 suntgubematae
1031 1238 1058 1291 ?
1073 1237 1273 1290 Postea
1298 1235 1528 1307 conjicit
1552 1235 1907 1289 insinuatum
1930 1250 2050 1288 esse

351 1328 457 1381 hac
501 1326 769 1381 citatione
811 1328 891 1380 ita
939 1339 1115 1379 omnes
1140 1329 1352 1378 sanctos
1377 1324 1673 1392 prophetas
1707 1338 1813 1377 uno
1844 1325 2051 1392 spiritu

351 1417 571 1483 locutos,
622 1413 868 1468 mirabili
908 1415 1049 1467 inter
1096 1427 1153 1467 se
1194 1415 1533 1466 consensione
1568 1416 1829 1478 constare,
1865 1414 1927 1464 ut
1956 1411 2050 1464 hoc

349 1504 517 1559 multo
560 1503 795 1571 amplius
833 1504 904 1556 sit
934 1516 1097 1570 quam
1117 1502 1169 1554 si
1191 1502 1425 1555 omnium
1454 1502 1636 1554 omnia
1661 1500 2051 1569 prophetarum

349 1607 456 1646 uno
486 1593 648 1645 unius
679 1591 910 1644 hominis
939 1604 1028 1643 ore
1053 1589 1379 1654 dicerentur,
1427 1592 1478 1641 et
1516 1588 1637 1641 ideo
1677 1587 2051 1641 indubitanter

349 1682 526 1749 accipi
553 1679 740 1733 debere
763 1690 1089 1748 quaecunque
1110 1693 1211 1747 per
1239 1692 1323 1731 eos
1352 1677 1596 1745 Spiritus
1636 1680 1854 1730 sanctus
1878 1675 2043 1743 dixit,

348 1772 401 1823 et
427 1767 646 1836 singula
675 1781 786 1821 esse
813 1768 1049 1821 omnium
1083 1769 1134 1819 et
1167 1767 1349 1819 omnia
1387 1765 1746 1833 singulorum.
1794 1762 1901 1818 Sed
1939 1762 2048 1817 hoc

346 1855 557 1926 posito,
603 1854 739 1909 Mosi
776 1857 968 1924 posset
1019 1852 1193 1907 tribui
1234 1852 1389 1923 quod
1438 1851 1581 1907 dixit
1620 1850 1935 1914 Zacharias,
1990 1853 2046 1904 et

348 1943 526 1999 cuivis
569 1942 667 1997 alii
715 1943 1013 2013 propheta:
1056 1941 1209 2013 quod
1251 1941 1396 1995 alius
1453 1940 1640 2012 quivis
1693 1939 2039 2010 scripsisset;

350 2032 507 2103 quod
544 2047 843 2102 nunquam
877 2034 1069 2084 tamen
1117 2029 1351 2096 factum,
1389 2045 1578 2100 neque
1621 2029 1738 2083 ﬁet.
1789 2028 1847 2083 Si
1896 2029 2044 2082 Deus

346 2136 452 2191 per
480 2118 886 2189 evangelistam
908 2118 1020 2171 tale
1051 2116 1351 2188 quidpiam
1380 2134 1484 2170 nos
1513 2117 1717 2171 docere
1746 2116 2035 2183 voluisset,
2072 2170 2075 2171 ν

348 2211 598 2262 curasset
639 2210 703 2260 ut
742 2207 852 2261 hoc
890 2205 1188 2277 perspicue
1219 2205 1289 2259 ab
1316 2221 1383 2259 eo
1405 2205 1706 2272 diceretur,
1739 2220 1857 2258 non
1883 2203 1962 2257 ita
1985 2209 2045 2257 ut

348 2295 644 2349 vacillante
660 2292 984 2364 conjectura
1014 2298 1070 2347 et
1089 2293 1251 2348 facile
1278 2294 1537 2364 neganda
1557 2292 1954 2347 deducendum
1977 2309 2041 2347 ex

347 2382 472 2454 ejus
499 2382 686 2437 verbis
715 2388 883 2437 esset.
916 2381 1073 2436 Idem
1103 2381 1407 2437 dicendum
1435 2382 1503 2436 de
1525 2382 1648 2436 aliis
1687 2381 1883 2436 multis
1912 2397 2042 2451 qua:

345 2470 501 2523 velut
521 2467 767 2523 ﬁdiculis
788 2484 857 2522 ex
876 2467 1166 2539 Scriptura
1185 2468 1616 2523 hauriunturab
1638 2467 1957 2539 Augustino
1987 2470 2044 2522 et

345 2557 474 2611 aliis
520 2556 825 2625 veteribns,
859 2562 1079 2610 coactas
1129 2556 1484 2627 conjecturas
1540 2572 1646 2626 pro
1708 2556 1915 2611 divinas
1958 2572 2043 2609 sa-

346 2645 582 2717 pientiai
622 2643 875 2699 consiliis
899 2644 1343 2700 venditantibus.
1374 2644 1551 2716 Atqui
1582 2661 1649 2699 ea
1677 2645 1909 2699 demum
1935 2660 2040 2714 pro

344 2733 537 2789 divina
567 2732 915 2788 revelatione
941 2733 1201 2788 habenda
1239 2738 1373 2788 sunt
1396 2750 1525 2805 quas
1556 2734 1763 2789 diserte
1801 2733 1863 2788 in
1903 2732 2042 2788 Scri-

341 2821 528 2892 pturis
554 2821 802 2876 revelata
824 2821 1115 2891 leguntur,
1165 2825 1265 2875 aut
1293 2821 1612 2876 necessaria
1657 2837 1855 2876 eorum
1902 2836 2037 2874 con-

2159 445 2300 499 tiam
2347 446 2817 517 complectantur.
2867 446 3127 517 Exempli
3169 463 3332 502 causa
3388 453 3508 522 quis
3568 472 3668 513 non
3721 463 3781 516 vi-

2162 533 2257 587 det
2286 533 2614 599 εἰρηνοποιοὺς
2645 533 2776 602 dici,
2821 534 2957 589 belli
3000 534 3362 607 rixarumque
3401 545 3454 593 et
3494 541 3663 599 litium
3689 564 3785 603 om-

2162 619 2323 672 nium
2363 621 2595 673 osores?
2636 621 2817 685 Quam
2867 620 2927 674 in
2976 637 3099 675 rem
3146 622 3324 676 multa
3365 625 3714 694 pulcherrima
3743 642 3794 691 et

2160 707 2536 762 saluberrima
2583 707 2697 762 dici
2746 713 3050 779 poterant;
3102 726 3232 781 qua
3277 711 3384 765 dici
3438 724 3720 787 nequeunt,
3751 724 3791 777 si

2157 793 2314 848 illata
2363 794 2417 847 vi
2470 792 2602 848 usui
2650 794 2861 865 linguai
2904 796 3135 857 Graecas.
3180 795 3459 868 intelligas
3486 800 3550 855 de
3578 819 3698 873 pace
3732 809 3794 862 af-

2158 883 2428 938 fectuum.
2461 882 2570 938 Sed
2600 889 2794 938 noster
2821 889 3100 955 perpetuo
3150 890 3335 956 captat
3369 890 3643 958 generales
3682 894 3793 949 alle-

2157 971 2364 1043 gorias,
2415 987 2545 1042 quas
2586 987 2704 1025 non
2742 971 2930 1041 docto,
2983 973 3083 1027 sed
3139 972 3314 1027 cuivis
3351 975 3569 1046 loquaci
3606 995 3798 1051 semper

2159 1064 2292 1114 sunt
2318 1059 2381 1113 in
2400 1063 2695 1130 promptu,
2728 1060 2852 1115 sine
2884 1060 3254 1116 meditatione
3275 1062 3421 1129 ulla;
3444 1065 3651 1119 omissis
3673 1070 3796 1123 ethi-

2158 1148 2237 1201 cis
2265 1147 2648 1219 peculiaribus
2668 1148 2990 1220 praeceptis,
3032 1164 3163 1219 qua:
3209 1151 3475 1219 explicari
3500 1154 3683 1208 ordine
3707 1173 3800 1211 non

2158 1240 2421 1307 poterant
2472 1236 2593 1291 sine
2637 1237 2827 1292 studio
2880 1242 2937 1291 et
2978 1237 3193 1292 labore.
3241 1239 3518 1295 Putabant
3545 1243 3717 1314 vulgo,
3738 1245 3801 1316 ig-

2158 1323 2311 1378 naris
2337 1323 2449 1378 illis
2479 1326 2721 1391 saeculis,
2762 1325 3001 1398 majoris
3028 1342 3150 1381 esse
3178 1326 3399 1398 ingenii
3436 1327 3668 1383 incertas
3699 1333 3805 1386 alle-

2158 1412 2347 1484 gorias
2383 1412 2589 1480 ubivis,
2636 1412 2830 1467 invitis
2880 1413 3255 1483 grammatica
3298 1430 3364 1469 ac
3405 1415 3697 1481 dialectica,
3723 1436 3805 1473 au-

2158 1501 2376 1571 cupari,
2406 1517 2577 1572 quam
2610 1501 2977 1572 grammatice
3007 1507 3065 1556 et
3080 1501 3373 1557 dialectice
3395 1502 3721 1575 Scripturam
3742 1507 3809 1561 in-

2156 1589 2494 1660 terpretari;
2532 1594 2608 1656 at,
2639 1588 2686 1643 si
2714 1606 2913 1649 verum
2944 1606 3223 1658 amamus,
3255 1592 3438 1645 multo
3469 1592 3692 1647 minoris
3724 1595 3811 1649 fuit

2157 1677 2375 1749 ingenii
2412 1678 2674 1733 futilibus
2702 1679 3046 1750 conjecturis
3075 1676 3378 1742 ἀεροὸατεῖν,
3407 1696 3576 1752 quam
3621 1682 3810 1736 linem.

2157 1767 2268 1822 lem
2299 1783 2528 1822 sensum
2574 1766 2820 1839 aperire,
2852 1772 3024 1840 atque
3071 1784 3140 1822 ex
3171 1783 3239 1823 eo
3285 1768 3367 1822 ita
3401 1768 3733 1839 ratiocinari,
3763 1776 3810 1823 ut

2155 1853 2300 1908 nihil
2332 1854 2441 1908 nisi
2471 1871 2504 1909 a
2540 1855 2929 1925 pertinacibus
2968 1855 3167 1926 negari
3199 1862 3413 1926 queat;
3449 1873 3521 1911 ne
3549 1857 3715 1911 dicam
3737 1858 3811 1927 ju-

2154 1940 2288 1995 dicii
2315 1942 2422 1997 hoc
2450 1958 2574 1997 esse
2603 1944 2784 1998 multo
2815 1943 3067 2014 majoris,
3093 1959 3227 1998 cum
3257 1945 3503 1999 alterum
3530 1944 3666 2001 illud
3699 1944 3817 1999 nihil

2153 2030 2226 2084 sit
2254 2030 2367 2085 nisi
2408 2031 2469 2085 in
2510 2047 2571 2086 re
2612 2032 2761 2087 seria
2798 2032 3090 2104 nugantis.
3127 2032 3511 2088 Conferantur
3536 2050 3659 2088 cum
3688 2033 3815 2087 hisce

2152 2119 2581 2189 Augustinianis
2628 2136 2758 2192 quae
2803 2119 2870 2175 ad
2911 2136 3035 2191 cap.
3081 2121 3277 2175 Matth.
3317 2138 3371 2189 v,
3405 2139 3461 2177 γι
3489 2126 3545 2177 et
3563 2139 3649 2187 vn,
3677 2122 3818 2176 habet

2153 2207 2314 2278 Hngo
2357 2208 2583 2263 Grotius
2632 2209 2688 2263 in
2713 2208 3202 2276 adnotationibus,
3242 2213 3349 2264 aut
3379 2210 3647 2264 Henricus
3684 2211 3818 2264 Ham-

2150 2296 2396 2350 mondus
2420 2295 2480 2350 in
2520 2296 2875 2351 Catechismo
2918 2297 3192 2368 practice,
3241 2302 3302 2353 et
3347 2298 3593 2369 liquebit
3628 2302 3819 2352 tantum

2150 2399 2270 2437 esse
2299 2383 2451 2438 inter
2470 2383 2973 2456 interpretationes
3004 2385 3342 2456 allegoricas
3369 2390 3428 2441 et
3465 2402 3621 2440 veras
3655 2385 3821 2441 discri-

2151 2484 2303 2532 men,
2337 2475 2617 2541 quantum
2640 2478 2725 2528 est
2755 2474 2907 2528 inter
2926 2473 3345 2531 somniantium
3389 2479 3447 2530 et
3492 2474 3819 2545 vigilantium

2149 2558 2639 2615 ratiocinationes.

2221 2646 2357 2717 Cap.
2407 2650 2458 2715 9,
2506 2647 2534 2719 §
2582 2652 2672 2704 23.
2713 2651 2886 2705 Unum
2934 2655 3112 2705 autem
3172 2651 3260 2705 hic
3308 2651 3533 2705 verbum
3579 2649 3823 2704 obscurum

2142 2737 2384 2802 positum
2413 2740 2510 2803 est,
2543 2738 2675 2805 quia
2702 2753 2796 2792 nec
2834 2738 3076 2794 Graecum
3106 2753 3206 2792 nec
3252 2739 3519 2792 Latinum
3546 2741 3622 2792 est
3666 2736 3824 2801 racha,

2147 2826 2337 2876 caetera
2357 2838 2480 2878 vero
2506 2826 2564 2877 in
2591 2840 2828 2879 sermone
2856 2830 3039 2881 nostro
3067 2827 3282 2880 usitata
3330 2822 3528 2896 sunt..]
3565 2824 3825 2879 Iudicium.

342 2909 617 2965 sectaria:
651 2909 1139 2980 quemadmodum
1158 2910 1311 2981 leges
1340 2909 1400 2964 in
1422 2910 1715 2981 republica
1731 2909 2032 2976 habentur,
2069 2919 2108 2975 ο
2133 2913 2204 2969 ει
2247 2912 2546 2978 consilium,
2598 2929 2728 2983 quae
2769 2913 2875 2968 hoc
2917 2914 3041 2967 loco
3075 2913 3281 2970 Matth.
3339 2930 3394 2981 v,
3419 2913 3817 2993 22,'habentur.

344 2999 552 3072 quibus
581 2997 790 3053 diserte
816 2997 1113 3068 quidpiam
1140 2998 1475 3070 praecipitur
1498 3002 1599 3053 aut
1639 3003 1898 3065 vetatur;
1939 3002 2039 3051 aut

343 3103 474 3158 quas
500 3102 567 3140 ex
595 3085 709 3139 illis
740 3085 817 3139 ita
846 3085 1052 3151 ﬂuunt,
1086 3094 1166 3149 ut,
1199 3086 1397 3156 positis
1428 3086 1670 3157 legibus,
1717 3085 2035 3140 necessario

343 3176 674 3245 sequantur.
726 3173 850 3227 Uno
904 3173 1077 3227 verbo
1119 3189 1185 3227 ea
1225 3174 1457 3228 demum
1508 3173 1868 3245 suscipienda
1903 3177 2037 3228 sunt

344 3261 509 3334 quasi
538 3260 809 3316 divinitus
825 3261 1074 3315 revelata
1096 3277 1224 3332 quae
1251 3278 1319 3315 ex
1348 3261 1674 3333 cognitione
1690 3261 1902 3332 linguas
1924 3277 2036 3331 qua

341 3354 616 3419 concepta
643 3351 727 3403 est
764 3347 1051 3416 revelatio,
1095 3365 1378 3421 sensuque
1423 3349 1736 3416 communi,
1776 3347 1881 3402 toti
1927 3348 2035 3401 hu-

341 3454 516 3493 mano
555 3436 774 3508 generi,
804 3436 1178 3507 grammatica
1199 3442 1263 3492 ut
1288 3438 1369 3491 ita
1399 3438 1620 3507 loquar,
1653 3452 1718 3491 ac
1747 3436 2039 3491 dialectica

338 3525 672 3579 necessitate
714 3524 1102 3595 colliguntur;
1161 3525 1240 3579 ita
1283 3532 1349 3579 ut
1379 3525 1500 3580 sine
1529 3525 1843 3596 pertinacia
1879 3524 2038 3595 rejici

341 3618 649 3685 nequeant.
706 3614 869 3678 Quod
918 3630 1145 3684 semper
1182 3614 1309 3668 fieri
1349 3614 1537 3682 debet,
1589 3630 1721 3668 cum
1769 3618 1834 3668 ut
1872 3613 2037 3668 nobis

338 3701 471 3774 ipsi,
507 3707 631 3756 tum
678 3701 849 3757 etiam
899 3705 959 3756 ut
986 3702 1314 3768 incredulis,
1348 3701 1561 3774 alioqui
1587 3701 1876 3756 licentiam
1904 3717 2035 3756 con-

331 3790 585 3860 jectandi
606 3790 812 3845 merito
841 3790 1115 3857 irrisuris,
1145 3790 1594 3858 satisfaciamus;
1627 3789 1737 3844 nisi
1762 3790 1902 3844 forte
1946 3790 2034 3843 in-

335 3878 582 3946 terdum,
634 3893 765 3932 cum
813 3877 978 3931 nobis
1020 3894 1112 3933 res
1156 3883 1241 3933 est
1283 3895 1413 3933 cum
1457 3878 1846 3949 pertinacibus
1887 3894 2035 3948 prae-

336 3965 741 4037 conceptisque
809 3965 1175 4037 opinionibus
1232 3966 1528 4021 mordicus’
1585 3966 2031 4032 adhaerentibus,

338 4051 838 4118 argumentatione
886 4052 961 4105 ad
1020 4054 1283 4107 hominem
1338 4059 1612 4121 utamur;
1660 4053 1827 4108 sicuti
1884 4053 2032 4108 fece-

338 4141 475 4192 runt
498 4140 742 4208 apostoli
772 4156 901 4195 cum
950 4140 1063 4195 illis
1107 4157 1198 4195 res
1228 4146 1378 4197 esset
1409 4158 1539 4196 cum
1566 4141 1794 4209 Judaeis,
1828 4141 2034 4212 placita

335 4225 635 4282 doctorum
681 4230 871 4299 potius
922 4246 1095 4301 quam
1145 4235 1357 4285 rectam
1399 4231 1679 4310 rationem
1712 4230 1909 4285 audire
1940 4248 2033 4286 as-

338 4313 535 4370 suetis.

696 4404 999 4461 EIUSDEM
1038 4405 1612 4461 ANIMADVERSION
1620 4407 1696 4462 ES

622 4507 678 4545 IN
702 4508 891 4546 LIBROS
911 4510 978 4546 DE
999 4510 1241 4547 SERMONE
1260 4509 1451 4547 DOMINI
1474 4511 1529 4548 IN
1551 4510 1746 4549 MONTE.

410 4577 578 4633 LlBltO
608 4596 647 4646 ι,
703 4596 827 4651 cap.
862 4583 916 4649 2,
950 4580 978 4651 ἓ
1028 4583 1079 4635 9.
1103 4581 1185 4635 Ad
1210 4582 1419 4636 verba:
1463 4581 1625 4637 Beati
1646 4583 1887 4654 paciﬁci.
1961 4585 2034 4639 In

333 4680 486 4735 pace,
542 4665 749 4738 inquit,
799 4670 1057 4738 perfectio
1104 4673 1201 4736 est,
1244 4672 1387 4724 nihil
1428 4676 1717 4740 repugnat,
1790 4677 1841 4727 et
1910 4672 2032 4728 ideo

333 4752 445 4824 ﬁlii
480 4754 589 4808 Dei
610 4758 847 4825 pacifici,
885 4759 1020 4826 quia
1056 4759 1201 4813 nihil
1225 4760 1431 4813 resistit
1458 4761 1577 4813 Deo.
1605 4761 1826 4829 Paciﬁci
1854 4766 2031 4817 autem

331 4843 393 4896 in
438 4846 737 4913 semetipsis
773 4850 900 4899 sunt
925 4847 1040 4914 qui,
1069 4861 1245 4901 omnes
1275 4848 1448 4901 animi
1475 4850 1564 4902 sui
1605 4853 1780 4904 metus
1819 4864 2030 4919 compo-

332 4935 516 4986 nentes
565 4936 616 4986 et
634 4932 979 5002 subjicientes
1021 4937 1245 5003 rationi,
1293 4936 1354 4989 id
1385 4939 1463 4990 est
1502 4939 1669 4990 menti
1688 4941 1737 4991 et
1774 4940 2028 5007 spiritui,

334 5010 683 5090 carnalesque
730 5024 1188 5091 concupiscentias
1241 5023 1494 5079 habentes
1554 5024 1837 5092 edomitus,
1892 5029 2030 5095 ﬁunt

333 5122 559 5174 regnum
579 5109 702 5177 Dei,
735 5116 841 5164 etc.
869 5109 892 5182 J
918 5111 1115 5165 Merito
1164 5112 1234 5167 ab
1276 5111 1441 5165 initio
1486 5112 1660 5182 hujus
1692 5113 1820 5167 libri
1844 5115 2026 5168 obser-

337 5194 491 5248 vavit
562 5198 934 5268 Augustinus,
1015 5198 1078 5252 in
1155 5199 1309 5252 hisce
1382 5199 1746 5253 sermonibus
1820 5198 2029 5253 Christi

336 5286 623 5349 praecepta
662 5298 783 5337 esse
831 5283 1027 5338 omnia
1073 5301 1203 5356 quae
1250 5285 1319 5338 ad
1372 5284 1797 5339 informandam
1853 5286 2026 5340 vitam

334 5366 646 5435 pertinent.
696 5371 804 5425 Sed
853 5373 1033 5426 miror
1070 5373 1342 5443 pleraque
1372 5372 1672 5442 allegorice
1712 5374 1781 5427 ab
1808 5391 1875 5427 co
1908 5391 2027 5430 esse

337 5446 637 5523 explicata,
696 5472 827 5511 cum
876 5459 952 5513 ad
1014 5461 1270 5526 litteram,
1367 5464 1432 5515 ut
1495 5459 1753 5531 loquitur
1809 5468 2024 5532 noster,

2144 3002 2279 3052 sunt
2308 2999 2542 3070 quidem
2585 3017 2747 3056 voces
2793 3001 3026 3068 Latinas,
3078 3002 3177 3057 sed
3227 3018 3384 3073 quas
3431 3007 3625 3056 tamen
3671 3000 3825 3054 bonus

2144 3087 2495 3156 Augustinus
2526 3104 2643 3142 non
2671 3088 2991 3156 intellexit;
3019 3089 3119 3160 qui
3158 3105 3229 3144 ne
3264 3089 3592 3159 suspicatus
3628 3086 3830 3159 quidem

2146 3177 2229 3227 est
2257 3174 2328 3229 ad
2362 3174 2626 3229 Judaicos
2666 3192 2856 3231 mores
2889 3177 3117 3247 respici,
3170 3181 3235 3232 ut
3284 3177 3533 3249 pulchre
3600 3175 3829 3231 ostende-

2147 3266 2283 3316 runt
2312 3264 2657 3319 recentiores
2687 3265 2887 3321 critici.

2216 3350 2357 3405 Ibid.
2404 3353 2665 3408 Nonnulli
2710 3359 2890 3409 autem
2947 3353 3014 3408 de
3063 3355 3255 3408 Greco
3319 3353 3541 3408 trahere
3586 3353 3834 3407 voluerunt

2144 3440 2636 3510 interpretationem
2662 3441 2825 3511 hujus
2852 3444 3016 3510 vocis,
3056 3445 3323 3510 putantes
3375 3456 3701 3512 pannosum
3743 3438 3836 3493 dici

2143 3526 2331 3595 racha,
2373 3532 2629 3597 quoniam
2675 3530 2851 3586 Graece
2897 3546 3121 3602 pannus
3153 3528 3307 3592 ῥάκος
3340 3530 3573 3596 dicitur;
3608 3547 3641 3584 a
3668 3529 3835 3598 quibus

2146 3619 2322 3670 tamen
2342 3632 2461 3671 cum
2491 3622 2755 3686 quaeritur
2769 3620 2864 3688 qui
2887 3620 3021 3690 (non
3058 3617 3212 3689 quid)
3248 3619 3482 3674 dicatur
3524 3619 3697 3675 Graece
3715 3631 3837 3688 pan-

2144 3718 2339 3772 nosus,
2372 3720 2478 3759 non
2521 3708 2845 3776 respondent
2885 3704 3123 3779 racha.]
3167 3707 3565 3763 Scribendnm
3597 3712 3681 3762 est
3704 3705 3836 3769 raha,

2144 3795 2200 3843 et
2246 3793 2434 3847 Graece
2467 3793 2613 3862 ρακαι,
2648 3812 2751 3866 per
2793 3796 2994 3866 kappa,
3042 3812 3162 3850 non
3208 3811 3323 3865 per
3343 3796 3459 3862 chi,
3483 3811 3620 3851 nam
3648 3797 3729 3849 est
3748 3791 3835 3861 Sy-

2143 3879 2292 3935 riace
2320 3892 2436 3968 κρπ
2477 3884 2614 3937 raka
2657 3900 2761 3954 per
2817 3885 2972 3954 koph,
3033 3883 3126 3938 cui
3168 3884 3502 3953 respondet
3541 3882 3754 3954 origine
3796 3881 3841 3930 et

2143 3984 2282 4023 sono
2308 3976 2364 4023 τὸ
2397 3971 2597 4041 kappa.
2636 3972 2745 4026 Nec
2770 3972 2871 4043 qui
2896 3988 3133 4043 pravam
3165 3972 3325 4026 hanc
3357 3972 3619 4026 Graecam
3648 3974 3837 4041 etymo-

2142 4056 2355 4127 logiam
2413 4058 2801 4128 proferebant,
2858 4058 3191 4113 retulissent
3247 4062 3327 4117 ad
3398 4059 3569 4126 ῥάκος,
3603 4056 3836 4129 pannum,

2144 4146 2242 4199 sed
2291 4145 2358 4199 ad
2411 4145 2576 4210 ῥάκος,
2627 4146 2781 4201 unde
2825 4146 3076 4211 ῥαχίστης,
3124 4149 3397 4217 proditus
3478 4149 3687 4204 nebulo.
3747 4139 3837 4197 Sed

2144 4238 2297 4288 recte
2326 4233 2457 4288 fecit
2497 4236 2846 4308 Augustinus
2885 4237 3041 4309 quod
3083 4236 3154 4291 ad
3206 4238 3567 4294 Hebraicam
3605 4236 3841 4305 linguam

2144 4320 2482 4392 confugerit.

2213 4410 2555 4465 Probabilius
2585 4416 2832 4479 estergo,
2867 4411 3077 4484 inquit,
3112 4414 3262 4484 quod
3286 4416 3498 4471 audivi
3547 4430 3586 4469 a
3634 4407 3845 4483 quodam

2143 4498 2382 4565 Hebraeo,
2409 4514 2528 4553 cum
2551 4499 2611 4552 id
2646 4501 3092 4569 interrogassem;
3145 4502 3299 4558 dixit
3340 4506 3496 4558 enim
3534 4516 3646 4557 esse
3692 4509 3845 4552 vocem

2143 4602 2248 4641 non
2271 4589 2662 4657 signiﬁcantem
2683 4589 2917 4657 aliquid,
2940 4589 3037 4645 sed
3053 4590 3413 4658 indignantis
3458 4590 3641 4646 animi
3669 4588 3846 4641 motum

2142 4676 2543 4744 exprimentem.
2577 4678 2688 4730 Has
2709 4678 3101 4746 interjectiones
3120 4683 3495 4746 grammatici
3513 4680 3707 4733 vocant
3720 4687 3844 4743 par-

2144 4762 2338 4817 ticulas
2366 4765 2632 4817 orationis
2659 4762 3035 4834 significantes
3062 4768 3319 4820 commoti
3340 4768 3529 4821 animi
3572 4750 3841 4833 aﬁ‘ectum:

2140 4851 2285 4903 telut
2308 4865 2429 4904 cum
2455 4850 2661 4906 dicitur
2692 4867 2727 4905 a
2754 4851 2978 4915 dolente,
3013 4852 3114 4905 heu
3136 4856 3157 4906 .'
3178 4854 3263 4906 vel
3296 4854 3372 4908 ub
3398 4858 3693 4919 irascente,
3723 4848 3852 4903 hem!

2142 4937 2267 5002 Quae
2298 4952 2446 4992 voces
2477 4954 2815 5007 quarumque
2840 4940 3154 5007 linguarum
3194 4945 3333 4995 sunt
3368 4944 3646 5012 propriae,
3694 4952 3780 4991 nec
3805 4937 3852 4986 in

2141 5025 2308 5079 aliam
2334 5026 2577 5094 linguam
2611 5027 2777 5093 facile
2809 5030 3253 5094 transferuntur:
3303 5045 3436 5098 quae
3477 5045 3651 5085 causa
3690 5028 3858 5093 utitu

2139 5116 2311 5185 coegit
2342 5121 2454 5167 tam
2476 5115 2714 5170 Gracum
2739 5115 3083 5185 interpretem
3129 5114 3289 5188 (quia
3324 5118 3643 5172 Matthaaus
3689 5111 3858 5167 crede-

2139 5201 2308 5256 batur
2342 5202 2610 5256 Hebraice
2661 5202 2975 5274 scripsisse)
3024 5220 3187 5273 quam
3234 5205 3543 5275 Latinum,
3576 5220 3751 5261 vocem
3778 5202 3861 5268 ip-

2138 5305 2255 5344 sum
2275 5305 2492 5360 ponere,
2523 5307 2643 5345 cum
2675 5292 2935 5360 quomodo
2974 5308 3091 5347 eam
3131 5295 3615 5363 interpretaretur
3663 5306 3765 5345 non
3790 5290 3861 5340 in-

2138 5375 2388 5450 veniret]
2418 5379 2628 5433 Vereor
2650 5385 2712 5434 ut
2740 5380 2877 5435 satis
2907 5387 3058 5436 recte
3109 5380 3351 5435 intellex
3364 5383 3485 5437 erit
3514 5379 3862 5452 Augustinus

2138 5466 2275 5537 quid
2307 5466 2417 5520 sibi
2444 5466 2863 5524 velletludasus
2893 5468 3008 5524 ille.
3043 5469 3203 5524 Certe
3233 5467 3287 5522 si
3317 5469 3571 5525 Iudaeus
3600 5464 3861 5523 Hebraice
