3890 6186
126 294 191 344 36!

118 409 345 480 acSyriace
369 406 532 471 scivit,
554 424 672 461 non
718 408 907 478 potuit
950 410 1137 464 dicere
1161 422 1275 498 κρπ
1304 414 1441 467 raka
1470 430 1589 469 esse
1620 415 1705 468 in-
1746 416 1787 469 A

120 498 415 569 terjectionem
456 495 821 565 indignantis,
867 498 1024 551 nulla
1054 495 1212 553 enim
1239 505 1324 555 est
1360 502 1487 556 talis
1518 502 1701 557 inter-

116 589 228 658 jectio
262 586 307 639 in
348 584 410 637 iis
453 584 697 653 linguis;
747 585 844 639 sed
884 596 1022 672 Npﬁ
1057 588 1207 655 reka,
1243 594 1304 643 ut
1342 590 1595 644 scribunt
1638 608 1702 645 ac

120 673 397 747 pronuntiant
443 671 791 739 thalmudici,
836 671 935 727 aut
970 686 1084 761 ΝῙΣἿ
1124 677 1280 743 raka,
1324 682 1387 731 ut
1427 678 1574 748 Syri,
1620 683 1703 731 est

110 762 369 823 com-icium;
428 761 573 831 quod
634 777 747 815 non
788 763 863 815 ita
922 762 1083 817 facile
1127 764 1186 817 in
1219 766 1390 819 aliam
1442 768 1701 837 linguam

107 850 469 913 transfundatur,
522 850 685 903 sicuti
735 867 838 904 nec
868 851 1109 906 aliarum
1153 854 1481 924 linguarum
1512 857 1702 910 convi-

103 942 171 993 cia.
196 939 323 1002 Quod
353 944 482 1008 puto
506 939 721 992 dictum
752 940 973 993 fuissea
1000 942 1197 995 Judaeo
1230 944 1570 1011 Augustino,
1603 946 1700 1015 qui

102 1045 175 1080 non
212 1034 461 1079 assecutus
504 1032 587 1080 est
636 1029 787 1097 quod
818 1029 1061 1083 volebat.
1105 1030 1160 1083 Si
1205 1032 1517 1086 scribamus
1562 1044 1700 1118 N131

99 1113 193 1169 rcta,
220 1112 304 1165 hac
347 1130 471 1166 voce
511 1114 935 1183 signiﬁcabatur
976 1117 1147 1171 homo
1197 1135 1396 1173 vacuus
1427 1112 1702 1188 sapientia

100 1217 137 1253 ac
154 1203 331 1267 virtute,
384 1218 511 1255 nam
564 1203 725 1290 radix
755 1214 893 1288 μηδ-ι
927 1206 1077 1259 herik
1117 1211 1201 1259 est
1238 1210 1557 1273 evacuabit;
1600 1224 1701 1263 nec

101 1294 152 1341 est
182 1290 554 1344 contumeliosa
584 1308 689 1344 vox
720 1293 910 1346 Graeca
953 1300 1049 1347 aut
1082 1294 1279 1347 Latina
1304 1312 1417 1364 qua
1448 1296 1555 1349 hoc
1603 1314 1697 1350 ex-

95 1377 318 1445 primatur.
351 1378 405 1431 Si
434 1394 565 1431 vero
608 1380 919 1433 scribamus
949 1393 1062 1466 κρῆ
1086 1383 1241 1447 raka,
1288 1382 1397 1435 erit
1438 1399 1471 1435 a
1509 1383 1699 1453 Syria-

93 1480 131 1515 ca
151 1465 299 1517 radice
325 1476 431 1549 iam
463 1468 618 1534 ralia,
665 1485 791 1537 quin
820 1473 905 1521 est
956 1474 1195 1538 sputare,
1239 1470 1697 1541 signiticabitque

93 1553 306 1606 hominem
360 1556 594 1625 dignum
639 1558 737 1626 qui
769 1562 1135 1627 conspuatur.
1183 1560 1365 1622 Quam
1411 1560 1695 1628 originem

90 1642 227 1709 probat
260 1643 571 1698 Edmondus
603 1646 894 1711 Castellus,
932 1646 988 1699 in
1020 1646 1217 1700 Lexico
1246 1648 1584 1717 polyglotto,
1613 1649 1693 1702 af-

88 1728 243 1799 lertque
277 1731 448 1785 obiter
492 1734 948 1803 Theopliylactus
992 1734 1049 1788 in
1093 1736 1243 1789 hunc
1290 1736 1475 1790 locum
1520 1753 1532 1791 :
1576 1739 1698 1793 τινὲς

88 1816 117 1861 ἑὲ
147 1820 187 1863 τὸ
223 1820 347 1864 Ῥάκι
396 1824 595 1883 Συριστὶ
649 1822 987 1870 κατάπτυστόν
1040 1839 1155 1885 φασι
1215 1822 1467 1885 σημαίνειν
1528 1839 1539 1871 :
1582 1829 1703 1893 qui-

86 1906 281 1961 domrero
312 1909 459 1963 Raka
509 1912 733 1977 Syriace
762 1914 917 1965 aiunt
969 1911 1283 1980 significare
1314 1912 1700 1982 despumatum.

85 1994 157 2047 Sed
198 2012 293 2050 non
341 2002 473 2067 puto
530 2000 868 2047 κατάπτυστον
910 2000 1120 2054 dictum
1174 2000 1375 2054 eodem
1423 2018 1590 2055 sensu
1644 2018 1705 2056 ac

84 2082 185 2136 Buta
202 2101 211 2149 ;
229 2101 345 2139 nam
366 2088 561 2139 Crines
580 2104 679 2140 vox
702 2088 1141 2155 abominandum,
1166 2088 1498 2159 fugiendum
1522 2095 1704 2143 trans-

82 2171 207 2225 latitio
246 2191 400 2228 sensu
447 2182 637 2241 sonat,
686 2177 954 2230 llebraica
1000 2193 1129 2231 vero
1175 2193 1277 2230 vox
1332 2184 1703 2232 contemnen-

86 2258 194 2312 dum.
238 2262 402 2315 Priori
457 2264 761 2318 allatarum
821 2266 943 2334 ejus
1000 2265 1290 2335 originum
1365 2266 1515 2320 favet
1569 2284 1703 2319 usus

82 2348 505 2419 thalmudicorum,
564 2354 865 2422 posteriori
911 2354 1154 2423 prolatio
1206 2354 1329 2423 ipsa
1373 2355 1541 2409 vocis.
1594 2356 1701 2410 Sed

82 2435 290 2505 quidquid
336 2439 387 2491 id
443 2444 552 2506 est,
586 2439 744 2493 Raka
802 2457 919 2493 non
967 2446 1049 2494 est
1089 2442 1427 2512 interjectio.
1474 2443 1581 2497 Adi
1632 2444 1700 2497 ad

81 2523 333 2581 ltatthaeum
360 2528 522 2581 Joan.
559 2529 845 2595 Drusium,
880 2534 935 2582 et
965 2531 1109 2599 Hug.
1135 2530 1415 2584 Grotium.

123 2612 223 2681 Cap.
280 2618 355 2677 ll,
406 2613 433 2683 ξ
482 2616 575 2681 31,
631 2616 700 2669 ad
764 2616 953 2669 Matth.
995 2633 1047 2684 v,
1101 2621 1187 2671 25.
1239 2621 1365 2671 Esto
1388 2618 1702 2672 adrcrsario

1738 1695 1779 1750 Β

79 2701 133 2750 tuo
152 2700 416 2770 benevolus,
441 2702 578 2772 etc.)
630 2704 981 2773 Augustinus
1014 2706 1101 2758 liic
1136 2722 1437 2775 perperam
1470 2713 1702 2776 argutus

75 2786 257 2851 judicem
284 2790 694 2862 interpretatur
718 2793 991 2848 Christum
1022 2800 1077 2846 et
1098 2794 1482 2848 adversarium
1518 2800 1713 2863 Deum,»

79 2888 151 2942 quo
189 2876 312 2931 nihil
344 2879 649 2932 absurdius
676 2880 814 2949 tingi
852 2881 1055 2949 potuit.
1115 2882 1359 2951 Dignum
1402 2900 1535 2937 sane
1598 2885 1703 2937 hoc

74 2969 152 3015 erat
187 2971 488 3033 retractatu,
519 2972 586 3020 ut
628 2972 684 3020 et
704 2969 976 3038 pleraque
1017 2968 1128 3022 alia
1150 2987 1279 3039 quas
1325 2971 1415 3024 hic
1474 2972 1696 3025 haben-
1733 2973 1772 3027 C

73 3056 143 3115 tur,
165 3059 207 3106 et
232 3071 345 3125 quas
369 3057 480 3109 fere
548 3063 680 3111 sunt
718 3062 975 3111 contorta
1006 3063 1061 3112 et
1087 3059 1291 3112 aliena.
1336 3060 1526 3113 Satius
1557 3060 1696 3114 fuis-

74 3144 123 3190 set
158 3144 436 3212 Augustino
466 3145 689 3199 diutius
729 3150 915 3199 tacere
949 3162 1120 3217 quam
1167 3148 1341 3201 cruda
1376 3147 1562 3201 studia
1588 3163 1693 3216 pu-

74 3224 215 3283 blicam
260 3233 433 3286 lucem
482 3233 846 3304 protrudere.
901 3236 1030 3288 Erat
1080 3235 1233 3288 enim
1302 3239 1524 3289 tantum
1564 3252 1695 3305 pre-

74 3316 220 3383 ‘hyter,
250 3336 369 3374 cum
408 3323 521 3375 hoc
573 3339 715 3392 opus
743 3321 943 3385 edidit,
998 3339 1101 3376 nec
1146 3322 1220 3376 ita
1254 3322 1481 3393 pridem
1532 3324 1695 3376 theo-

76 3404 184 3472 logia
242 3410 568 3464 Christianae
636 3416 690 3465 et
754 3410 1174 3482 Scripturarum
1223 3411 1408 3465 studio
1461 3428 1695 3481 operam

76 3491 253 3551 dederat.

119 3582 215 3652 Cap.
248 3590 371 3653 t6,§
424 3592 516 3643 50.
554 3588 875 3655 Acyndinus
914 3594 1038 3643 tunc
1063 3590 1371 3657 praefectus,
1404 3589 1500 3655 qui
1534 3590 1697 3641 etiam

77 3674 197 3723 consul
232 3676 351 3739 fuit,
418 3673 563 3746 δια]
612 3676 858 3746 Insignis
888 3680 971 3729 est
1019 3676 1270 3742 historia,
1306 3681 1362 3729 et
1413 3692 1525 3745 qua
1573 3692 1694 3729 sar-

77 3756 138 3809 ciri
160 3761 485 3832 aliquatenus
520 3764 698 3834 possit
712 3765 933 3834 jactura
954 3762 1247 3833 temporis,
1272 3780 1401 3834 qum
1433 3766 1497 3817 tit
1526 3763 1581 3816 in
1614 3766 1695 3818 le-

77 3848 213 3911 gendis
260 3852 577 3923 allegoricis
650 3852 1221 3923 interpretationibus
1298 3853 1471 3923 hujus
1553 3870 1694 3923 opu-

77 3937 181 3988 sculi.

120 4022 244 4079 Lmae
284 4046 343 4085 ιι.
398 4032 544 4101 Cap.
584 4031 638 4087 2.
668 4028 695 4098 ξ
724 4032 774 4083 5.
827 4030 955 4085 Cum
1002 4028 1076 4082 ad
1122 4029 1416 4082 orationem
1467 4030 1692 4090 stamus,

76 4110 121 4161 ad
155 4114 380 4171 Orientem
429 4122 816 4184 convertimur,
874 4118 1015 4171 unde
1052 4118 1236 4171 cazlum
1299 4117 1499 4184 surgit,
1560 4112 1692 4185 ctc.]

79 4197 203 4255 Credo
228 4204 420 4261 factum
447 4213 515 4261 ut
538 4206 821 4260 contrario
845 4207 953 4259 ritu
976 4205 1185 4260 Iudaeis
1213 4208 1505 4258 uterentur
1531 4203 1689 4259 Chri-

75 4287 207 4344 stiani.
251 4294 643 4349 Sanctuarium
676 4295 849 4360 enim,
898 4294 959 4347 in
1008 4294 1221 4362 templo
1247 4293 1308 4346 in
1334 4291 1696 4362 lerosolymi-

77 4372 183 4441 iam),
230 4379 289 4432 ad
334 4382 696 4436 Occideutem
729 4380 1001 4451 spectavit
1030 4397 1043 4447 ;
1097 4397 1159 4434 ac
1190 4379 1431 4449 proinde
1461 4379 1531 4433 ad
1572 4394 1694 4432 eam

77 4462 161 4513 cali
192 4466 392 4537 plagam
448 4469 709 4523 conversi
758 4470 997 4523 orabant
1024 4467 1236 4524 Judaei.
1281 4468 1417 4522 Vide
1448 4471 1567 4522 not.
1628 4467 1693 4521 ad

81 4546 199 4604 Exod.
228 4571 360 4620 xxvi,
390 4561 523 4623 33,21
566 4559 779 4612 Joanne
822 4556 1053 4611 Clerico.

124 4637 222 4709 Cap.
248 4648 298 4708 Ἰ,
330 4643 355 4714 §
382 4650 471 4712 25,
508 4646 577 4700 de
606 4662 754 4715 pane
802 4645 1156 4716 quotidiano,
1184 4644 1241 4697 in
1287 4643 1544 4698 oratione
1596 4644 1702 4697 Do-

81 4724 244 4783 minica.
275 4735 431 4788 Panis
478 4735 832 4804 quotidianus
880 4739 976 4787 aut
999 4749 1100 4802 pro
1153 4733 1396 4787 omnibus
1425 4734 1490 4786 iis
1525 4732 1701 4785 dictus

80 4826 129 4865 ett
172 4834 266 4885 quae
309 4824 467 4892 hujus
509 4828 637 4879 vitae
700 4827 1066 4878 necessitatem
1112 4827 1543 4879 sustentant.....
1607 4826 1702 4875 aut

80 4916 146 4963 W0
171 4920 470 4967 sacramento
505 4916 743 4982 corporis
788 4914 1009 4979 Christi,
1044 4911 1188 4979 quod
1224 4911 1463 4979 quotidie
1493 4912 1703 4979 accipi-

81 4993 192 5063 mus]
238 5002 511 5067 Attamen,
565 5006 630 5055 ut
669 5002 750 5054 ait
794 5000 939 5069 §26,
976 5001 1203 5068 plurimi
1235 5002 1293 5053 in
1340 4999 1703 5054 Orientalibus

80 5083 263 5139 Partibus
308 5104 408 5143 non
450 5090 694 5158 quotidie
751 5092 928 5143 Cinnae
964 5089 1244 5143 dominicae
1291 5092 1699 5143 communicant.

89 5162 125 5216 in
155 5171 303 5227 Africa
332 5177 448 5246 jam
483 5195 516 5231 a
563 5178 921 5249 temporibus
969 5177 1237 5247 Cypriani
1285 5192 1351 5230 ea
1381 5176 1707 5230 obtinuerat

85 5265 378 5325 consuetudo.
420 5272 484 5320 ut
512 5267 692 5336 liquet
729 5282 797 5320 ex
832 5266 954 5335 ejus
993 5266 1137 5319 libro
1170 5265 1225 5318 in
1250 5263 1568 5318 orationem
1601 5264 1705 5317 do-

86 5342 321 5404 nlinicam:
367 5355 766 5407 Eucharistiam
792 5352 1033 5422 quotidie
1079 5352 1153 5406 ad
1180 5353 1356 5406 cibum
1380 5352 1574 5405 salutis
1613 5367 1698 5405 ac-

90 5430 271 5495 cipimus.
294 5440 371 5494 Ad
402 5458 573 5511 quem
612 5443 802 5497 locum
829 5442 955 5497 vide
1011 5442 1176 5497 Joan.
1236 5440 1454 5496 Fellum
1484 5438 1704 5510 episco-

88 5527 181 5580 Puln
201 5523 573 5586 Oxoniensem.

380 5646 646 5713 PATROL.
701 5647 891 5713 XLVI
905 5648 947 5710 l.

1733 4248 1775 4301 D

824 286 1178 343 VAlthRUM
1224 289 1821 348 EXERCITATIONES
1861 293 1927 348 IN
1967 293 2020 348 S.
2063 292 2430 349 AUGUSTINI
2468 291 2718 348 OPERA.

3414 299 3517 352 302

2338 417 2994 472 ANIMADVERSIONES

2095 523 2146 559 IN
2182 522 2368 559 LIBROS
2398 521 2756 565 QUIESTIONUH
2790 522 3229 562 EVANGELIORUM.

1883 593 2047 647 Lrano
2081 611 2117 647 ι.
2147 595 2357 657 Quasst.
2409 598 2460 647 2.
2508 596 2663 659 Quod
2687 596 2946 663 discipuli
2982 599 3193 650 Domini
3221 605 3513 669 coeperunt

1809 682 2014 735 vellere
2047 682 2228 751 spicas
2259 686 2313 734 et
2336 683 2709 749 manducare;
2736 684 2879 750 quod
2900 687 3010 736 nisi
3034 688 3396 752 confricantes
3417 703 3505 741 eas

1808 772 1986 835 facere
2018 785 2123 823 non
2146 775 2380 838 possent.
2435 772 2566 824 Hinc
2596 776 2691 837 est,
2739 772 3073 826 mortiﬁcata
3108 775 3364 827 membra
3411 792 3510 828 ve-

1810 861 1924 909 stra
1948 872 2118 925 super
2148 863 2360 911 terram
2388 876 2401 923 ;
2437 858 2495 910 id
2528 864 2624 922 est,
2672 862 2805 926 quia
2835 862 3061 928 quisque
3086 877 3193 913 non
3223 866 3422 916 transit
3454 866 3507 918 in

1808 960 1999 1013 corpus
2024 946 2254 1011 Christi,
2284 946 2395 997 nisi
2437 946 2746 998 carnalibus
2777 948 3108 1014 exspoliutus
3150 952 3320 1014 fuerit
3348 951 3511 1003 indu-

1807 1033 2056 1101 mentis.]
2086 1034 2245 1085 Tales
2280 1038 2413 1086 sunt
2444 1034 2727 1103 pleneque
2760 1036 3127 1103 quaestiones,
3162 1037 3313 1090 unde
3346 1038 3511 1091 intel-

1808 1119 1984 1188 ligere
2020 1119 2147 1172 licet
2177 1120 2351 1172 tinem
2379 1119 2687 1189 Augustini
2729 1119 2786 1172 in
2818 1120 2967 1173 liisce
3000 1121 3159 1174 libris
3197 1139 3310 1176 non
3345 1124 3512 1177 fuisse

1807 1206 2235 1276 inquisitionem
2285 1207 2401 1261 veri
2428 1224 2643 1271 sensus,
2678 1208 2771 1260 sed
2804 1210 3328 1264 commentitiarum
3374 1214 3509 1267 alle-

1807 1294 2120 1362 goriarum,
2156 1296 2223 1347 ad
2257 1312 2397 1365 quas
2457 1295 2619 1347 inviti
2672 1296 3033 1361 evangelista:
3082 1301 3505 1367 torquerentur.

1808 1383 1850 1437 Ο
1890 1384 2110 1437 cerebri
2125 1383 2341 1438 felices!
2381 1384 2480 1454 qui
2510 1383 2570 1436 in
2600 1389 2714 1437 tam
2738 1384 2952 1437 levibus
2982 1385 3219 1454 argutiis
3249 1387 3507 1457 acquies-

1808 1470 2034 1523 cebant.

1880 1559 2045 1613 Linno
2102 1576 2158 1612 ιι.
2219 1560 2435 1622 Qumst.
2498 1561 2583 1625 38,
2621 1558 2647 1627 ἕ
2681 1562 2731 1613 3.
2767 1560 3094 1627 Quanquam
3142 1562 3240 1614 illa
3284 1564 3515 1631 receptio

1814 1646 1892 1716 (in
1943 1648 2313 1701 tabernacula
2344 1652 2579 1709 aeterna,
2636 1648 2764 1700 Luc.
2798 1664 2917 1713 xvr,
2983 1648 3087 1714 19.)
3119 1654 3301 1702 utrum
3331 1653 3514 1703 statim

1809 1738 1933 1803 post
1982 1736 2143 1787 istam
2173 1736 2339 1787 vitam
2393 1738 2510 1803 ﬁat,
2564 1750 2635 1788 an
2676 1737 2733 1787 in
2756 1734 2863 1804 ﬁne
2914 1737 3113 1798 saeculi,
3164 1739 3221 1788 in
3268 1752 3513 1790 resurre-

1813 1824 1983 1876 ctione
2037 1828 2388 1887 mortuorum,
2440 1826 2601 1890 atque
2652 1824 2845 1876 ultima
2894 1824 3246 1878 retributione
3288 1825 3510 1893 judicii,

1810 1926 1915 1964 non
1958 1913 2185 1965 minima
2235 1912 2454 1979 quwstio
2496 1910 2616 1979 est]
2652 1910 2852 1980 Digna,
2887 1912 2990 1964 hac
3013 1911 3081 1964 de
3127 1928 3203 1971 re.
3248 1912 3390 1965 lecta
3429 1918 3513 1965 est

1813 2000 2134 2053 dissertatio
2184 1999 2291 2052 viri
2348 1998 2661 2053 doctissimi
2707 1998 2972 2051 Ludovici
3022 2000 3295 2069 Cappelli,
3336 2017 3510 2070 quam

1811 2086 2102 2157 inscripsit
2158 2088 2511 2141 Mortuorum
2554 2086 2754 2140 Vitam.
2807 2088 2964 2140 Edita
3012 2088 3181 2141 estin
3243 2090 3509 2159 operibus

1812 2176 1935 2245 ejus
2011 2174 2218 2229 criticis
2295 2191 2423 2247 qua!
2496 2174 2833 2245 prodierunt
2887 2177 3298 2231 Amstelodami
3354 2194 3506 2232 anno

1820 2266 1973 2317 1689.

1882 2352 2090 2415 Quaest.
2128 2354 2214 2405 5t.
2247 2353 2361 2407 Non
2400 2366 2550 2405 omne
2579 2351 2724 2419 quod
2758 2353 3013 2419 ﬁngimus
3054 2352 3388 2407 mendacium
3408 2358 3503 2420 est,

1811 2440 2063 2509 quando,
2086 2456 2314 2509 nempe,
2351 2457 2453 2509 pro
2471 2456 2599 2493 vero
2632 2440 2687 2493 id
2717 2456 2833 2492 non
2855 2440 3117 2495 dicimus.
3150 2442 3254 2494 Sed
3285 2443 3503 2509 quando

1817 2526 2025 2596 inquit,
2062 2528 2399 2597 idﬁngimus
2448 2528 2592 2596 quod
2621 2528 2762 2581 nihil
2789 2531 3076 2596 signiﬁcat,
3119 2533 3240 2583 tunc
3267 2534 3344 2583 est
3372 2546 3515 2583 men-

1810 2614 2044 2668 dacium.
2082 2617 2203 2669 Imo
2238 2615 2467 2685 quando
2500 2631 2695 2669 verum
2727 2630 2848 2668 esse
2879 2616 3121 2669 dicimus
3151 2618 3300 2686 quod
3342 2617 3508 2687 tingi-

1812 2721 1958 2759 mus.
1985 2704 2041 2759 Si
2073 2706 2201 2775 quis
2230 2705 2562 2776 parabolam
2611 2704 2931 2757 habendam
2982 2721 3102 2757 esse
3158 2706 3370 2759 diceret
3399 2722 3503 2776 pro

1810 2810 1942 2847 vera
1974 2794 2232 2861 historia,
2276 2793 2639 2846 mendacium
2688 2792 2919 2853 diceret,
2956 2809 3312 2863 quascunque
3343 2800 3506 2846 cente-

1810 2881 1976 2953 roqui
2008 2881 2348 2952 significatio
2375 2882 2521 2934 foret
2549 2880 2855 2950 parabolae.
2891 2880 2996 2933 Sed
3025 2887 3089 2933 ut
3122 2881 3306 2933 omnis
3337 2883 3509 2934 simu-

1809 2972 1942 3025 latio
1971 2988 2085 3025 non
2130 2976 2217 3027 est
2258 2970 2653 3040 vituperanda,
2689 2968 2871 3039 qualis
2919 2985 2985 3023 ea
3011 2973 3094 3023 est
3121 2970 3189 3023 de
3221 2987 3333 3041 qua
3366 2972 3496 3024 Luc.

1804 3075 1950 3125 xxxv,
1994 3062 2105 3113 28:
2159 3058 2237 3111 sic
2285 3058 2427 3112 forte
2460 3074 2561 3111 nec
2602 3073 2771 3110 omne
2820 3057 3213 3112 damnandum
3263 3058 3499 3113 menda-

1805 3148 1977 3202 cium.
2010 3148 2119 3203 Sed
2157 3147 2263 3201 hac
2318 3147 2387 3201 de
2420 3164 2480 3200 re
2529 3145 2817 3216 integrum
2872 3162 3013 3217 opus
3042 3146 3268 3218 scripsit
3316 3149 3504 3217 Augu-

1806 3236 2009 3290 stinus.

2252 3316 2255 3319 ’
2301 3323 2963 3378 ANIMADVERSIONES

2229 3429 2283 3466 IN
2332 3429 2632 3467 TRACTATUS
2702 3429 2755 3465 IN
2808 3428 3075 3467 JOANNEH.
3236 3460 3255 3469 ε

1873 3502 2135 3555 Tractatu
2196 3503 2246 3566 l,
2294 3504 2321 3567 §
2354 3504 2438 3568 l3,
2472 3501 2542 3554 ad
2586 3502 2747 3555 toan.
2783 3518 2819 3560 ι.
2854 3504 2903 3555 3.
2960 3500 3088 3556 Sine
3146 3502 3263 3569 ipso
3294 3502 3503 3567 factum

1803 3594 1880 3643 est
1930 3591 2092 3643 nihil.
2145 3590 2563 3659 Interpretatur
2590 3588 2945 3657 Augustinus
2976 3604 3304 3657 quaecunque
3334 3593 3501 3642 natu-

1802 3681 1995 3733 raliter
2023 3680 2177 3743 facta
2203 3684 2349 3742 sunt,
2396 3693 2721 3745 qurecunque
2745 3682 2869 3731 sunt
2916 3680 2972 3730 in
3004 3679 3289 3741 creaturis,
3323 3682 3505 3731 omnia

1803 3768 2016 3820 omnino
2048 3781 2166 3833 quae
2184 3767 2300 3833 ﬁma
2342 3767 2400 3817 in
2455 3766 2579 3817 coelo
2628 3768 2774 3824 sunt,
2829 3780 2946 3826 qua
2987 3765 3199 3829 fulgent
3255 3764 3502 3833 desuper,

1807 3870 1926 3921 quae
1964 3854 2195 3906 volitant
2239 3852 2337 3906 sub
2391 3852 2535 3915 ca'lo,
2568 3856 2618 3905 et
2668 3867 2785 3919 quae
2842 3856 3120 3904 morentur
3148 3853 3206 3903 in
3253 3853 3506 3904 universa

1804 3957 1985 3996 rerum
2009 3947 2295 3995 natura...
2336 3939 2402 3992 ab
2445 3940 2632 4003 angelo
2662 3954 2828 4007 usque
2865 3938 2938 3991 ad
2983 3938 3377 4007 vermiculum]
3410 3939 3505 3991 Ni-

1805 4029 1885 4083 hil
1910 4027 2097 4082 verius
2124 4046 2138 4093 ;
2169 4026 2267 4097 qui
2298 4026 2449 4080 enim
2467 4026 2718 4078 divinam
2747 4025 3165 4095 providentiam
3195 4026 3503 4095 negabant,

1807 4117 1981 4170 iidem
2035 4115 2308 4169 nolebant
2353 4113 2566 4167 insecta
2596 4130 2627 4166 a
2656 4114 2768 4166 Deo
2800 4113 2966 4166 facta.
3010 4113 3197 4167 Multis
3220 4114 3324 4166 hac
3355 4114 3422 4167 de
3446 4131 3505 4167 re

1805 4204 1936 4275 egit,
1973 4204 2033 4257 in
2064 4202 2215 4256 notis
2256 4202 2326 4256 ad
2373 4201 2526 4254 hunc
2556 4201 2765 4265 locum,
2807 4201 3051 4254 Joannes
3102 4200 3368 4267 Clericus,
3411 4217 3505 4254 ea-

1806 4310 1915 4364 que
1946 4291 2087 4345 dixit
2126 4290 2331 4361 quibus
2366 4289 2589 4360 possint
2617 4288 3034 4358 Augustiniana
3056 4287 3350 4343 illustrari.
3387 4289 3505 4342 Uti-

1806 4398 1939 4436 nam
1983 4378 2359 4450 Hipponensis
2415 4378 2708 4448 epicopus,
2759 4377 2945 4431 missis
2980 4377 3250 4430 omnibus
3283 4376 3507 4447 frigidis

1809 4468 2114 4539 allegoriis,
2146 4467 2467 4537 coactisque
2508 4466 3078 4536 interpretationibus
3100 4465 3308 4535 quibus
3333 4470 3509 4519 scatet

1808 4557 2088 4629 quidquid
2114 4557 2171 4610 in
2193 4556 2542 4627 Scripturam
2574 4555 2953 4621 elucubravit,
2992 4555 3133 4608 tales
3160 4570 3387 4624 semper
3420 4554 3510 4608 in-

1806 4646 2240 4716 terpretationes
2287 4644 2654 4715 protulisset!
2718 4645 2825 4697 Pro
2858 4643 3107 4714 querelis
3165 4647 3221 4695 et
3267 4643 3510 4712 castiga-

1806 4735 2081 4795 tionibus,
2116 4734 2312 4786 laudes
2338 4737 2393 4785 et
2422 4732 2734 4801 gratiarum
2764 4732 3018 4785 actiones
3048 4731 3141 4784 hic
3160 4731 3506 4801 legerentur.

1808 4822 2111 4877 Verissime
2142 4823 2200 4875 in
2230 4820 2257 4889 §
2294 4821 2355 4874 14
2413 4820 2692 4884 observat,
2726 4819 2774 4873 si
2807 4820 3187 4873 concedamus
3220 4834 3445 4871 muscas
3476 4833 3509 4870 a

1810 4914 1926 4966 Deo
1956 4927 2074 4964 non
2096 4925 2217 4963 esse
2246 4908 2439 4973 factas,
2481 4924 2582 4961 nos
2608 4922 2772 4977 posse
2825 4907 3037 4960 sensim
3072 4905 3275 4959 deduci
3306 4906 3376 4959 ad
3416 4920 3509 4958 ne-

1812 4998 2064 5069 gandum
2098 4997 2461 5066 elephantem
2515 4999 2683 5065 atque
2717 4995 3010 5049 hominem
3041 4993 3139 5047 Dei
3162 5009 3334 5064 opera
3364 5008 3505 5047 esse.

1814 5088 1884 5141 Ut
1908 5086 2063 5140 enim
2096 5083 2518 5153 gradatione'ex
2562 5082 2685 5152 ipso
2717 5082 3018 5151 desumpta
3065 5084 3214 5142 utor,
3242 5079 3288 5132 si
3318 5095 3511 5133 musca

1812 5174 1885 5230 sit
1913 5173 2183 5228 fortuitus
2205 5171 2408 5225 caloris
2449 5171 2615 5233 fetus,
2649 5169 2853 5240 quidni
2896 5174 2951 5223 et
2981 5170 3198 5221 locusta
3217 5166 3243 5220 τ
3272 5167 3328 5222 Si
3359 5167 3511 5221 locu-

1813 5267 1919 5329 sta,
1953 5260 2232 5333 quidniet
2280 5259 2564 5313 lacertas?
2614 5258 2669 5311 Si
2718 5258 2979 5324 lacertus,
3023 5254 3223 5325 quidni
3271 5254 3425 5310 avis?
3455 5255 3511 5309 Si

1815 5351 1951 5416 avis,
1985 5348 2186 5421 quidni
2246 5346 2462 5419 pecus?
2502 5346 2556 5401 Si
2582 5361 2774 5417 pecus,
2832 5343 3037 5415 quidni
3090 5342 3235 5398 bos?
3291 5343 3349 5398 Si
3388 5344 3509 5411 bos,

1816 5440 2019 5512 quidni
2046 5437 2277 5509 elephas
2303 5436 2330 5490 ‘l
2361 5436 2419 5491 Si
2475 5434 2724 5504 elephas,
2757 5432 2959 5503 quidni
2991 5432 3163 5486 homo
3193 5430 3221 5485 ?
3250 5434 3514 5487 Attamen

1817 5528 2009 5583 nescio
2051 5525 2343 5598 quomodo
2392 5523 2739 5593 Augustinus
2786 5521 3046 5575 concedit
3090 5536 3290 5577 vermes
3339 5521 3514 5591 (unde

3086 5644 3159 5702 12
