3890 6186
416 260 518 312 363
1416 250 1976 308 SUPPLEMENTUM
2018 251 2108 304 AD
2147 248 2377 305 OPERA
2417 251 2472 305 S.
2515 247 2906 304 AUGUSTINI.
3747 265 3824 317 364

412 379 642 449 muscas.)
700 394 768 433 em
817 377 1104 448 putredine
1147 377 1316 430 nasci.
1367 376 1490 429 Non
1528 374 1693 428 video
1729 372 1865 444 quid
1910 377 2097 444 posset
2132 375 2176 428 A
2213 377 2445 444 gmenta
2475 373 2630 428 avide
2661 375 2793 426 sunt
2838 374 3065 442 arrepta
3094 370 3166 425 ab
3194 369 3264 424 iis
3296 371 3390 442 qui
3426 375 3673 443 putabant
3698 381 3832 438 facile

411 467 762 538 respondere
808 464 1127 536 gradationi
1165 480 1232 517 ex
1264 463 1388 533 ipso
1423 463 1630 517 allatae.
1667 464 1873 522 Verum
1897 461 2107 515 hiTra-
2215 462 2634 517 admittendum
2673 461 2951 533 quidquid
3001 460 3184 514 facere
3231 461 3548 517 censebatur
3573 467 3637 520 ad
3659 472 3828 526 contir-

302 622 315 633 ο
412 562 596 612 ctatus
640 556 944 627 populares
985 557 1118 606 sunt
1153 552 1460 619 orationes,
1491 551 1647 622 quod
1678 567 1892 605 nomen
1919 551 2106 621 ipsum
2216 550 2527 604 mationem
2572 550 2906 605 Christianae
2962 549 3116 612 ﬁdei,
3151 565 3253 602 nec
3282 549 3541 605 curiosius
3579 571 3642 608 an
3668 573 3834 614 verum

412 645 694 700 ostendit:
740 643 946 714 quibus
1003 658 1189 711 neque
1241 641 1474 695 Joannis
1527 640 1720 704 verba,
1781 655 1971 710 neque
2023 654 2108 691 res
2217 644 2366 694 esset
2389 640 2858 710 expendendum:
2892 638 3043 692 unde
3063 642 3211 692 natae
3241 643 3371 691 sunt
3397 643 3684 698 innumerae
3707 645 3836 700 fabu.

410 735 560 805 ipsas
606 734 675 787 ad
720 731 990 785 amussim
1044 730 1474 800 interpretatur,
1534 729 1633 782 sed
1683 728 1818 781 dicit
1857 727 2006 796 quod
2047 727 2108 779 in
2215 729 2306 794 lae,
2335 732 2392 782 et
2419 727 2850 798 superstitiones
2873 727 3081 796 quibus
3112 726 3401 796 religionis
3442 729 3736 786 Christiana:
3758 752 3837 788 na-

411 827 664 876 mentem
703 819 984 872 veniebat.
1037 820 1234 889 Itaque
1291 818 1503 872 frustra
1530 817 1620 883 sit,
1645 817 1746 888 qui
1775 816 1911 869 hinc
1940 815 2107 886 quid-
2217 817 2330 871 tiva
2348 816 2714 886 pulchritudo
2736 832 2852 869 non
2873 831 3075 886 parum
3101 815 3395 869 obscurata
3415 822 3510 869 est.
3537 819 3688 872 Multo
3702 823 3842 876 satius

412 926 587 982 quam
616 907 885 979 exquisiti
915 911 1221 976 exspectet.
2217 906 2432 970 fuisset,
2487 905 2751 958 homines
2808 905 2876 958 de
2914 904 3150 958 veritate
3195 907 3253 958 et
3299 903 3574 959 divinitate
3617 907 3843 964 doctrina

481 1001 744 1052 Tractatu
780 1000 866 1060 26,
915 1011 1075 1049 num.
1122 999 1205 1049 Η.
1247 997 1443 1049 Panem
1483 995 1738 1048 caelestem
1783 992 2109 1061 spiritaliter
2217 992 2550 1047 Christianae
2581 991 2816 1045 minime
2837 990 3182 1057 dubitantes,
3207 990 3508 1046 abhorrere
3535 994 3598 1047 ab
3626 996 3841 1050 omnibus

407 1086 752 1151 manducate,
803 1086 1162 1138 innocentiam
1201 1084 1275 1137 ad
1323 1085 1498 1136 altare
1544 1085 1848 1151 apportate.
1888 1082 2109 1134 Peccata
2216 1080 2569 1151 argumentis
2619 1096 2736 1134 non
2768 1084 2989 1133 tantum
3037 1078 3210 1144 falsis,
3246 1078 3345 1132 sed
3387 1080 3550 1134 etiam
3577 1081 3764 1136 levibus
3793 1101 3841 1136 ac

405 1177 508 1230 etsi
543 1179 670 1228 sunt
717 1173 1056 1242 quotidiana,
1099 1171 1184 1225 vel
1225 1186 1329 1224 non
1361 1172 1471 1224 sint
1510 1169 1846 1238 mortifera]
1887 1171 1997 1223 Aut
2024 1163 2113 1222 vel
2215 1169 2486 1235 incertis;
2541 1169 2765 1222 veritati
2813 1168 2969 1222 enim
3025 1168 3328 1238 exploratae
3376 1169 3527 1222 nulla
3568 1175 3732 1239 potest
3751 1188 3842 1226 esse

405 1263 500 1318 hic
533 1263 780 1317 sumitur
809 1277 912 1331 pro
943 1262 1132 1314 saltem
1176 1264 1275 1313 aut
1315 1264 1400 1312 est
1435 1259 1730 1323 mendum,
1767 1258 2109 1327 legendum-
2216 1256 2541 1328 conjunctio
2564 1261 2663 1310 aut
2683 1273 2812 1310 cum
2840 1256 3271 1322 mendacio,aut
3299 1248 3428 1310 cum
3448 1257 3660 1311 incertis
3690 1275 3842 1313 rumo~

406 1368 518 1422 que
550 1351 695 1404 forte
725 1367 736 1405 :
770 1354 829 1403 at
860 1365 962 1404 non
999 1351 1108 1403 sint
1150 1349 1454 1416 mortifera,
1491 1347 1644 1418 quod
1688 1351 1888 1417 postea
1916 1351 2106 1400 muta-
2215 1345 2394 1408 ribus,
2446 1361 2575 1415 quin
2612 1360 2739 1398 eam
2787 1361 2905 1398 non
2958 1345 3222 1398 obscuret
3270 1349 3368 1398 aut
3417 1346 3583 1400 etiam
3620 1347 3845 1401 dedecore

407 1445 532 1494 tum
561 1439 620 1492 in
649 1443 764 1505 aut,
817 1437 1022 1491 deinde
1063 1437 1124 1490 in
1155 1438 1254 1490 vel.
1665 1469 1673 1482 ο
2216 1433 2438 1488 efficiat.
2469 1433 2604 1497 Quis
2635 1449 2748 1486 non
2795 1433 2969 1487 etiam
3001 1433 3336 1502 indignetur
3365 1433 3629 1487 incertam
3655 1435 3843 1500 famam,

2214 1525 2312 1575 aut
2342 1521 2514 1575 etiam
2545 1522 2762 1587 falsam,
2796 1538 2916 1575 non
2953 1521 3119 1575 aliter
3142 1523 3449 1576 admissam
3479 1522 3544 1575 ab
3575 1523 3847 1577 nominibus

2216 1608 2500 1680 religiosis
2555 1625 2618 1662 ac
2649 1610 2830 1679 ipsam
2889 1610 3177 1680 Evangelii
3215 1610 3513 1664 veritatem
3537 1613 3562 1664 ?
3601 1611 3722 1674 Quis
3759 1627 3848 1664 non

2216 1698 2550 1768 suspicetur,
2620 1714 2947 1768 quanquam
3016 1698 3253 1752 minime
3319 1699 3611 1769 suspicacis
3653 1699 3848 1769 ingenii,

2215 1787 2428 1839 multos
2477 1784 2827 1839 Christianos
2874 1785 3067 1849 fuisse,
3097 1802 3212 1840 non
3264 1787 3403 1857 quia
3449 1786 3701 1841 doctrinae
3729 1787 3845 1840 Chri-

2214 1873 2411 1927 stianae
2449 1873 2683 1927 veritate
2736 1874 3079 1944 introspecta
3127 1880 3320 1930 essent
3347 1875 3608 1946 perculsi,
3640 1877 3726 1930 sed
3748 1877 3853 1946 quia

2212 1960 2354 2016 utile
2407 1965 2548 2028 erat,
2579 1965 2882 2031 postquam
2915 1962 3220 2016 Christiani
3265 1978 3465 2018 rerum
3509 1963 3662 2034 potiti
3691 1967 3850 2026 erant;

2213 2066 2344 2104 cum
2386 2049 2650 2120 turpibus
2693 2050 2899 2105 fabulis
2944 2051 3094 2105 illico
3140 2068 3438 2106 assensum
3477 2052 3786 2123 praeberent,
3819 2051 3854 2102 si

2210 2139 2380 2193 modo
2425 2137 2816 2208 prodessent?
2849 2141 3308 2195 Dehonestarunt
3358 2140 3684 2212 religionem
3731 2139 3853 2193 Chri-

2211 2227 2474 2294 stianam,
2535 2227 2635 2297 qui
2700 2227 2873 2281 ﬁdem
2939 2229 2992 2282 ei
3048 2229 3152 2283 soli
3219 2230 3546 2284 habendam
3611 2226 3853 2300 quibusvis

2211 2316 2500 2386 ﬁgmentis
2532 2316 2792 2370 lubentes
2823 2319 3349 2374 accommodarunt.
3385 2319 3442 2374 Si
3463 2318 3731 2373 contraria
3762 2334 3856 2370 om-

2209 2405 2304 2458 nia
2337 2405 2706 2458 credidissent
2732 2405 2916 2460 inesse
2947 2407 3306 2474 revelationi,
3343 2425 3516 2479 quam
3547 2405 3856 2479 proferebant

2210 2493 2534 2559 Christiani,
2567 2510 2682 2546 non
2712 2494 2876 2548 aliter
2904 2511 2969 2548 ea
2997 2501 3184 2550 essent
3209 2497 3485 2567 amplexi.

2277 2583 2539 2635 Tractatu
2591 2585 2706 2646 l20,
2741 2583 2808 2636 ad
2850 2584 3084 2638 Joannis
3115 2601 3236 2655 cap.
3287 2603 3380 2653 xx,
3410 2589 3495 2652 42,
3534 2588 3560 2653 §
3591 2589 3638 2639 5.
3673 2583 3857 2650 Quando

2201 2671 2322 2738 jam
2347 2674 2569 2738 propter
2607 2685 2956 2739 parasceven,
3010 2689 3174 2740 quam
3221 2689 3434 2728 cuinam
3481 2689 3672 2743 puram
3710 2672 3859 2725 Judaei

475 1527 658 1580 Tract.
715 1528 803 1590 28,
864 1523 891 1592 ἓ
947 1528 1032 1590 tt,
1074 1524 1134 1578 in
1187 1525 1495 1591 Joan.v1n,
1541 1527 1630 1590 25,
1684 1523 1782 1577 ubi
1827 1523 2105 1591 Christus,

402 1616 739 1684 principium
766 1615 898 1682 quia
924 1619 972 1667 et
1011 1614 1197 1680 loquor
1241 1614 1409 1666 vobis.
1451 1615 1598 1678 Ecce,
1631 1611 1820 1683 inquit
1834 1611 2104 1682 Augusti-

402 1720 532 1769 nus,
591 1702 734 1771 quod
763 1707 840 1756 est
886 1716 1020 1755 esse.
1093 1703 1430 1769 Principium
1491 1703 1698 1753 mutari
1744 1716 1850 1755 non
1892 1704 2103 1770 potest:

397 1797 736 1865 principium
767 1797 825 1847 in
851 1809 905 1847 se
933 1797 1132 1855 manet,
1175 1797 1224 1846 et
1249 1795 1473 1847 innovat
1516 1797 1738 1862 omnia;
1771 1797 2107 1863 principium

398 1888 477 1937 est
507 1886 595 1937 cui
616 1882 822 1936 dictum
859 1885 974 1935 est:
1014 1885 1094 1935 Tu
1127 1886 1305 1936 autem
1353 1883 1495 1935 idem
1521 1883 1635 1950 ipse
1663 1898 1716 1937 es
1760 1887 1811 1937 et
1835 1887 1970 1936 anni
2019 1887 2104 1938 tui

399 1987 506 2025 non
563 1967 860 2040 deﬁcient.]
911 1971 1007 2023 Ha:
1037 1973 1169 2023 sunt
1208 1970 1449 2039 argutiae
1507 1970 1756 2024 hominis
1787 1972 1973 2024 Graece
2004 1987 2104 2027 ne-

402 2057 652 2124 scientis,
682 2063 746 2110 ut
795 2057 998 2126 optimi
1047 2057 1262 2127 quique
1302 2057 1642 2126 interpretes
1671 2057 1887 2111 dudum
1915 2060 2104 2111 osten-

2146 1663 2185 1718 Β

399 2147 632 2200 derunt.
666 2145 896 2214 Accepit
927 2149 1120 2198 tamen
1167 2145 1518 2215 Augustinus
1547 2143 1710 2208 ἀρχὴν
1743 2161 1864 2199 esse
1908 2145 1969 2199 in
2010 2162 2103 2200 ac-

397 2233 648 2287 cusativo
674 2249 688 2298 ;
717 2233 1091 2303 quamobrem
1113 2237 1272 2304 putat
1293 2233 1583 2287 Christum
1612 2232 1692 2286 ita
1720 2233 1901 2304 loqui,
1937 2229 2102 2304 quasi

399 2321 794 2376 antecessisset
850 2323 1048 2376 credite
1085 2338 1184 2389 me,
1221 2321 1519 2388 nimirum,
1572 2324 1926 2390 principium.
1985 2324 2101 2377 Sed

398 2409 500 2480 qui
553 2410 744 2464 Graece
785 2409 972 2463 sciunt
1001 2414 1218 2464 norunt
1264 2409 1506 2463 solemni
1561 2409 1682 2478 ejus
1715 2410 1931 2481 linguae
1969 2428 2102 2466 con-

397 2497 720 2565 suetudine,
763 2497 1220 2552 subaudiendum
1269 2498 1412 2557 καιτὰ,
1459 2498 1612 2567 quod
1662 2515 1780 2552 non
1820 2515 1964 2568 opus
2019 2505 2102 2554 est

395 2585 656 2656 pluribus
701 2584 965 2650 ostendi;
1025 2600 1141 2637 non
1161 2583 1312 2639 enim
1366 2584 1666 2638 scribimus
1700 2585 1759 2639 in
1810 2587 2090 2640 Joannem

395 2674 492 2728 sed
541 2673 724 2728 obiter
770 2672 1120 2726 ostendimus
1189 2672 1309 2726 sine
1365 2673 1687 2742 cognitione
1743 2673 2094 2744 linguarum,

393 2761 564 2816 inane
603 2778 724 2816 esse
756 2777 997 2815 acumen
1042 2761 1392 2832 Scripturam
1424 2762 1950 2832 interpretantium.
2206 2759 2394 2811 Latine
2422 2759 2682 2811 usitatius
2714 2758 2864 2826 apud
2907 2774 3002 2812 nos
3054 2765 3276 2829 vocant,
3320 2765 3502 2828 facere
3550 2763 3650 2815 tale
3687 2759 3859 2828 aliquid

459 2852 725 2905 Tractatu
751 2851 818 2905 43
852 2848 879 2919 §
915 2853 996 2904 l7.
1044 2852 1163 2907 Non
1192 2850 1357 2917 divit,
1393 2854 1704 2920 antequam
1733 2851 2093 2906 Abrahamus
2204 2861 2309 2898 non
2353 2846 2590 2915 licebat.]
2649 2846 2833 2900 Multis
2891 2847 2960 2901 de
2994 2865 3299 2919 parasceve
3350 2851 3470 2921 egit
3513 2851 3617 2904 Jos.
3654 2849 3859 2916 Scaliger

390 2943 558 3006 esset,
617 2955 722 3009 ego
769 2954 964 3004 eram;
1005 2939 1098 2992 sed
1132 2955 1144 2991 :
1199 2943 1508 3009 antequam
1556 2939 1842 2992 Abraham
1905 2940 2086 3007 ﬁeret,
2126 2947 2164 3002 (ἶ.
2203 2933 2270 2993 de
2308 2933 2548 2987 Emend.
2606 2935 2802 3004 Temp.
2835 2935 2936 2990 lib.
2985 2953 3057 3002 γι,
3097 2953 3225 3007 pag.
3265 2940 3394 3005 564,
3433 2939 3523 2992 ed.
3557 2937 3857 2992 Roveriauaz.

392 3030 490 3096 qui
544 3030 654 3081 nisi
689 3043 789 3095 per
835 3042 917 3080 me
967 3042 1072 3079 non
1117 3029 1281 3094 ﬁeret,
1343 3042 1449 3095 ego
1508 3025 1675 3098 sum.]
1740 3027 1847 3091 Qui
1899 3029 2090 3084 Grazce
2198 3021 2425 3075 Prolato
2456 3022 2565 3075 hoc
2597 3023 2900 3092 Augustini
2930 3025 3053 3077 loco
3096 3025 3297 3079 subdit
3330 3042 3394 3080 :-c
3432 3028 3599 3080 Vetus
3621 3026 3856 3094 interpres

392 3115 581 3170 sciunt
613 3118 829 3168 norunt
873 3114 1111 3168 verbum
1148 3113 1369 3175 γενέσθαι
1414 3115 1649 3184 perinde
1697 3132 1818 3170 esse
1850 3133 1913 3170 ac
1948 3116 2087 3176 εἴναι,
2193 3112 2356 3166 Joan.
2392 3111 2795 3180 Chrysostomi,
2853 3128 3114 3166 sermone
3161 3114 3223 3167 in
3253 3116 3512 3169 natalem
3540 3114 3756 3169 Joannis
3780 3113 3857 3163 Ba-

391 3219 455 3256 ac
497 3202 739 3273 proinde
792 3202 1019 3271 argutia
1080 3203 1202 3256 haec
1259 3202 1454 3256 Latine
1506 3207 1727 3257 tantum
1781 3205 2089 3260 scientibus
2194 3197 2428 3269 Ρῑίδῒῑὲε
2478 3198 2600 3262 Qua
2627 3201 2769 3252 enim
2799 3199 2887 3253 ἀὶθ
2934 3205 3211 3270 conceptus
3245 3207 3328 3257 est
3373 3203 3656 3269 Dominus.
3709 3199 3854 3254 eadem

390 3290 726 3356 tolerabilis,
783 3307 818 3344 a
861 3289 1067 3344 Graecis
1098 3289 1390 3343 exsibilata
1430 3290 1630 3345 fuisset
1661 3308 1674 3345 :
1709 3295 2086 3363 quemadmo-

389 3378 527 3432 dum
559 3377 746 3432 Fausti
776 3377 967 3432 Socini
1009 3377 1404 3447 interpretatio
1451 3379 1623 3449 hujus
1660 3381 1767 3434 loci
1798 3382 1868 3436 ab
1899 3383 2084 3436 omni-

391 3466 496 3520 bus
527 3465 798 3536 rejicitur,
832 3465 931 3535 qui
982 3466 1164 3520 voluit
1192 3466 1366 3520 etiam
1395 3468 1538 3521 verti
1581 3472 1870 3538 antequam
1896 3473 2083 3525 Abra-

388 3556 514 3609 ham
540 3557 710 3623 ﬁeret,
756 3569 1086 3624 quanquam
1117 3554 1226 3608 alio
1278 3555 1445 3624 plane
1466 3571 1655 3610 sensu.

455 3645 714 3696 Tractatu
762 3643 851 3709 47,
885 3640 912 3711 §
942 3643 994 3696 4.
1025 3644 1145 3710 Ipse
1174 3645 1428 3696 Dominus
1477 3643 1558 3696 ibi
1583 3645 1714 3710 fuit,
1747 3644 1828 3698 ibi
1856 3650 2084 3701 matrem

2194 3287 2282 3341 die
2310 3291 2361 3340 et
2383 3300 2579 3354 passus
2608 3292 2704 3341 est.
2754 3289 2957 3342 Eadem
2987 3291 3110 3357 ipsa
3153 3290 3271 3344 dies
3304 3307 3470 3345 coena
3513 3306 3655 3360 pura
3674 3291 3790 3354 fuit,
3814 3289 3855 3338 in

2193 3392 2302 3445 qua
2340 3379 2388 3428 et
2431 3375 2561 3428 luna
2608 3381 2810 3444 quarta
2837 3377 3044 3430 decima
3074 3383 3339 3434 occurrit.
3380 3379 3549 3433 Vides
3571 3389 3854 3448 parascevcn

2191 3462 2419 3535 proprie
2466 3462 2577 3516 dici
2618 3469 2844 3534 tempus
2893 3467 3048 3536 quod
3089 3467 3627 3538 advesperationem
3667 3466 3792 3519 inter
3816 3465 3857 3514 et

2188 3552 2364 3605 solem
2417 3564 2678 3604 occasum
2721 3552 3083 3624 interjectum
3141 3560 3298 3611 est...
3365 3555 3596 3626 Alioqui
3649 3563 3855 3612 καταχρτι·

2188 3645 2356 3696 στικῶς
2402 3638 2490 3690 vel
2532 3643 2789 3704 ἰδιωτικῶς,
2833 3646 2950 3695 tota
3002 3642 3177 3696 etiam
3225 3643 3355 3698 dies
3413 3643 3644 3699 Veneris
3689 3640 3854 3697 dicitur

2184 3736 2495 3795 παρασκευὴ,
2532 3735 2733 3788 saltem
2781 3731 2850 3784 ab
2891 3731 3033 3784 hora
3078 3736 3256 3799 sexta,
3301 3738 3371 3788 ut
3412 3738 3499 3788 est
3544 3732 3688 3803 apud
3720 3732 3856 3784 Joan-

379 3733 556 3798 elegit,
589 3732 668 3785 ibi
708 3732 933 3799 concipi,
983 3731 1063 3785 ibi
1116 3734 1290 3794 nasci,
1351 3732 1430 3785 ibi
1479 3735 1800 3798 sanguinem
1850 3736 2082 3801 fundere

380 3822 571 3887 voluit,
601 3821 682 3874 ibi
709 3824 835 3874 sunt
860 3822 1093 3888 vestigia
1140 3821 1274 3888 ejus,
1309 3820 1465 3874 modo
1494 3821 1820 3890 adorantur,
1852 3824 1946 3876 ubi
1976 3840 2080 3878 no—

377 3912 597 3964 vissime
648 3911 812 3976 stetit,
882 3909 1026 3962 unde
1093 3909 1374 3963 adscendit
1403 3911 1462 3962 in
1533 3911 1762 3980 cretum]
1823 3912 2078 3967 Editores

382 3998 724 4052 Parisienses
755 3997 1055 4051 observant
1103 3997 1173 4052 de
1219 3997 1478 4069 vestigiis
1539 3998 1595 4052 in
1648 3999 1850 4054 Oliveti
1883 4005 2074 4056 monte

378 4087 555 4140 humo
604 4085 894 4156 impressis
943 4085 1276 4140 mentionen
1326 4086 1447 4140 ﬁeri
1491 4087 1661 4141 etiam
1713 4088 1773 4142 in
1829 4089 1974 4144 libro
2005 4091 2073 4144 de

375 4173 515 4227 locis
546 4173 853 4240 Hebraicis,
897 4172 1049 4227 inter
1088 4173 1414 4244 Hieronymi
1448 4191 1641 4245 opera.
1687 4176 1854 4229 Recte
1877 4177 2072 4231 dicunt

375 4260 435 4314 id
488 4277 631 4331 opus
677 4278 798 4315 esse
846 4265 988 4315 inter
1045 4264 1360 4333 Hieronymi
1406 4279 1589 4331 opera,
1648 4280 1782 4317 nam
1828 4281 1945 4318 non
1989 4271 2072 4320 est

375 4347 552 4418 ipsius
585 4349 938 4419 Hieronymi,
985 4350 1085 4420 qui
1125 4349 1184 4403 in
1229 4367 1297 4405 eo
1341 4351 1515 4405 etiam
1563 4353 1847 4406 laudatur.
1882 4353 2074 4408 Exstat

373 4438 514 4490 tom.
565 4437 640 4489 III
696 4453 935 4507 Operum
989 4425 1321 4507 Hieronymi
1379 4439 1439 4491 in
1481 4438 1762 4493 editione
1832 4442 2066 4510 Erasmi,

373 4523 786 4594 subjiciturque
818 4525 963 4578 libro
1008 4525 1076 4578 de
1107 4525 1242 4578 locis
1288 4525 1596 4586 Hebraicis.
1632 4531 1687 4580 et
1717 4526 2066 4594 inscribitur,

372 4610 442 4664 de
482 4610 632 4663 Actis
680 4612 1095 4680 apostolorum.
1152 4613 1220 4666 Ut
1263 4613 1447 4666 dicam
1479 4614 1630 4683 quod
1659 4615 1899 4678 videtur,
1949 4632 2068 4669 cre-

370 4699 612 4754 diderim"
641 4701 814 4770 paulo
845 4704 976 4754 ante
1004 4699 1427 4771 heec'tcmpora,
1459 4718 1576 4756 non
1608 4703 1668 4756 in
1696 4703 1890 4757 Iudaea
1920 4703 2064 4773 ipsa,

368 4805 472 4842 nec
498 4787 557 4841 in
610 4787 810 4841 vicinis
854 4787 1181 4858 provinciis,
1216 4790 1310 4844 sed
1356 4791 1578 4860 procul,
1647 4791 1889 4861 coepisse
1924 4791 2067 4862 ﬁngi

366 4877 521 4948 quod
565 4877 841 4948 jactatum
892 4881 1086 4946 postea
1116 4882 1218 4944 est,
1273 4882 1432 4932 tanta
1471 4880 1775 4934 verborum
1829 4897 2059 4952 pompa,

366 4966 436 5020 de
491 4965 824 5019 inventione
867 4964 1046 5018 crucis
1103 4965 1311 5019 Christi
1354 4966 1425 5020 ab
1470 4967 1684 5021 Helena
1706 4969 2063 5024 Constantini

2184 3837 2336 3884 nem.
2390 3825 2586 3894 Itaque
2625 3838 2692 3875 ea
2731 3819 2938 3874 dicitur
2967 3823 3261 3882 παρασκευὴ
3313 3826 3627 3892 antequam
3653 3816 3852 3878 venerit,

2182 3925 2311 3964 cum
2363 3911 2590 3983 proprie
2629 3909 2856 3964 iniverit
2884 3905 2980 3952 ἀπὸ
3027 3905 3201 3965 ἐνάτης
3250 3909 3404 3972 ὥρας,
3449 3927 3577 3981 qua!
3606 3908 3854 3963 dicebatur

2184 4008 2375 4065 nam,
2410 3999 2468 4053 id
2495 4003 2580 4052 est
2609 3996 2841 4052 oblatio.
2873 3997 3011 4050 Hinc
3036 3996 3312 4068 deinceps
3341 4015 3377 4052 a
3410 4016 3566 4053 nona
3587 3998 3718 4052 hora
3739 4007 3852 4064 opus

2179 4084 2364 4139 facere
2405 4102 2519 4139 non
2572 4085 2776 4139 licebat
2817 4084 2878 4137 in
2908 4083 3226 4147 προεορτίοις,
3265 4092 3333 4142 ut
3383 4087 3597 4142 diserte
3625 4089 3782 4140 exstat
3807 4081 3852 4134 in

2182 4173 2492 4228 canonibus
2537 4173 2908 4227 Hebraeorum
2942 4189 2955 4226 :
2994 4176 3317 4243 Quicunque
3354 4179 3502 4243 facit
3530 4190 3658 4246 opus
3703 4176 3753 4226 in
3778 4185 3851 4223 ce—

2180 4265 2352 4331 speris
2399 4262 2765 4328 sabbatorum,
2823 4263 2875 4314 et
2927 4261 3136 4316 dierum
3190 4265 3469 4329 festorum
3521 4266 3588 4318 ab
3631 4263 3854 4317 oblatione

2179 4353 2507 4420 vespertina,
2542 4355 2593 4405 et
2621 4352 2788 4418 ultra,
2811 4365 2918 4404 non
2946 4351 3149 4404 videbit
3179 4367 3437 4420 unquum
3469 4354 3659 4407 bonum
3673 4353 3849 4417 signum

2180 4438 2578 4494 benedictionis.
2613 4441 2688 4493 Ex
2716 4439 2925 4510 quibus
2953 4444 3116 4510 potes
3149 4443 3460 4513 percipere
3493 4457 3666 4513 quare
3693 4441 3852 4506 Augu-

2177 4527 2356 4581 stinus
2405 4528 2627 4583 dicebat
2673 4529 3046 4583 acceleratum
3103 4533 3342 4602 tempus
3393 4532 3731 4602 sepulturae;
3778 4538 3848 4582 ne.

2176 4615 2406 4681 scilicet,
2441 4633 2538 4670 eos
2560 4615 2660 4686 qui
2705 4615 2991 4670 Christum
3022 4617 3090 4671 de
3121 4634 3295 4674 cruce
3328 4620 3729 4691 deposuerant,
3772 4627 3851 4680 0p-

2174 4703 2448 4773 primeret
2484 4703 2518 4762 ἡ
2553 4703 2722 4765 ἐνάτη,
2760 4704 2875 4758 sive
2911 4716 3125 4765 nnnni‘l
3161 4718 3251 4769 ny
3289 4713 3530 4778 tempus
3583 4699 3849 4761 oblationis

2171 4793 2532 4862 vespertinae,
2565 4809 2598 4846 a
2654 4809 2769 4863 quo
2827 4797 3085 4862 tempore
3117 4811 3270 4864 opus
3316 4797 3511 4851 facere
3560 4795 3710 4850 nefas
3737 4792 3846 4844 erat.

2174 4881 2302 4934 Haec
2331 4881 2418 4935 vir
2454 4897 2714 4935 summus
2745 4897 2813 4935 ex
2851 4881 3109 4935 doctrina
3137 4883 3514 4951 Judaeorum,
3547 4900 3671 4955 quae
3701 4877 3849 4934 falsis-

2169 4969 2313 5022 sima
2353 4971 2457 5035 est,
2503 4973 2565 5023 ut
2597 4969 2778 5040 liquet
2815 4986 2883 5024 ex
2922 4970 3116 5025 Matth.
3175 4987 3357 5040 xxvn,
3425 4975 3519 5039 46,
3576 4972 3729 5029 Marc.
3774 4979 3848 5026 XV.

2168 5061 2253 5121 3t,
2293 5059 2445 5113 unde
2477 5059 2658 5130 liquet
2687 5064 2816 5130 post
2859 5075 3077 5113 nonam
3125 5060 3375 5116 demum
3394 5063 3572 5116 fuisse
3601 5058 3849 5130 sepultum

2167 5145 2477 5200 Christum.
2515 5147 2732 5201 Merum
2785 5147 2955 5200 etiam
2996 5154 3403 5204 commentum
3435 5155 3542 5218 est,
3568 5146 3713 5219 quod
3741 5140 3851 5197 dicit

2163 5235 2395 5304 proprie
2425 5235 2635 5289 dictam
2658 5238 3115 5304 praeparationem
3143 5235 3330 5293 fuisse
3372 5244 3626 5310 quatuor
3653 5234 3850 5291 ultimas

2161 5322 2332 5377 horas
2363 5322 2476 5377 diei
2535 5323 2790 5389 Veneris;
2838 5339 2968 5377 cum
2997 5341 3113 5378 non
3145 5332 3446 5395 occurrat,
3487 5327 3599 5382 nisi
3632 5339 3728 5397 pro
3755 5322 3849 5374 tota

2159 5411 2252 5466 die
2281 5411 2530 5467 Veneris.
2573 5413 2856 5467 Caeterum
2885 5415 3205 5484 Augustino
3249 5433 3494 5489 quoque
3553 5417 3704 5487 prius
3741 5424 3846 5481 per-

2158 5505 2460 5556 suaserunt
2486 5501 2687 5557 Judaei.
2741 5501 2810 5556 Hi
2839 5506 3035 5556 autem
3085 5519 3298 5559 coenam
3345 5521 3551 5574 puram
3605 5499 3847 5558 vocabant

364 5058 563 5120 matre,
598 5054 784 5125 deque
815 5053 968 5107 hisce
997 5053 1255 5124 vestigiis
1287 5053 1545 5107 abeuntis
1576 5055 1802 5110 Christi.
1834 5055 2061 5127 Alioqui

362 5158 478 5195 non
517 5143 685 5196 modo
731 5141 1004 5196 Eusebius
1033 5141 1154 5195 ilth
1209 5142 1269 5196 in
1298 5142 1412 5195 vita
1445 5143 1816 5210 Constantini,
1852 5142 1912 5197 in
1947 5160 2060 5213 qua

362 5239 542 5296 usque
591 5230 730 5283 adeo
782 5247 914 5284 eum
975 5229 1363 5301 Helenamque
1415 5232 1655 5300 extollit,
1713 5231 1946 5301 agitque
1988 5233 2057 5286 de

362 5315 619 5369 Ecclesiis
650 5316 708 5370 in
742 5318 1040 5373 Palaestina
1085 5318 1152 5372 ab
1183 5319 1288 5371 hac
1318 5317 1633 5389 aediﬁcetis,
1673 5335 1787 5373 non
1829 5320 2054 5374 omisis-

359 5406 477 5468 set;
505 5404 600 5457 scd
630 5420 732 5457 nec
784 5407 956 5461 etiam
1004 5407 1403 5478 Hieronymus,
1461 5423 1574 5461 non
1617 5407 1875 5462 modicus
1901 5409 2053 5462 loco-

357 5507 485 5546 rum
526 5491 842 5562 insignium
890 5496 1098 5550 JUdCBtB
1152 5496 1507 5566 praedicator.
1575 5498 1702 5551 Haec
1735 5502 1927 5552 autem
1980 5499 2047 5552 ﬁ-
