3890 6186
113 302 186 353 365

819 287 1182 344 VARIORUM
1227 289 1826 346 EXERCITATIONES
1861 291 1928 345 IN
1968 293 2023 347 S.
2066 290 2438 347 AUGUSTINI
2477 291 2730 347 OI'ERA.

3424 295 3526 346 366

109 429 381 489 parasceren,
411 410 557 482 quod
589 409 800 465 ethnici
838 426 1038 465 orenam
1053 428 1254 480 puram
1283 412 1538 468 dicerent
1583 428 1712 483 quas
1750 413 1791 466 A
1823 411 1928 466 bus
1957 413 2056 484 qui
2090 431 2192 485 pro
2209 413 2432 486 scriptis
2463 418 2681 486 postea,
2703 418 2980 486 tanquam
3013 431 3118 487 pro
3154 415 3264 470 aris
3296 420 3351 470 et
3390 418 3525 472 focis

113 503 426 576 apponebatur
447 500 510 553 iis
542 500 643 570 qui
674 499 799 552 festi
820 499 1058 567 alicujus
1079 516 1246 553 causa
1270 500 1328 554 in
1355 506 1506 554 casto
1537 506 1716 566 erant,

115 593 215 666 quod
267 591 428 645 Graeci
483 589 746 643 dicebant
792 588 1011 649 ἁγνεύειν
1059 594 1114 644 et
1157 589 1491 652 προαγνεύειν,
1537 595 1600 642 ut
1649 590 1716 643 ad

113 681 466 735 celebrationem
520 677 652 732 festi
688 695 746 731 se
795 683 1096 748 pararent;
1147 679 1299 733 unde
1342 679 1550 734 factum
1599 684 1719 732 erat

109 777 150 824 ut
173 768 477 823 Judaiidem
507 783 629 821 esse
671 773 964 821 censerent
1001 784 1200 822 cos-nam
1239 785 1437 838 puram
1467 773 1521 822 et
1549 785 1719 838 appa-

101 865 237 911 ratum
271 857 402 916 festi,
454 873 634 926 eoque
677 857 908 910 nomine
945 856 1096 910 diem
1128 858 1358 910 Veneris
1387 857 1714 910 vocitarent.

101 949 141 1001 In
189 946 294 998 aliis
350 945 486 998 nihil
538 945 724 998 simile
792 950 928 1006 erat,
987 949 1049 999 ut
1099 951 1247 999 recte
1319 945 1718 1000 animadvertit

100 1037 146 1088 ls.
195 1031 548 1099 Casaubonus,
612 1031 904 1086 Exercitat.
974 1038 1172 1085 contra
1223 1031 1552 1096 Baronium,
1603 1049 1714 1096 xvi,

98 1137 212 1174 num.
243 1124 316 1185 16,
346 1135 512 1188 quem
543 1119 689 1172 vide.
723 1119 828 1173 Adi
852 1124 905 1173 et
929 1121 1150 1173 Festum
1186 1119 1244 1172 in
1275 1136 1408 1172 voce
1426 1135 1632 1188 penem,
1664 1123 1718 1170 et

95 1211 294 1264 Fulvium
327 1209 586 1263 Ursinum
606 1209 668 1262 in
683 1209 996 1279 appendice
1019 1208 1151 1262 libri
1179 1209 1295 1264 Pet.
1326 1207 1606 1264 Ciacconii
1647 1208 1716 1262 de

93 1299 316 1352 Triclinio.

542 1393 1199 1449 ANIMADVERSIONES

247 1516 296 1554 IN
322 1515 616 1554 TRACTATCS
642 1517 694 1553 IN
719 1516 920 1553 PRIMA)!
948 1515 1229 1554 EPISTOLAM
1259 1515 1500 1553 JOANNIS.

133 1609 356 1660 Tractatu
391 1609 441 1667 5,
487 1608 515 1671 ἕ
542 1609 590 1659 1.
641 1607 890 1674 Proﬁteri
921 1608 970 1659 si
995 1622 1104 1660 esse
1132 1607 1246 1659 sine
1264 1609 1477 1674 peccato
1501 1606 1716 1673 pericu-

88 1697 209 1748 losum
239 1700 346 1759 cst;
391 1698 440 1747 et
469 1709 578 1747 non
614 1695 782 1747 solum
819 1696 1193 1762 periculosum,
1236 1694 1329 1746 sed
1366 1695 1528 1746 etiam
1566 1709 1710 1746 men-
1751 1697 1792 1751 Β

87 1782 285 1850 domm]
335 1783 444 1836 Hoc
495 1786 581 1835 est
628 1781 920 1835 mendacio
968 1783 1226 1852 plenum,
1274 1787 1335 1835 ut
1363 1781 1499 1834 satis
1538 1781 1719 1851 liquet

86 1887 178 1924 cum
218 1887 274 1924 ex
314 1870 700 1940 sequentibus,
737 1875 858 1924 tum
888 1886 953 1923 ex
985 1869 1331 1940 proprietate
1354 1869 1502 1922 vocis
1530 1886 1543 1934 ;
1583 1885 1715 1923 nam

85 1959 349 2013 deducenda
378 1975 410 2011 a
438 1958 712 2025 nuncium,
765 1959 916 2029 quod
947 1959 1232 2012 interdum
1264 1957 1469 2011 falsum
1496 1957 1716 2027 signiﬁ-

83 2052 158 2099 cat.
199 2047 317 2100 Vide
348 2051 547 2100 notata
585 2063 618 2099 a
648 2046 810 2099 Joan.
862 2045 1074 2099 Clerico
1125 2045 1185 2098 in
1232 2045 1399 2115 epist.
1446 2045 1717 2099 Barnabas

83 2152 168 2204 cap.
196 2139 236 2189 2.
267 2136 445 2190 Multis
468 2134 534 2188 in
588 2134 697 2188 hoc
724 2135 846 2187 loco
883 2134 999 2203 agit
1035 2134 1386 2204 Augustinus
1409 2137 1471 2187 ut
1501 2133 1720 2203 redigat

84 2223 470 2278 inconcordiam
513 2225 793 2277 Joannem
825 2222 1110 2276 dicentem
1154 2223 1175 2276 Ι
1211 2222 1384 2292 Epist.
1423 2237 1542 2292 cap.
1575 2239 1611 2287 ι,
1645 2225 1714 2276 8:

84 2313 125 2367 Si
158 2313 427 2366 direrimus
481 2313 619 2380 quia
669 2316 944 2380 peccatum
985 2327 1091 2365 non
1141 2311 1413 2378 habemus,
1454 2326 1548 2364 nos
1573 2313 1718 2382 ipsos

85 2401 326 2455 seducimus
354 2406 401 2454 et
431 2403 639 2454 veritas
664 2403 724 2454 in
752 2400 902 2454 nobis
932 2415 1036 2454 non
1063 2404 1157 2464 est,
1193 2403 1248 2452 et
1277 2415 1398 2469 cap.
1432 2416 1509 2464 ιιι,
1542 2403 1594 2466 9,
1625 2416 1720 2453 ne-

84 2493 257 2556 gantem
297 2493 484 2543 natum
536 2505 604 2542 ea:
653 2493 759 2542 Deo
803 2503 1040 2557 peccare,
1075 2488 1420 2557 tandemque
1466 2487 1588 2541 haec
1618 2505 1720 2558 po-

83 2579 239 2630 strema
281 2578 448 2631 verba
503 2577 876 2647 intelligenda
920 2581 1110 2630 censet
1157 2576 1224 2630 de
1265 2579 1494 2646 peccato
1522 2582 1719 2630 contra

84 2665 319 2719 caritatem
357 2665 627 2730 proximi.
697 2666 867 2719 Multa
922 2665 1125 2718 melius
1179 2664 1535 2735 interpretati
1586 2670 1721 2719 sunt

85 2753 301 2808 Joannem
342 2755 441 2825 qui
490 2758 694 2809 natum
743 2770 808 2807 ex
857 2755 972 2808 Deo
1004 2753 1198 2808 habitu
1238 2753 1506 2824 peccandi
1532 2754 1720 2812 delin—

83 2855 211 2908 quere
236 2847 458 2913 negant,
489 2843 592 2896 sed
622 2846 840 2896 tantum
874 2841 1060 2895 subita
1080 2841 1412 2908 tentatione,
1443 2845 1540 2894 aut
1563 2839 1719 2893 inﬁr-

84 2930 247 2985 mitate.
286 2933 370 2986 Sic
400 2932 458 2984 in
495 2931 783 3002 plerisque
807 2929 1091 2990 omnibus,
1126 2929 1172 2982 si
1202 2929 1337 3000 quid
1367 2929 1540 2998 paulo
1578 2928 1723 2982 difﬁ-

86 3017 203 3071 cilius
245 3024 522 3085 occurrat,
553 3019 789 3088 cespitat
832 3018 1016 3074 bonus
1064 3017 1436 3088 Augustinus,
1491 3016 1537 3069 si
1566 3032 1720 3086 prte-

85 3109 229 3162 scrtim
269 3109 410 3164 dicta
452 3109 582 3179 ejus
631 3123 760 3162 cum
808 3106 1189 3162 recentiorum
1229 3105 1722 3162 lucubrationibus

83 3197 401 3252 conferantur.

551 3291 1210 3347 ANIMADVERSIONES

292 3417 343 3455 IN
375 3417 766 3455 EXPOSITIONEM
797 3415 1069 3454 EPISTOLE
1097 3415 1163 3452 AD
1193 3414 1462 3452 ROMANOS.

133 3507 222 3559 Hoc
274 3524 411 3577 opus
460 3506 800 3577 conscripsit
847 3505 1142 3575 presbyter
1183 3503 1533 3573 Augustinus
1578 3501 1725 3556 circa

88 3609 248 3648 annum
293 3599 412 3666 394,
458 3613 594 3651 cum
643 3612 711 3650 ex
758 3594 1160 3649 communibus
1205 3591 1538 3646 nationibus
1585 3591 1726 3646 Scri-

89 3687 262 3748 pturam
289 3685 784 3756 interpretaretur.
816 3683 1000 3746 Quare
1021 3681 1163 3736 ineo
1195 3681 1372 3734 multa
1399 3680 1572 3733 habet
1598 3695 1726 3749 quas

93 3785 204 3825 mere
226 3775 525 3845 Pelagiana
572 3777 724 3838 sunt,
777 3777 838 3825 ut
863 3771 953 3826 vel
985 3786 1050 3824 ex
1082 3767 1568 3823 Retractationum
1600 3767 1726 3821 loeo

90 3860 272 3926 praﬁxo
300 3862 625 3933 intelligere
653 3865 754 3915 est.
786 3860 986 3915 Mirum
1021 3862 1104 3911 est
1130 3857 1425 3911 hominem
1456 3855 1555 3926 qui
1587 3873 1730 3909 nun-

90 3958 264 4011 quama
306 3966 599 4021 quoquam
648 3953 949 4019 propterea
997 3947 1300 4000 damnatus
1350 3944 1535 3998 fuerat
1566 3943 1729 4014 quasi

90 4029 348 4104 hereticus,
389 4038 510 4091 imo
557 4053 690 4090 vero
737 4036 806 4090 ab
849 4035 1118 4090 omnibus
1146 4034 1426 4095 laudatus,
1453 4037 1647 4104 postea
1671 4033 1728 4086 in

89 4122 236 4176 eadem
277 4126 547 4196 dogmata
595 4125 884 4179 invectum
935 4139 1071 4192 esse,
1105 4122 1265 4193 quasi
1293 4138 1419 4175 cum
1454 4121 1729 4190 religione

90 4207 347 4266 Christiana
382 4213 698 4268 consistere
746 4229 859 4266 non
909 4217 1158 4282 possent.
1215 4211 1269 4265 Si
1310 4226 1607 4280 nunquam
1647 4215 1728 4262 ta-

94 4310 191 4350 men
214 4309 406 4357 exortas
436 4302 683 4357 fuissent
711 4301 850 4354 rixa:
871 4300 1211 4370 Pelagianae,
1263 4299 1322 4352 in
1369 4299 1440 4352 iis
1493 4304 1726 4353 senten—

91 4383 158 4436 tiis
183 4396 416 4445 mortuus
443 4397 616 4446 esset.
641 4391 760 4444 Imo
789 4405 923 4444 vero
955 4389 1190 4443 fortasse
1217 4404 1513 4458 nunquam
1543 4387 1620 4440 ita
1648 4387 1730 4440 in-

93 4479 235 4528 vectus
275 4478 326 4532 in
391 4495 484 4532 eas
536 4478 756 4542 fuisset,
817 4477 930 4530 nisi
977 4476 1237 4546 Pelagius
1264 4475 1481 4544 aliquid
1515 4473 1572 4527 in
1608 4475 1730 4544 ejus

95 4561 266 4632 scriptis
294 4567 612 4638 carpsisset.
659 4567 724 4619 In
762 4566 908 4619 libro
955 4565 1025 4620 de
1071 4565 1228 4617 Dono
1270 4563 1728 4634 perseverantim,

96 4660 188 4715 cap.
236 4655 316 4718 20,
362 4670 528 4706 num.
574 4655 663 4718 53,
707 4656 898 4704 narrat
940 4651 1029 4704 his
1075 4650 1260 4704 verbis
1314 4649 1560 4720 primam
1588 4650 1734 4703 indi-

101 4739 263 4799 gnandi
292 4740 346 4793 in
380 4741 677 4811 Pelagium
699 4740 1092 4794 occasionem:
1127 4739 1273 4802 Quid
1310 4753 1543 4792 meorum
1595 4754 1734 4806 opu-

100 4825 311 4881 sculorum
337 4831 676 4898 frequentius
713 4833 762 4882 et
791 4828 1158 4882 delcctabilius
1179 4829 1501 4880 innotescere
1535 4829 1731 4894 potuit,

100 4922 219 4972 quam
246 4915 364 4969 libri
392 4915 807 4982 Confessionum
837 4912 1126 4968 mearum?
1157 4915 1285 4969 Cum
1311 4918 1360 4966 et
1387 4915 1528 4982 ipsos
1566 4914 1738 4967 edidi-

101 4997 175 5049 rim
214 5007 485 5072 antequam
531 5005 828 5070 Pelagiana
891 5003 1108 5056 liceresis
1171 5003 1505 5070 exstitisset;
1556 5004 1616 5055 in
1663 5005 1737 5056 eis

102 5091 201 5138 certe
225 5089 368 5144 duri:
403 5093 482 5146 Da
512 5109 654 5152 QUOD
680 5107 842 5144 JL'BES
873 5107 934 5143 ET
961 5105 1090 5145 JUBE
1121 5106 1266 5149 QUOD
1306 5106 1408 5142 Vis.
1453 5090 1582 5154 Qua:
1621 5106 1739 5143 mea

104 5174 224 5227 verba
257 5179 498 5249 Pelagius
541 5183 735 5246 Roma,
767 5195 885 5232 cum
911 5195 949 5232 α
995 5177 1230 5247 quodam
1270 5179 1447 5242 fratre
1476 5183 1525 5231 et
1563 5179 1740 5246 coepi—

108 5269 218 5327 θευΡο
266 5281 372 5321 meo
438 5269 671 5335 fuissent
737 5283 794 5321 eo
833 5271 1099 5337 praesente
1129 5271 1556 5332 commemorata,
1597 5267 1742 5330 fer-re

111 5358 181 5399 non
199 5357 379 5420 potuit,
411 5362 460 5409 et
501 5355 866 5410 contradicens
897 5357 1189 5422 aliquanto
1234 5355 1565 5422 commotius,
1609 5370 1745 5422 pene

113 5446 196 5488 Cum
219 5456 268 5493 eo
297 5446 389 5510 qui
408 5446 505 5498 illa
531 5448 1029 5498 commemoraverat
1069 5444 1328 5508 litigavit.
1375 5441 1512 5495 Hinc
1559 5441 1744 5512 prima

116 5521 233 5592 Origo
257 5531 402 5596 mali,
432 5547 564 5586 nam
595 5531 736 5586 nihil
791 5530 975 5602 magis
1019 5529 1295 5586 irritabile
1344 5532 1427 5582 est
1456 5529 1743 5600 scriptori-

1759 2978 2173 3058 Cdispositum.
2234 2992 2426 3045 Grmca
2481 2991 2694 3046 habent
2755 3009 2766 3046 :

1767 4265 1812 4320 D

1837 508 2114 572 pugnanL

1899 591 2170 660 Proposit.
2232 593 2318 646 44.
2371 592 2448 646 Ad
2499 587 2666 647 Rom.
2712 609 2804 659 vu,
2866 597 2952 662 19,
3017 598 3104 650 20.
3163 601 3316 655 Nunc
3385 607 3526 658 enim

1827 680 1977 733 homo
2022 680 2348 736 describitur
2385 683 2482 736 sub
2531 684 2640 750 lege
2669 685 2877 750 positus
2908 688 3032 738 ante
3075 691 3332 754 gratiam.
3381 694 3526 746 Tunc

1824 772 1964 823 enim
2007 773 2242 838 peccatis
2286 773 2543 837 vincitur,
2594 772 2724 825 dum
2766 773 2973 826 viribus
3023 777 3136 829 suis
3171 778 3320 845 juste
3349 783 3526 833 vivere

1825 864 2068 923 conatur,
2102 861 2216 912 sine
2259 860 2536 928 adjutorio
2588 859 2867 914 liberantis
2899 866 3093 929 gratiae
3123 867 3235 919 Dei.
3266 869 3326 920 In
3359 869 3524 922 libero

1825 950 2002 998 autem
2052 947 2279 1000 arbitrio
2320 948 2477 1000 habet
2523 953 2582 999 ut
2626 948 2809 1001 credat
2851 950 3142 1018 liberatori,
3185 958 3234 1006 et
3290 957 3526 1022 accipiat

1823 1037 2084 1098 gratiam,
2134 1040 2216 1098 ut,
2247 1035 2368 1102 jam
2398 1037 2491 1088 illo
2523 1038 2620 1103 qui
2648 1051 2763 1088 eam
2797 1036 2962 1090 donat
2991 1039 3250 1093 liberante
3275 1047 3325 1096 et
3353 1044 3525 1110 adju-

1823 1129 2000 1189 vante,
2034 1139 2140 1176 non
2168 1129 2368 1192 peccet,
2401 1130 2506 1178 etc.
2533 1121 2554 1195 ]
2592 1126 2720 1178 llaec
2743 1131 2874 1178 sunt
2921 1127 3220 1184 minimum
3269 1133 3524 1204 Semipe-

1824 1211 2214 1281 lagianismus,
2259 1213 2354 1282 qui
2399 1212 2445 1265 si
2495 1219 2630 1266 tunc
2669 1213 2944 1284 temporis
2971 1232 3084 1269 non
3117 1217 3426 1274 docebatur
3466 1221 3523 1274 in

1826 1301 2093 1365 Ecclesia,
2158 1317 2524 1371 summopere
2580 1302 2920 1355 temerarius
2973 1311 3092 1358 erat
3146 1309 3520 1377 Augustinus,

1823 1389 1923 1458 qui
1957 1389 2296 1460 loquebatur
2317 1390 2386 1444 de
2418 1406 2478 1442 re
2509 1394 2626 1443 tam
2650 1391 2827 1458 gravi,
2861 1397 3060 1446 contra
3094 1395 3350 1449 omnium
3403 1413 3526 1450 seu-

1822 1476 2098 1542 tentiam;
2150 1473 2248 1530 aut'
2289 1477 2334 1529 si
2383 1477 2711 1545 docebatur,
2765 1495 2879 1531 non
2931 1481 3089 1550 capio
3122 1482 3218 1552 qui
3264 1483 3525 1538 damnari

1821 1564 2117 1634 potuerint
2143 1565 2304 1636 quasi
2333 1570 2635 1619 novatores
2668 1571 2724 1619 et
2743 1567 2994 1621 exitiales
3020 1570 3270 1624 llEETeilCl
3321 1573 3420 1643 qui
3471 1575 3525 1628 id

1822 1650 2122 1713 docebant,
2147 1652 2297 1720 quod
2325 1658 2490 1706 antea
2521 1654 2735 1723 ubique
2766 1655 3073 1710 docebatur
3104 1663 3159 1712 et
3196 1661 3346 1729 quod
3395 1677 3522 1715 cum

1824 1738 1991 1792 laude
2022 1739 2320 1809 scripserat
2359 1740 2730 1810 Augustinus.
2783 1742 3062 1796 Caeterum
3128 1745 3280 1798 hunc
3337 1747 3523 1802 locum

1825 1826 2146 1880 retractavit
2177 1827 2542 1897 Augustinus,
2584 1833 2643 1881 ut
2665 1833 2719 1881 et
2740 1829 2865 1905 alia
2897 1831 3156 1899 quaedam
3191 1849 3317 1902 qua:
3357 1836 3524 1890 Pela-

1824 1914 1918 1984 gio
1948 1914 2229 1968 favebant.
2260 1915 2371 1969 Sed
2403 1915 2474 1968 ad
2506 1917 2656 1968 hunc
2686 1916 2877 1970 locum
2909 1918 3062 1987 quod
3111 1921 3332 1987 attinet,
3382 1923 3527 1992 opti-

1825 2003 1905 2056 mi
1935 2003 2149 2074 quique
2184 2003 2523 2074 interpretes
2576 2005 2666 2058 hic
2711 2021 2831 2058 esse
2891 2021 3020 2059 vere
3063 2013 3526 2080 μέτοσχηματισμον

1826 2096 2161 2160 agnoscunt,
2208 2108 2322 2161 quo
2373 2093 2580 2146 Paulus
2633 2093 2809 2147 veluti
2880 2093 2939 2147 in
2996 2111 3158 2149 suam
3222 2113 3522 2166 personam

1825 2178 2116 2241 transfert,
2151 2195 2278 2250 qua;
2311 2179 2379 2234 ad
2421 2180 2717 2234 hominem
2761 2197 2877 2235 non
2910 2188 3307 2253 regeneratum
3350 2185 3524 2255 perti-

1823 2271 2000 2334 nent;
2037 2267 2188 2338 quod
2217 2273 2372 2322 extra
2393 2285 2562 2322 omne
2595 2269 2830 2323 dubium
2855 2275 3192 2339 posuerunt.

2350 2366 3006 2423 ANIMADVERSIONES

2110 2477 2164 2513 IN
2199 2477 2585 2515 EXPOSITIONEM
2605 2479 2864 2517 EPISTOLE
2893 2481 2959 2518 AD
2982 2471 3241 2522 GALATAS.

1898 2547 1925 2618 §
1975 2548 2062 2601 24.
2119 2548 2412 2612 Profertur
2459 2549 2538 2603 sic
2575 2567 2718 2604 vers.
2770 2554 2833 2605 19
2881 2569 3005 2622 cap.
3060 2571 3135 2608 ιιι.
3216 2554 3386 2626 Epist.
3453 2556 3525 2611 ad

1827 2636 2086 2690 Galatas:
2148 2638 2296 2702 Quid
2373 2641 2547 2706 ergo?
2591 2641 2723 2707 Lear,
2809 2645 3254 2710 transgressionis
3316 2649 3524 2712 gratia,

1825 2728 2103 2794 proposita
2150 2730 2246 2792 est,
2297 2726 2458 2780 donec
2496 2729 2700 2780 veniret
2731 2742 2924 2795 semen,
2957 2733 3047 2783 cui
3068 2735 3394 2800 promissum
3423 2739 3522 2798 est,

1826 2813 2148 2882 dispositum
2174 2830 2273 2883 per
2311 2816 2524 2881 angelos
2549 2817 2610 2870 in
2635 2831 2799 2869 manu
2829 2818 3161 2874 mediatoris.
3197 2820 3214 2889 ]
3244 2821 3334 2874 Est
3367 2837 3526 2875 mera

1827 2902 2179 2970 depravatio,
2239 2918 2368 2956 cum
2419 2903 2478 2956 in
2535 2903 3018 2974 interpunctione,
3085 2911 3205 2962 tum
3259 2909 3323 2962 in
3389 2927 3524 2964 voce

2832 2995 2885 3039 Τὶ
2943 2995 3029 3041 οὖν
3097 2993 3122 3041 ὁ
3193 2995 3361 3056 νόμος;
3429 2999 3526 3042 τῶν

1827 3077 2150 3140 παραϐάσεων
2205 3080 2350 3142 χάριν
2397 3079 2696 3141 προσετέθη,
2754 3080 2894 3143 ἄχρις
2949 3081 3004 3128 οὕ
3059 3081 3176 3144 ἔλθῃ
3226 3083 3281 3130 τὸ
3334 3083 3527 3146 σμέρμοι

1829 3154 1867 3219 ᾧ
1917 3155 2235 3218 ἐπήγγελται,
2286 3156 2522 3219 διαταγεὶς
2589 3156 2646 3204 δῖ’
2706 3157 2928 3220 ἀγγέλων
2997 3159 3048 3207 ἐν
3117 3160 3244 3225 χείρὶ
3313 3163 3526 3224 μεσίτου.

1832 3237 2069 3306 Vulgata
2100 3237 2377 3292 ho‘dierna
2402 3255 2413 3291 :
2454 3237 2600 3303 Quid
2628 3241 2802 3305 igitur
2827 3240 2912 3293 lea:
2935 3245 2962 3294 φ
2973 3247 3199 3309 propter
3237 3247 3531 3310 transgres-

1829 3327 2002 3379 siones
2044 3329 2225 3394 posita
2263 3331 2360 3390 est,
2407 3326 2570 3379 donec
2617 3329 2822 3381 veniret
2852 3342 3026 3382 semen
3056 3332 3144 3382 cui
3179 3334 3526 3398 promiserat,

1831 3411 2087 3470 ordinata
2135 3429 2233 3482 per
2280 3415 2494 3481 angelos
2541 3417 2598 3468 in
2638 3431 2803 3469 manu
2852 3417 3187 3472 mediatoris.
3229 3423 3415 3489 Atque
3451 3422 3529 3473 ita

1832 3501 1945 3572 legi
1975 3507 2236 3573 oportere
2268 3519 2356 3556 res
2387 3503 2507 3574 ipsa
2553 3504 2818 3568 ostendit,
2867 3507 3304 3579 agnovissetque
3339 3513 3530 3580 Augu-

1833 3591 2032 3655 stinus,
2056 3590 2100 3643 si
2133 3590 2398 3645 meliores
2429 3591 2651 3645 codices
2682 3593 3028 3649 contulisset.
3064 3593 3152 3649 Sic
3194 3597 3346 3650 enim
3391 3598 3532 3668 legit

1833 3678 2094 3749 Pelagius
2121 3679 2179 3731 in
2205 3679 2629 3733 Commentario
2648 3681 2717 3735 ad
2741 3682 2884 3734 hanc
2917 3683 3246 3753 Epistolam,
3282 3685 3328 3739 si
3358 3687 3530 3740 modo

1834 3767 1949 3820 illic
1981 3771 2196 3821 mutata
2229 3769 2351 3838 ejus
2381 3769 2552 3822 verba
2583 3785 2700 3822 non
2732 3769 2964 3824 fuerint.
2998 3771 3086 3825 Sic
3130 3788 3359 3843 quoque
3389 3777 3528 3828 Am-

1837 3857 2126 3910 brosiaster
2158 3856 2254 3910 ille
2285 3857 2445 3927 cujus
2479 3858 2889 3911 Commentarii
2937 3858 2997 3912 in
3048 3861 3322 3929 Epistolas
3373 3862 3532 3916 Pauli

1835 3944 2136 3998 Ambrosio
2177 3949 2310 3998 sunt
2356 3945 2665 4014 conjuncti.
2717 3945 2826 4000 Sed
2879 3947 3119 4016 perinde
3171 3953 3291 4002 erat
3337 3951 3532 4018 Augu-

1837 4033 1984 4086 stino
2019 4033 2534 4102 quomodocunque
2583 4034 2889 4102 legeretur,
2946 4052 3013 4088 ex
3063 4035 3357 4105 quibusvis
3409 4053 3532 4090 sen-

1837 4137 1962 4173 sum
2004 4120 2261 4190 quemvis
2299 4121 2503 4174 elicere
2556 4125 2774 4190 parato,
2831 4138 2936 4175 nec
2993 4124 3267 4178 orationis
3326 4125 3533 4179 seriem

1843 4209 2099 4261 evolvere
2139 4208 2376 4261 curanti.
2413 4209 2575 4277 Smpe
2610 4225 2727 4262 non
2759 4209 2978 4263 felicius
3025 4226 3254 4264 sensum
3295 4211 3537 4281 expedio

1842 4296 1939 4362 vit,
1973 4295 2073 4349 ubi
2107 4300 2317 4350 rectam
2360 4297 2662 4349 lectionem
2712 4302 2936 4350 secutus
2963 4303 3066 4365 est,
3099 4314 3270 4368 quam
3304 4299 3400 4352 ubi
3431 4300 3534 4353 fal-

1835 4399 1976 4436 sam.
2009 4385 2080 4436 At
2105 4383 2325 4436 laudari
2347 4399 2461 4436 non
2491 4383 2698 4452 potuit,
2724 4384 2874 4454 quod
2904 4401 3030 4438 cum
3055 4390 3199 4439 esset
3227 4386 3356 4452 tiro,
3402 4402 3535 4440 nam

1837 4471 2252 4540 expositionem
2311 4471 2456 4524 hanc
2490 4471 2804 4525 etiamnum
2840 4474 3138 4543 presbyter
3175 4474 3536 4545 conscripsit,

1839 4563 1896 4614 et
1955 4563 2235 4629 prceterea
2291 4560 2498 4614 Graeca:
2556 4559 2768 4630 linguae
2822 4561 3140 4631 imperitus,
3175 4562 3542 4618 diflicillimos

1843 4648 1982 4701 Novi
2011 4647 2354 4702 Testamenti
2395 4647 2589 4713 libros,
2640 4648 2917 4718 Epistolas
2946 4649 3015 4704 ad
3060 4651 3349 4705 Romanos
3380 4659 3435 4706 et
3474 4653 3539 4706 ad

1841 4735 2083 4800 Galatas,
2116 4735 2480 4804 interpretari
2510 4751 2810 4805 aggressus
2833 4738 2930 4802 sit,
2964 4754 3034 4791 ne
3058 4740 3376 4793 emendatis
3424 4739 3542 4810 qui-

1843 4824 1972 4877 dem
2004 4823 2292 4876 codicibus
2318 4823 2425 4876 sibi
2453 4824 2814 4893 comparatis.
2862 4827 2988 4880 Ηωο
3029 4827 3148 4896 ejus
3188 4828 3307 4880 zelo
3357 4827 3540 4880 bono-

1844 4928 1955 4981 que
2001 4910 2194 4964 animo
2238 4911 2614 4966 condonanda
2645 4912 2930 4983 quispiam
2969 4915 3113 4969 forte
3159 4914 3540 4979 existimabit;

1845 5015 1948 5054 nec
1999 4999 2312 5062 intercedo,
2358 5001 2530 5055 modo
2569 5017 2640 5056 ne
2689 5003 2996 5057 laudentur
3039 5020 3168 5074 quae
3199 5003 3365 5056 venia
3394 5003 3540 5056 indi-

1846 5091 2002 5159 gent,
2048 5092 2145 5141 aut
2200 5104 2271 5142 ne
2328 5089 2724 5159 vituperentur
2779 5092 3038 5156 meliora,
3106 5091 3175 5143 iis
3227 5091 3544 5162 przesertim

1848 5176 2071 5242 collata,
2118 5177 2271 5247 quod
2302 5193 2333 5230 a
2385 5177 2581 5232 multis
2629 5183 2840 5247 tamen,
2892 5176 3189 5232 inscitiane
3221 5178 3427 5247 dicam,
3474 5194 3545 5233 an

1849 5264 2101 5336 partium
2134 5266 2320 5320 studio
2341 5267 2370 5320 ?
2401 5267 2526 5320 ﬁeri
2547 5267 2714 5322 solet.

1941 5356 1968 5421 §
2009 5354 2098 5410 40.
2163 5355 2311 5409 Unde
2359 5360 2408 5410 et
2453 5357 2695 5409 Joannes
2739 5354 2806 5408 ad
2853 5355 3083 5409 Parthos
3133 5355 3302 5412 dicit:
3353 5357 3549 5414 Scribo

1851 5443 2030 5510 vobis,
2065 5448 2255 5514 patres
2285 5450 2383 5500 etc.
2417 5446 2434 5515 ]
2473 5446 2655 5499 Verba
2701 5444 2965 5497 exstantl
3013 5445 3174 5500 Joan.
3229 5463 3287 5513 ιι,
3339 5450 3424 5502 13.
3463 5448 3552 5502 Sic

1857 5534 2005 5586 recte
2039 5533 2259 5587 editum
2293 5550 2323 5587 a
2360 5531 2753 5596 Bcnedictinis,
2787 5547 2902 5586 non
2933 5533 3008 5587 ad
3046 5535 3248 5589 Patres.
3290 5533 3422 5588 Vide
3474 5535 3554 5588 in-
