3890 6186
349 227 447 281 367

1359 234 1913 291 SUPPLEMENTUM
1956 238 2043 291 AD
2083 237 2308 294 OPEB‘A
2350 242 2403 294 S.
2447 243 2834 298 AUGUSTINI.

3670 265 3746 316 358

347 367 714 438 scriptionem
746 374 1088 423 tractatuum
1120 369 1176 423 in
1207 369 1353 424 hanc
1400 371 1580 442 ipsam
1629 373 1950 443 epistolam,
1982 379 2037 428 et
2075 362 2115 414 Α
2147 367 2243 428 εείν
2275 381 2352 432 Tm

2147 367 2243 428 est,
2275 369 2497 432 propter
2525 366 2757 434 culpam,
2789 365 2870 418 vel
2895 366 3206 435 hujusmodi
3232 367 3432 437 aliquid
3458 389 3624 442 passus
3654 383 3747 445 [ηρ.

347 456 441 510 adi
471 459 763 527 llugonem
798 459 1078 520 Grotium,
1113 457 1491 529 interpretum
1523 462 1828 532 Scriptura:
1878 463 2041 517 facile

346 545 682 616 principem,
720 547 785 599 ad
813 546 834 599 Ι
868 546 1034 615 Epist.
1064 547 1316 601 Joannis.
1865 552 1871 558 ’

417 631 444 701 §
475 636 560 686 64.
604 636 716 698 Ego
746 637 885 686 enim
906 637 1166 699 stigmata
1195 638 1412 689 Domini
1434 638 1572 690 Jesu
1603 639 1809 694 Christi
1833 641 1890 692 in
1915 654 2038 692 cor-

337 736 468 789 pore
494 736 604 774 meo
632 726 804 790 porto.
839 720 856 789 ]
895 722 1072 776 Verba
1099 730 1230 776 sunt
1248 725 1502 792 Apostoti
1525 726 1643 778 Gal.
1670 742 1742 791 vi,
1783 729 1865 792 t7,
1908 743 2036 796 quae

340 809 417 861 ita
448 808 853 878 interpretatur
883 811 1230 880 Augustinus
1256 831 1271 864 :
1308 812 1379 864 Id
1409 817 1502 872 est,
1539 813 1730 867 habere
1755 814 1888 867 alios
1925 830 2041 867 con-

335 898 512 964 flictus
538 902 586 950 et
616 900 911 952 certamina
939 913 1056 952 cum
1082 915 1241 952 carne
1270 916 1406 963 mea,
1461 917 1578 969 qua
1611 904 1663 953 in
1707 903 2033 970 persecutio-

336 985 495 1038 nibus
537 999 672 1052 quas
717 988 903 1053 patior
947 1002 1148 1039 mecum
1191 987 1472 1042 dimicant.
1519 989 1613 1042 His
1646 990 1820 1055 lectis,
1865 1006 2034 1042 nemo

334 1088 452 1125 non
483 1078 768 1142 exspectet
792 1073 1175 1142 Augustinum
1218 1075 1538 1128 locuturum
1573 1077 1641 1132 de
1673 1076 2033 1146 stigmatibus

334 1161 606 1228 militum,
641 1162 708 1214 de
759 1163 964 1232 quibus
1008 1163 1159 1215 hunc
1204 1164 1390 1216 locum
1440 1165 1702 1216 nonnulli
1747 1165 2031 1235 interpre-

335 1253 549 1303 tantur.
597 1249 703 1303 Sed
749 1250 880 1304 audi
929 1250 1261 1321 sequentia:
1313 1252 1585 1319 Stigmata
1613 1254 1752 1306 enim
1773 1252 2033 1306 dicuntur

331 1341 470 1388 notae
519 1337 763 1404 quaedam
793 1354 1075 1405 poenarum
1112 1340 1424 1407 servilium;
1478 1343 1538 1392 ut
1586 1341 1636 1392 si
1695 1341 1835 1406 quis,
1879 1328 2033 1394 uerbi

332 1427 535 1494 gratia,
568 1440 752 1479 servus
782 1427 839 1479 in
889 1427 1227 1495 compedibus
1265 1429 1435 1493 fuerit
1463 1433 1691 1496 propter
1714 1443 1934 1493 noxam,
1970 1428 2029 1481 id

2145 454 2240 517 rit,
2273 457 2532 520 stigmata
2555 455 2747 508 habere
2771 454 3020 521 dicatur;
3071 460 3120 509 et
3151 456 3265 509 ideo
3298 460 3349 510 in
3368 460 3478 526 jure
3503 472 3749 523 manumis-

2145 544 2331 604 sionis,
2367 545 2645 608 inferioris
2675 547 2750 597 est
2774 543 3004 596 ordinis.
3038 543 3177 606 Quae
3211 549 3270 596 ut
3307 562 3423 600 vero
3465 550 3754 622 habeantur,

2145 630 2283 684 nihil
2318 637 2506 683 tamen
2530 631 2598 684 ad
2633 631 3158 700 interpretationem
3180 633 3298 701 ejus
3323 635 3532 692 faciunt.
3561 644 3620 694 At
3651 644 3756 698 hinc

2142 719 2407 790 colligere
2437 720 2643 789 potuit,
2682 720 2918 773 Paulum
2968 721 3072 773 hoc
3112 722 3275 784 velle,
3322 740 3524 780 servum
3568 744 3618 781 se
3659 747 3755 785 esse

2143 808 2368 872 Christi,
2400 808 2552 878 quod
2612 809 2874 878 stigmata
2923 809 3096 862 veluti
3141 825 3173 862 a
3216 809 3423 865 Christo
3453 814 3500 866 ei
3531 815 3757 886 impressa

2141 894 2554 963 significabant.
2588 897 2864 950 Praeterea
2895 896 2984 950 hic
3009 899 3265 963 stigmata
3295 898 3653 966 intellexerim,
3675 913 3764 953 ιη’

2138 982 2374 1030 ἀντίθεσιν
2407 985 2474 1038 ad
2529 985 2794 1055 stigmata
2839 985 3231 1054 superstitiosa
3267 987 3681 1057 idololatrarum,
3708 996 3762 1048 de

2139 1073 2345 1142 quibus
2403 1074 2466 1126 H.
2514 1073 2739 1127 Grotius
2778 1077 2832 1126 et
2878 1074 3046 1126 Henr.
3099 1074 3476 1128 Hammondus
3516 1077 3578 1130 ad
3627 1084 3769 1150 Apoc.

2135 1177 2253 1225 xui,
2287 1164 2372 1215 .15.
2407 1162 2686 1214 Caeterum
2726 1164 2985 1227 stigmata
3029 1177 3144 1214 non
3188 1163 3415 1231 proprie
3445 1164 3634 1218 vibices
3660 1169 3773 1222 dici-

2135 1249 2360 1312 banlur,
2392 1249 2484 1302 sed
2518 1249 2786 1318 inscripta
2816 1254 3025 1318 puncta
3051 1249 3258 1318 quibus
3276 1250 3549 1305 interdum
3579 1253 3768 1324 fugitivi

2137 1335 2283 1389 servi
2325 1337 2714 1401 notabantur;
2759 1336 2910 1390 unde
2942 1335 3214 1397 στιγματίαι
3251 1336 3404 1406 dicti,
3452 1343 3513 1392 ut
3537 1339 3780 1397 docebunt

2136 1425 2310 1479 Graeci
2338 1423 2743 1494 lexicographi.
2818 1484 2824 1489 _

1503 1701 1599 1771 IN
1676 1702 2033 1770 TOMUM
2111 1699 2648 1784 QUARTUM.

503 1968 912 2024 DESIDEBIUS
951 1969 1270 2024 ERASMUS
1315 1972 1409 2025 AD
1451 1972 1836 2027 LECTOREM.

392 2057 792 2111 Enarrationes
823 2074 1113 2112 sacrorum
1147 2059 1504 2114 voluminum
1551 2061 1703 2131 apud
1733 2060 2014 2132 populum

320 2143 561 2211 habitas,
610 2161 750 2214 quas
801 2145 978 2200 Graeci
1031 2152 1237 2200 vocant
1275 2148 1556 2214 homilias,
1609 2147 1771 2202 divus
1818 2151 2012 2219 Augu-

321 2232 506 2286 stinus
552 2233 804 2304 appellat
853 2239 1146 2289 tractatus:
1205 2252 1308 2290 nos
1360 2237 1662 2290 conciones
1710 2253 2014 2306 possumus

321 2326 627 2396 appellare.
659 2327 726 2379 In
754 2326 840 2378 his
871 2326 988 2380 fere
1019 2328 1275 2382 solebant
1298 2328 1508 2382 notarii
1539 2329 1696 2399 quod
1723 2329 2014 2383 dicebatur

318 2415 614 2484 excipere;
647 2430 1067 2485 nonnunquam
1108 2416 1208 2487 qui
1243 2417 1494 2471 dicturus
1534 2423 1676 2483 erat,
1730 2419 1817 2472 vel
1849 2422 2012 2472 ante-

313 2518 486 2573 quam
517 2502 748 2568 diceret,
782 2503 1077 2573 digerebat
1103 2505 1162 2558 in
1191 2506 1520 2560 schedulam
1570 2507 1724 2577 quod
1777 2507 2014 2576 parabat

312 2591 606 2652 disserere,
631 2593 718 2644 vel
751 2593 904 2661 quod
940 2593 1160 2646 dixerat
1194 2593 1398 2647 litteris
1441 2594 1766 2648 mandabat.
1798 2596 1860 2648 In
1907 2595 2012 2648 hoc

312 2678 572 2732 dictionis
603 2694 828 2747 genere,
863 2677 1044 2734 multa
1072 2679 1283 2732 dantur
1311 2680 1540 2733 auribus
1568 2679 1849 2750 imperita:
1882 2696 2009 2749 pro-

309 2767 656 2838 miscumque
707 2767 1108 2822 multitudinis.
1156 2767 1223 2821 In
1265 2767 1468 2837 primis
1529 2767 1746 2838 aliquot
1776 2767 2009 2838 psalmis

306 2855 591 2910 astrictior
620 2859 781 2908 estet
811 2856 1143 2910 accuratior.
1175 2857 1237 2909 In
1262 2855 1675 2926 posterioribus
1694 2856 2007 2910 identidem

305 2943 657 3013 exspatiatur
694 2943 754 2996 in
785 2943 986 3013 longas
1014 2943 1415 3012 digressiones,
1453 2948 1684 3008 mutata,
1733 2948 1795 2997 ut
1835 2959 2006 3014 appa-

302 3034 410 3098 ret,
441 3031 753 3084 voluntate.
804 3030 948 3099 Lege
991 3029 1316 3102 diligenter,
1361 3030 1612 3101 reperies
1659 3046 1881 3084 arcanse
1913 3031 2006 3085 do-

303 3118 500 3173 ctrinae
530 3118 863 3172 thesaurum
903 3117 1383 3172 inaestimabilem.
1420 3118 1577 3173 Vale.

819 3206 1393 3261 ANIMADVERSION
1409 3205 1481 3260 ES

726 3310 781 3348 IN
805 3310 1210 3348 ENARRATIONES
1236 3311 1288 3348 IN
1314 3309 1570 3349 PSALMOS.

364 3384 507 3438 Puto
539 3383 608 3436 ab
638 3383 891 3448 Erasmo,
942 3381 1177 3435 nomine
1234 3398 1447 3436 arcana
1492 3382 1769 3448 doctrinae,
1821 3381 1996 3436 intel-

289 3466 396 3537 ligi
426 3484 622 3520 sensus
671 3467 1026 3536 psalmorum
1079 3466 1614 3538 allegoricos;nam
1663 3466 1802 3537 quid
1839 3467 1992 3522 aliud

286 3555 382 3609 hic
411 3567 684 3609 arcanum
710 3555 820 3608 dici
852 3555 1030 3625 possit
1060 3571 1176 3608 non
1233 3555 1529 3626 intelligo:
1587 3571 1775 3626 neque
1836 3555 1991 3610 enim

289 3643 358 3697 ad
407 3643 711 3698 litteralem
755 3659 985 3697 sensum
1031 3643 1347 3698 eruendum
1422 3643 1736 3714 quidquam
1791 3648 1876 3698 est
1930 3644 1991 3698 in

283 3732 636 3802 psalmorum
671 3731 1138 3786 Enarrationibus
1178 3732 1332 3803 quod
1382 3748 1498 3786 non
1536 3731 1714 3786 cuivis
1755 3736 1810 3786 et
1865 3731 1986 3785 ubi-

283 3835 395 3890 que
444 3823 718 3874 occurrat.
771 3819 859 3876 Ad
915 3820 1268 3890 theologiam
1315 3835 1452 3874 vero
1519 3823 1690 3889 atque
1739 3820 1984 3874 ethicam

281 3906 662 3962 Christianam
717 3907 870 3979 quod
915 3906 1136 3977 attinet,
1175 3907 1322 3962 nihil
1374 3912 1459 3962 est
1490 3907 1582 3961 hic
1611 3906 1890 3961 reconditi
1930 3911 1986 3962 et

277 3994 516 4050 minime
569 3995 837 4066 vulgaris.
891 3996 1054 4064 Sunt,
1110 3996 1410 4062 nimirum,
1490 3995 1885 4050 Enarrationes
1911 3997 1983 4050 ad

276 4083 480 4137 rudem
511 4083 887 4153 plebeculam,
920 4084 1209 4153 suspensis
1259 4077 1490 4137 auribus
1540 4083 1734 4137 omnia
1778 4074 1979 4138 bibere

272 4175 550 4241 paratam,
588 4170 1040 4236 instituendam;
1073 4188 1190 4225 non
1221 4171 1400 4226 doctis
1432 4188 1493 4225 ac
1524 4187 1790 4225 verorum
1828 4171 1975 4226 Scri-

273 4263 460 4327 pturaa
477 4273 748 4314 sensuum
783 4259 1056 4312 studiosis
1093 4260 1337 4328 scripta.
1390 4261 1509 4312 Duo
1543 4258 1687 4312 mihi
1713 4258 1976 4313 videntur

271 4361 306 4398 a
353 4347 703 4415 psalmorum
745 4345 1061 4416 interprete
1108 4363 1272 4416 posse
1317 4346 1618 4416 postulari.
1669 4347 1833 4400 Prius
1890 4352 1974 4402 est

272 4437 355 4499 ut,
378 4438 510 4486 ante
541 4435 755 4500 omnia,
788 4433 1050 4488 ostendat
1079 4434 1206 4504 quis
1243 4433 1316 4487 sit
1363 4449 1561 4488 sensus
1608 4435 1877 4504 proprius
1907 4451 1970 4489 ac

2059 1971 2100 2026 Β
2134 1969 2275 2025 Hinc
2317 1972 2508 2024 autem
2554 1968 2767 2024 factum
2813 1972 2914 2036 est,
2957 1985 3074 2024 non
3119 1973 3354 2024 tantum
3392 1975 3456 2025 ut
3486 1973 3793 2026 sententiam

2122 2057 2302 2128 ipsius
2349 2058 2546 2128 psaltte
2587 2061 2876 2110 assecutus
2913 2056 3125 2126 passim
3189 2074 3312 2112 non
3363 2059 3457 2121 sit.
3509 2060 3604 2114 sed
3648 2061 3794 2115 etiam

2121 2151 2186 2200 ut
2232 2162 2303 2200 ne
2343 2146 2496 2216 ipsos
2554 2144 2787 2216 quidem
2854 2144 2981 2200 LXX
3042 2144 3399 2214 interpre‘es
3465 2146 3797 2212 intellexerit,

2121 2250 2365 2304 quorum
2413 2249 2563 2302 sa-pe
2605 2231 2846 2287 barbara
2890 2247 2954 2286 ac
2999 2233 3242 2287 obscura
3283 2234 3584 2289 translatio
3620 2234 3798 2289 melius

2121 2322 2299 2376 multo
2361 2338 2429 2376 ex
2485 2321 2754 2375 Hebraico
2795 2324 2952 2375 textu
3005 2320 3381 2392 intelligitur,
3418 2340 3592 2394 quam
3625 2324 3667 2377 si
3700 2325 3799 2375 sola

2119 2410 2357 2482 legatur.
2387 2411 2670 2464 Praeterea
2696 2409 2794 2463 ubi
2823 2408 3084 2464 litteratis
3107 2426 3316 2464 sensus
3368 2412 3612 2483 simplex
3654 2416 3799 2481 atque

2119 2504 2350 2569 apertus
2399 2503 2502 2564 est,
2557 2497 2794 2552 minime
2837 2513 2980 2567 opus
3006 2498 3117 2553 fuit
3146 2499 3251 2553 illo
3285 2500 3522 2555 deserto
3550 2501 3616 2554 ad
3653 2498 3804 2569 spiri-

2117 2587 2302 2640 tuales
2353 2585 2647 2656 divagari;
2692 2586 2845 2656 quod
2890 2590 3083 2640 tamen
3130 2594 3427 2657 perpetuo
3475 2588 3653 2642 ferme
3699 2587 3808 2640 facit

2117 2675 2490 2745 Augustinus,
2539 2681 2593 2729 et
2643 2675 2874 2746 quidem
2916 2677 2993 2730 ita
3021 2681 3084 2729 ut
3115 2678 3229 2730 sibi
3262 2684 3586 2748 propterea
3626 2678 3812 2731 mirum

2115 2761 2175 2816 in
2210 2763 2440 2816 modum
2473 2763 2723 2833 plaudat.
2747 2763 2835 2817 Sic
2866 2764 2961 2818 ille
2991 2780 3120 2835 qua!
3152 2764 3411 2819 obscura
3439 2773 3580 2820 sunt
3601 2766 3813 2819 minimo

2114 2852 2306 2906 reddit
2354 2852 2544 2905 labore
2593 2867 2694 2904 suo
2739 2851 2998 2917 clariora,
3059 2858 3115 2908 et
3161 2869 3302 2924 qua:
3355 2859 3498 2908 sunt
3539 2852 3818 2925 perspicua

2113 2955 2288 3010 quam
2323 2939 2565 2994 maxime
2591 2939 2873 2992 obscurat.
2911 2939 3166 3010 Exempli
3189 2956 3378 2995 causa
3404 2942 3644 2996 litterali
3673 2957 3814 2994 sensu

2115 3026 2321 3097 psalmi
2375 3043 2496 3080 cxrx
2543 3026 2722 3080 ferme
2769 3025 2913 3079 nihil
2954 3032 3041 3080 est
3087 3028 3400 3098 apertius;
3439 3035 3598 3083 totus
3625 3028 3816 3100 quippe

2112 3115 2181 3168 de
2228 3114 2558 3185 praestantia
2589 3114 2773 3184 deque
2795 3113 3190 3168 observatione
3244 3116 3476 3170 divina:
3520 3119 3662 3187 legis
3690 3120 3817 3185 agit;

2113 3217 2218 3255 nec
2248 3202 2433 3272 potuit
2461 3202 2776 3274 quidquam
2808 3203 3035 3257 tractari
3065 3199 3266 3274 aptius
3300 3223 3336 3259 a
3363 3209 3680 3278 propheta,
3708 3221 3821 3260 cum

2111 3294 2171 3342 ut
2200 3289 2449 3359 seipsum
2477 3290 2550 3344 ad
2606 3289 3014 3346 observandam
3056 3292 3254 3362 legem
3279 3299 3686 3358 conﬁrmaret,
3718 3300 3821 3348 tum

2107 3377 2282 3431 etiam
2311 3383 2376 3432 ut
2401 3379 2701 3449 populares
2732 3395 2862 3432 suos
2893 3381 2963 3434 ad
2995 3395 3231 3436 morum
3261 3384 3645 3438 sanctitatem
3669 3383 3824 3436 adduo

2101 3469 2270 3518 ceret.
2324 3464 2484 3520 Hisce
2528 3469 2720 3520 tamen
2769 3467 2992 3536 spretis,
3034 3468 3204 3539 quasi
3242 3471 3469 3542 spiritu
3505 3469 3828 3544 prophetico

2104 3568 2304 3622 parum
2327 3552 2535 3623 dignis.
2563 3553 2826 3626 quaesivit
2849 3557 3210 3625 Augustinus
3246 3575 3473 3614 sensus
3526 3562 3599 3615 de
3641 3560 3826 3632 quibus

2099 3638 2318 3693 nemini
2349 3655 2602 3710 unquam
2651 3641 2711 3694 in
2758 3648 3008 3697 mentem
3055 3645 3328 3701 venisset
3377 3650 3491 3721 qui
3544 3650 3832 3704 litteralem

2097 3727 2441 3816 sententiam
2471 3730 2649 3798 probe
2681 3732 3080 3801 perspexisset,
3134 3736 3686 3809 pulcherrimaque
3724 3737 3829 3806 ejus

2093 3817 2443 3872 consectaria
2483 3818 2878 3888 perspexisset.
2932 3822 3164 3887 Quanto,
3204 3822 3427 3895 inquit
3458 3827 3535 3881 de
3565 3827 3666 3883 illo
3700 3824 3834 3897 psal-

2092 3919 2205 3969 mo,
2233 3905 2450 3959 videtur
2494 3909 2751 3973 apertior,
2789 3911 2938 3960 tanto
2966 3908 3100 3960 mihi
3125 3913 3510 3978 profundior
3563 3915 3741 3968 videri
3765 3927 3835 3965 so-

2089 3993 2177 4058 let,
2208 3995 2286 4047 ita
2341 3998 2402 4047 ut
2457 3988 2621 4048 etiam
2650 4010 2813 4062 quam
2840 3999 2916 4050 sit
2939 3997 3271 4066 profundus
3309 4002 3711 4058 demonstrare
3744 4016 3836 4055 non

2086 4084 2309 4148 possim.
2361 4083 2618 4136 Aliorum
2659 4086 2877 4153 quippe,
2950 4087 3048 4154 qui
3102 4087 3368 4156 difﬁcile
3434 4093 3834 4159 intelliguntur,

2085 4171 2301 4222 etiamsi
2337 4172 2393 4222 in
2435 4171 2760 4225 obscuritate
2805 4175 2990 4227 sensus
3019 4174 3172 4244 latet,
3203 4179 3352 4246 ipsa
3389 4185 3590 4235 tamen
3622 4182 3838 4250 apparet

2085 4256 2420 4324 obscuritas;
2453 4260 2614 4328 hujus
2645 4265 2823 4314 autem
2852 4277 2944 4315 nec
2973 4263 3115 4330 ipsa.
3152 4271 3459 4332 quoniam
3506 4271 3675 4324 tatem
3711 4284 3840 4339 pra:-

2084 4343 2168 4397 bet
2221 4347 2574 4414 superﬁciem,
2630 4350 2692 4398 ut
2728 4348 2972 4401 lectorem
2991 4353 3158 4416 atque
3193 4353 3575 4426 auditorem,
3605 4372 3716 4410 non
3749 4369 3840 4407 er.-

2075 4435 2366 4500 positorem
2401 4436 2757 4488 necessarium
2805 4435 2999 4489 habere
3047 4438 3370 4497 credatur.
3435 4447 3591 4510 Quis
3623 4461 3739 4499 non
3776 4444 3844 4495 vi-

269 4521 701 4592 grammaticus,
756 4522 856 4592 qui
897 4523 1152 4576 litteratis
1205 4521 1398 4576 vocari
1450 4521 1612 4575 solet.
1681 4521 1732 4575 Is
1779 4525 1970 4576 autem
2012 4537 2052 4591 ο
2085 4519 2180 4573 det
2221 4519 2646 4591 Hipponensem
2695 4522 3025 4593 episcopum
3079 4525 3182 4580 hic
3239 4532 3498 4584 nodum
3561 4533 3622 4586 in
3669 4531 3841 4600 scirpo

267 4624 467 4664 sensus
515 4608 758 4662 inveniri
810 4624 930 4661 non
961 4611 1168 4679 potest,
1205 4607 1313 4660 nisi
1345 4607 1650 4676 diligenter
1702 4607 1972 4664 Hebraica

264 4697 634 4751 consuluntur
665 4713 677 4764 ;
712 4700 888 4767 utque
919 4695 1144 4750 facilius
1173 4695 1590 4768 intelligantur,
1627 4695 1967 4766 interpretes

263 4784 517 4840 studiose
549 4783 702 4838 inter
731 4800 790 4838 se
820 4783 1205 4838 conferantur.
1243 4785 1382 4839 Nam
1436 4800 1670 4856 prorsus
1719 4784 1966 4855 pendere

261 4891 326 4929 ex
359 4873 562 4928 vitiosa
625 4873 769 4928 forte
822 4872 1100 4934 versione,
1168 4877 1285 4940 aut,
1331 4872 1480 4943 quod
1533 4873 1698 4944 pejus
1743 4877 1844 4939 est,
1901 4889 1965 4927 ex

260 4963 438 5034 ipsius
466 4962 742 5018 versionis
769 4975 884 5015 non
908 4961 1145 5015 meliore
1175 4959 1235 5014 in
1267 4961 1440 5015 aliam
1478 4961 1736 5031 linguam
1778 4967 1963 5015 trans-

259 5051 489 5117 latione,
570 5055 625 5104 et
686 5051 830 5105 velle
896 5053 1090 5104 tamen
1150 5049 1499 5119 Scripturam
1575 5047 1960 5118 interpretari,

259 5139 368 5191 hoc
414 5139 664 5208 profecto
714 5143 799 5192 est
842 5138 902 5192 in
949 5138 1198 5191 tenebris
1239 5137 1464 5191 micare.
1519 5137 1716 5206 Itaque
1757 5137 1829 5191 ad
1861 5155 1962 5191 au-

259 5225 507 5280 thentica
536 5231 592 5279 et
629 5226 983 5297 autographa
1029 5225 1250 5295 Scripta
1297 5224 1773 5294 confugiendum.
1831 5226 1961 5279 Haec

257 5318 446 5367 autem
483 5313 653 5383 plane
700 5315 958 5384 neglecta
1005 5317 1137 5368 sunt
1188 5313 1257 5366 ab
1309 5311 1648 5382 Augustino,
1700 5316 1756 5367 et
1805 5313 1959 5382 quod

255 5417 370 5456 non
419 5407 610 5470 posset
660 5402 994 5456 llebraicum
1048 5406 1267 5456 textum
1323 5416 1383 5453 ac
1428 5399 1769 5469 interpretes
1829 5400 1955 5454 illos

331 5491 573 5550 "nsulcre,
604 5497 658 5542 et
695 5489 848 5560 quod
896 5491 1072 5544 nollet
1114 5491 1172 5542 in
1217 5505 1381 5542 sensu
1422 5487 1653 5541 litterati
1713 5487 1949 5543 haerere.

2081 4607 2447 4676 quaesivisse;
2495 4609 2649 4678 quia,
2714 4609 2772 4662 in
2839 4610 3085 4681 simplici
3146 4612 3694 4688 interpretatione
3744 4633 3846 4674 non

2080 4695 2353 4763 potuisset
2398 4712 2559 4749 suam
2603 4697 2783 4761 illam,
2830 4713 3006 4768 quam
3059 4700 3110 4753 ei
3169 4708 3536 4774 exprobrat
3588 4710 3845 4763 Erasmus

2077 4782 2249 4851 epist.
2305 4787 2352 4837 6‘.

2154 4782 2249 4838 ist.
2305 4787 2392 4849 67,
2443 4782 2540 4838 lib.
2592 4800 2679 4851 xx,
2706 4782 3124 4848 ἀπεραντολογίαν
3165 4799 3538 4865 ostentare,
3579 4804 3644 4852 ut
3685 4795 3848 4852 fecit?

2074 4870 2363 4941 Ingeniosi
2395 4876 2450 4925 et
2474 4872 2626 4926 docti
2659 4873 2764 4927 viri
2792 4875 3072 4944 putabant
3092 4893 3233 4932 esse
3270 4881 3390 4938 illa
3427 4889 3681 4955 saecula,
3713 4885 3849 4939 mul-

2071 4959 2372 5048 tumiloqui
2396 4960 2464 5048 de
2495 4977 2554 5014 re
2585 4978 2714 5032 qua:
2740 4962 3084 5034 eloquentiae
3109 4970 3384 5027 nullum
3428 4981 3853 5048 argumentum

2072 5047 2327 5115 praebere
2357 5046 2681 5105 videbatur.

2140 5138 2420 5225 Alterum,
2449 5137 2612 5225 quod,
2633 5137 2702 5191 ab
2730 5136 3041 5209 interprete
3077 5144 3514 5210 psalmorum
3573 5148 3860 5225 postulari

2069 5227 2260 5294 queat,
2293 5224 2464 5277 situm
2487 5229 2570 5278 est
2601 5224 2662 5278 in
2681 5241 2851 5280 sensu
2891 5227 3196 5298 spirituali
3249 5241 3554 5296 eruenda
3658 5259 3776 5314 qua
3804 5242 3860 5293 in

2066 5327 2127 5365 re
2183 5311 2473 5382 sequenda
2541 5317 2628 5367 est
2677 5317 3068 5384 apostolorum
3127 5334 3497 5390 cynosura,
3550 5335 3625 5386 ιιι
3675 5311 3762 5386 ha
3795 5329 3863 5383 ιο.

2065 5415 2225 5470 quar.
2276 5399 2578 5467 Nimirum,
2629 5401 2752 5456 loca
2818 5402 3193 5460 Psalmorum
3273 5411 3346 5466 in
3437 5419 3618 5473 Novo
3676 5422 3865 5474 Testa.

2065 5493 2258 5542 mento
2296 5491 2519 5558 prolata
2564 5494 2627 5544 ut
2665 5491 3016 5562 prOphetica,
3067 5497 3474 5565 explicanda.
3543 5511 3691 5564 sunt
3761 5507 3861 5572 ita,
