3922 6188
135 308 211 357 3th

848 291 1201 347 VAlthltUM
1246 292 1841 346 EXERCITATIONES
1885 293 1947 345 IN
1988 295 2040 346 S.
2084 292 2448 347 AUGUSTINI
2490 292 2737 345 ΟΡΕΒΛ.

3440 298 3542 349 370

132 430 179 477 ut
211 421 389 489 liqueat
426 430 533 468 non
574 413 779 467 frustra
826 412 999 466 fuisse
1045 413 1115 466 ab
1162 413 1435 483 apostolis
1480 414 1726 467 laudata.
1771 415 1813 467 A
1847 414 2078 466 cundum
2110 415 2367 467 hominem
2400 416 2657 468 Christus
2696 417 2785 469 sit.
2836 419 2983 470 Bona
3016 418 3229 484 quidem
3270 419 3538 483 voluntas,

135 514 265 575 Quam
291 506 339 558 in
378 519 486 557 rem
532 501 847 554 adhibenda
897 505 1029 555 sunt
1075 502 1271 554 omnia
1316 502 1525 555 critica:
1561 518 1733 555 sacras

134 595 338 659 subsidia,
368 591 561 662 quibus
592 590 707 642 fere
736 588 1041 642 destitutus
1069 590 1179 643 fuit
1228 591 1601 660 Augustinus,
1635 590 1734 659 qui

131 690 359 759 propterea
401 697 515 733 rem
565 682 833 749 praestare
882 694 995 731 non
1025 678 1233 747 potuit.
1285 679 1391 732 Sed
1430 678 1560 749 quia
1593 696 1733 749 apo-

122 774 215 827 stoli
255 772 355 823 loca
394 767 660 821 nonnulla
704 766 1055 835 psalmorum
1102 766 1382 836 spirituali
1421 784 1591 820 sensu
1639 768 1735 819 in-

119 862 393 915 tellexerunt
432 862 484 907 et
534 854 888 924 interpretati
943 860 1084 916 sunt,
1140 859 1441 924 propterea
1479 872 1595 908 non
1647 872 1735 908 se-

115 949 262 1020 quitur
290 962 317 998 a
341 943 550 1015 quovis,
584 942 835 1013 qualibet
866 942 933 995 de
967 957 1154 1008 causa,
1203 942 1396 995 omnia
1437 959 1538 1013 pro
1583 944 1732 997 arbi-

113 1036 253 1090 trioin
282 1031 580 1102 spirituales
612 1047 809 1083 sensus
826 1046 992 1100 posse
1038 1030 1325 1100 torqueri;
1356 1031 1508 1101 quod
1540 1036 1733 1084 tamen

111 1128 348 1195 perpetuo,
380 1127 433 1173 et
473 1120 701 1189 quidem
734 1134 1087 1189 cummagna
1128 1118 1295 1172 laude
1344 1119 1574 1172 rudium
1627 1136 1729 1172 sae-

107 1215 336 1275 culorum,
384 1224 691 1277 eorumque
745 1207 845 1278 qui
890 1208 986 1260 illa
1029 1206 1236 1261 imitati
1273 1212 1426 1269 sunt,
1460 1207 1733 1261 factitavit

108 1299 414 1369 Augustinus.
464 1298 523 1349 In
568 1296 680 1349 illis
734 1295 1115 1353 citationibus,
1145 1293 1386 1365 apostoli
1438 1311 1608 1363 saepe,
1671 1300 1731 1348 ut

107 1388 287 1459 quidem
334 1385 567 1449 videtur,
620 1384 690 1438 ad
734 1383 1072 1437 traditiones
1098 1382 1508 1451 opinionesque
1537 1381 1727 1435 Judai-

104 1492 167 1528 cas
204 1478 559 1543 respexerunt,
607 1488 673 1526 ex
722 1471 934 1541 quibus
976 1475 1173 1524 contra
1214 1468 1301 1522 sui
1347 1470 1449 1523 aevi
1503 1470 1730 1523 .ludaeos

101 1564 256 1617 merito
298 1561 816 1625 ratiocinabantur;
860 1558 939 1612 ita
982 1563 1047 1611 ut
1091 1557 1207 1611 sint
1234 1562 1573 1627 argumenta
1603 1574 1731 1628 quas

1842 502 1936 554 sed
1966 504 2243 569 imperitia
2274 508 2369 555 est.
2406 504 2565 569 Vere,
2601 504 2863 573 quamvis
2898 506 3016 574 ipse
3048 505 3117 559 sit
3142 505 3332 575 exigui
3372 507 3540 577 pretii

1844 589 2150 659 interpres.

1914 678 2150 745 Ibidem,
2186 677 2251 731 ad
2279 678 2397 731 haec
2428 678 2633 733 verba:
2670 682 2741 733 In
2790 682 3049 736 cathedra
3084 683 3400 749 pestilentsz
3434 698 3540 736 non

1840 765 2000 830 sedit,
2033 766 2152 819 hzec
2203 766 2375 819 habet
2417 768 2815 835 Augustinus:
2868 771 3051 823 Noluit
3100 785 3324 835 regnum
3367 776 3539 823 terre-

1839 870 1968 907 num
1990 871 2106 907 cum
2136 855 2424 922 superbia;
2456 870 2573 922 qua:
2602 857 2719 909 ideo
2740 858 3005 910 cathedra
3037 858 3376 927 pestilentia!
3401 863 3540 912 recte

1838 944 2181 1008 intelligitur,
2227 944 2358 1009 quia
2412 958 2517 996 non.
2567 946 2681 1008 fere
2728 948 3015 1014 quisquam
3076 951 3153 999 est
3206 949 3303 1013 qui
3357 952 3539 1000 careat

1840 1045 2018 1084 amore
2071 1030 2411 1090 dominandi,
2455 1035 2503 1084 et
2550 1032 2841 1085 humanam
2872 1048 2975 1085 non
3012 1038 3235 1101 appetat
3282 1035 3537 1102 gloriam.

1843 1119 2160 1172 Pestilentia
2207 1122 2284 1172 est
2332 1121 2471 1171 enim
2498 1120 2713 1173 morbus
2741 1122 2846 1174 late
2889 1126 3237 1189 pervagatus,
3268 1127 3317 1175 et
3360 1138 3538 1177 omnes

1839 1212 1934 1259 aut
1958 1222 2092 1275 pene
2121 1221 2296 1260 omnes
2328 1208 2615 1261 involvens.
2655 1207 2761 1261 Sed
2796 1209 3055 1277 quamvis
3088 1210 3323 1262 sedeant
3373 1226 3538 1280 reges

1840 1294 1897 1348 in
1942 1295 2229 1361 cathedra,
2275 1294 2469 1347 autin
2527 1295 2690 1361 solio,
2744 1297 3071 1367 ubicunque
3122 1298 3367 1351 occurrit
3432 1316 3536 1353 vox

1838 1384 2123 1450 cathedrae,
2159 1400 2272 1436 non
2313 1384 2502 1452 agitur
2528 1384 2656 1437 ideo
2686 1384 2753 1437 de
2776 1402 2950 1454 regno
2977 1402 2988 1451 ;
3018 1384 3127 1437 nisi
3170 1384 3538 1438 circumstan-

1837 1471 1930 1524 tiae
1977 1470 2087 1524 loci
2127 1488 2193 1524 eo
2246 1472 2514 1525 lectorem
2574 1472 2875 1542 deducant,
2942 1473 3137 1543 quales
3214 1473 3305 1526 hic
3364 1474 3535 1526 nulla:

1838 1563 1989 1613 sunt.
2038 1560 2307 1623 Quamvis
2354 1562 2722 1629 pestilentium
2765 1560 2954 1631 potius
2996 1577 3166 1631 quam
3220 1563 3537 1630 pestilentia:

100 1650 304 1719 alogicis
346 1654 615 1702 vocantur
660 1648 734 1701 ad
779 1648 1063 1711 hominem,
1116 1646 1325 1715 quibus
1372 1645 1521 1716 apud
1564 1645 1723 1711 alios,
1767 1689 1808 1744 Β
1838 1648 2175 1702 vertendum
2211 1647 2402 1712 fuerit,
2437 1653 2501 1701 ut
2530 1664 2662 1701 mox
2692 1649 2899 1716 dicam,
2931 1654 3180 1702 attamen
3212 1650 3317 1702 hac
3363 1650 3534 1702 etiam

96 1738 215 1809 quasi
257 1737 439 1802 ﬁrmis,
486 1736 572 1789 usi
620 1752 732 1789 non
780 1734 1039 1788 fuissent.
1091 1734 1251 1802 Saepe
1290 1733 1460 1787 etiam
1496 1734 1727 1804 spiritus

98 1826 392 1896 propheticus
440 1841 555 1895 quo
595 1824 770 1877 afflati
807 1826 965 1876 erant
994 1821 1256 1893 apostoli,
1297 1838 1411 1873 non
1442 1821 1633 1875 minus
1663 1838 1726 1875 ac

93 1914 379 1984 antiquiores
404 1918 577 1971 vates,
605 1912 864 1983 quaedam
890 1911 957 1964 iis
985 1910 1210 1980 aperuit
1235 1926 1362 1980 qum
1386 1926 1487 1962 nos
1509 1910 1725 1980 alioqui

90 2002 325 2071 fugissent.
357 2002 556 2071 Itaque
587 2016 755 2053 nemo
786 2004 901 2053 non
928 1999 1162 2052 illorum
1189 1997 1724 2052 auctoritatiassen-

90 2106 180 2142 sum
219 2088 431 2159 praebet,
479 2104 653 2143 nemo
692 2087 909 2141 dubitat
959 2086 1100 2157 quin
1131 2089 1282 2139 recte
1325 2084 1495 2139 citata
1520 2085 1634 2139 sint
1653 2087 1723 2141 ab

90 2178 297 2246 apostolis
337 2177 431 2231 illa
457 2177 585 2230 loca
608 2192 621 2242 ;
654 2192 782 2229 cum
805 2180 997 2229 tamen
1020 2190 1185 2244 mquo
1203 2173 1394 2227 animo
1422 2189 1590 2227 nemo
1622 2191 1721 2244 pa-

89 2266 216 2319 tiatur
240 2282 375 2319 nunc
403 2282 435 2320 a
465 2266 670 2337 quovis
700 2266 780 2319 ita
811 2263 1024 2319 Veteris
1073 2262 1417 2317 Testamenti
1464 2264 1723 2333 Scriptu-

87 2372 172 2407 ram
207 2354 470 2424 explicari.
498 2357 582 2409 Ac
611 2371 744 2408 sane
785 2370 885 2407 cur
915 2352 1171 2406 sinamus
1202 2367 1268 2405 ea
1299 2350 1461 2404 nobis
1513 2366 1723 2420 magna

88 2443 321 2496 verborum
346 2459 565 2514 pompa
594 2442 842 2503 obtrudi,
886 2440 953 2495 ab
999 2439 1331 2493 hominibus
1372 2438 1608 2493 minime
1640 2440 1721 2493 af-

90 2531 211 2595 ﬂatis,
246 2531 348 2585 imo
388 2530 568 2584 etiam
611 2529 913 2599 imperitis,
964 2544 1092 2598 quae
1129 2527 1176 2580 si
1221 2532 1504 2597 negentur
1560 2528 1718 2581 nullo

91 2619 212 2671 modo
244 2619 459 2688 probari
522 2619 782 2688 possint?
826 2617 938 2671 Cur
969 2614 1131 2686 quasi
1162 2621 1582 2669 sacrosanctum
1613 2616 1717 2668 ha-

89 2705 257 2759 bebitur
282 2706 561 2778 quidquid
583 2704 1056 2759 declamatoribus
1081 2703 1140 2757 in
1171 2704 1403 2757 buccam
1435 2703 1621 2757 veniet
1650 2705 1717 2758 de

93 2794 235 2861 quovis
269 2794 573 2865 Scriptura:
621 2793 792 2847 loco?
849 2792 983 2856 Quis
1048 2790 1277 2844 tandem
1348 2790 1453 2843 erit
1514 2791 1716 2844 modus

99 2880 396 2946 somniorum,
427 2881 487 2933 in
526 2896 586 2933 re
618 2895 798 2950 usque
829 2879 971 2933 adeo
998 2878 1164 2944 seria,
1200 2877 1246 2929 si
1280 2882 1595 2931 statuamus
1633 2882 1716 2931 ta-

99 2962 146 3014 lia
163 2966 340 3021 admitti
371 2973 639 3038 oportere
662 2967 687 3019 ‘t

147 3051 269 3121 Igitur
295 3055 535 3125 exiguus
600 3055 831 3127 quidem
881 3059 964 3108 est
994 3070 1127 3107 usus
1157 3055 1363 3107 harum
1398 3052 1713 3123 'Augustini

90 3137 494 3197 declamationum
548 3143 618 3196 ad
666 3142 1069 3212 intelligendos
1112 3141 1405 3208 Psalmos;
1458 3141 1551 3194 sed
1597 3157 1709 3194 non

85 3221 250 3277 inutiles
278 3227 515 3280 fuerunt
538 3226 675 3280 olim
706 3226 775 3280 ad
817 3226 1128 3280 docendam
1175 3225 1421 3295 plebem,
1469 3241 1711 3295 eamque

80 3308 123 3361 ad
160 3311 389 3368 virtutem
444 3313 831 3379 excitandam,
863 3312 999 3383 quia
1048 3312 1216 3366 etiam
1257 3327 1323 3365 ea
1352 3327 1479 3382 qum
1506 3316 1713 3381 praeter

81 3412 162 3451 rem
186 3405 233 3453 et
266 3402 440 3457 alieno
497 3403 621 3456 loco
667 3402 950 3467 dicuntur,
998 3400 1161 3455 utilia
1210 3416 1328 3454 esse
1375 3403 1631 3470 possunt,
1665 3398 1710 3451 si

77 3486 201 3541 modo
241 3487 347 3544 sint
391 3506 555 3545 vera.
606 3491 804 3559 Itaque
848 3490 1111 3559 legantur
1138 3488 1258 3541 haec
1289 3486 1453 3557 quasi
1481 3484 1709 3539 concio-

77 3588 143 3625 nes
179 3592 233 3629 ac
280 3578 548 3632 miscellos
600 3578 863 3650 quaedam
928 3577 1325 3631 meditationes
1376 3573 1711 3643 theologiam

74 3672 198 3732 atque
218 3668 469 3733 murales,
512 3683 628 3720 non
660 3666 821 3737 quasi
846 3665 1341 3734 interpretationes
1373 3662 1707 3733 Scripturze;

72 3760 387 3822 excerpantur
429 3772 503 3809 ex
549 3755 615 3808 iis
662 3760 835 3823 recte,
879 3760 1057 3816 acute,
1102 3752 1394 3823 ingeniose
1426 3751 1593 3817 dicta,
1624 3767 1711 3803 ea-

72 3852 151 3905 que
175 3844 474 3897 commodis
510 3842 902 3898 occasionibus
932 3842 1330 3906 adhibeantur,
1363 3839 1588 3893 laudato
1610 3853 1709 3890 au—

68 3930 235 4004 ctore;
262 3933 543 3987 tribuetur
577 3932 895 4004 Augustino
936 3930 1213 4002 quidquid
1261 3927 1494 3983 honoris
1533 3926 1587 3980 ei
1614 3926 1710 3979 deo

70 4011 211 4082 betur,
230 4003 335 4073 nec
361 4022 486 4091 ejus
520 4003 693 4091 opera
720 4036 821 4073 suo
869 4019 1056 4072 fructu
1104 4017 1394 4071 carebunt.
1445 4012 1712 4082 Quisquis

67 4103 284 4160 volumen
316 4110 554 4179 aperiet,
585 4114 642 4162 et
666 4108 885 4176 aliquot
914 4107 972 4160 in
1000 4122 1066 4159 eo
1098 4106 1336 4176 paginas
1396 4104 1567 4173 leget,
1609 4116 1711 4153 ve-

69 4188 311 4248 rissimum
336 4213 455 4250 esse
494 4200 549 4250 et
578 4195 971 4266 aequissimum
1001 4194 1156 4265 quod
1183 4192 1426 4247 diximus
1476 4205 1706 4260 compe-

65 4277 162 4332 riet.
206 4284 461 4338 Attamen
512 4285 730 4353 aliquot
777 4282 1050 4353 exemplis
1105 4298 1230 4335 rem
1266 4279 1701 4343 illustrabimus,

66 4379 215 4435 neque
242 4372 386 4426 enim
416 4372 475 4426 in
512 4364 619 4426 hoc
646 4372 848 4442 ingens
869 4372 1135 4425 volumen
1162 4375 1324 4424 notas
1351 4368 1709 4424 conscribere

64 4458 422 4528 aggredimur;
452 4477 557 4515 nec
583 4477 715 4515 vero
736 4460 910 4515 ullius
939 4460 996 4514 id
1026 4465 1171 4514 esset
1192 4459 1425 4525 fructus,
1454 4457 1554 4528 qui
1585 4456 1707 4527 qui-

66 4540 164 4597 dem
187 4546 427 4603 laborem
457 4549 891 4620 expendendum
918 4564 1143 4619 aequare
1182 4552 1388 4618 posset.

122 4631 311 4689 Pssuo
340 4654 379 4690 1.
414 4639 699 4693 Versumt
747 4637 825 4691 sic
870 4638 1309 4708 interpretatur:
1357 4636 1440 4690 De
1482 4634 1711 4688 Domino

69 4726 208 4775 nostro
257 4727 391 4780 Jesu
434 4728 663 4794 Christo,
709 4729 803 4781 hoc
846 4732 945 4795 est,
994 4728 1203 4781 homine
1248 4725 1520 4781 Dominico
1566 4724 1711 4775 acci-

66 4808 284 4870 piendum
312 4819 408 4868 est.
439 4815 583 4878 Quid
617 4816 744 4869 ita?
776 4816 980 4869 Beatus
1006 4814 1258 4883 profecto
1286 4817 1407 4868 erat
1455 4816 1509 4865 et
1554 4826 1614 4864 re
1658 4815 1715 4864 et

66 4908 142 4962 Spe
167 4900 412 4969 quisquis
444 4905 691 4958 divinam
722 4905 909 4975 legem
943 4903 1311 4971 observabat;
1346 4901 1591 4971 ideoque
1622 4900 1712 4953 ab-

66 4986 269 5043 surdum
315 4992 436 5046 haec
486 4994 709 5049 Christo
756 4993 1035 5048 violenter
1081 4997 1296 5063 aptare,
1340 5007 1467 5062 quae
1498 4988 1713 5061 optime

68 5076 294 5132 omnibus
330 5083 690 5136 conveniunt.
726 5084 845 5137 Huc
873 5082 1121 5153 respexit
1151 5085 1346 5135 auctor
1395 5078 1714 5150 Expositio—

68 5160 133 5213 nis
170 5167 533 5237 psalmorum,
582 5188 885 5241 perperam
926 5171 1270 5240 Hieronymo
1301 5168 1549 5233 tributae,
1584 5182 1712 5237 quae

67 5248 187 5305 edita
233 5260 314 5310 est
352 5256 411 5311 in
458 5262 604 5314 calce
654 5259 795 5314 tomi
844 5260 893 5313 II
944 5275 1182 5330 operum
1224 5255 1569 5326 Hieronymi.
1605 5255 1711 5307 Lu-

66 5340 187 5393 tetiae
214 5358 363 5399 anno
421 5351 569 5403 1699.
600 5350 857 5415 Quidam,
902 5349 1091 5420 inquit
1128 5347 1367 5417 scriptor
1414 5344 1564 5399 illius
1600 5345 1711 5397 Ex—

68 5428 352 5498 positionis,
396 5439 549 5493 istius
596 5441 797 5509 psalmi
834 5440 1036 5494 clavem
1074 5453 1237 5508 super
1257 5437 1463 5493 Christi
1497 5436 1714 5490 Domini

71 5522 208 5572 nostri
231 5538 510 5592 personam
538 5542 647 5582 esse
674 5526 1030 5595 referendam,
1062 5530 1121 5581 ut
1148 5526 1332 5580 beatus
1361 5526 1462 5579 iste
1490 5525 1576 5577 vir
1625 5539 1710 5578 se-

1746 2972 1784 3026 C

1748 4256 1789 4310 D

1840 1735 2025 1806 posita
2068 1736 2331 1801 lectione,
2378 1736 2542 1789 facile
2588 1737 2773 1805 potuit
2812 1736 3132 1807 intelligere
3184 1737 3533 1807 Augustinus

1833 1824 1925 1878 hic
1961 1840 2280 1879 sermonem
2332 1840 2451 1877 esse
2498 1825 2566 1879 de
2612 1842 2877 1879 consessu
2924 1826 3222 1879 hominum
3270 1826 3532 1896 pestilen-

1832 1911 1996 1977 tium,
2046 1911 2092 1963 si
2135 1911 2305 1979 paulo
2351 1910 2586 1980 peritior
2632 1911 2829 1965 fuisset
2877 1912 3012 1965 artis
3058 1912 3286 1966 criticaa.
3358 1913 3529 1966 Docet

1832 2000 1940 2053 hoc
1989 1998 2346 2067 apertissime
2394 1999 2650 2068 psalmus
2682 2016 2807 2065 xxv,
2840 2004 2892 2065 4,
2926 2004 2954 2053 5
2993 2002 3219 2071 (sequor
3246 2000 3338 2053 hic
3372 2001 3524 2055 Grae-

1831 2102 1955 2140 cam
1986 2086 2369 2155 divisionem),
2400 2086 2497 2140 ubi
2525 2086 2602 2140 ita
2632 2074 2842 2158 psaltes
2871 2104 2938 2141 ex
2961 2088 3195 2159 antiqua
3222 2088 3478 2142 versione
3508 2105 3520 2142 :

1830 2176 1947 2231 Non
1977 2174 2095 2228 sedi
2122 2189 2239 2227 cum
2270 2175 2489 2227 concilio
2516 2178 2804 2240 vanitatis,
2837 2180 2885 2229 et
2936 2191 3055 2229 cum
3100 2178 3290 2244 iniqua
3338 2193 3522 2244 geren-

1831 2264 1973 2317 tibus
2016 2279 2121 2316 non
2166 2263 2416 2316 introibo.
2473 2263 2634 2317 Odivi
2670 2264 2941 2318 ecclesiam
2991 2266 3430 2332 malignantium,
3474 2268 3524 2317 et

1828 2367 1947 2405 cum
1977 2352 2158 2419 impiis
2190 2366 2295 2404 non
2322 2350 2541 2415 sedebo;
2577 2356 2639 2403 ut
2688 2357 2741 2404 et
2791 2353 2993 2421 psalm.
3032 2369 3171 2419 xux,
3202 2356 3262 2406 2t
3290 2369 3305 2423 ;
3340 2370 3520 2419 cxvm,

1830 2441 1917 2494 23.
1944 2438 2245 2503 Nimirum,
2299 2438 2562 2491 homines
2611 2438 2779 2492 otiosi
2829 2441 3013 2494 solent
3055 2457 3172 2494 una
3210 2441 3405 2495 sedere
3464 2441 3524 2494 in

1828 2525 1966 2580 locis
2000 2525 2264 2596 publicis,
2324 2531 2421 2580 aut
2471 2526 2530 2580 in
2578 2543 2706 2598 qua:
2753 2528 3053 2581 convenire
3100 2530 3301 2596 solent,
3349 2533 3523 2599 atque

1827 2614 2071 2668 aliorum
2103 2614 2271 2668 fama:
2306 2613 2599 2668 maledicis
2632 2617 2988 2670 sermonibus
3018 2617 3337 2671 detrahere.
3386 2618 3525 2670 Hinc

1826 2702 2251 2772 Theophrastus
2316 2702 2635 2757 Character.
2690 2707 2779 2771 29,
2831 2704 3043 2774 quiest
3084 2704 3521 2769 maledicentiaz,

1826 2791 1903 2845 sic
1968 2791 2037 2844 de
2085 2791 2363 2844 maledico
2414 2791 2668 2860 loquitur
2718 2808 2731 2845 :
2808 2792 3177 2853 Συγκιθήμενος
3217 2791 3364 2845 δεινὸς
3414 2796 3524 2855 περὶ

1823 2880 1909 2926 τοῦ
1940 2877 2253 2936 ἀναστάντος,
2288 2876 2454 2937 εἰπεῖν,
2509 2878 2693 2932 sedens
2744 2878 2887 2932 inter
2940 2882 3095 2944 alios,
3152 2885 3380 2948 paratus
3448 2881 3523 2934 ad

1819 2966 2139 3036 loquendum
2169 2966 2234 3019 de
2265 2982 2320 3019 eo
2351 2968 2447 3033 qui
2474 2970 2732 3020 surrexit.
2785 2969 3115 3037 Exemplum
3164 2968 3334 3020 etiam
3376 2976 3519 3023 ues-

1822 3062 2035 3125 ζομένων
2067 3061 2116 3109 ἐν
2164 3060 2352 3124 ἰατρείῳ
2399 3064 2636 3125 ψογερῶν,
2686 3056 2977 3109 sedentium
3033 3056 3415 3111 maledicorum
3459 3058 3519 3111 in

1821 3143 2014 3198 medici
2042 3142 2269 3213 ofﬁcina
2298 3143 2575 3197 habemus
2601 3143 2751 3213 apud
2782 3144 3067 3197 Allianum
3092 3144 3215 3196 Var.
3248 3142 3386 3197 Hist.
3415 3141 3514 3196 lib.

1821 3249 1899 3297 ιιι,
1934 3248 2054 3302 cap.
2082 3236 2137 3285 7.

1890 3322 2076 3390 Atque
2107 3320 2215 3373 hoc
2239 3318 2469 3389 quidem
2493 3318 2713 3372 facilius
2750 3319 3120 3373 intellexisset
3168 3317 3519 3389 Augustinus

1821 3407 1867 3462 si
1903 3409 2095 3462 oculos
2167 3407 2501 3477 conjecisset
2562 3406 2622 3460 in
2690 3407 3010 3462 versionem
3071 3408 3341 3470 Graecam,
3390 3422 3519 3477 qum

1821 3496 1992 3550 habet
2018 3504 2223 3565 λοιμῶν,
2257 3513 2385 3567 quae
2422 3513 2529 3549 vox
2578 3494 2909 3566 frequenter
2954 3496 3238 3567 significat
3279 3496 3517 3551 homines

1817 3585 2123 3654 pestiferos.
2171 3585 2328 3648 Quod
2388 3583 2430 3636 si
2481 3589 2761 3653 praeterea
2830 3584 3162 3638 contulisset
3219 3599 3349 3637 cum
3414 3584 3519 3637 hac

1822 3672 2136 3726 versionem
2185 3671 2429 3741 Aquila»,
2479 3670 2797 3740 intelligere
2851 3670 3128 3741 potuisset
3173 3686 3293 3723 esse
3323 3687 3515 3726 vocem

1818 3759 1910 3814 hic
1954 3759 2305 3822 Hebraicam,
2361 3776 2488 3829 quae
2544 3760 2750 3813 soleret
2797 3776 2830 3812 a
2883 3759 3095 3813 Judazis
3142 3758 3285 3812 verti
3340 3767 3519 3831 χλευα-

1821 3856 1929 3904 σταί
1959 3850 2227 3902 irrisores.
2265 3848 2423 3901 Unde
2465 3848 2634 3901 etiam
2666 3846 2980 3901 rescivisset
3014 3847 3105 3901 hic
3148 3862 3266 3900 esse
3308 3864 3517 3901 nomen

1820 3936 2057 4006 pluralis
2088 3935 2336 4000 numeri,
2371 3952 2436 3989 ex
2469 3952 2582 4006 quo
2628 3936 2880 4006 liquebat
2953 3935 3325 4004 interpretem
3364 3936 3519 3989 Lati-

1822 4039 1962 4077 num
1990 4023 2139 4076 male
2171 4023 2406 4076 vertisse
2438 4024 2791 4090 pestilentia;
2827 4028 2884 4076 et
2911 4038 3037 4075 cum
3092 4022 3179 4074 vix
3232 4021 3342 4074 dici
3388 4038 3535 4091 posn

1821 4116 1907 4163 set
1971 4110 2229 4163 cathedra
2301 4111 2753 4178 pestilentiarum,
2815 4126 2951 4163 voce
2997 4116 3159 4177 λοιμοὶ
3210 4108 3517 4177 significari

1820 4200 2104 4267 pestiferos
2153 4198 2409 4251 homines.
2459 4199 2556 4251 Vel
2606 4214 2674 4251 ex
2722 4197 3085 4251 enarratione
3141 4197 3519 4251 Ambrosiana

1822 4285 1992 4355 hujus
2022 4284 2229 4354 psalmi
2257 4284 2378 4339 haec
2406 4285 2613 4356 partim
2654 4285 2867 4340 discere
2898 4285 3107 4356 potuit,
3136 4284 3182 4338 si
3212 4300 3338 4337 eam
3380 4300 3515 4338 con-

1820 4374 2103 4429 suluisset.

1891 4462 2032 4516 Ibid.
2083 4462 2154 4516 ad
2202 4479 2345 4516 vers.
2386 4466 2435 4517 2.
2489 4462 2593 4518 Sed
2624 4465 2683 4517 in
2714 4463 2823 4530 lege
2858 4462 3072 4516 Domini
3116 4462 3229 4527 fuit
3268 4460 3518 4515 voluntas

1820 4551 1957 4619 ejus,
2005 4554 2128 4605 etin
2159 4552 2269 4618 lege
2310 4552 2424 4619 ejus
2447 4552 2798 4606 meditabitur
2842 4553 2928 4605 die
2955 4567 3015 4605 ac
3059 4555 3243 4614 nocte;
3295 4549 3374 4603 sic
3421 4566 3517 4603 ra-

1820 4639 2165 4693 tiocinatur:
2210 4642 2360 4693 Justo
2402 4655 2508 4693 non
2564 4644 2641 4693 est
2696 4641 2783 4694 lea:
2842 4643 3044 4711 posita,
3089 4643 3151 4693 ut
3198 4638 3332 4693 dicit
3365 4640 3518 4707 Apo-

1821 4729 2022 4793 stolus;
2054 4728 2149 4781 sed
2177 4727 2333 4780 aliud
2380 4732 2457 4780 est
2502 4743 2612 4781 esse
2642 4731 2697 4780 in
2737 4731 2865 4795 lege,
2901 4728 3054 4781 aliud
3097 4727 3201 4781 sud
3249 4729 3376 4793 lege.
3415 4726 3520 4791 Qui

1821 4820 1899 4869 est
1928 4818 1985 4868 in
2021 4817 2150 4881 lege,
2183 4815 2474 4869 secundum
2504 4816 2668 4882 legem
2698 4818 2850 4883 agit;
2874 4818 2971 4883 qui
2998 4820 3075 4870 est
3123 4815 3221 4870 sub
3271 4816 3399 4881 lege,
3430 4828 3518 4866 se-

1822 4904 2057 4958 cundum
2090 4904 2254 4971 legem
2285 4905 2494 4971 agitur.
2541 4904 2640 4959 Ille
2668 4919 2792 4970 ergo
2834 4904 2968 4957 liber
3014 4908 3110 4971 est,
3134 4906 3235 4956 iste
3268 4897 3514 4967 servus]

1826 4991 1968 5056 Quia
2014 4991 2148 5044 olim
2198 4991 2459 5045 Numidis
2504 4996 2561 5045 et
2604 4991 2729 5044 aliis
2755 4991 2922 5057 Afris,
2965 4992 3063 5061 qui
3092 4990 3369 5045 doctiores
3396 5004 3516 5041 non

1824 5083 2006 5144 erant,
2061 5079 2181 5133 haec
2236 5080 2477 5150 pulchra
2504 5080 2637 5132 'visa
2687 5085 2837 5145 sunt,
2870 5084 3109 5132 eruntne
3151 5077 3321 5131 etiam
3352 5076 3518 5131 nobis

1825 5168 2035 5222 eximia
2079 5168 2390 5223 habenda?
2437 5168 2575 5232 Quae
2623 5169 2669 5222 si
2718 5186 2749 5222 a
2777 5167 2943 5222 nobis
2972 5166 3284 5238 prodirent,
3320 5164 3519 5219 exsibi-

1825 5258 2101 5321 larentur,
2155 5272 2227 5310 an
2272 5256 2566 5327 plausibus
2614 5256 3009 5327 excipientur?
3054 5255 3175 5309 Non
3215 5258 3373 5323 puto.
3404 5254 3515 5306 Ita-

1824 5361 1934 5416 que
1987 5345 2254 5406 dicemus,
2301 5361 2430 5399 cum
2474 5361 2611 5415 pace
2654 5352 2711 5399 et
2759 5344 3130 5399 Numidarum
3171 5347 3227 5395 et
3272 5341 3516 5396 aliorum

1824 5434 2081 5488 omnium
2108 5435 2313 5506 quibus
2342 5434 2477 5489 talia
2492 5434 2626 5487 olim
2657 5435 3017 5503 placuerunt,
3055 5436 3106 5487 l0
3135 5432 3323 5486 locum
3356 5430 3515 5485 Pauli

1822 5523 1991 5594 plane
2039 5528 2195 5578 extra
2242 5539 2362 5578 rem
2408 5538 2566 5588 esse;
2610 5525 2670 5574 2o
2714 5538 2830 5576 non
2876 5520 2986 5576 dici
3037 5521 3129 5576 hic
3166 5535 3515 5591 quemquam
