3890 6186
352 284 446 336 371

1362 278 1915 334 SUPI‘LEMENTUM
1954 280 2042 332 AD
2081 279 2309 334 OPERA
2350 280 2404 334 S.
2446 270 2833 334 AUGUSTINI.
3702 301 3783 351 372

351 421 472 461 esse
499 405 559 459 in
589 406 718 474 lege,
751 405 847 459 sed
878 406 999 476 ejus
1027 406 1352 459 voluntatem
1380 416 1490 456 esse
1518 404 1573 455 in
1616 402 1745 468 lege,
1790 400 1897 454 hoc
1937 404 2038 467 est,
2077 400 2126 456 A
2156 399 2454 455 absurdior
2483 416 2496 454 :
2525 401 2642 454 Aut
2667 398 2956 454 secundum
2996 400 3318 468 populorum
3351 413 3573 476 peccata,
3611 417 3723 480 quia
3748 424 3786 472 et

351 511 419 548 ex
449 492 903 549 constantissimo
934 492 1148 562 lingua:
1194 489 1482 545 Hebraicas
1524 505 1648 559 usu,
1697 490 1824 561 lege
1857 489 2048 543 divina

351 582 638 648 delectari,
669 583 834 652 eique
857 581 1100 634 libenter
1138 595 1369 650 parere;
1423 582 1480 634 3ο
1525 577 2044 633 distinctiunculam

351 670 450 724 sub
478 671 588 737 lege
617 673 673 722 et
698 670 755 721 in
776 670 886 734 tege
916 666 1147 721 inanem
1183 682 1326 732 esse,
1360 682 1491 719 cum
1522 681 1687 719 nemo
1723 667 1891 733 dicat,
1938 667 2043 721 Vo-

354 759 534 811 luntas
571 757 686 825 ejus
720 760 797 809 est
831 754 929 808 sub
978 755 1105 822 lege.
1142 753 1333 824 Pergit
1363 758 1546 807 tamen
1582 754 1834 825 argutari
1863 740 2047 808 bonus

350 843 700 913 Augustinus
725 842 810 895 his
838 842 1022 895 verbis
1047 859 1059 896 :
1097 843 1305 896 Deinde
1334 843 1489 897 aliud
1518 848 1594 896 est
1625 844 1712 897 lea:
1749 858 1867 911 quae
1909 846 2045 897 scri-

352 934 499 986 bitur
526 936 576 984 et
606 933 904 999 imponitur
936 933 1233 995 servienti;
1262 930 1419 984 aliud
1449 932 1535 984 lem
1562 946 1680 1000 quas
1707 936 1877 985 mente
1913 947 2034 985 con-

349 1021 580 1089 spicitur
610 1019 676 1071 ab
706 1033 763 1071 eo
790 1019 886 1086 qui
910 1033 1013 1072 non
1037 1018 1249 1085 indiget
1278 1018 1494 1071 litteris.
1544 1021 1614 1072 At
1641 1017 1709 1071 de
1748 1018 1906 1071 nulla
1935 1017 2049 1072 alia

349 1110 475 1178 lege
505 1106 592 1161 his
636 1106 824 1177 agitur
857 1121 1030 1177 quam
1078 1105 1149 1160 de
1189 1106 1450 1171 Mosaica,
1501 1121 1631 1176 quas
1661 1105 1883 1176 scriptis
1914 1121 2046 1159 con-

351 1194 573 1266 signata
600 1200 721 1249 erat
747 1197 802 1247 et
827 1194 1095 1248 omnibus
1122 1194 1335 1248 Iudaeis
1367 1193 1655 1264 imposita,
1687 1194 1919 1248 nemine
1957 1211 2047 1248 ex-

352 1289 541 1355 cepto.
580 1283 858 1353 Loquitur
888 1283 1041 1336 enim
1070 1283 1163 1337 hic
1194 1281 1390 1351 David,
1431 1282 1602 1336 homo
1658 1283 1949 1352 Hebraeus,
1992 1288 2049 1337 et

353 1364 587 1444 quidem
631 1371 700 1426 de
746 1371 1082 1426 hominibus
1139 1386 1255 1425 suae
1286 1370 1490 1442 gentis,
1541 1370 1643 1443 qui
1685 1371 1874 1442 legem
1919 1372 2046 1427 scri-

353 1465 511 1530 ptam
541 1459 847 1526 habebant,
876 1474 1117 1530 eamque
1146 1459 1541 1514 observabant.

425 1548 568 1603 Ibid.
622 1548 979 1603 Meditabitur
1022 1547 1108 1602 die
1133 1558 1211 1602 'ac
1254 1551 1421 1615 nocte,
1471 1552 1568 1602 aut
1611 1550 1728 1603 sine
1765 1550 2047 1602 intermis-

355 1637 503 1691 sione
555 1636 962 1702 intclligendum
1007 1639 1102 1690 est.
1140 1634 1384 1705 Optime,
1431 1634 1477 1688 si
1521 1635 1713 1691 deleas
1751 1635 1892 1691 illud
1929 1641 2041 1691 aut.

357 1723 467 1778 Sed
494 1723 759 1777 ﬂuctibus
788 1722 1126 1777 academicis
1153 1722 1441 1792 abreptus,
1468 1723 1642 1778 etiam
1670 1724 1729 1778 in
1760 1740 1820 1777 re
1871 1726 2044 1792 clara,

355 1810 549 1873 addit:
583 1815 681 1865 aut
736 1811 846 1874 die,
882 1813 939 1864 in
992 1812 1205 1873 latitia,
1260 1814 1423 1865 nocte
1469 1814 1529 1864 in
1586 1812 2046 1868 tribulationibus.

358 1896 559 1949 Fateor
609 1896 917 1968 aliquando
964 1899 1077 1953 luce
1107 1914 1195 1952 res
1241 1898 1538 1966 secundas,
1582 1899 1811 1953 tenebris
1849 1901 2049 1955 adver-

357 2001 446 2037 sas
474 1984 783 2055 signiﬁcari
808 2003 821 2051 ;
873 1986 969 2041 sed
994 1989 1174 2052 facere
1198 1987 1483 2056 quidpiam
1522 1987 1610 2041 die
1638 1991 1688 2041 et
1713 1993 1861 2042 nocte
1906 2005 2051 2043 nun-

357 2087 529 2142 quam
581 2072 923 2143 signiﬁcavit
964 2074 1024 2127 in
1075 2074 1338 2129 secundis
1388 2078 1445 2128 et
1492 2074 1552 2129 in
1599 2075 1868 2131 adversis.
1908 2078 2054 2141 Quia

358 2177 491 2215 voce
530 2161 801 2233 quapiam
845 2162 1061 2233 aliquid
1100 2162 1159 2216 in
1198 2168 1348 2217 certo
1376 2163 1489 2217 situ
1516 2163 1887 2233 signiﬁcatur,
1921 2165 2050 2220 ideo

360 2263 478 2302 non
551 2248 828 2319 sequitur,
903 2248 1229 2320 ubicunque
1299 2255 1576 2317 occurrat,
1623 2252 1822 2305 eodem
1882 2253 2051 2307 modo

358 2352 528 2407 posse
555 2352 683 2391 eam
714 2337 980 2406 intelligi.
1014 2338 1122 2393 Sed
1147 2339 1403 2409 exempla
1425 2339 1547 2409 ejus
1567 2340 1888 2409 audiamus,
1918 2358 2054 2395 nam

362 2426 475 2480 duo
500 2425 750 2497 profert:
808 2427 1029 2480 Dicitur
1074 2428 1216 2480 enim
1260 2428 1578 2496 (Joan.vm,
1615 2429 1740 2498 56):
1772 2429 2055 2483 Abraham

361 2513 504 2568 diem
533 2529 705 2569 meum
733 2514 873 2569 uidit
902 2519 953 2568 et
970 2517 1192 2581 gavisus
1220 2520 1316 2568 est.
1360 2518 1429 2569 Et
1471 2515 1536 2569 de
1582 2517 1930 2572 tribulatione
1960 2518 2055 2572 di-

361 2604 542 2657 citur:
578 2604 805 2672 Insuper
850 2608 901 2658 et
939 2618 1107 2673 usque
1148 2602 1222 2657 ad
1261 2608 1464 2658 noctem
1511 2605 1928 2661 emendaverunt
1974 2622 2056 2661 me

358 2706 509 2746 renes
557 2693 699 2757 mei;
748 2692 897 2762 psal.
955 2707 1046 2757 xv,
1088 2695 1141 2746 7.
1191 2690 1300 2745 Sed
1346 2691 1407 2745 in
1453 2692 1636 2746 verbis
1668 2693 1897 2762 Christi,
1941 2694 2055 2750 dies

358 2779 618 2834 laetitiam
655 2795 771 2833 non
793 2784 974 2848 sonat,
1003 2794 1201 2832 verum
1235 2783 1461 2850 tempus
1501 2796 1614 2850 quo
1659 2781 1886 2835 futurus
1935 2788 2056 2837 erat

357 2867 418 2922 in
462 2866 669 2934 terris;
717 2867 872 2921 locus
915 2883 1049 2921 vero
1091 2867 1287 2938 psaltes
1330 2869 1491 2921 etiam
1538 2870 1783 2923 noctibus
1842 2871 2057 2925 erudie-

2156 505 2311 560 aquze
2329 489 2519 559 populi
2558 490 2988 553 interpretantur
3035 489 3094 540 in
3144 488 3445 560 Apocalysi,
3490 501 3537 549 et
3570 498 3785 559 decursu:

2156 593 2260 633 non
2286 577 2520 632 absurde
2552 578 2878 645 intelligitur
2923 577 3128 645 lapsus,
3179 576 3321 645 quod
3354 584 3574 647 pertinet
3617 589 3682 642 ad
3714 591 3788 645 de.

2156 666 2360 719 lictum.
2395 665 2737 720 Oacumcn!
2787 664 2829 718 Ο
2882 663 3154 718 Numidas
3199 664 3530 734 patientibus
3573 675 3789 747 auribus,

2157 757 2255 806 aut
2300 753 2475 807 oculis
2521 752 2826 823 praeditos!
2881 752 3035 805 Talia
3068 751 3236 806 hodie
3263 768 3294 805 a
3340 759 3658 814 nostratibus
3696 765 3793 819 sine

2153 842 2275 895 risu
2323 858 2439 895 non
2480 841 2833 895 audirentur.
2866 839 2974 894 Sed
3005 840 3138 894 audi
3160 843 3361 895 castera
3391 859 3403 896 :
3453 845 3665 913 Lignum
3690 867 3791 918 ergo

2154 928 2312 997 illud,
2344 929 2405 983 id
2432 933 2510 983 est
2542 931 2797 983 Dominus
2822 933 2999 982 noster
3028 927 3093 981 de
3121 930 3280 996 aquis
3326 930 3716 1000 decurrentibus,
3748 942 3797 993 id

2154 1021 2232 1071 est
2247 1018 2465 1086 populis
2491 1017 2882 1087 peccatoribus,
2918 1017 3134 1070 trahens
3175 1030 3259 1070 eos
3302 1019 3359 1071 in
3397 1021 3485 1072 uia
3531 1021 3584 1075 in
3620 1026 3796 1083 radices

2155 1104 2461 1173 disciplina
2488 1119 2616 1158 suae.
2645 1103 2824 1167 Quam
2855 1103 2976 1156 haec
3001 1107 3257 1157 contorta
3288 1103 3398 1159 sint
3446 1123 3553 1160 non
3582 1125 3708 1179 opus
3734 1122 3801 1168 est

2157 1208 2410 1257 monere,
2454 1192 2639 1247 dicam
2686 1196 2912 1245 tantum
2967 1190 3210 1244 oblitum
3275 1207 3393 1246 esse
3436 1196 3793 1267 Augustinum,

2154 1280 2340 1333 virum
2371 1279 2537 1334 illum
2568 1280 2777 1334 beatum
2809 1280 2878 1333 de
2911 1294 3024 1350 quo
3049 1295 3198 1335 vers.
3233 1283 3280 1345 l,
3313 1280 3551 1335 conferri
3578 1300 3695 1338 cum
3727 1304 3798 1340 ar-

2156 1368 2296 1422 bore
2326 1369 2579 1439 plantata
2601 1369 2769 1439 juxta
2807 1383 3037 1438 aquam,
3075 1383 3205 1437 quae
3250 1368 3491 1438 proinde
3520 1385 3629 1425 non
3653 1378 3802 1443 potest

2156 1472 2279 1510 esse
2306 1456 2582 1519 Christus,
2635 1455 2683 1510 si
2727 1456 2885 1510 idem
2934 1455 3030 1508 ille
3058 1458 3146 1509 vir
3174 1456 3359 1510 beatus
3380 1456 3621 1512 Christus
3646 1460 3724 1525 sit,
3750 1469 3802 1517 ut

2156 1542 2315 1598 dixit.
2357 1545 2551 1614 Neque
2579 1542 2735 1597 enim
2757 1542 2820 1595 in
2849 1541 3222 1596 similitudine
3257 1543 3419 1613 prior
3463 1549 3517 1598 et
3561 1549 3802 1616 posterior

2156 1646 2288 1701 pars
2343 1630 2497 1685 idem
2554 1647 2675 1684 esse
2736 1635 2990 1701 possunt.
3059 1631 3330 1685 Fructum
3390 1632 3559 1701 dabit,
3601 1635 3684 1689 hoc
3723 1642 3799 1704 est,

2156 1722 2443 1774 constituet
2490 1720 2792 1785 Ecclesias;
2840 1722 2899 1772 in
2950 1722 3208 1788 tempore
3248 1736 3375 1787 suo,
3408 1722 3499 1776 hoc
3526 1729 3615 1791 est,
3644 1725 3696 1777 id
3727 1731 3804 1789 est,

2153 1812 2445 1878 postquam
2489 1809 2818 1875 clariﬁcatus
2863 1811 2941 1861 est
2981 1811 3372 1862 resurrectione
3399 1813 3449 1863 et
3467 1812 3738 1864 ascensione
3761 1815 3804 1865 in

2158 1898 2371 1966 caelum,
2420 1902 2523 1951 etc.
2569 1897 2676 1962 Qui
2715 1896 3036 1951 felicissime
3084 1897 3293 1950 versati
3323 1903 3455 1951 sunt
3480 1898 3540 1951 in
3580 1895 3807 1969 interpre-

2159 1985 2372 2039 tatione
2438 1986 2842 2056 parabolarum
2933 1984 3071 2039 Novi
3128 1985 3501 2054 Testamenti,
3551 1987 3809 2040 observant

2161 2070 2414 2141 singulas
2454 2076 2644 2141 partes
2689 2071 3135 2125 similitudinum
3183 2088 3305 2125 non
3335 2088 3458 2126 esse
3481 2072 3705 2127 nimium
3732 2088 3807 2127 ur-

2161 2158 2397 2229 gendas,
2446 2158 2543 2213 sed
2592 2158 2868 2213 duntaxat
2912 2163 3089 2213 totam
3135 2159 3571 2215 similitudinem
3602 2177 3708 2215 esse
3733 2177 3810 2230 ap-

2161 2247 2395 2301 tandam
2440 2246 2547 2302 toti
2591 2247 2675 2300 rei
2722 2247 2790 2301 de
2821 2263 2934 2318 qua
2963 2263 3148 2302 sermo
3178 2254 3302 2317 est;
3336 2249 3471 2320 quia
3499 2250 3649 2303 nulla
3677 2265 3810 2319 para-

2162 2336 2294 2390 bola
2342 2335 2547 2391 nititur
2592 2336 2840 2407 perfecta
2878 2336 3257 2391 similitudine
3328 2338 3662 2408 singularum
3705 2353 3812 2406 par-

2162 2423 2329 2491 tium,
2363 2429 2418 2479 et
2447 2424 2582 2495 quia
2611 2440 2729 2479 non
2759 2429 2978 2479 constat
3007 2442 3078 2479 an
3126 2426 3387 2480 minutas
3434 2426 3555 2479 illas
3596 2425 3813 2478 similitu-

2167 2509 2327 2564 dines
2359 2510 2668 2566 attenderit
2695 2510 2968 2573 Christus,
3029 2512 3159 2565 Haec
3212 2513 3266 2565 si
3312 2510 3504 2565 animo
3540 2515 3811 2581 reputasset

2163 2600 2537 2671 Augustinus,
2581 2600 2702 2655 haec
2748 2606 2806 2656 et
2831 2600 2943 2655 alia
2986 2602 3169 2656 multa
3190 2602 3255 2655 in
3281 2601 3435 2656 hisce
3464 2599 3812 2655 Enarrationi-

2168 2689 2273 2743 bus
2299 2688 2655 2744 resecuisset.

2237 2776 2403 2844 Ibid.,
2440 2777 2467 2847 ἓ
2498 2778 2531 2831 4
2557 2777 2629 2831 ad
2666 2792 2817 2831 vers.
2878 2778 2929 2831 4.
2970 2778 3091 2833 Νοη
3138 2779 3217 2832 sic
3276 2779 3455 2847 impii,
3481 2792 3582 2831 non
3618 2776 3717 2839 sic;
3744 2770 3815 2826 sed

2166 2868 2425 2934 tanquam
2449 2866 2630 2934 pulvis
2659 2880 2813 2934 quem
2836 2865 3063 2934 projicit
3087 2870 3283 2920 ventus
3320 2882 3355 2919 a
3394 2867 3534 2932 facie
3579 2869 3732 2928 terra,
3756 2861 3814 2912 sic

356 2961 487 3011 runt
518 2973 599 3010 me
625 2971 772 3011 renes
801 2959 926 3023 mei,
958 2955 1131 3010 nimis
1162 2955 1434 3010 obscurus
1464 2961 1550 3010 est
1574 2973 1747 3028 quam
1777 2964 1841 3013 ut
1886 2982 1892 3009 t

2281 2958 2372 3008 et:
2407 2958 2554 3008 terra
2584 2955 2669 3008 hic
2711 2954 3029 3024 accipienda
3075 2960 3154 3008 est
3193 2956 3476 3009 stabilitas
3524 2957 3579 3007 in
3612 2955 3736 3016 Deo;
3764 2948 3813 3000 ad

359 3061 533 3117 quam
572 3046 814 3116 probare
867 3049 1057 3115 queat,
1106 3048 1162 3098 et
1211 3044 1376 3098 aliter
1414 3045 1774 3100 commodius
1812 3046 2059 3120 intelligi

357 3136 564 3203 potest,
613 3137 679 3186 ut
726 3132 910 3203 quivis
955 3132 1243 3186 docebunt
1287 3131 1631 3203 interpretes
1665 3149 1729 3187 ex
1773 3136 2051 3190 recentio-

358 3221 539 3275 ribus.

431 3308 597 3377 Ibid.,
630 3307 659 3379 §
692 3312 741 3364 3.
780 3308 909 3362 Πωο
938 3310 1069 3363 sunt
1099 3306 1271 3361 verba
1299 3323 1440 3363 vers.
1477 3311 1507 3363 3
1542 3324 1555 3363 :
1585 3311 1655 3365 Et
1675 3312 1779 3364 erit
1798 3314 2059 3379 tanquam

361 3398 568 3464 lignum
593 3397 738 3468 quod
754 3397 1064 3466 plantatum
1087 3400 1165 3450 est
1184 3397 1476 3451 secundum
1495 3398 1748 3453 decursus
1768 3415 2059 3468 aquarum-

364 3485 462 3539 Vel
510 3485 676 3556 pueri
731 3483 1058 3552 intelligant
1102 3483 1196 3538 hic
1242 3500 1364 3539 esse
1400 3484 1860 3552 similitudinem,
1930 3505 2059 3560 quas

362 3573 593 3628 nonnisi
647 3573 872 3644 integra
916 3571 1188 3643 explicari
1234 3578 1446 3644 potest,
1505 3580 1563 3629 et
1611 3575 1841 3646 quidem
1891 3575 1968 3631 ita
1997 3582 2061 3631 ut

363 3662 702 3717 ostendatur
748 3677 924 3732 quam
977 3660 1049 3714 sit
1096 3664 1229 3731 apta
1276 3664 1396 3716 tota
1439 3662 1777 3732 similitudo,
1838 3680 1955 3719 non
1999 3670 2061 3719 ut
2129 3681 2139 3691 ’

362 3749 749 3821 particulatim
793 3748 1166 3819 discerpatur.
1210 3752 1497 3819 Attamen,
1530 3752 1769 3823 prolatis
1801 3752 1891 3807 his
1930 3769 2060 3807 ver-

362 3839 473 3909 bis,
522 3838 600 3893 sic
649 3854 717 3893 ea
771 3837 1139 3908 interpretari
1181 3838 1517 3909 aggreditur
1563 3841 1948 3911 Augustinus:
1994 3842 2062 3897 Id

361 3931 459 3995 est,
491 3931 588 3982 aut
628 3926 917 3982 secundum
964 3929 1142 3996 ipsam
1179 3927 1507 3997 sapientiam
1553 3944 1670 3997 quae
1713 3929 1943 3997 dignata
1984 3935 2062 3985 est

356 4007 626 4071 hominem
654 4017 922 4085 suscipere
950 4016 1024 4069 ad
1064 4016 1291 4070 salutem
1337 4021 1617 4084 nostram;
1654 4021 1714 4071 ut
1742 4019 1855 4087 ipse
1911 4019 2061 4072 homo

362 4107 434 4160 sit
477 4106 686 4173 lignum
721 4105 1029 4172 plantatum
1075 4102 1366 4157 secundum
1429 4102 1685 4158 decursus
1750 4119 2056 4172 aquarum:

362 4196 535 4262 potest
564 4194 705 4246 enim
725 4196 775 4245 et
806 4192 900 4245 hoc
926 4192 1199 4245 intellectu
1227 4192 1402 4260 accipi
1431 4191 1576 4260 quod
1604 4193 1664 4246 in
1702 4193 1811 4245 alio
1849 4194 2061 4261 psalmo

363 4284 533 4349 (inv,
566 4281 650 4351 lO)
679 4280 917 4334 dicitur:
960 4282 1157 4347 ﬂuvius
1201 4281 1303 4334 Dei
1332 4280 1564 4348 repletus
1618 4284 1697 4335 est
1743 4276 1912 4348 aqua.
1954 4281 2063 4336 Sed

363 4368 619 4439 primum
648 4367 775 4439 quis
804 4367 985 4421 nescit
1013 4368 1073 4421 in
1118 4366 1494 4421 similitudine
1524 4383 1649 4421 rem
1678 4368 1831 4422 unde
1860 4368 2064 4424 simili-

364 4455 504 4510 tudo
527 4455 772 4521 ducitur,
806 4471 927 4509 esse
956 4456 1031 4509 ad
1060 4457 1319 4520 litteram,
1347 4459 1411 4508 ut
1461 4455 1804 4526 loquuntur,
1848 4457 2061 4511 intelli-

366 4543 610 4614 gendam
630 4545 659 4597 ?
694 4544 771 4597 Ne
801 4544 924 4614 ipse
956 4543 1192 4614 quidem
1222 4542 1575 4614 Augustinus
1604 4543 1709 4598 hoc
1758 4542 2061 4614 ignoravit,

365 4632 465 4686 sed
496 4631 798 4703 argutandi
828 4631 1134 4687 immodica
1163 4636 1220 4686 et
1247 4631 1652 4703 intempestiva
1680 4631 1962 4703 cupiditas
2008 4640 2065 4689 et

364 4721 629 4776 Africana
654 4727 1042 4791 ἀπεραντολογία
1072 4719 1291 4775 obstitit
1314 4736 1383 4774 ne
1406 4719 1624 4791 judicio
1652 4736 1753 4774 suo
1784 4724 2059 4776 uteretur.

364 4813 642 4866 Praeterea
690 4825 795 4863 nec
830 4810 1006 4864 locuis
1036 4808 1258 4879 psalmi
1292 4824 1442 4877 LXIV,
1481 4811 1562 4874 l0,
1592 4808 1793 4862 similis
1819 4814 1924 4879 est,
1958 4826 2064 4867 nec

362 4900 423 4956 id
458 4899 741 4971 signiﬁcat
769 4899 923 4969 quod
954 4899 1089 4953 vult.
1123 4900 1344 4953 Flavius
1375 4897 1528 4953 enim
1552 4899 1659 4953 Dei
1683 4898 1798 4953 illic
1837 4903 1922 4954 est
1939 4901 2060 4955 Jor-

364 4989 539 5044 danes
565 4993 627 5042 ut
658 4992 805 5042 recte
836 5003 905 5041 ex
932 4986 1252 5052 Theodoro,
1282 4986 1474 5051 credo,
1505 4987 1921 5057 Mopsuesteno,
1957 5003 2060 5041 no-

338 5076 503 5131 tavit
535 5076 671 5133 Lud.
706 5074 1044 5131 Ferrandus.
1075 5074 1270 5145 Pergit
1296 5079 1489 5129 noster
1528 5075 1725 5130 eodem
1769 5075 2058 5130 acumine:

368 5167 487 5218 Aut
514 5165 806 5219 secundum
825 5163 1099 5234 Spiritum
1128 5167 1394 5232 sanctum,
1422 5163 1712 5218 secundum
1732 5179 1888 5232 quem
1916 5164 2061 5219 dici-

372 5258 460 5307 tur
488 5268 503 5305 :
532 5255 647 5322 ipse
670 5268 762 5308 vos
792 5253 1097 5323 baptizabit
1133 5254 1192 5305 in
1221 5252 1436 5320 Spiritu
1479 5256 1684 5318 sancto,
1725 5257 1830 5305 etc.
1883 5252 2060 5307 Nemo

370 5343 542 5411 neget
568 5340 842 5410 Spiritum
873 5347 1132 5395 sanctum
1153 5339 1399 5394 conferri
1418 5354 1569 5408 saepe
1592 5355 1722 5393 cum
1752 5354 1899 5410 aqua
1926 5341 2059 5406 ;sed

322 5426 339 5441 '
366 5424 425 5478 in
457 5421 561 5477 hac
590 5423 961 5480 similitudine
1002 5442 1116 5480 non
1155 5429 1340 5497 potest
1390 5422 1699 5495 signiﬁcari
1747 5424 2059 5480 decursibus

370 5526 658 5583 aquarum.
692 5512 879 5568 Tertia
908 5518 1043 5584 post
1064 5513 1301 5570 aﬁ‘ertur
1328 5511 1727 5586 interpretatio
1767 5512 2058 5584 prioribus

2168 3042 2322 3112 quod
2352 3041 2808 3096 conﬁrmandum
2830 3043 3044 3112 profert
3064 3043 3186 3097 loca
3201 3043 3534 3113 Scripturaa,
3564 3042 3621 3095 in
3647 3038 3815 3110 quibus

2172 3135 2319 3184 terra
2363 3130 2684 3201 allegorice,
2736 3137 2798 3184 ut
2840 3131 3095 3202 putabat,
3139 3131 3197 3185 id
3224 3130 3548 3202 signiﬁcat;
3579 3128 3666 3181 sed
3705 3139 3805 3178 cum

2170 3220 2362 3274 omnia
2393 3220 2491 3274 illa
2537 3224 2863 3275 commenta
2907 3219 3209 3289 allegorica
3252 3220 3374 3273 sola
3406 3217 3687 3288 negatione
3710 3226 3814 3266 con-

2169 3306 2343 3361 futari
2386 3312 2618 3378 queant,
2663 3307 2755 3362 hic
2801 3323 3029 3379 quoque
3060 3308 3209 3362 locus
3240 3307 3461 3377 respuit
3496 3307 3642 3358 illam
3669 3301 3809 3355 inter-

2171 3394 2583 3464 pretationem;
2627 3394 2762 3465 quia
2807 3394 2865 3448 in
2903 3395 3007 3448 hac
3027 3394 3426 3449 similitudinis
3456 3398 3605 3464 parte
3624 3384 3810 3461 proprie

2172 3484 2450 3537 sumenda
2478 3487 2564 3537 est
2591 3499 2693 3537 vox
2725 3488 2892 3553 terra,
2921 3488 2985 3537 ut
3011 3484 3081 3537 ad
3126 3483 3486 3554 superiorem
3533 3473 3811 3534 similitudi-

2170 3587 2304 3625 nem
2336 3571 2702 3626 ostendimus.
3264 3626 3275 3641 ,

2240 3661 2443 3715 Postea
2471 3677 2507 3714 a
2551 3661 2706 3729 cujus
2754 3665 2929 3729 terrae,
2987 3659 3193 3732 inquit,
3245 3662 3390 3729 facie
3434 3655 3813 3729 projicitventus

2168 3750 2420 3818 impium,
2452 3750 2514 3803 id
2541 3753 2619 3803 est
2646 3749 2920 3818 superbia,
2955 3750 3086 3818 quia
3114 3751 3293 3817 inflat.
3334 3748 3589 3804 Feliciter
3612 3756 3725 3796 vero
3747 3737 3814 3790 in-

2169 3840 2402 3891 ventum
2427 3841 2437 3891 !
2471 3835 2687 3905 Impius
2716 3851 2832 3889 non
2862 3834 3070 3889 dicitur
3102 3834 3194 3889 hic
3218 3836 3431 3905 projlci
3460 3850 3493 3888 a
3518 3832 3652 3899 facie
3674 3834 3813 3884 terra.

2170 3924 2267 3978 sed
2298 3940 2418 3978 esse
2467 3928 2728 3993 tanquam
2772 3925 2957 3993 pulvis
3002 3939 3159 3994 quem
3184 3925 3415 3993 projicit
3443 3927 3621 3976 ventus
3648 3934 3678 3971 a
3706 3914 3815 3981 facit

2172 4018 2327 4067 terra
2344 4032 2365 4079 ,-
2396 4012 2503 4067 hoc
2532 4015 2637 4077 est,
2670 4011 3108 4066 incertissimam
3130 4028 3254 4067 esse
3279 4018 3333 4066 et
3357 4009 3677 4066 vilissimum
3695 3999 3813 4073 apud

2173 4103 2353 4155 Deum
2401 4101 2524 4172 ejus
2562 4099 2951 4154 conditionem
2976 4116 2988 4153 :
3017 4106 3082 4154 ut
3107 4106 3212 4166 est,
3247 4100 3404 4172 apud
3433 4097 3690 4159 homines,
3720 4088 3815 4161 pul-

2175 4190 2324 4243 veris
2371 4194 2539 4243 vento
2587 4188 2808 4258 agitati.
2864 4188 2998 4243 Vide
3052 4188 3305 4243 similem
3379 4182 3814 4258 comparationem

2175 4278 2317 4347 psal.
2352 4293 2484 4344 xvu,
2517 4279 2603 4343 42,
2635 4281 2690 4329 et
2715 4277 2852 4347 psal.
2886 4293 3068 4343 xxx1v,
3104 4280 3156 4343 5,
3191 4282 3248 4331 et
3278 4277 3436 4339 alibi.

2244 4365 2424 4432 Ibid.,
2458 4364 2486 4434 ς
2513 4368 2566 4430 5,
2598 4365 2670 4419 ad
2694 4381 2837 4420 vers.
2881 4368 2933 4425 5,
2959 4365 3088 4420 Ideo
3118 4382 3225 4421 non
3271 4366 3567 4432 resurgunt
3615 4356 3751 4426 impii
3771 4353 3813 4403 in

2161 4453 2444 4525 judicia]
2490 4442 2631 4518 Ideo,
2675 4454 2897 4522 scilicet,
2948 4453 3159 4524 inquit,
3211 4456 3348 4523 quia
3394 4459 3645 4521 tanquam
3672 4440 3815 4516 pulvis

2168 4544 2541 4613 projiciuntur
2567 4558 2601 4596 a
2619 4543 2763 4607 facie
2786 4546 2965 4597 terrae.
3005 4545 3075 4596 Et
3105 4542 3232 4597 bene
3263 4545 3360 4596 hoc
3379 4543 3457 4596 eis
3485 4540 3624 4593 dixit
3644 4528 3816 4597 auferri

2171 4630 2316 4698 quod
2343 4630 2570 4699 superbi
2597 4629 2863 4692 ambiunt,
2885 4630 2948 4683 id
2974 4636 3072 4697 est,
3098 4636 3159 4684 ut
3179 4631 3456 4700 judicent,
3486 4633 3547 4682 ut
3571 4626 3658 4679 hoc
3675 4624 3812 4690 ipsum

2166 4718 2389 4787 planius
2432 4717 2638 4772 dictum
2668 4720 3005 4788 intelligatur
3046 4722 3293 4788 sequenti
3340 4718 3632 4773 sententia:
3665 4718 3812 4776 neque

2169 4810 2490 4876 peccatores
2517 4805 2579 4860 in
2605 4806 2843 4861 concilio
2867 4808 3172 4878 justorum.
3203 4809 3417 4862 Verum
3434 4805 3530 4860 ubi
3564 4808 3811 4863 resurgere,

2171 4897 2269 4948 aut
2314 4908 2532 4960 surgere
2578 4897 2638 4949 in
2679 4895 2891 4964 judicio
2933 4895 3217 4965 signiﬁcat
3257 4895 3515 4965 judicem
3571 4879 3812 4960 agere?si

2167 4982 2544 5037 consuluisset
2589 4987 2689 5037 aut
2737 4983 3071 5037 Hebraicum
3124 4990 3367 5052 textum,
3417 4985 3516 5037 aut
3572 4976 3808 5034 Iudicum.

2170 5070 2476 5141 accepisset
2502 5071 2740 5125 verbum
2773 5087 2888 5142 quo
2918 5071 3011 5126 hic
3042 5072 3225 5126 utitur
3263 5071 3444 5126 David
3482 5085 3596 5123 non
3630 5070 3731 5119 tam
3756 5057 3812 5110 si:

2168 5158 2441 5229 gniﬁcare
2463 5174 2741 5227 resurgere
2769 5175 2942 5230 quam
2969 5165 3116 5215 stare
3143 5181 3158 5228 ;
3207 5160 3366 5215 unde
3407 5155 3706 5227 collegisset
3729 5147 3814 5202 hoc

2167 5248 2310 5302 velle
2338 5247 2579 5318 psalten,
2612 5248 2673 5302 in
2696 5248 2912 5319 judicio
2939 5265 3057 5303 non
3086 5265 3252 5320 posse
3282 5247 3586 5302 consistere
3620 5235 3811 5308 impios,

2166 5335 2272 5389 hoc
2311 5338 2415 5402 est,
2464 5334 2584 5390 fore
2626 5341 2689 5390 ut
2729 5352 2897 5390 causa
2940 5337 3162 5392 cadant.
3209 5336 3350 5391 Vide
3398 5334 3552 5412 lsaia:
3599 5344 3684 5393 vn,
3745 5323 3809 5377 12-

2167 5426 2401 5480 Malach.
2436 5442 2514 5495 ιη,
2543 5428 2598 5494 2,
2625 5427 2791 5482 Rom.
2824 5443 2936 5495 xiv,
2966 5431 3017 5495 4,
3050 5431 3108 5482 et
3137 5427 3289 5498 Hug.
3329 5425 3580 5482 Grotium
3600 5417 3664 5474 ad
3689 5416 3812 5469 hunc

2166 5514 2375 5569 locum.
