3922 6188
147 304 225 355 373

194 425 363 476 Psiuo
390 433 441 482 ιι,
473 420 498 482 §
543 417 595 480 6,
628 414 697 467 ad
748 413 919 467 verba
953 429 1097 467 vers.
1148 416 1198 466 6.
1234 417 1346 481 Ego
1382 408 1537 467 hodie
1588 416 1751 482 genui
1785 414 1828 467 A

146 520 194 566 te.
220 511 490 574 Quanquam
530 506 709 565 etiam,
768 503 979 572 inquit,
1036 506 1205 571 possit
1255 504 1343 556 ille
1371 504 1485 556 dies
1530 505 1585 556 in
1626 519 1754 571 pro-

141 601 273 669 phetia
290 596 442 648 dictus
470 593 640 645 videri
670 606 773 662 quo
790 594 954 645 Jesus
978 592 1233 646 Christus
1260 592 1549 645 secundum
1581 591 1756 644 homi—

140 690 362 740 nemnatus
380 687 470 742 est,
502 687 675 734 tamen
712 680 901 747 hodie,
928 682 1059 748 quia
1085 682 1430 748 prwsentiam
1459 682 1751 747 signiﬁcat,

132 784 250 843 atque
272 776 319 826 in
344 773 628 826 uternitate
658 786 748 824 nec
777 772 1109 838 praeteritum
1139 770 1441 839 quidquam
1465 775 1561 835 est,
1595 772 1756 837 quasi

125 879 207 917 esse
229 863 416 915 desierit
447 876 460 924 ;
490 874 581 912 nec
602 860 871 925 futurum,
906 861 1071 930 quasi
1094 859 1332 911 nondum
1356 861 1459 923 sit;
1497 858 1590 911 sed
1610 873 1752 926 prae-

123 968 214 1005 sens
247 953 451 1016 tantum,
486 949 614 1016 quia
660 947 932 1015 quidquid
987 952 1243 1000 aeternum
1287 950 1365 1000 est
1402 961 1607 1014 semper
1634 950 1748 1009 est;

123 1040 334 1092 divinitus
385 1038 646 1104 accipitur
682 1035 972 1088 secundum
1024 1034 1085 1087 id
1140 1035 1364 1100 dictum,
1412 1036 1527 1103 Ego
1580 1034 1750 1087 hodie

118 1126 247 1197 genui
270 1130 333 1187 te,
364 1140 460 1193 quo
489 1126 867 1193 sempiternam
897 1125 1290 1190 generationem
1319 1126 1544 1177 virtutis
1576 1128 1625 1176 et
1652 1138 1740 1175 sa-

115 1217 284 1285 pientia;
311 1217 414 1277 Dei,
447 1216 544 1283 qui
559 1218 637 1267 est
663 1215 971 1279 unigenitus
995 1214 1187 1276 Filius,
1217 1212 1349 1280 fides
1381 1214 1748 1266 sincerissima

115 1308 150 1355 et
172 1303 398 1356 catholica
421 1300 727 1369 medicam]
768 1299 1036 1363 Quamvis
1073 1300 1194 1353 haec
1217 1299 1609 1369 interpretatio
1634 1314 1748 1352 non

114 1392 165 1444 sit
197 1389 484 1459 Augustino
532 1388 862 1458 peculiaris,
906 1389 1325 1442 observandum
1373 1393 1563 1441 tamen
1614 1392 1746 1441 ante

113 1480 261 1533 omnia
281 1479 553 1547 psalmum
584 1479 735 1531 hunc
766 1477 1164 1547 explicandum
1198 1477 1369 1531 fuisse
1400 1477 1468 1530 de
1514 1476 1741 1542 Davide,

110 1568 182 1637 qui
205 1568 262 1621 de
289 1583 339 1620 se
371 1566 624 1636 loquitur
655 1583 668 1633 ;
703 1565 908 1620 deinde
940 1565 1260 1619 sublimiori
1281 1581 1449 1618 sensu
1488 1565 1555 1617 de
1588 1564 1745 1618 Chri-

109 1662 183 1715 sto,
210 1654 453 1726 quoniam
487 1654 570 1707 ita
599 1655 751 1708 hunc
798 1655 1086 1724 psalmum
1144 1653 1549 1707 intellexerunt
1593 1657 1742 1723 Apo-

107 1744 215 1797 stoli.
244 1744 317 1797 Ad
364 1743 631 1797 Davidem
680 1743 831 1813 quod
876 1743 1092 1807 attinet,
1129 1745 1339 1809 genitus
1384 1747 1519 1796 tunc
1552 1759 1583 1795 a
1632 1744 1744 1796 Deo

106 1833 283 1896 dicitur,
313 1849 435 1885 cum
469 1837 555 1886 est
583 1849 680 1885 rex
722 1819 1083 1898 constitutus,
1116 1848 1249 1885 nam
1287 1848 1449 1901 reges
1480 1832 1747 1886 dicuntur

106 1924 182 1989 ﬁlii
213 1922 485 1990 Altissimi,
544 1921 683 1990 psal.
749 1938 928 1987 LXXXI,
990 1924 1042 1975 6.
1092 1922 1169 1974 Ac
1209 1937 1344 1974 sane
1393 1922 1463 1975 ad
1500 1938 1745 1992 regnum

107 2010 197 2078 ejus
240 2010 426 2080 respici
484 2010 671 2080 liquet
710 2010 1010 2063 manifesto
1064 2025 1127 2062 ex
1169 2009 1637 2063 antecedentibus
1693 2015 1747 2064 et

104 2099 549 2169 consequentibus.
582 2099 666 2153 Ad
689 2098 1043 2169 spiritualem
1068 2114 1296 2151 sensum
1325 2098 1477 2167 quod
1508 2103 1743 2167 spectat,

103 2187 134 2239 si
154 2203 393 2255 negavero
415 2188 579 2241 hodie
608 2203 850 2257 usquam
882 2186 941 2238 in
980 2185 1270 2256 Scriptura
1298 2186 1446 2239 sumi
1478 2187 1546 2240 de
1580 2192 1743 2240 mter-

104 2276 252 2341 uitate,
295 2292 405 2329 non
454 2277 572 2329 erit
622 2291 725 2329 cur
762 2274 995 2328 timeam
1021 2290 1092 2326 ne
1123 2274 1250 2344 quis
1277 2274 1484 2327 erroris
1538 2291 1628 2328 me
1653 2291 1744 2328 ar-

103 2369 354 2432 guat;nec
378 2368 461 2417 est
488 2364 788 2432 Scriptura
834 2379 897 2415 ex
945 2362 1298 2433 phi1050phis
1348 2363 1739 2433 dogmatibus-

106 2468 182 2521 que
207 2451 573 2517 Platonicicis,
604 2451 727 2505 sine
750 2450 997 2519 ratione,
1029 2452 1379 2521 explicanda,
1400 2457 1461 2505 ut
1490 2453 1747 2506 fecerunt

107 2540 169 2593 hic
186 2545 230 2593 et
246 2540 370 2595 alibi
400 2541 576 2594 multi
609 2542 824 2594 Patres.
862 2540 1076 2594 Deinde
1117 2541 1582 2611 quandoquidem
1617 2558 1746 2611 apo-

106 2621 195 2672 stoli
225 2637 314 2673 nos
366 2620 692 2673 docuerunt
740 2621 833 2673 hic
879 2637 1203 2674 sermonem
1228 2637 1348 2673 esse
1397 2622 1464 2674 de
1498 2620 1744 2689 Christo,

110 2707 217 2775 quod
248 2708 493 2779 alioquin
554 2708 1003 2776 ignorassemus,
1052 2708 1121 2760 ab
1172 2707 1377 2761 iisdem
1411 2708 1581 2761 etiam
1608 2725 1745 2777 apo-

111 2798 218 2848 stolis
240 2797 515 2866 petendus
568 2796 675 2849 fuit
718 2798 1000 2866 genuinus
1047 2797 1218 2867 hujus
1248 2796 1356 2850 loci
1391 2814 1620 2863 sensus;
1649 2798 1747 2868 qui

118 2884 163 2935 ab
190 2885 245 2937 eis
287 2885 533 2939 minime
581 2885 827 2939 refertur
865 2886 935 2938 ad
984 2889 1259 2938 aeternam
1293 2886 1742 2955 generationem,

123 2971 248 3025 sedad
290 2976 643 3041 potestatem
675 2976 803 3043 post
858 2973 1334 3026 resurrectionem
1368 2973 1426 3025 in
1456 2974 1743 3027 Christum
1785 2981 1824 3036 ρ

116 3060 346 3128 collatam;
400 3079 546 3115 nam
600 3062 670 3115 de
713 3061 1130 3115 resurrectione
1177 3061 1298 3131 ejus
1351 3062 1506 3115 hunc
1559 3062 1745 3116 locum

106 3149 286 3216 explicat
338 3153 558 3204 Paulus
587 3153 704 3204 Act.
749 3166 863 3215 xm,
918 3153 1002 3204 33.
1047 3150 1301 3221 Scriptor
1328 3166 1459 3203 vero
1518 3150 1588 3204 ad
1640 3152 1744 3204 [lc-

107 3235 242 3290 braos
290 3239 355 3294 de
411 3241 546 3310 ejus
586 3239 921 3306 sacerdotio,
967 3255 1080 3310 quo
1134 3239 1195 3292 in
1241 3240 1382 3292 coelo
1424 3240 1745 3308 prmsertim

100 3324 273 3381 iunctus
297 3334 396 3394 est,
448 3345 582 3399 cap.
615 3345 668 3393 v,
702 3332 752 3381 5.
797 3327 984 3382 Malim
1015 3344 1144 3381 cum
1191 3328 1302 3381 illis
1330 3329 1539 3381 sentire
1572 3345 1744 3399 quam

99 3428 192 3466 cum
218 3416 535 3469 Platonicis.
581 3415 741 3478 Quod
796 3414 981 3467 visum
1035 3414 1206 3467 etiam
1233 3415 1468 3480 Hilario,
1524 3415 1624 3484 qui
1674 3416 1742 3468 ad

95 3500 204 3566 psal.
240 3519 290 3566 ιι,
322 3502 347 3571 §
379 3504 467 3567 30,
529 3501 663 3555 edit.
708 3500 1052 3554 Benedictin.
1091 3502 1247 3555 :Non
1276 3501 1350 3553 ad
1390 3503 1621 3567 virginis
1663 3501 1746 3553 in-

94 3588 202 3655 quit,
238 3596 467 3657 partum,
522 3604 689 3659 neque
713 3588 787 3642 ad
831 3590 1038 3642 lavacri
1087 3591 1502 3656 generationem,
1550 3589 1643 3643 sed
1670 3590 1745 3643 ad

90 3679 456 3744 primogenitum
490 3694 562 3732 ea:
608 3680 839 3732 mortuis
870 3679 1140 3746 pertinere
1178 3679 1471 3746 apostolica
1501 3680 1743 3732 auctori-

92 3766 151 3815 tas
171 3771 252 3819 est.

140 3852 331 3926 lbid.,§
365 3859 446 3910 10.
482 3855 911 3924 Apprehendere
955 3854 1305 3923 disciplinam
1334 3853 1745 3925 interpretatur

85 3942 392 4009 Augustinus
412 3943 744 4013 intelligere
766 3942 980 3995 erudiri
1005 3959 1018 4008 ;
1048 3958 1153 3995 nec
1182 3958 1315 3995 sane
1352 3943 1518 3995 aliter
1535 3943 1741 4012 potuit.

86 4027 165 4082 Sed
202 4030 243 4083 si
286 4032 562 4085 Hebraica
604 4029 999 4092 consuluisset,
1054 4028 1146 4083 hic
1188 4029 1536 4099 singularem
1581 4031 1743 4082 inve-

87 4118 227 4171 nisset
252 4120 616 4190 prophetiam
645 4119 713 4173 de
758 4117 1009 4180 Christo;
1042 4134 1177 4171 nam
1216 4123 1380 4207 est}:
1411 4119 1560 4204 ﬁpt‘n
1586 4134 1743 4172 oscu—

85 4206 445 4275 luminiﬁlium,
507 4208 660 4277 quod
690 4207 759 4260 de
814 4207 1021 4270 osculo,
1061 4207 1291 4260 honoris
1336 4224 1523 4272 causa,
1575 4207 1737 4277 quasi

84 4297 179 4363 regi
206 4296 429 4351 ferendo
480 4302 629 4349 recte
662 4295 994 4367 intelligunt
1023 4295 1385 4349 recentiores.
1420 4296 1555 4349 Vide
1596 4297 1733 4351 Gen.

88 4397 179 4446 xu,
210 4388 307 4452 10;
341 4387 359 4439 Ι
400 4386 555 4440 Sam.
608 4402 661 4449 Χ,
702 4388 748 4438 1.

138 4472 331 4527 ΡεΑιΑιο
363 4491 443 4535 ιιι,
482 4474 507 4544 §
543 4478 592 4527 l.
618 4472 885 4536 Quamvis
916 4473 1038 4525 haec
1069 4471 1139 4525 sit
1159 4471 1457 4543 inscriptio
1486 4473 1693 4543 psalmi
1727 4490 1739 4527 :

87 4560 293 4615 Psalmus
324 4563 529 4628 Dauid,
564 4578 682 4615 cum
712 4564 925 4629 fugeret
953 4578 985 4614 a
1004 4564 1147 4627 facie
1174 4562 1471 4616 Abessalon
1498 4562 1609 4631 ﬁlii
1636 4565 1741 4628 sui,

85 4646 144 4700 sic
182 4652 592 4705 enarrationem
650 4667 810 4704 suam
857 4651 1081 4704 orditur
1147 4651 1539 4720 Augustinus:
1594 4654 1743 4706 Hunc

82 4738 313 4801 psalmum
372 4755 443 4793 ea:
488 4742 739 4809 passione
792 4741 997 4796 Christi
1038 4740 1408 4808 accipiendum
1455 4741 1744 4808 persuadet

82 4825 201 4889 quod
251 4827 454 4881 dictum
492 4833 602 4882 est:
659 4829 773 4897 Ego
828 4826 1069 4881 dormivi
1100 4832 1155 4881 et
1193 4843 1459 4881 somnum
1503 4830 1649 4898 cepi,
1691 4835 1746 4884 et

81 4916 339 4967 exsurrexi
361 4916 637 4985 quoniam
671 4916 944 4971 Dominus
977 4916 1245 4985 suscipiet
1275 4932 1383 4969 me.
1409 4919 1584 4983 Magis
1606 4922 1744 4971 enim

84 4998 162 5051 hoc
183 5002 251 5054 ad
284 5007 585 5071 passionem
621 5011 669 5058 et
689 5007 1125 5059 resurrectionem
1158 5007 1369 5058 Domini
1397 5013 1746 5071 congruenter

83 5094 234 5155 sonat,
263 5107 426 5158 quam
458 5093 530 5145 ad
557 5094 706 5146 illam
739 5095 1023 5147 historiam
1048 5096 1106 5145 in
1140 5108 1248 5161 qua
1284 5094 1468 5146 David
1486 5095 1744 5147 scribitur

84 5176 263 5241 fugisse
288 5196 320 5231 a
352 5182 499 5245 facie
554 5182 800 5236 bellantis
858 5183 1143 5235 adversum
1165 5197 1219 5235 se
1245 5183 1351 5249 ﬁlii
1375 5185 1481 5236 sui.
1518 5182 1745 5235 Nescior

85 5280 177 5329 qua
202 5268 420 5321 ratione
471 5272 769 5339 praecaveri
803 5271 1121 5340 potuissent
1175 5275 1448 5323 contortae.
1485 5270 1745 5340 allegori-

85 5358 273 5408 starum
306 5356 831 5427 interpretationes,
864 5375 992 5412 cum
1023 5375 1093 5412 ne
1124 5358 1481 5429 apertissima
1511 5357 1743 5428 quidem

84 5438 348 5513 inscriptio
390 5447 589 5515 psalmi
630 5448 861 5518 hujusce
914 5452 1172 5501 nostrum
1211 5462 1468 5501 coercere
1496 5446 1744 5516 potuerit

85 5541 141 5580 ne
158 5531 472 5604 allegoricis
514 5536 744 5590 somniis
772 5536 1111 5607 indulgeret.
1136 5538 1273 5590 Nam
1313 5536 1469 5590 locus
1508 5534 1739 5606 quidem

1784 1696 1825 1751 Β

1776 4263 1819 4317 D

858 289 1212 345 VARIORUM
1257 289 1861 346 EXERCITATIONES
1900 290 1968 344 IN
2010 292 2063 344 S.
2108 291 2475 346 AUGUSTINI
2515 294 2764 347 Ol’EltA.

3466 295 3569 348 374

1860 430 2032 483 quem
2062 414 2276 483 profert
2298 416 2455 469 nullo
2498 417 2668 471 modo
2700 416 2942 487 quadrat
2973 416 3035 470 in
3074 415 3371 471 historiam
3403 433 3566 471 mor-

1865 503 1938 556 tis
1957 508 2013 556 et
2037 504 2467 557 resurrectionis
2505 505 2732 569 Christi,
2776 510 2972 559 contra
3003 505 3218 575 optime
3250 505 3564 559 conditioni

1866 592 2091 645 Davidis
2122 593 2401 646 convenit.
2437 596 2575 647 Cum
2625 594 2793 647 multi
2838 595 2905 647 de
2940 595 3046 648 hoc
3077 598 3265 647 actum
3299 610 3418 647 esse
3455 611 3563 664 pu—

1865 685 2071 749 tarent,
2103 681 2238 750 quia
2267 682 2436 751 longe
2467 682 2715 735 maxima
2746 699 2875 751 pars
2904 683 3294 735 Israelitarum
3325 683 3561 736 Absalo-

1864 784 2023 821 mum
2066 772 2431 840 sequebatur,
2473 771 2552 823 ait
2599 772 2882 840 propheta
2925 788 2981 823 se
3018 773 3088 825 ad
3142 772 3241 824 Dei
3280 772 3561 826 auxilium

1861 856 2197 927 confugisse,
2250 862 2422 927 atque
2466 858 2535 911 ab
2569 874 2635 911 eo
2667 858 2993 911 exauditum
3025 858 3218 923 fuisse,
3260 859 3559 912 continen—

1860 948 2058 1013 terque
2117 945 2275 997 addit
2321 945 2492 998 verba
2543 946 2728 1007 allata,
2783 960 2876 1013 ego
2935 946 3188 1010 dormivi,
3250 950 3375 1012 etc.,
3428 963 3559 1016 quae

1859 1032 2151 1102 aptissime
2195 1032 2519 1101 signiﬁcant
2566 1033 2928 1086 securitatem
2963 1049 3026 1085 ac
3080 1034 3557 1103 tranquillitatem

1858 1122 2037 1175 animi
2072 1121 2313 1187 Davidis,
2373 1128 2679 1191 postquam
2705 1122 2762 1173 in
2811 1123 2921 1174 Deo
2954 1122 3219 1173 ﬁduciam
3253 1138 3415 1175 suam
3448 1139 3554 1193 po-

1857 1216 2065 1264 suerat.
2120 1211 2389 1264 Similiter
2421 1210 2760 1264 describitur
2808 1210 3077 1263 securitas
3134 1211 3338 1279 psalm.
3393 1228 3467 1279 iv,
3500 1216 3552 1265 9.

1857 1301 1967 1354 Cur
2005 1314 2139 1367 ergo
2165 1298 2308 1352 alius
2357 1304 2480 1352 erat
2517 1299 2860 1368 qumrendus
2900 1314 3121 1363 sensus,
3154 1313 3284 1350 cum
3314 1296 3405 1350 hic
3434 1298 3556 1366 pul—

1854 1386 2171 1440 cherrimus
2219 1393 2385 1452 esset,
2445 1391 2500 1440 et
2549 1387 2755 1440 eximia
2803 1387 3147 1440 documenta
3204 1402 3320 1439 non
3364 1386 3556 1455 despe-

1853 1475 2033 1535 randi,
2055 1475 2149 1528 sed
2167 1475 2388 1528 ﬁducia:
2418 1476 2476 1528 in
2512 1477 2624 1528 Deo
2650 1476 3020 1540 collocandae,
3046 1474 3209 1528 nobis
3231 1474 3558 1543 prmberet?

1855 1565 2091 1633 Nempe,
2127 1568 2191 1617 ut
2234 1564 2508 1634 neglectis
2540 1580 2669 1633 quae
2719 1568 2849 1617 ante
2882 1564 3055 1633 pedes
3083 1568 3265 1629 erant,
3307 1579 3374 1616 ea
3405 1579 3557 1633 quas-

1857 1656 2123 1707 rerentur
2153 1669 2401 1723 quorum
2451 1652 2710 1722 alioquin
2757 1651 2815 1704 in
2846 1658 3100 1705 mentem
3131 1650 3349 1704 nemini
3378 1650 3558 1704 venis-

1859 1742 2163 1815 set;quod
2208 1740 2343 1794 ferri
2392 1745 2600 1809 posset,
2655 1740 2766 1793 nisi
2797 1740 3083 1793 sententia
3130 1756 3258 1810 quas
3301 1739 3558 1809 primum

1855 1830 2046 1883 animo
2077 1846 2196 1883 sese
2228 1828 2421 1899 objicit
2450 1828 2665 1897 optima
2695 1834 2841 1881 esset
2891 1828 3193 1897 verbisque
3216 1828 3558 1881 convenien-

1854 1918 2102 1983 tissima;
2160 1934 2226 1970 ea
2271 1933 2423 1981 vero,
2480 1933 2609 1985 quae
2666 1917 2862 1986 procul
2902 1916 3171 1969 accersita
3216 1920 3319 1983 est,
3363 1920 3558 1969 coacta

1854 2010 2000 2060 esset
2033 2010 2089 2058 et
2113 2022 2146 2058 a
2177 2004 2362 2058 verbis
2392 2004 2653 2074 serieque
2683 2004 2958 2058 orationis
2990 2005 3195 2060 aliena.

1925 2095 2032 2148 Sed
2067 2093 2367 2147 audiamus
2392 2094 2777 2163 Augustinum
2837 2093 3071 2163 ingenio
3102 2108 3203 2146 suo
3249 2092 3392 2146 mire
3424 2092 3554 2147 abu-

1852 2187 2086 2237 tentem.
2123 2182 2361 2245 Quidam
2394 2181 2707 2251 signiﬁcari
2746 2181 2865 2234 vult
2914 2181 3149 2235 nomine
3180 2181 3459 2247 Absalom,
3494 2184 3559 2233 ut

1854 2271 2137 2325 Christum
2173 2271 2396 2323 Davidis
2425 2285 2689 2339 persona.
2738 2270 2881 2322 Tum
2911 2268 3069 2322 addit
3096 2286 3107 2322 :
3152 2270 3199 2325 A
3233 2268 3387 2338 cujus
3414 2270 3559 2335 facie

1852 2362 2059 2426 fugisse
2109 2374 2421 2427 quanquam
2462 2360 2713 2412 historice
2742 2360 2914 2425 possit
2959 2360 3153 2426 accipi,
3193 2357 3430 2425 quando,
3464 2358 3557 2411 illo

1854 2448 2172 2513 discedente,
2245 2450 2461 2500 secessit
2536 2463 2653 2500 cum
2706 2448 2909 2499 caeteris
2962 2448 3017 2498 in
3064 2452 3336 2511 montem;
3381 2451 3557 2499 tamen

1854 2538 2182 2606 spiritaliter
2238 2535 2455 2603 quando
2516 2540 2741 2587 mentem
2786 2534 2940 2587 Judas
2996 2536 3166 2588 Filius
3205 2537 3319 2600 Dei,
3358 2534 3420 2586 id
3457 2542 3552 2601 est,

1855 2630 2031 2679 virtus
2084 2629 2133 2678 et
2188 2626 2459 2692 sapientia
2518 2626 2611 2677 Dei
2683 2623 3037 2675 deseruit.....
3113 2624 3238 2675 bene
3289 2624 3558 2691 accipitur

1855 2728 1889 2765 a
1916 2714 2060 2778 facie
2092 2713 2207 2779 ejus
2241 2713 2513 2767 Christum
2557 2712 2787 2777 fugisse.
2826 2711 3021 2779 Neque
3071 2709 3394 2775 historicus,
3452 2727 3553 2765 ne-

1856 2817 1967 2871 que
2012 2799 2326 2869 spiritualis
2368 2815 2566 2853 sensus
2611 2798 2748 2851 ferri
2804 2802 3025 2867 potest;
3061 2797 3172 2851 nisi
3212 2798 3281 2851 ab
3334 2798 3405 2850 iis
3454 2798 3555 2868 qui

1855 2891 1915 2943 in
1954 2889 2247 2959 Scriptura
2274 2888 2470 2942 vident
2498 2887 2777 2958 quidquid
2816 2887 3032 2952 volunt,
3066 2891 3129 2940 ut
3154 2886 3318 2955 pueri
3345 2885 3405 2939 in
3443 2902 3553 2939 nu-

1856 2978 2043 3033 bibus.

1925 3068 1996 3119 At
2024 3082 2139 3119 non
2169 3080 2376 3135 parum
2407 3063 2699 3118 hominem
2743 3062 3040 3133 impedivit
3085 3062 3423 3132 signiﬁcatio
3451 3078 3552 3116 no-

1853 3152 2027 3206 minis
2066 3153 2367 3217 Absalom;
2411 3152 2488 3204 sic
2523 3150 2677 3204 enim
2725 3149 2983 3219 loquitur
3016 3166 3028 3202 :
3072 3150 3316 3203 Absalon
3353 3154 3551 3216 autem,

1853 3245 1991 3295 sicut
2014 3242 2238 3309 quidam
2290 3243 2742 3310 interpretantur,
2776 3242 2834 3292 in
2872 3241 3075 3294 Latina
3130 3239 3319 3305 lingua
3351 3239 3553 3292 dicitur

1852 3329 2031 3399 patris
2062 3345 2167 3398 pax
2200 3348 2215 3394 ;
2241 3328 2385 3397 quod
2424 3330 2621 3381 mirum
2652 3328 2830 3381 videri
2852 3332 3043 3397 potest,
3084 3330 3193 3380 sive
3222 3329 3280 3379 in
3323 3328 3555 3380 historia

1852 3420 2181 3483 Regnorum,
2225 3432 2343 3470 cum
2377 3417 2569 3470 bellum
2602 3416 2864 3469 adversus
2884 3422 3095 3484 patrem
3119 3415 3415 3469 Abessalon
3436 3430 3553 3483 ges-

1851 3508 2031 3571 serit;
2060 3510 2170 3558 sive
2209 3507 2267 3557 in
2315 3507 2546 3559 historia
2582 3507 2723 3561 Novi
2759 3507 3100 3572 Testamenti,
3144 3520 3262 3558 cum
3318 3504 3553 3558 traditor

1850 3595 2076 3647 Domini
2101 3593 2285 3647 Judas
2314 3596 2504 3661 fuerit,
2540 3594 2991 3663 quemadmodum
3025 3593 3204 3663 patris
3236 3608 3345 3661 pax
3375 3596 3552 3661 posset

1851 3684 2102 3750 intelligi.
2136 3682 2193 3736 Si
2237 3682 2543 3736 Absalomo
2584 3699 2815 3747 nomen,
2849 3688 2978 3752 post
3019 3686 3262 3735 mortem
3294 3682 3549 3745 demum,

1850 3772 2048 3825 fuisset
2078 3770 2430 3841 impositum,
2482 3771 2637 3825 aliud
2674 3773 2795 3824 sine
2846 3770 3020 3825 dubio
3078 3774 3279 3823 nactus
3307 3769 3546 3834 fuisset;

1851 3861 1944 3915 sed
1983 3860 2085 3930 qui
2113 3859 2315 3912 infanti
2371 3859 2765 3928 imposuerant
2820 3875 2933 3912 non
2979 3858 3361 3929 praeviderant
3418 3873 3550 3910 eum

1852 3950 1988 4003 olim
2009 3949 2223 4001 bellum
2266 3964 2393 4000 cum
2456 3953 2612 4017 patre
2645 3952 2959 4016 gesturum.
2998 3948 3169 4001 Multo
3227 3946 3417 3998 minus
3467 3946 3550 3997 iu-

1852 4037 2108 4106 telligere
2131 4040 2396 4105 poterant
2422 4036 2539 4088 fore
2596 4035 2734 4088 olim
2781 4036 3068 4088 rhetorem
3108 4034 3417 4087 Numidam
3450 4034 3549 4102 qui

1851 4126 2019 4178 vellet
2047 4122 2335 4177 Absalomi
2384 4123 2618 4176 nomine
2648 4123 2957 4192 signiﬁcari
2986 4121 3331 4176 Domini-sui
3360 4121 3549 4191 prodi-

1853 4220 2055 4267 torem.
2099 4212 2207 4267 Sed
2250 4212 2375 4283 quis
2413 4228 2527 4265 non
2557 4212 2817 4278 miretur,
2859 4217 2990 4281 post
3035 4211 3227 4265 ﬁctam
3267 4228 3298 4264 a
3329 4226 3387 4264 se
3417 4211 3551 4264 alle-

1853 4301 2096 4373 goriam,
2150 4301 2468 4370 Augustino
2496 4300 2707 4354 mirum
2749 4300 2929 4354 videri
2959 4304 3284 4354 commento
3305 4316 3406 4352 suo
3434 4315 3547 4353 non

1850 4392 1995 4447 bene
2026 4390 2326 4444 convenire
2362 4406 2492 4443 cum
2524 4389 2755 4443 nomine
2802 4389 3094 4443 Absalomi
3118 4390 3144 4441 ?
3176 4390 3289 4444 Cur
3316 4406 3434 4443 non
3453 4405 3550 4458 po-

1850 4480 1963 4533 tius
2008 4483 2397 4533 commentum
2437 4478 2579 4533 illud
2634 4479 2894 4549 abjecit?
2946 4479 3051 4533 Sed
3082 4484 3281 4549 postea
3320 4494 3440 4533 sese
3466 4493 3551 4531 ex-

1850 4568 2028 4639 pedit,
2063 4585 2129 4622 eo
2163 4568 2312 4638 quod
2350 4568 2520 4621 David
2577 4566 2637 4621 in
2675 4584 2741 4620 eo
2775 4568 2920 4621 bello
2969 4574 3200 4638 pacatus
3241 4567 3548 4621 Absalomo

1851 4656 2041 4720 fuerit,
2100 4656 2235 4725 quia
2264 4654 2348 4708 illi
2380 4655 2536 4725 parci
2594 4655 2837 4721 volebat,
2871 4660 2927 4710 et
2973 4656 3123 4727 quod
3157 4655 3410 4710 Christus
3459 4657 3549 4709 Ju-

1852 4745 1984 4798 dam
2014 4760 2178 4813 inquo
2239 4743 2431 4796 animo
2464 4742 2614 4796 inter
2669 4760 2801 4796 suos
2846 4744 3059 4798 tulerit.
3102 4744 3191 4799 Sic
3247 4744 3304 4798 id
3364 4758 3547 4813 genus

1851 4830 2266 4901 conjectoribus
2308 4846 2608 4899 nunquam
2653 4831 2811 4885 deest
2842 4834 3119 4901 posticum
3140 4848 3253 4902 quo
3282 4831 3544 4897 evadant,

1852 4919 1899 4971 si
1939 4920 2051 4972 alia
2071 4919 2161 4972 via
2203 4935 2320 4971 non
2361 4918 2602 4988 possint.
2637 4918 2695 4973 Si
2724 4919 2869 4971 forte
2909 4936 3119 4973 nomen
3148 4919 3254 4972 ﬁlii
3319 4917 3546 4971 Davidis

1850 5007 2120 5061 bellicum
2148 5007 2423 5078 quiddam
2474 5005 2866 5077 signiﬁcasset,
2910 5012 3124 5077 quanto
3178 5022 3307 5060 cum
3339 5006 3546 5075 plausu

1852 5096 1971 5149 haec
2000 5096 2275 5165 ﬁgmenta
2321 5100 2553 5165 accepta
2580 5094 2851 5161 fuissent;
2907 5112 3035 5165 quae
3081 5110 3153 5148 ne
3183 5095 3389 5163 plausu
3415 5093 3542 5164 qui-

1851 5184 1980 5238 dem
2031 5188 2357 5250 caruerunt,
2401 5183 2661 5255 quamvis
2688 5183 2989 5253 paciﬁcum
3017 5182 3289 5253 quiddam
3328 5186 3489 5235 sonet
3517 5182 3544 5235 ‘I

1923 5271 2149 5342 lbid.,§
2202 5276 2254 5337 3,
2288 5273 2359 5325 ad
2414 5272 2535 5325 haec
2581 5272 2752 5325 verba
2784 5287 2926 5324 vers.
2960 5272 3012 5323 4.
3069 5272 3146 5323 Tu
3194 5274 3392 5337 autem,
3442 5273 3544 5324 Do-

1849 5363 2009 5427 mine,
2043 5366 2316 5430 susceptor
2352 5377 2501 5415 meus
2529 5376 2601 5426 es,
2635 5359 2713 5413 sic
2767 5359 2995 5412 scribit:
3032 5359 3334 5413 Secundum
3366 5360 3542 5414 homi-

1850 5464 1969 5502 nem
1997 5448 2202 5503 dicitur
2261 5450 2389 5516 Deo,
2423 5452 2553 5519 quia
2610 5449 2837 5503 hominis
2881 5450 3143 5517 susceptio
3187 5452 3265 5501 est
3316 5448 3543 5503 Verbum

1851 5552 1975 5591 caro
2001 5538 2229 5603 factum.
2256 5539 2394 5593 Tota
2422 5538 2503 5591 vis
2530 5537 2699 5607 hujus
2728 5536 3218 5606 interpretationis
3248 5536 3428 5607 petita
3457 5539 3541 5589 cst
