3890 6186
345 269 446 321 375

1373 263 1930 319 SUPPLESIENTUM
1970 265 2060 318 AD
2097 265 2330 320 OPEltA
2369 265 2423 318 S.
2466 265 2849 320 AUGUSTINI.
3679 287 3754 336 3;“

346 404 414 442 ex
444 403 580 442 voce
631 392 924 458 susceptor,
967 387 1102 456 quia
1155 385 1398 438 Verbum
1429 385 1722 439 dicebatur
1749 388 2042 455 suscepisse
2078 385 2122 438 A
2153 389 2286 439 tiam
2310 388 2404 440 Dei
2428 389 2456 440 ?
2486 386 2621 450 Quis
2662 402 2914 456 unquam
2966 392 3238 452 praeterea
3265 390 3464 446 audivit
3493 395 3620 450 hanc
3649 399 3766 456 locu-

345 493 577 532 carnem
645 477 977 530 humanam.
1036 473 1141 528 Sed
1198 474 1479 544 propheta
1537 489 1652 527 non
1699 474 2039 544 loquebatur

348 564 564 618 Latine.
610 564 789 618 Ilabet
828 561 918 615 hic
953 559 1221 614 llebraice
1256 575 1268 612 :
1303 575 1354 614 es
1381 561 1596 629 clypeus
1622 577 1725 629 pro
1741 577 1844 628 me,
1877 564 2038 630 cujus

347 653 651 706 locutionis
693 666 944 717 sensum,
997 649 1186 719 potius
1225 665 1397 719 quam
1437 649 1844 719 proprietatem
1875 667 2036 703 voca-

345 741 635 805 bulorum,
667 737 1025 808 interpretati
1055 737 1232 791 (ἕνεθοί
1266 738 1492 806 habent,
1523 736 1834 800 ἀντιλήπτωρ
1863 745 1952 798 μου
1981 737 2038 793 εἴ.

346 829 451 882 hoc
472 836 576 894 esl,
606 828 830 896 adjutor
853 841 1001 879 meus
1031 841 1084 880 es
1111 841 1123 892 ;
1157 842 1290 879 nam
1315 827 1462 880 male
1493 842 1718 879 versum
1747 831 2040 894 susceptor.

343 917 431 970 Sic
456 932 522 969 ex
555 917 701 969 mala
732 914 994 968 versione
1041 914 1244 984 ingens
1287 914 1521 968 deduxit
1564 914 1900 983 mysterium
1925 917 2043 969 Au—

347 1004 630 1073 gustinus.
665 1004 722 1057 Si
785 1019 984 1056 verum
1031 1018 1314 1070 amamus,
1361 1007 1458 1056 aut
1502 1002 1666 1072 plura
1710 1001 1905 1055 debuit
1935 1001 2043 1054 sibi

346 1108 678 1162 comparare
727 1092 998 1156 subsidia,
1053 1097 1149 1144 aut
1198 1107 1436 1144 munere
1490 1090 1820 1160 interpretis
1871 1089 2042 1143 absti-

346 1196 504 1246 nere,
540 1182 674 1234 dum
707 1181 972 1234 omnibus
1001 1185 1149 1233 esset
1202 1179 1527 1245 destitutus,
1574 1183 1806 1248 excepta
1834 1178 2045 1232 Punica

350 1266 442 1314 ἀπε
451 1266 758 1331 ραντολογίᾳ.

410 1356 554 1410 Ibid.
598 1357 863 1410 Eraltans
899 1360 1063 1424 caput
1110 1369 1299 1407 meum.
1341 1355 1585 1418 Mentem,
1616 1351 1828 1422 inquit,
1861 1354 2041 1421 ipsam

351 1445 643 1498 humanam
685 1445 772 1498 hic
827 1443 1195 1512 accipiendam
1222 1446 1372 1510 puto,
1437 1441 1578 1509 quod
1625 1445 1793 1510 caput
1839 1441 2045 1494 animus

355 1545 461 1584 non
489 1530 722 1584 absurde
749 1531 1078 1599 appellatur.
1123 1531 1243 1584 lmo
1274 1529 1518 1582 absurde
1547 1529 1786 1598 tingitur
1814 1529 2043 1592 locutio,

353 1613 515 1688 cujus
570 1618 630 1671 in
682 1620 841 1671 nulla
887 1619 1086 1688 lingua
1135 1619 1460 1688 exemplum
1500 1632 1755 1687 unquam
1785 1617 2042 1670 auditum

352 1711 476 1760 est:
525 1707 842 1777 prmsertim
886 1722 1016 1760 cum
1066 1707 1125 1759 in
1168 1709 1442 1776 promptu
1487 1704 1561 1758 sit
1582 1704 2045 1759 commodissima

352 1793 768 1864 interpretatio,
797 1810 970 1864 quam
1011 1793 1137 1848 vide
1167 1794 1319 1864 apud
1361 1792 1664 1846 Martinum
1698 1792 1960 1848 Geierum
1990 1797 2045 1846 et

350 1881 490 1936 alios
520 1883 876 1953 interpretes.

420 1970 583 2032 Ibid.,
616 1973 716 2038 §-i,
747 1972 817 2025 ad
848 1971 1020 2025 verba
1065 1986 1208 2026 vers.
1238 1973 1290 2025 5.
1345 1972 1478 2026 Voce
1510 1986 1627 2024 mea
1655 1969 1729 2023 ad
1758 1972 2045 2026 Dominum

349 2061 630 2125 clamavi;
675 2060 737 2113 id
782 2066 881 2128 est,
914 2060 1122 2130 inquit,
1170 2075 1276 2114 non
1315 2061 1557 2128 corporis
1599 2075 1740 2125 voce,
1787 2075 1904 2127 qua:
1929 2075 2047 2112 cum

343 2151 576 2218 strepitu
604 2149 872 2202 verberati
899 2151 1038 2202 aeris
1085 2150 1378 2218 promitur,
1437 2152 1542 2200 etc.
1571 2145 1822 2211 Quidni?
1863 2163 1934 2199 an
1966 2146 2048 2200 in-

348 2237 623 2291 decorum
655 2235 762 2290 fuit
797 2235 992 2290 Davidi
1034 2237 1185 2289 clara
1230 2241 1286 2289 et
1331 2251 1540 2306 magna
1585 2251 1717 2288 voce
1753 2236 1929 2288 Deum
1957 2234 2046 2288 in-

348 2339 571 2388 vocare,
604 2339 734 2376 cum
771 2323 831 2376 in
861 2323 1034 2376 tantis
1065 2322 1347 2392 angustiis
1374 2325 1693 2376 versaretur
1713 2321 1741 2377 ?
1778 2322 1890 2391 Ego
1921 2320 2047 2392 qui-

347 2410 479 2464 dem
537 2426 651 2464 non
698 2409 969 2480 putarim.
1019 2413 1281 2464 Attamen
1311 2414 1487 2479 negat
1527 2409 1885 2479 Augustinus
1915 2425 2048 2462 voce

347 2499 416 2552 ad
451 2498 758 2552 Dominum
787 2497 1026 2550 clamavi
1068 2503 1206 2551 recte
1222 2498 1349 2561 dici,
1397 2499 1508 2552 nisi
1551 2513 1671 2551 cum
1709 2499 1824 2551 sola
1864 2501 2049 2552 anima

346 2587 486 2640 nihil
516 2588 719 2653 carnis,
751 2587 994 2654 nihilque
1023 2587 1327 2638 carnalium
1366 2588 1726 2639 intentionum
1758 2588 1814 2639 in
1843 2589 2051 2639 oratio-

346 2691 466 2728 nem
499 2675 778 2728 attrahens
809 2675 1048 2741 loquitur
1074 2676 1315 2740 Domino,
1334 2674 1430 2726 ubi
1449 2674 1594 2727 solus
1630 2674 1804 2726 audit.
1840 2674 2052 2729 Clamor

349 2771 528 2819 autem
549 2768 714 2819 etiam
734 2767 834 2818 iste
862 2764 1084 2829 dicitur,
1114 2769 1338 2833 propter
1367 2767 1478 2817 vim
1509 2766 1685 2832 ipsius
1716 2766 2048 2818 intentionis.

353 2853 538 2906 Nolim
571 2852 838 2924 equidem
890 2869 1100 2923 negare
1141 2851 1482 2905 translatitio
1536 2850 1859 2921 significatu
1892 2867 2051 2921 posse

2147 473 2362 528 tionem
2409 480 2715 544 antequam
2769 489 2834 526 ea
2865 478 3118 526 uteretur
3154 476 3508 547 Augustinus,
3554 487 3766 543 exaudire

2149 562 2214 616 de
2245 563 2510 630 justitia?
2558 564 2703 618 Sunt
2743 562 2891 615 inter
2932 561 3275 616 recentiores
3316 564 3651 625 heterodoxos
3693 577 3772 645 qui

2150 650 2552 704 iusimulantur
2598 655 2923 704 coactarum
2975 650 3531 722 interpretationum;
3561 660 3644 714 sed
3680 678 3771 730 pra

2152 739 2256 792 hac
2279 744 2334 792 et
2361 739 2640 793 similibus
2663 755 2791 809 qua:
2827 738 2883 792 in
2912 738 3108 792 decem
3129 741 3424 809 Augustini
3443 745 3778 804 Volumiuibus

2151 842 2280 896 quas
2339 827 2503 880 nobis
2567 831 2895 896 supersunt,
2929 830 3232 896 utramque
3288 828 3538 896 paginam
3583 833 3776 903 faciunt,

2151 914 2345 968 omnia
2374 915 2435 968 in
2465 914 2577 968 illis
2629 921 2762 968 sunt
2791 915 2960 985 plana
2992 920 3050 968 et
3079 914 3284 967 facilia.
3327 919 3574 972 Attamen
3596 921 3780 977 hetero-

2151 1002 2280 1056 doxi
2321 1003 2588 1056 conviciis
2636 1003 2764 1056 ideo
2813 1003 3186 1074 exagitantur,
3222 1007 3554 1074 Augustinus
3597 1011 3657 1063 ad
3683 1028 3777 1065 co:-

2153 1091 2271 1144 Ium
2297 1091 2560 1145 laudibus
2589 1092 2827 1144 tollitur.

2223 1178 2364 1233 Ibid.
2535 1181 2656 1245 Ego
2703 1179 2938 1232 dormivi
2975 1183 3025 1232 et
3061 1193 3303 1232 somnum
3347 1183 3473 1249 cepi.
3511 1184 3614 1237 Non
3641 1187 3787 1240 incon-

2152 1269 2441 1333 venientcr,
2470 1267 2678 1337 inquit,
2729 1267 3095 1321 animadverti
3122 1273 3296 1336 potest
3329 1270 3466 1337 quod
3499 1273 3708 1338 positum
3730 1282 3789 1328 est

2159 1355 2271 1422 Ego
2302 1353 2376 1406 ad
2403 1354 2822 1422 signiﬁcandum
2855 1355 2998 1422 quod
3035 1370 3136 1408 sua
3179 1356 3450 1410 voluntate
3481 1365 3679 1412 mortem
3695 1376 3795 1414 sus-

2157 1443 2342 1506 tinuit,
2391 1441 2681 1495 secundum
2737 1442 2913 1496 illud:
2953 1445 3256 1512 Propterea
3315 1461 3401 1498 me
3447 1447 3602 1499 Pater
3643 1448 3796 1518 diligit

2156 1532 2430 1598 quoniam
2463 1545 2566 1599 ego
2596 1529 2822 1598 depono
2845 1530 3096 1584 animum
3129 1538 3452 1598 meam,etc.
3486 1535 3634 1588 Joan.
3662 1551 3708 1599 ι,
3733 1540 3798 1590 l8.

2157 1616 2292 1679 Quis
2323 1632 2577 1686 unquam
2608 1617 2752 1670 hanc
2783 1633 2902 1671 esse
2934 1619 3251 1688 emphasim
3281 1619 3341 1672 in
3377 1637 3505 1673 voce
3536 1622 3647 1686 Ego
3672 1623 3800 1691 cogi-

2157 1708 2344 1768 tasset,
2403 1705 2510 1758 nisi
2556 1705 2810 1758 monitus
2856 1705 2926 1760 ab
2959 1707 3321 1776 Augustino?
3365 1708 3473 1762 Sed
3497 1708 3543 1762 si
3572 1709 3685 1779 quis
3718 1710 3803 1763 hoc

2156 1794 2435 1860 negasset,
2479 1807 2591 1861 quo
2642 1793 2903 1862 exemplo
2977 1793 3262 1863 potuisset
3321 1797 3600 1864 probare?
3644 1797 3797 1850 Nullo.

2155 1879 2296 1933 Nam
2318 1880 2386 1934 ad
2419 1881 2606 1933 locum
2651 1881 2882 1934 Joannis
2933 1882 3088 1951 quod
3115 1883 3342 1946 attinet,
3375 1886 3568 1938 vocula
3595 1900 3679 1951 ego
3702 1901 3796 1938 non

2150 1968 2418 2038 probaret
2462 1968 2750 2022 Christum
2801 1977 3005 2039 sponte
3047 1987 3168 2024 esse
3217 1976 3529 2028 mortuum.
3578 1974 3676 2026 nisi
3715 1975 3806 2027 alia

2153 2057 2347 2111 addita
2376 2061 2566 2110 essent
2593 2073 2723 2126 qua:
2753 2057 2860 2110 hoc
2891 2058 3188 2128 perspicue
3210 2060 3558 2129 signiticaut.

2228 2144 2480 2198 Vidimus
2538 2151 2703 2198 antea
2755 2161 2936 2199 somno
2975 2147 3068 2200 hic
3115 2148 3435 2218 signiﬁcari
3496 2149 3815 2204 securitatem

2158 2231 2384 2285 Davidis
2414 2231 2474 2284 in
2509 2231 2713 2285 mediis
2753 2232 3038 2302 periculis,
3076 2235 3174 2288 Dei
3220 2236 3438 2290 auxilio
3479 2237 3622 2290 freti.
3655 2239 3815 2308 Itaque

2156 2322 2368 2374 frustra
2395 2320 2745 2390 Augustinus
2777 2321 3097 2376 observavit
3145 2338 3396 2380 somnum
3442 2342 3544 2394 pro
3566 2331 3717 2380 morte
3741 2343 3820 2394 po-

2155 2411 2320 2462 situm
2368 2408 2837 2462 innumerabiliter
2883 2409 3200 2479 Scripturas
3233 2416 3522 2467 continere.
3560 2416 3664 2468 Hoc
3697 2414 3817 2466 enim

2157 2497 2229 2550 ad
2260 2512 2326 2548 ca
2355 2497 2478 2549 loca
2492 2496 2742 2566 pertinet
2768 2497 3057 2568 inquibus
3080 2510 3180 2552 aut
3199 2505 3427 2555 constat
3454 2501 3545 2572 agi
3576 2502 3640 2555 de
3671 2509 3822 2556 morte

2158 2583 2498 2654 cujuspiam,
2545 2589 2644 2638 aut
2699 2590 2850 2639 certe
2909 2585 3051 2640 nihil
3100 2591 3186 2641 est
3230 2589 3386 2659 quod
3447 2606 3577 2643 eum
3633 2606 3824 2642 sensum

2162 2676 2403 2742 respuat.
2444 2673 2620 2725 Nemo
2649 2673 2830 2726 nescit
2859 2674 3005 2728 hanc
3027 2691 3148 2729 esse
3195 2683 3547 2748 perpetuam
3583 2679 3829 2748 interpre-

2161 2760 2316 2813 tandi
2362 2761 2570 2830 legem,
2624 2767 2788 2815 utne
2819 2763 2949 2832 quis
3003 2763 3074 2817 ad
3120 2767 3588 2837 metaphoricum
3634 2782 3830 2819 sensum

2159 2847 2472 2919 confugiat,
2499 2849 2636 2903 dum
2675 2851 2912 2920 proprio
2942 2851 3099 2905 locus
3140 2869 3265 2907 esse
3299 2860 3512 2924 potest.
3551 2854 3646 2910 Hic
3673 2861 3832 2907 autem

351 2941 460 2996 dici
505 2942 739 2996 clamare
775 2941 848 2994 ad
894 2943 1176 2995 Dominum
1221 2957 1318 2994 eos
1364 2940 1463 3011 qui
1495 2940 1618 2994 sine
1660 2939 1849 2993 verbis
1876 2945 2047 3009 atque
2085 2953 2123 3008 α
2159 2942 2279 2990 tota
2309 2937 2482 2992 series
2531 2939 2805 2992 orationis
2843 2941 3091 2994 ostendit
3119 2942 3212 3012 agi
3256 2951 3360 2997 aut
3385 2943 3457 2997 de
3489 2960 3620 2997 vero
3646 2959 3831 3002 somno.

348 3030 500 3084 intra
533 3031 791 3084 animum
837 3045 969 3084 cum
1000 3035 1165 3083 orant
1192 3046 1204 3096 ;
1237 3029 1334 3083 sed
1384 3045 1636 3099 perncgo
1677 3044 1806 3082 vere
1838 3033 1894 3082 et
1923 3044 2051 3098 pro-

347 3117 474 3189 prie
499 3135 614 3172 non
646 3119 755 3172 dici
795 3118 1040 3172 clamare
1071 3135 1168 3172 eos
1213 3117 1314 3188 qui
1340 3134 1539 3171 revera
1572 3119 1838 3170 clamant.

422 3208 560 3262 lbid.
594 3211 664 3262 Et
705 3207 988 3260 exaudivit
1035 3222 1117 3260 me
1144 3206 1209 3259 de
1233 3211 1406 3259 monte
1457 3211 1642 3259 sancto
1673 3220 1786 3258 suo.
1822 3206 2052 3258 Montem

351 3296 586 3364 quidem,
620 3295 828 3366 inquit,
860 3297 1037 3363 ipsum
1065 3296 1348 3347 Dominum
1373 3308 1472 3362 per
1496 3293 1818 3361 prophetam
1845 3291 2051 3345 dictum

349 3384 624 3450 habemus,
651 3387 712 3436 ut
748 3385 1016 3452 scriptum
1067 3387 1167 3446 est,
1202 3382 1340 3435 Dan.
1375 3397 1432 3446 ιι,
1458 3384 1544 3435 35.
1583 3382 1790 3433 Verum
1823 3385 1886 3433 ut
1915 3396 2050 3432 con-

349 3473 614 3526 cedamus
662 3471 813 3542 apud
868 3471 1160 3525 Danielem
1211 3469 1498 3524 Christum
1538 3469 1750 3522 montis
1798 3468 2049 3538 imagine

351 3559 612 3626 describi,
637 3576 710 3614 an
739 3565 1046 3630 pr0pterea
1077 3558 1530 3630 quotiescunque
1578 3557 1788 3611 montis
1824 3558 2049 3611 Domini

350 3649 565 3704 mentio
585 3653 864 3716 occurret,
887 3647 1183 3702 credemus
1214 3646 1306 3716 agi
1335 3663 1500 3717 posse
1517 3645 1585 3700 de
1607 3645 1850 3712 Christo,
1875 3645 2046 3699 etiam

352 3739 448 3793 ubi
477 3736 918 3791 circumstantias
971 3735 1362 3802 adversantur,
1397 3740 1460 3788 ut
1486 3734 1576 3788 hic
1607 3734 1635 3789 ‘t
1687 3735 1862 3788 Nemo
1908 3734 2050 3788 Scri-

349 3833 532 3898 pturae
574 3826 794 3896 peritus
827 3824 1050 3890 dixerit,
1084 3829 1140 3878 et
1187 3824 1365 3894 liquet
1393 3824 1486 3877 hic
1538 3823 1606 3877 de
1637 3829 1830 3876 monte
1859 3823 2046 3877 Sionis

345 3915 459 3986 agi.
495 3916 702 3968 Verum
734 3915 880 3967 hanc
906 3913 1436 3983 interpretationem
1466 3911 1651 3982 rejicit
1708 3912 1828 3982 ipse
1858 3915 2048 3982 Augu-

347 4004 550 4070 stinus,
583 4003 693 4056 nisi
724 4007 984 4056 contorto
1021 4002 1269 4072 quodam
1323 4017 1526 4054 sensu:
1552 4001 1658 4056 Sed
1688 4002 1803 4065 hoc,
1835 4000 2039 4071 inquit,

347 4093 415 4147 ab
444 4095 617 4162 ipsius
644 4107 876 4160 persona
923 4107 1030 4146 non
1067 4095 1241 4162 potest
1265 4092 1463 4160 accipi,
1515 4091 1626 4143 nisi
1669 4092 1812 4156 forte
1848 4091 1929 4142 ita
1957 4090 2042 4142 di-

347 4198 460 4236 cere
497 4182 710 4236 voluit:
753 4181 818 4234 de
867 4182 1194 4248 memetipso,
1237 4183 1497 4247 tanquam
1540 4178 1605 4231 de
1635 4183 1810 4231 monte
1855 4184 2039 4232 sancto

345 4286 460 4338 suo,
493 4286 574 4324 me
615 4269 916 4336 exaudivit,
956 4284 1076 4322 cum
1122 4268 1396 4321 habitaret
1420 4269 1478 4320 in
1516 4281 1617 4334 me,
1640 4265 1699 4318 id
1723 4271 1801 4320 est
1830 4267 1888 4318 in
1922 4268 2038 4335 ipso

345 4363 539 4412 monte.
586 4356 720 4420 Quis
759 4371 1016 4426 unquam
1057 4355 1376 4425 quidquam
1425 4354 1616 4408 minus
1656 4354 1962 4409 verisimile
1988 4359 2045 4409 et

347 4447 418 4500 ab
463 4445 621 4499 omni
659 4461 768 4499 usu
833 4443 1140 4514 Scriptura
1204 4447 1413 4496 sancta:
1457 4441 1734 4496 remotius
1775 4441 2043 4497 audivit?

347 4535 460 4588 Nec
517 4533 653 4587 talia
699 4533 1018 4603 Augustino
1051 4531 1207 4586 aliud
1254 4531 1448 4601 agenti
1494 4536 1709 4584 temere
1753 4529 2043 4585 interdum

347 4623 526 4677 effusa
581 4625 748 4688 sunt;
810 4625 997 4674 totum
1044 4620 1152 4674 hoc
1219 4635 1386 4690 opus,
1434 4619 1551 4674 imo
1602 4619 1865 4673 universa
1920 4621 2042 4689 ejus

346 4725 523 4781 opera
583 4712 798 4762 scatent
847 4707 1125 4777 ejusmodi
1184 4707 1735 4778 interpretamentis.
1777 4707 1924 4761 Audi
1987 4711 2043 4761 et

347 4814 590 4870 sequens
639 4796 794 4868 quod
823 4795 934 4866 ipsi
964 4795 1146 4866 magis
1189 4796 1511 4851 arridebat:
1548 4797 1770 4851 Planius
1797 4799 2042 4850 autemet

345 4887 671 4958 expeditius,
697 4888 750 4942 si
791 4887 1122 4954 accipiamus
1172 4886 1464 4942 exaudisse
1507 4885 1678 4940 Deum
1729 4884 1794 4938 de
1815 4884 2041 4953 justitia

343 4993 464 5041 sua,
493 4979 706 5031 Justum
736 4977 877 5029 enim
917 4979 978 5028 ut
1009 4977 1338 5029 innocentem
1396 4976 1647 5040 occisum,
1678 4977 1729 5028 et
1761 4976 1850 5028 cui
1875 4975 2039 5027 retri-

347 5067 476 5120 buta
502 5069 626 5119 sunt
677 5065 827 5118 mala
877 5078 982 5132 pro
1036 5064 1205 5130 bonis,
1251 5066 1597 5118 resuscitaret
1643 5079 1677 5116 a
1717 5065 1942 5116 mortuis
1989 5067 2039 5116 et

345 5153 516 5219 digna
529 5153 974 5222 persequentibus
1009 5154 1282 5207 tribueret.
1313 5154 1421 5206 Res
1451 5151 1573 5222 ipsa
1605 5151 1900 5204 verissima
1930 5156 2036 5217 est,

346 5239 474 5310 quis
528 5242 733 5311 neget?
781 5241 888 5296 Sed
935 5241 1222 5311 quomodo
1277 5257 1342 5294 ex
1398 5240 1506 5294 hoc
1553 5239 1754 5309 psaltae
1793 5239 1914 5293 loco
1942 5255 2037 5292 ex-

346 5327 526 5396 sculpi
583 5334 770 5398 queat,
832 5330 1103 5400 perpauci
1173 5327 1428 5382 divinare
1498 5327 1738 5398 possint,
1790 5329 2038 5395 Legimus

346 5412 738 5548 enimLipauit,
764 5416 990 5480 justitia
1020 5422 1114 5472 tua
1143 5419 1282 5471 sicut
1308 5421 1509 5470 montes
1544 5417 1664 5483 Dei,
1693 5415 1834 5485 psal.
1871 5431 2034 5477 xxxv,

346 5503 403 5548 Υ
675 5503 812 5548 hinc
851 5506 1110 5548 spnnilnr
1151 5509 1380 5548 mnan
1415 5506 1505 5548 1)ρί
1539 5505 1848 5548 ςίιηιίῆρηνρ
1871 5505 2030 5548 iusti.

343 5491 427 5549 τί
572 5491 812 5558 ‘hinc
851 5506 1110 5576 sequitur
1151 5509 1380 5559 montem
1410 5506 1505 5558 Dei
1539 5505 1848 5572 signiﬁcare
1860 5505 2030 5572 justi-

2161 3032 2259 3081 aut
2280 3027 2349 3081 de
2382 3027 2681 3080 securitate
2713 3044 2841 3098 quas
2877 3033 2961 3082 est
2992 3045 3120 3082 cum
3159 3047 3371 3084 somno
3403 3032 3720 3102 conjuncta.

2230 3118 2335 3173 Nec
2365 3117 2709 3184 quaerendum
2732 3121 2826 3180 est,
2869 3117 3059 3170 subdit
3086 3120 3474 3189 Augustinus,
3507 3138 3603 3174 cur
3620 3121 3837 3173 additum

2158 3207 2524 3267 sit,somnum
2550 3203 2694 3273 cepi,
2723 3220 2842 3258 cum
2861 3205 2982 3272 jam
3019 3205 3225 3260 dictum
3255 3214 3418 3269 esset,
3452 3208 3707 3262 dormivi.
3740 3209 3836 3260 Usi-

2160 3296 2302 3346 tutas
2346 3295 2486 3346 enim
2537 3293 2732 3346 habent
2785 3294 3087 3362 Scriptura
3135 3297 3467 3364 hujusmodi
3511 3299 3837 3366 repetitiones,

2156 3383 2296 3435 sicut
2325 3386 2380 3434 in
2405 3381 2633 3434 secundo
2678 3383 2892 3450 psalmo
2933 3385 3130 3437 multas
3161 3385 3528 3439 ostendimus.
3565 3384 3718 3448 Quod
3757 3384 3836 3436 ba-

2130 3469 2255 3522 'bet
2310 3468 2379 3522 de
2419 3468 2857 3538 repetitionibus
2903 3487 3098 3524 verum
3150 3477 3262 3539 est,
3327 3474 3429 3528 sed
3477 3474 3548 3528 ab
3600 3473 3703 3527 hoc
3736 3473 3836 3525 loco

2157 3556 2428 3620 alienum,
2464 3556 2523 3610 in
2555 3572 2668 3626 quo
2691 3559 2860 3610 verba
2885 3559 3158 3612 Hebraica
3189 3566 3354 3629 sunt,
3389 3563 3617 3620 nats‘tm
3644 3561 3834 3623 trinas,

2156 3643 2259 3698 hoc
2302 3650 2405 3708 est,
2454 3645 2692 3698 cubitum
2721 3647 2800 3699 ivi
2851 3651 2902 3700 et
2933 3647 3186 3715 dormivi,
3223 3664 3364 3718 quae
3414 3655 3552 3703 sunt
3581 3648 3837 3703 distincta.

2155 3734 2334 3804 Igitur
2358 3733 2550 3786 inania
2569 3738 2701 3786 sunt
2720 3750 2848 3804 quos
2881 3735 2984 3788 hac
3014 3735 3082 3788 de
3131 3751 3191 3788 re
3225 3737 3289 3790 in
3318 3738 3717 3808 superioribus
3744 3749 3838 3786 ver-

2153 3823 2240 3877 bis
2268 3827 2323 3876 et
2350 3821 2411 3874 in
2441 3821 2811 3892 sequentibus
2837 3823 3008 3876 habet
3052 3825 3446 3893 Augustinus.

2226 3911 2370 3966 Ibid.
2431 3912 2538 3964 Hoc
2611 3913 2806 3978 magis,
2878 3913 3085 3983 inquit,
3153 3914 3715 3969 animadvertendum
3767 3915 3846 3972 est,

2151 3999 2600 4069 quemadmodum
2653 4001 2711 4053 in
2741 4015 2851 4053 una
2906 4004 3172 4055 sententia
3201 4008 3256 4056 et
3306 4006 3589 4072 praeteriti
3622 4001 3848 4071 temporis

2150 4088 2369 4142 verbum
2397 4090 2578 4156 posuit
2606 4091 2656 4140 et
2693 4089 2892 4153 futuri.
2928 4092 2998 4144 Et
3017 4092 3314 4144 exsurrexi
3347 4096 3500 4146 enim
3531 4093 3697 4153 dixit,
3729 4089 3850 4158 quod

2154 4182 2230 4231 est
2257 4177 2324 4230 de
2350 4178 2622 4245 praeterito
2653 4194 2667 4243 ;
2699 4181 2748 4230 et
2777 4177 3064 4246 suscipiet.
3099 4179 3248 4246 quod
3282 4185 3368 4234 est
3401 4181 3471 4233 de
3508 4183 3716 4246 futuro,
3753 4189 3850 4230 cum

2156 4280 2432 4333 resurgere
2470 4267 2656 4332 utique
2684 4267 2800 4318 sine
2843 4267 2939 4319 illa
2964 4270 3308 4334 susceptione
3339 4284 3457 4322 non
3487 4274 3686 4338 posset.
3719 4263 3850 4320 Nihil

2153 4358 2239 4408 est
2285 4353 2499 4406 mirum
2558 4352 2827 4407 Davidem
2876 4354 2966 4407 hic
3008 4354 3089 4408 uti
3141 4357 3325 4410 verbo
3377 4358 3567 4410 futuri
3607 4350 3851 4424 temporis

2153 4452 2366 4501 ἐπεοη
2397 4443 2585 4507 fulciet
2618 4457 2717 4506 me,
2769 4447 2867 4495 aut
2911 4443 3235 4496 sustentabit
3287 4462 3396 4510 me,
3435 4445 3579 4516 quia
3627 4443 3855 4498 nondum

2153 4536 2274 4584 erat
2304 4530 2572 4584 liberatus
2596 4546 2629 4582 a
2659 4529 2914 4599 periculo
2934 4531 3044 4584 sibi
3070 4532 3138 4585 ab
3163 4533 3492 4588 Absalomo
3531 4540 3718 4588 creato
3745 4544 3854 4584 cum

2154 4620 2303 4673 hunc
2334 4619 2621 4688 psalmum
2671 4618 2936 4688 scripsit;
2997 4622 3331 4690 composuit
3381 4623 3548 4678 enim
3607 4623 3765 4677 illum
3809 4618 3856 4671 in

2152 4707 2274 4777 ipsa
2302 4707 2460 4776 fuga,
2503 4711 2564 4759 ut
2583 4705 2880 4776 inscriptio
2911 4707 3094 4762 docet.
3130 4708 3324 4778 Igitur
3346 4717 3575 4780 praeter
3599 4723 3718 4762 rem
3745 4707 3858 4757 sunt

2151 4811 2280 4866 quas
2336 4793 2621 4848 adduntur
2671 4793 2741 4848 de
2792 4795 3095 4866 prophetia
3133 4796 3342 4852 futura
3393 4798 3713 4870 prmteritis
3762 4792 3860 4848 mi-

2152 4887 2364 4938 scente.

2221 4973 2388 5040 Ibid.,
2422 4975 2449 5042 §
2481 4977 2536 5027 7.
2567 4975 2684 5029 Non
2711 4977 2788 5029 est
2816 4976 2898 5029 ita
2921 4974 3387 5044 distinguendum
3428 4979 3608 5048 (vers.
3640 4977 3690 5044 8)
3721 4972 3862 5046 quasi

2148 5078 2259 5116 una
2286 5065 2550 5116 sententia
2578 5065 2650 5116 sit
2679 5079 2691 5116 :
2723 5064 2991 5134 Exsurge,
3037 5065 3286 5120 Domine
3322 5084 3338 5134 ;
3387 5069 3621 5121 salvum
3652 5081 3738 5119 me
3765 5063 3855 5117 fac.

2153 5151 2299 5204 Deus
2325 5165 2507 5216 meus,
2542 5150 2817 5221 quoniam
2874 5155 2936 5205 tu
2967 5153 3304 5221 percussisti
3333 5171 3552 5210 omnes
3578 5154 3860 5210 adversan-

2148 5242 2233 5292 tes
2263 5238 2408 5292 mihi
2439 5239 2560 5293 sine
2593 5255 2780 5294 causa.
2812 5242 2933 5296 Non
2962 5244 3102 5295 enim
3128 5248 3441 5311 propterea
3473 5246 3692 5299 salvum
3717 5241 3862 5306 facit

2149 5331 2282 5396 quia
2320 5330 2586 5396 percussit
2637 5330 2882 5383 inimicos
2928 5330 3046 5397 ejus
3073 5349 3095 5394 ;
3141 5331 3238 5384 sed
3293 5336 3519 5400 potius,
3563 5335 3683 5402 ipso
3729 5327 3862 5383 salvo

2147 5418 2314 5482 facto,
2343 5417 2463 5470 illos
2487 5419 2773 5485 percussit.
2799 5419 2942 5483 Ergo
2963 5417 3037 5472 ad
3062 5418 3123 5472 id
3145 5419 3300 5489 quod
3326 5425 3597 5489 sequitur
3619 5421 3864 5490 pertinet,

2143 5509 2200 5558 ut
2227 5506 2326 5559 iste
2343 5507 2415 5560 sit
2465 5520 2690 5573 sensus;
2747 5506 3020 5576 quoniam
3043 5512 3105 5561 tu
3145 5510 3498 5578 percussisti
3532 5523 3735 5563 omnes
3771 5504 3858 5558 ad.
