3922 6188
156 301 227 351 3ἷῖ

156 422 376 469 \ersantes
414 411 542 465 milii
583 412 705 464 sine
745 428 932 471 causa,
979 412 1176 465 dentes
1217 417 1575 483 peccatorum
1625 430 1755 466 con-
1798 415 1838 467 A

156 504 331 564 trivisti;
383 502 435 554 id
486 504 576 565 est,
628 500 756 553 inde
810 503 1116 553 contrivisti
1168 501 1348 554 dentes
1406 508 1763 570 peccatorum,

156 592 350 664 quoniam
370 592 678 659 percussisti
705 605 881 643 omnes
913 590 1262 643 adversantes
1292 591 1446 643 mihi.
1486 591 1603 643 Imo
1633 606 1765 643 vero

158 680 279 735 David
316 679 475 731 Deum
503 683 624 730 orat
654 684 715 730 ut
762 679 948 747 ipsum
983 683 1209 731 tueatur
1258 694 1322 731 ac
1367 684 1566 745 servet,
1617 696 1764 749 quo-

150 768 260 821 niam
310 769 456 816 antea
516 780 743 834 semper
799 764 866 818 de
925 764 1192 818 omnibus
1248 764 1371 833 ejus
1430 766 1765 819 adversariis

145 869 293 923 plenas
317 856 637 920 sumpserat.
675 852 820 905 Petit
852 856 914 905 ut
947 852 1137 922 priora
1166 852 1446 906 beneticia
1479 853 1638 906 novis
1669 869 1764 907 cu-

144 941 301 995 molet.

190 1031 250 1082 De
284 1028 512 1082 dentibus
555 1044 682 1098 qua:
718 1032 1012 1098 argutalur
1053 1030 1401 1099 Augustinus
1449 1046 1562 1084 non
1602 1046 1766 1083 excu-

136 1116 257 1181 tiam,
287 1116 359 1168 uti
390 1132 487 1168 nec
528 1116 813 1186 duplicem
849 1118 1129 1170 rationem
1157 1132 1269 1188 qua
1300 1118 1451 1171 hunc
1482 1120 1762 1187 psalmum

132 1211 283 1275 postea
332 1204 730 1274 interpretatur
778 1205 846 1258 de
915 1205 1155 1259 Ecclesia
1223 1206 1571 1276 conjunctim
1636 1224 1764 1260 cum

131 1292 305 1347 Christo
331 1291 501 1361 capite
548 1297 814 1362 spectata,
852 1298 949 1346 aut
980 1294 1363 1364 tropologiam
1396 1311 1523 1365 qua:
1572 1301 1765 1365 postea

128 1380 355 1450 sequitur.
411 1380 743 1449 Superiores
798 1382 1317 1439 animadversiones
1355 1383 1415 1436 in
1464 1384 1767 1437 manifesta

126 1470 219 1522 luce
253 1468 494 1521 locarunt
535 1469 813 1539 judicium
864 1476 1125 1524 nostrum
1186 1472 1255 1525 de
1300 1472 1406 1525 hoc
1443 1488 1646 1543 Opere;
1699 1489 1764 1525 ex

126 1574 210 1627 quo
235 1562 492 1626 praeterea
524 1574 555 1610 a
595 1558 826 1624 lectore,
857 1560 1011 1613 tmdii
1062 1560 1311 1630 patiente
1342 1566 1399 1614 et
1428 1562 1545 1613 otio
1584 1561 1764 1614 abun-

127 1646 277 1709 dante,
330 1645 543 1715 possint
590 1646 781 1715 colligi
830 1650 1109 1701 nonnulla
1157 1665 1285 1719 qua:
1315 1650 1603 1719 pertinent
1631 1665 1758 1702 cum

124 1734 171 1785 ad
199 1748 361 1786 mores
388 1738 440 1785 et
472 1734 739 1802 dogmata
773 1734 1028 1788 Ecclesia:
1069 1737 1188 1805 ejus
1219 1737 1342 1801 aevi,
1379 1743 1500 1789 tum
1531 1737 1602 1790 ad
1646 1740 1758 1791 An-

124 1820 295 1889 gustini
320 1820 493 1890 ipsius
526 1824 842 1891 peculiares
876 1825 1204 1877 sententias.
1243 1825 1350 1879 Sed
1385 1826 1506 1879 haec
1536 1831 1669 1878 sunt
1701 1842 1763 1879 ex

124 1907 295 1977 ingenti
339 1908 675 1977 frigidarum
702 1911 1109 1981 allegoriarum
1142 1919 1197 1966 et
1242 1919 1629 1967 contortarum
1678 1914 1765 1966 iu-

123 1997 546 2063 terpretationum
578 1999 809 2051 cumulo
840 1998 1125 2069 eligenda.

173 2084 356 2137 PSALMO
385 2100 589 2151 uxvn,
644 2088 753 2153 3‘3.
812 2089 1065 2151 Quamvis
1097 2090 1239 2142 enim
1281 2092 1505 2158 proprie
1553 2089 1769 2143 dicatur

119 2168 358 2237 Synagoga
387 2172 719 2239 Judzeoruin,
744 2174 979 2227 Ecclesia
1005 2190 1128 2229 vero
1156 2176 1608 2241 Christianorum,
1635 2179 1767 2245 quia

1278 2450 1370 2517 IN
1449 2451 1781 2519 TOTUM

296 2720 703 2775 DESIDERIUS
743 2719 1057 2775 ERASMUS
1099 2722 1389 2776 LECTORI
1431 2722 1526 2791 (α).

167 2806 272 2869 Quae
300 2808 414 2861 sine
454 2808 847 2862 controversia
879 2815 1012 2862 sunt
1057 2810 1381 2880 Augustini,
1431 2812 1612 2880 primo
1664 2829 1761 2882 po-

130 2894 283 2947 suimus
303 2897 439 2950 loco.
468 2896 1042 2966 Impudentissimum
1066 2899 1404 2967 ﬁgmentum
1424 2900 1763 2953 Sermonum

135 2983 430 3039 adtratresin
454 3001 659 3039 eremo
683 2990 932 3054 agentes.
960 2985 1020 3037 in
1051 3002 1217 3039 suum
1253 2988 1528 3056 angulum
1562 2989 1764 3058 rejeci-
1804 2980 1841 3034 C

129 3084 238 3124 mus:
268 3074 330 3127 de
370 3091 487 3145 quo
527 3090 628 3126 suo
679 3074 804 3127 loco
856 3073 1117 3127 nonnihil
1167 3074 1439 3130 dicemus.
1475 3078 1673 3130 Insunt
1709 3083 1766 3131 et

117 3162 281 3213 celeris
322 3164 509 3216 multa
544 3178 746 3231 parum
782 3162 1085 3215 referentia
1117 3163 1369 3231 phrasim
1402 3169 1459 3217 et
1496 3165 1764 3219 eruditio-

117 3262 209 3300 nem
234 3250 556 3321 Augustini,
588 3265 831 3319 quorum
865 3249 1085 3319 aliquot
1115 3250 1459 3304 notavimus.

558 3338 864 3392 JOANNES
899 3338 1264 3392 ULIMMEBII

108 3438 307 3479 CtXONlLl
350 3443 653 3480 REGULAIUS
702 3442 1025 3479 MONASTERII
1048 3444 1093 3479 S.
1149 3442 1365 3480 MARTINI
1411 3442 1760 3480 LOVANll-JNSIS

158 3532 386 3569 ΡῐὶιεΡΔΪΙΟ
441 3531 800 3569 DEDICATORIA
875 3530 942 3567 AD
1000 3530 1273 3568 SERHONES
1344 3532 1389 3568 S.
1455 3531 1759 3578 AUGUSTINI,

155 3621 357 3665 ALIAQUE
387 3619 670 3659 OPUSCl'LA
714 3620 747 3656 Δ
794 3618 857 3656 SE
906 3619 1054 3656 EDITA
1098 3618 1341 3671 LOVANII,
1390 3619 1528 3655 APUD
1568 3619 1759 3659 [HERO-

154 3710 316 3746 Xl'MUH
350 3708 631 3746 WELLrllL’!
666 3708 810 3745 ANNO
842 3707 1030 3744 DOMINI
1067 3707 1284 3744 MDLXIV.

157 3782 626 3836 Reverendissimo
655 3781 713 3833 in
737 3780 957 3835 Christo
987 3780 1135 3849 patri
1162 3795 1225 3832 ac
1258 3778 1491 3833 domino
1524 3780 1582 3833 ι).
1618 3781 1757 3834 Mar-

101 3867 190 3922 tino
237 3871 522 3934 Hithovio,
595 3869 855 3922 Ecclesia
911 3867 1175 3937 Yprensis
1233 3868 1418 3937 primo
1491 3868 1757 3938 episcopo

96 3956 408 4027 dignissimo,
467 3960 723 4013 Joannes
778 3956 1142 4010 Ulimmerius
1192 3962 1528 4026 perpetuam
1582 3957 1757 4011 felici-

99 4049 237 4099 tatem
250 4086 262 4099 .

148 4136 270 4189 Cum
303 4135 444 4189 nihil
482 4134 542 4187 in
570 4132 727 4186 omni
759 4148 950 4185 rerum
980 4136 1185 4184 natura
1212 4136 1327 4184 tam
1360 4130 1612 4197 ﬁrmum,
1645 4136 1756 4185 sta-

93 4221 180 4276 bile
206 4240 263 4277 ac
290 4227 634 4294 perpetuum
666 4222 756 4284 sit,
789 4220 1143 4291 amplissime
1175 4221 1407 4289 praesul,
1440 4221 1592 4290 quod
1633 4236 1749 4273 non
1792 4262 1836 4317 Β

91 4312 345 4364 vetustatis
393 4310 569 4382 (qum,
612 4314 673 4363 ut
722 4310 915 4363 scribit
948 4310 1141 4374 Varro,
1175 4324 1356 4378 pauca
1386 4324 1503 4361 non
1549 4308 1751 4378 depra-

92 4401 180 4461 vat,
208 4400 376 4454 multa
409 4401 589 4467 tollit)
618 4398 905 4469 insignem
939 4398 1190 4468 aliquam
1223 4396 1497 4467 injuriam
1528 4397 1750 4451 sentiat:

90 4487 382 4549 praeclaram
433 4489 578 4542 mihi
624 4488 843 4557 reipub.
907 4485 1197 4541 litterariae
1252 4500 1489 4555 operam
1545 4501 1754 4539 navare

89 4572 317 4628 videntur
345 4577 445 4647 qui
476 4593 544 4630 eo
576 4592 745 4629 omne
797 4575 1072 4641 studium,
1122 4590 1355 4628 omnem
1390 4573 1749 4639 industriam,

90 4674 231 4716 omne
270 4664 521 4734 denique
550 4668 777 4733 tempus
807 4663 1132 4731 conferunt,
1163 4667 1223 4716 ut
1255 4666 1467 4715 veteres
1497 4668 1753 4716 auctores

89 4762 299 4815 quorum
331 4769 507 4823 Opera
556 4758 655 4806 aut
681 4752 849 4822 plane
898 4757 1168 4821 corrupta
1210 4755 1361 4817 sunt,
1394 4755 1492 4804 aut
1522 4767 1752 4821 prorsus

86 4835 470 4905 desiderantur,
549 4857 724 4912 quam
783 4840 1295 4906 emendatissimos,
1355 4840 1543 4909 quoad
1599 4839 1747 4906 licet,

86 4922 130 4975 in
172 4926 346 4983 lucem
402 4929 689 4983 emittant.
735 4929 894 4993 Quod
944 4928 991 4982 si
1021 4928 1324 4999 quisquam
1373 4928 1535 4991 alius,
1570 4927 1631 4981 in
1690 4930 1744 4982 Β.

82 5014 371 5083 Augustino
454 5034 678 5071 summo
764 5016 1055 5070 catholicas
1130 5016 1389 5069 Ecclesiae
1464 5016 1750 5071 columine

82 5116 279 5158 summa
326 5106 607 5160 industria
639 5105 925 5176 praestitit,
956 5109 1105 5159 certe
1137 5104 1494 5158 doctissimus
1528 5110 1584 5159 et
1621 5105 1749 5159 dili-

84 5192 419 5255 gentissimus
448 5195 532 5248 vir
589 5196 645 5249 D.
697 5193 968 5249 Martinus
1001 5193 1237 5265 Lypsius
1266 5194 1550 5264 imprimis
1594 5211 1748 5265 pras—

136 5325 208 5391 (α)
232 5327 361 5408 Erat
381 5327 958 5408 haecpraafatiuncula
984 5327 1213 5408 praefixa
1237 5331 1391 5408 tom-9
1410 5328 1469 5389 Χ,
1496 5326 1550 5379 in
1575 5343 1747 5407 quem

83 5406 254 5472 omnes
302 5399 618 5472 Augustini
660 5415 950 5472 sermones
990 5400 1310 5472 conjecerat
1343 5399 1633 5464 Erasmus;
1690 5399 1746 5451 in

81 5465 299 5522 editione
327 5465 467 5522 vero
498 5469 751 5524 Parisina
796 5470 936 5524 ordo
966 5475 1023 5523 et
1050 5465 1406 5522 voluminum
1448 5472 1503 5522 et
1531 5484 1748 5521 sermo-

83 5548 195 5589 num
226 5540 393 5609 plane
420 5545 670 5596 mutatus
717 5545 819 5596 est.
854 5542 1061 5595 Verum
1093 5556 1165 5594 ne
1196 5540 1342 5594 hanc
1370 5538 1599 5609 quidem
1648 5540 1746 5593 ad-

862 289 1222 344 VARIORUM
1271 290 1862 346 EXERCITATIONES
1902 290 1969 345 ΙΝ
2012 293 2047 343 S
2108 289 2473 345 AUGUSTINI
2515 289 2767 343 OPERA.

3466 291 3567 341 378
3632 366 3639 373 Α

1875 416 2213 479 congregatio
2278 416 2452 479 magis
2511 427 2777 481 pecorum,
2850 414 3161 463 convocatio
3218 426 3343 464 vero
3400 412 3572 476 magis

1876 504 2146 555 hominum
2179 501 2411 567 intelligi
2451 502 2598 563 solet,
2644 505 2817 552 tamen
2852 504 2900 552 et
2932 500 3081 551 illam
3113 498 3315 552 dictum
3360 500 3568 551 inveni-

1877 604 1991 642 mus
2026 590 2313 642 Ecclcsiam
2343 586 2363 660 ]
2402 590 2567 642 [tecte
2591 586 2907 639 observavit
2942 588 3160 638 lsaacus
3179 586 3568 649 Cusuubonns,

1881 678 2096 730 Exercit
2140 681 2201 731 ili
2255 683 2453 729 contra
2478 676 2803 738 Baronium,
2837 690 2995 727 num.
3030 677 3118 731 42.
3171 675 3303 728 huic
3336 676 3573 743 argutia:

1877 765 2227 818 occasionem
2280 782 2400 818 esse
2435 765 2581 834 quod
2632 777 2955 831 congregare
2995 762 3309 816 deducatur
3349 780 3379 815 a
3408 778 3566 831 great,

1876 854 1969 906 sed
2012 854 2070 906 in
2121 856 2309 907 t'irteca
2340 870 2469 906 voce
2508 863 2765 921 συναγωγὴ
2813 852 2950 905 nihil
3001 851 3185 904 simile
3235 851 3415 921 quaeri
3464 867 3571 920 po-

1878 946 2001 995 test.
2060 943 2169 995 Sed
2222 948 2279 994 et
2328 944 2439 995 Jac.
2476 960 2533 1007 ιι,
2590 945 2637 995 3.
2678 940 2920 994 Ecclesia
2973 945 3204 993 vocatur
3250 941 3563 1006 Sgnagoga.

1877 1031 2270 1085 Casaubonum
2306 1031 2490 1101 ipsum
2549 1030 2658 1083 adi.
2697 1030 2802 1083 Sed
2832 1028 2959 1097 quis
3016 1029 3159 1081 ferat
3210 1028 3332 1079 haec
3371 1027 3566 1080 obser-

1878 1119 1991 1171 vari
2026 1136 2087 1172 ex
2120 1119 2413 1173 occasione
2447 1119 2593 1172 vocis
2623 1119 2839 1185 Asaph,
2874 1116 3113 1185 ascripta
3145 1114 3308 1168 titulo
3338 1113 3561 1183 psalmi,

1875 1212 1931 1260 et
1964 1224 2091 1277 quas
2122 1211 2582 1276 congregationem
2601 1206 2916 1274 signiﬁcat?
2946 1205 3222 1272 Asaphus,
3248 1208 3312 1254 ut
3339 1207 3562 1261 notum,

1875 1300 2070 1348 auctor
2114 1301 2199 1349 est
2247 1296 2544 1350 duodecim
2596 1295 2965 1365 psalmorum,
3011 1290 3232 1361 fuitque
3279 1289 3467 1344 Levita
3496 1306 3561 1342 ex

1875 1381 2085 1435 familia
2120 1384 2563 1446 Gersonitarum,
2600 1398 2768 1435 sacrae
2817 1380 3045 1434 musica:
3094 1397 3127 1433 a
3160 1378 3368 1433 Davide
3408 1395 3561 1448 prm-

1876 1470 2072 1523 tectns.
2105 1471 2242 1523 Vide
2275 1472 2293 1523 Ι
2330 1471 2506 1524 Paral.
2539 1488 2608 1530 vi.
2647 1474 2732 1533 3t,
2763 1472 2849 1523 39.

1947 1560 2161 1611 Psauio
2193 1576 2337 1623 cvm,
2388 1562 2414 1626 §
2451 1563 2496 1612 l.
2531 1558 2789 1623 Quaedam
2821 1557 3077 1609 dicuntur
3106 1570 3223 1623 quae
3248 1555 3321 1608 ad
3349 1558 3565 1622 aposto-

1875 1647 1984 1699 lum
2018 1648 2243 1700 Petrum
2267 1650 2486 1715 proprie
2510 1648 2779 1715 pertinere
2808 1645 3116 1710 videantur,
3144 1660 3234 1697 nec
3266 1648 3440 1696 tamen
3463 1645 3568 1696 ha-

1877 1736 1996 1788 bent
2027 1737 2288 1789 illustrem
2315 1736 2656 1799 intellectum,
2691 1736 2800 1787 nisi
2822 1749 2940 1787 cum
2969 1734 3280 1799 referuntur
3300 1733 3374 1784 ad
3392 1734 3565 1785 Eccle-

1876 1824 2031 1889 siam,
2067 1824 2220 1891 cujus
2260 1824 2350 1876 ille
2375 1825 2683 1889 agnoscitur
2713 1826 2769 1875 in
2801 1825 2978 1886 ﬁgura
3002 1826 3237 1886 gestasse
3263 1835 3566 1887 personam,

1876 1916 2096 1979 propter
2142 1913 2421 1965 Primnum
2449 1927 2601 1979 quem
2645 1909 2703 1963 in
2752 1910 3045 1978 Discipulis
3077 1909 3288 1972 habuit,
3320 1905 3453 1979 etc.]
3488 1909 3566 1962 De

1876 2000 2127 2067 primatu
2172 1999 2320 2052 Petri
2351 2015 2417 2051 ex
2466 1999 2777 2067 Augustino
2809 1998 3049 2067 aliisque
3084 1995 3340 2049 Patribus
3369 1994 3565 2063 copio-

1878 2088 2095 2140 sissime
2144 2087 2260 2157 egit
2308 2088 2486 2142 Isaac.
2540 2088 2906 2141 Casaubonus
2952 2086 3009 2139 in
3053 2082 3452 2138 exercitatione
3505 2086 3563 2136 l5

1876 2177 1941 2227 at
1971 2176 2218 2228 Annales
2246 2176 2379 2228 Caes.
2420 2174 2663 2228 Baronii.

1865 2452 2361 2536 QUINTUM.

1873 2726 2078 2779 stitisse
2110 2726 2350 2780 videtur.
2382 2727 2574 2797 Neque
2598 2726 2750 2779 enim
2772 2726 2875 2789 illi,
2904 2726 3003 2794 qui
3031 2742 3088 2778 se
3120 2728 3301 2777 totum
3329 2723 3378 2776 ei
3401 2723 3562 2793 operi

1872 2812 2121 2883 illigasse
2174 2814 2323 2866 visus
2354 2820 2457 2875 est,
2523 2814 2655 2867 satis
2709 2814 2816 2866 fuit
2872 2813 2941 2865 ah
2975 2811 3292 2865 innumeris
3343 2809 3565 2863 mendis

1874 2902 2081 2971 quibus
2114 2902 2363 2971 undique
2404 2902 2823 2955 contaminatus
2854 2906 2995 2965 erat,
3026 2899 3407 2969 Augustinum
3438 2897 3562 2950 vin-

1875 2992 2060 3045 dicare
2086 3008 2097 3045 :
2127 2992 2235 3044 nisi
2264 2992 2433 3044 etiam
2467 2990 2633 3044 variis
2662 2989 3017 3042 bibliothecis
3047 3004 3173 3059 qua:
3205 2988 3275 3040 ob
3304 2986 3565 3056 antiquo-

1874 3098 1999 3134 rum
2030 3080 2386 3134 voluminnm
2413 3079 2635 3149 copiam
2665 3078 3005 3131 celebriores
3029 3076 3404 3142 habebantur,
3438 3073 3563 3144 pari

1873 3169 2067 3222 labore
2107 3174 2277 3237 atque
2309 3167 2605 3236 diligentia
2631 3166 3045 3237 pervestigatis,
3079 3165 3125 3219 si
3153 3164 3289 3236 quid
3322 3179 3562 3231 usquam

1872 3256 2143 3309 hactenus
2200 3271 2315 3307 non
2354 3270 2623 3307 excusum
2672 3254 2950 3323 reperiret
2996 3253 3148 3323 quod
3191 3250 3565 3321 Angustinia-

1874 3360 2010 3396 num
2056 3350 2274 3413 pectus,
2320 3344 2671 3413 majestatem
2706 3358 2769 3395 ac
2806 3341 3061 3412 phrasim
3103 3341 3315 3394 referre
3342 3339 3561 3391 videre-

1874 3438 1985 3495 tur,
2046 3430 2102 3485 id
2153 3432 2388 3502 reliquis
2432 3432 2554 3500 ejus
2602 3430 2824 3501 scriptis
2879 3430 3261 3500 adjiciendum
3319 3431 3560 3481 curaret.

1878 3522 2071 3590 .‘ieque
2102 3536 2237 3573 sane
2268 3520 2431 3590 pium
2461 3519 2710 3572 hominis
2736 3524 3004 3573 conatum
3035 3534 3323 3571 successus
3349 3531 3565 3586 usque—

1872 3624 2099 3679 quaque
2147 3608 2417 3663 destituit.
2478 3609 2617 3662 Nam
2667 3613 2879 3678 praeter
2916 3607 3147 3661 tertium
3188 3610 3382 3659 contra
3414 3606 3560 3658 Gau-

1872 3696 2125 3749 dentium
2149 3697 2378 3760 Iibrum,
2412 3712 2583 3766 quem
2628 3697 2991 3750 Parcensium
3022 3696 3424 3749 canonicorum
3472 3692 3561 3747 bi-

1872 3783 2153 3837 bliotheca
2182 3784 2345 3837 nobis
2398 3784 2802 3853 suppeditavit,
2838 3791 3045 3854 praeter
3092 3784 3378 3853 epistolas,
3430 3796 3559 3852 quas

1870 3870 1995 3924 duae
2023 3874 2155 3923 sunt
2184 3887 2354 3940 supra
2400 3870 2624 3940 viginti,
2665 3871 2870 3924 horum
2914 3887 3144 3940 quoque
3173 3872 3270 3940 qui
3311 3871 3430 3939 jam
3468 3869 3560 3921 hic

1868 3959 2118 4027 primum
2150 3959 2508 4024 emittuntur,
2532 3974 2820 4012 sermones
2851 3960 3090 4028 aliquot,
3115 3960 3322 4027 quibus
3342 3964 3563 4011 veteres

1874 4047 1951 4100 De
1989 4047 2215 4101 diversis
2243 4047 2473 4100 titulum
2504 4046 2853 4113 indiderunt,
2888 4046 3058 4098 Variis
3090 4047 3144 4097 in
3179 4046 3315 4098 locis
3359 4045 3558 4099 inven-

1869 4138 1954 4186 tos
1980 4134 2227 4202 collegit.
2260 4138 2443 4203 Atque
2476 4134 2614 4187 adeo
2642 4150 2770 4186 cum
2804 4133 3021 4186 caeteris
3053 4132 3306 4200 ejusdem
3338 4147 3556 4185 sermo-

1869 4221 2035 4274 nibus
2079 4222 2437 4275 excudendos
2469 4223 2601 4275 dare
2633 4222 3017 4285 constituerat,
3070 4220 3178 4273 nisi
3211 4220 3412 4273 bellico
3459 4220 3556 4273 illo

1869 4312 2119 4364 tumultu
2145 4312 2243 4381 qui
2274 4326 2377 4380 per
2404 4310 2706 4364 Martinum
2747 4311 3062 4365 Rossenum
3094 4325 3161 4363 ea
3194 4313 3555 4378 tempestate,

1864 4399 1924 4451 in
1954 4399 2057 4452 hac
2086 4404 2280 4452 nostra
2314 4399 2552 4469 Belgica,
2587 4399 2858 4452 excitatus
2890 4402 3009 4452 erat
3035 4397 3399 4452 circumcirca
3431 4414 3556 4453 om-

1864 4488 1958 4539 nia
1990 4487 2214 4540 turbata
2262 4487 2520 4544 fuissent.
2557 4488 2693 4551 Qum
2724 4502 2809 4541 res
2836 4492 2985 4541 certe
3029 4488 3276 4541 multum
3310 4486 3474 4541 nobis
3502 4491 3559 4541 et

1862 4576 2195 4628 calamitatis
2226 4580 2280 4629 et
2308 4576 2639 4629 detrimenti
2662 4577 2907 4630 advexit.
2950 4578 3086 4631 Nam
3122 4580 3185 4630 ut
3213 4581 3430 4630 taceam
3465 4577 3559 4630 de-

1864 4665 2159 4734 populatos
2205 4680 2386 4732 agros,
2433 4664 2691 4718 incendia
2723 4665 3043 4725 domorum,
3088 4666 3285 4719 abacta
3328 4681 3553 4735 pecora,

1861 4753 2161 4821 omnisque
2204 4751 2386 4804 astatis
2439 4752 2741 4806 hominum
2789 4754 3192 4823 captivitatem,
3233 4758 3288 4806 et
3317 4752 3558 4806 incredi-

1860 4841 2029 4893 bilem
2055 4841 2359 4909 jacturam.
2398 4856 2569 4909 quam
2603 4841 2767 4894 multi
2789 4858 2855 4894 ex
2886 4847 3000 4895 tam
3042 4842 3262 4895 nefario
3293 4855 3432 4894 ausu
3465 4840 3552 4893 fe-

1859 4935 2085 4996 cerunt;
2144 4928 2203 4982 id
2258 4928 2431 4982 etiam
2507 4928 2812 4998 Augustini
2872 4928 3139 4983 studiosis
3205 4928 3553 4982 incommodi

1860 5018 2109 5084 accessit,
2160 5018 2311 5087 quod
2380 5022 2494 5071 tam
2549 5018 2822 5087 prmclaro
2880 5018 3147 5071 thesauro
3207 5022 3478 5085 tanquam
3520 5033 3550 5070 e

1858 5107 2237 5159 subterraneis
2295 5123 2359 5160 ac
2408 5106 2677 5160 divitibus
2725 5106 3087 5159 metallorum
3134 5103 3293 5156 venis
3341 5104 3547 5157 effosso

1859 5196 2128 5250 hactenus
2158 5212 2348 5249 carere
2381 5195 2695 5249 debuerint.
2726 5196 2807 5248 Ita
2836 5192 2955 5246 sine
2986 5198 3046 5245 ut
3066 5191 3547 5262 quemadmodum

1861 5327 2332 5382 monitiunculam
2357 5328 2617 5381 omittere
2649 5327 2949 5380 voluimus.
2983 5326 3283 5379 Sermones
3315 5325 3385 5379 ad
3418 5326 3552 5378 Fra-

1856 5404 1967 5452 tres
2024 5399 2081 5451 in
2116 5415 2306 5451 eremo
2362 5399 2431 5452 de
2491 5399 2700 5467 quibus
2755 5398 2843 5450 hic
2892 5397 2978 5449 vir
3008 5413 3288 5461 summus,
3322 5402 3454 5450 sunt
3485 5396 3546 5449 in

1856 5475 2072 5522 tomum
2103 5470 2170 5522 Vl
2206 5470 2419 5538 ri-jecti,
2457 5470 2552 5522 ubi
2595 5468 2792 5523 breves
2829 5467 3042 5525 Erasmi
3073 5484 3327 5525 censura:
3359 5467 3549 5540 profe-

1857 5544 2073 5594 rentur.
2109 5542 2491 5595 Pneasroxus.
