3890 6186
353 271 454 322 379
551 281 554 286 ‘
1341 265 1900 323 SUPPLEMENTUM
1942 268 2031 322 AD

348 391 634 446 Ausonius
689 391 982 462 eleganter
1036 390 1228 444 scribit
1282 394 1567 445 catenatos
1619 404 1740 443 esse
1791 389 2028 451 labores,

348 480 764 550 negotiumque
783 497 849 534 ex
875 479 1109 548 negotio
1136 479 1245 532 seri
1272 479 1382 532 :sic
1411 479 1766 532 vinculorum
1795 478 2040 548 quadam

344 569 583 639 periodo
619 570 910 638 colligatas
941 568 1045 621 sibi
1077 583 1196 620 esse
1227 568 1578 621 calamitates
1608 567 1937 637 malumque
1972 583 2037 619 ex

344 659 497 711 malo
530 657 701 722 nasci,
736 657 920 710 dicere
957 656 1139 708 liceat.
1176 657 1314 710 Cum
1360 655 1535 723 enim,
1568 661 1630 708 ut
1673 654 1807 719 dixi,
1860 654 2037 708 bello-

341 763 470 800 rum
523 746 786 815 strepitu,
841 744 1036 797 omnia
1087 743 1534 814 circumquaque
1589 747 2034 813 perstrepereut,

344 851 529 905 neque
560 834 766 886 itinera
811 832 946 885 satis
987 837 1110 885 tuta
1139 849 1169 885 a
1200 832 1447 885 militum
1479 831 1697 901 impetu
1727 847 1845 884 esse
1877 831 2032 885 vide-

340 929 560 989 rentur,
595 927 652 976 et
694 921 950 975 decimus
979 921 1526 990 Augustinianorum
1567 936 1803 990 operum
1849 925 2038 973 tomus

338 1012 441 1065 sub
472 1012 631 1081 prelo
685 1009 933 1075 sudaret,
983 1008 1285 1078 lucemque
1309 1008 1547 1077 jamjam
1578 1008 1870 1077 cogitaret,
1895 1007 2035 1059 -fru-

338 1103 455 1152 stra
489 1098 939 1168 exspectavimus
990 1097 1090 1166 qui
1122 1097 1268 1150 hanc
1302 1097 1644 1149 sarcinulam
1703 1095 1761 1148 in
1812 1095 2038 1148 Germa-

343 1187 497 1240 niam
543 1187 870 1255 deportaret
917 1184 1075 1238 Unde
1100 1199 1213 1237 non
1243 1184 1401 1254 prius
1429 1199 1496 1237 eo
1528 1183 1713 1236 delata
1729 1182 1837 1236 fuit
1863 1199 2035 1253 quam

346 1275 394 1328 is
428 1275 495 1329 ad
542 1274 877 1328 umbilicum
930 1289 1132 1342 usque,
1163 1278 1226 1325 ut
1254 1272 1434 1337 aiunt,
1489 1271 1857 1342 pervenisset.
1895 1271 2036 1324 Cum

341 1380 472 1416 vero
504 1363 756 1416 secunda
785 1362 960 1416 editio
999 1362 1057 1414 in
1093 1362 1320 1414 ofﬁcina
1365 1360 1721 1414 Frobeniana
1766 1360 2035 1413 adornari

338 1452 640 1517 diceretur,
675 1468 777 1504 nos
795 1467 867 1505 ne
897 1451 1035 1520 quid
1067 1452 1181 1504 ulla
1211 1467 1273 1504 ex
1304 1455 1465 1521 parte
1492 1455 1684 1504 nostro
1713 1449 2032 1520 Augustino

340 1541 536 1595 deesse
587 1545 794 1611 posset,
845 1545 965 1593 tum
1000 1555 1070 1592 ne
1126 1539 1312 1609 Lypsii
1362 1556 1535 1610 opera
1589 1554 1821 1609 quoquo
1864 1538 2030 1591 modo

337 1629 571 1700 periisse
617 1628 924 1693 videretur,
971 1643 1094 1681 eam
1130 1627 1402 1696 temporis
1447 1627 1808 1698 iniquitatem
1841 1632 2032 1680 nostro

337 1718 719 1790 qualicunque
748 1717 940 1770 labore
974 1716 1243 1770 resarcire
1301 1717 1506 1782 conati,
1543 1717 1812 1787 pleraque
1845 1719 2028 1786 Augu-

337 1807 473 1860 stini
503 1822 675 1876 opera
707 1807 886 1860 multo
928 1822 1099 1875 quam
1143 1807 1304 1876 prius
1335 1806 1718 1876 castigatiora,
1755 1805 2030 1858 Basileam

337 1895 618 1949 misimus.
672 1896 824 1948 Inter
853 1911 982 1965 quae
1011 1899 1066 1947 et
1113 1895 1362 1948 decimus
1389 1899 1598 1960 tomus,
1633 1894 1729 1964 qui
1761 1894 2032 1946 hactenus

338 1983 558 2038 caeteris
591 1983 1033 2037 contaminatior
1079 1983 1283 2047 fuerat,
1333 1983 1403 2036 ad
1448 1983 1652 2052 viginti
1701 1986 1757 2036 et
1792 1998 1857 2035 eo
1905 1997 2032 2033 am-

338 2073 490 2143 plius
519 2076 738 2126 vetusta
769 2071 1118 2141 exemplaria
1165 2088 1198 2124 a
1228 2071 1388 2124 nobis
1428 2072 1685 2135 collatus,
1721 2075 1777 2124 et
1823 2069 1863 2122 ii
1892 2085 2034 2138 quos

334 2161 456 2231 jam
489 2161 807 2214 emittimus
859 2176 1150 2214 sermones
1182 2160 1430 2213 maxima
1461 2175 1526 2212 ex
1573 2163 1732 2229 parte
1776 2159 2027 2212 fuerunt.

343 2249 634 2303 Librarius
659 2264 790 2302 vero
821 2247 915 2301 ille
941 2248 1207 2301 omnibus
1239 2247 1492 2316 retentis,
1526 2252 1580 2300 et
1611 2247 1868 2318 quinque
1899 2246 2035 2300 dun-

343 2341 498 2390 taxat
547 2336 904 2389 sermonibus
948 2337 1196 2403 delectis,
1247 2335 1520 2405 reliquos,
1571 2335 1760 2388 nescio
1792 2349 1904 2404 qua
1941 2350 2032 2388 ra-

345 2425 501 2478 tione
542 2428 750 2490 motus,
785 2423 1118 2493 suppressit,
1167 2439 1274 2477 nec
1301 2424 1614 2493 quidquam
1647 2427 1926 2492 praeterea
1963 2421 2034 2475 ad

345 2529 448 2566 nos
477 2512 715 2566 remisit.
765 2515 949 2582 Atque
982 2527 1047 2565 ea
1080 2511 1298 2564 ratione
1331 2511 1604 2581 quidquid
1638 2516 1801 2564 antea
1827 2511 2035 2564 laboris

345 2606 541 2655 noster
583 2599 817 2670 Lypsius
847 2600 1161 2661 devorarat,
1195 2599 1250 2652 id
1299 2615 1521 2652 summa
1564 2615 1694 2652 cum
1740 2615 1952 2652 nausea
1981 2603 2038 2652 et

343 2689 514 2744 taedio
543 2705 737 2742 rursus
769 2689 931 2742 nobis
962 2689 1365 2742 exantlandum
1414 2687 1540 2752 fuit,
1570 2693 1682 2740 tam
1714 2688 1771 2740 in
1802 2688 2034 2757 perqui-

344 2777 537 2832 rendis
571 2777 640 2830 iis
671 2793 800 2846 qua)
831 2776 1284 2841 transmiseram,
1317 2791 1489 2846 quam
1525 2775 1582 2828 in
1632 2775 2031 2828 describendis.

339 2866 495 2929 Quod
527 2870 742 2936 quanta
771 2880 861 2917 me
899 2864 1152 2917 alfecerit
1199 2863 1456 2917 molestia
1485 2864 1573 2931 (ut
1602 2878 1673 2916 ne
1710 2863 1846 2933 quid
1877 2862 2034 2934 {inte—

341 2954 449 3008 rim
483 2954 552 3008 de
585 2952 911 3022 sumptibus
941 2951 1166 3007 addam)
1207 2951 1360 3005 haud
1399 2951 1561 3004 facile
1610 2950 1886 3004 dixerim:
1938 2949 2034 3003 sed

339 3042 446 3096 hoc
476 3059 655 3096 unum
701 3041 839 3096 boni
870 3041 1088 3106 accidit,
1121 3041 1293 3111 quod,
1328 3041 1396 3094 de
1427 3057 1541 3110 quo
1573 3045 1738 3094 antea
1766 3057 1870 3094 nos
1908 3043 2038 3110 post

343 3130 615 3199 Lypsium
651 3133 708 3183 et
759 3129 1074 3184 Costerium
1105 3129 1566 3199 desperabamus,
1598 3127 1654 3182 id
1691 3129 1842 3182 aliud
1873 3129 2036 3182 nobis

341 3217 663 3286 agentibus,
698 3233 761 3270 ac
804 3218 944 3270 forte
971 3218 1201 3270 fortuna
1237 3217 1492 3286 ejusdem
1527 3218 1580 3270 Β.
1619 3217 1922 3286 Augustini
1953 3217 2036 3269 vi-

343 3309 460 3358 tam
503 3305 592 3358 his
621 3305 946 3374 adjunctam
977 3306 1318 3375 legentibus,
1352 3309 1637 3374 repertum
1671 3305 1853 3358 fuerit.
1894 3304 2038 3358 Indi-

344 3392 536 3446 culum
577 3391 702 3444 dico
729 3409 760 3445 a
791 3392 1044 3446 Possidio
1077 3393 1338 3462 episcopo
1370 3392 1529 3462 prius
1558 3392 1617 3445 in
1646 3393 1768 3446 Vita
1798 3393 2038 3462 promis-

345 3492 497 3541 sum,
530 3477 814 3546 posterius
849 3493 978 3530 vero
1008 3478 1406 3547 compositum,
1436 3493 1606 3547 quem
1639 3477 1872 3546 quidem
1903 3476 2039 3546 quia

345 3565 586 3618 eximius
616 3565 912 3635 theologus
945 3567 1003 3620 D.
1037 3566 1278 3619 Jacobus
1328 3565 1632 3630 Pamelius,
1693 3565 1890 3635 Brugis
1943 3581 2035 3618 ca-

347 3653 610 3719 nonicus,
667 3653 809 3707 mihi
839 3654 909 3708 ad
957 3655 1058 3708 hos
1091 3655 1312 3708 labores
1352 3654 1740 3723 perferendos,
1792 3670 1903 3706 non
1935 3653 2035 3706 ob-

347 3747 540 3796 tusum
572 3742 755 3794 calcar
785 3759 1180 3811 saepenumero
1226 3743 1460 3808 addidit,
1492 3743 1542 3795 ei
1600 3742 1924 3796 dedicatum
1975 3758 2039 3795 ac

347 3835 740 3884 consecratum
774 3831 939 3884 volui.
997 3833 1047 3884 Is
1078 3831 1231 3885 enim
1287 3835 1444 3884 tanto
1506 3831 1723 3884 fervore
1752 3831 2038 3901 tantisque

346 3918 652 3988 impendiis
683 3923 934 3973 veterum
983 3919 1322 3989 scriptorum
1371 3936 1432 3972 ac
1463 3919 1777 3989 praesertim
1820 3920 2036 3972 theolo-

347 4023 555 4077 gorum
589 4024 761 4076 opera
813 4009 1120 4078 conquirit,
1157 4013 1215 4061 ut
1245 4010 1521 4062 confidam
1554 4025 1686 4062 eum
1731 4007 2036 4078 aliquando

349 4095 632 4165 quidquid
665 4095 846 4150 ubivis
875 4102 1154 4150 terrarum
1203 4097 1509 4167 Augustini
1539 4096 1836 4163 delitescit,
1865 4096 1919 4149 id
1951 4102 2036 4149 to-

349 4189 472 4238 tum
495 4184 553 4237 in
595 4185 981 4238 studiosorum
1013 4185 1318 4239 utilitatem
1351 4203 1384 4239 a
1413 4186 1660 4239 tenebris
1691 4191 2035 4238 asserturum

351 4288 415 4324 ac
465 4272 615 4342 quod
664 4272 873 4326 nostris
929 4273 1392 4327 adnotationibus
1420 4274 1830 4344 marginalibus
1859 4274 2036 4341 deest,

351 4361 752 4430 suppleturum
783 4377 922 4414 esse.
957 4361 1234 4414 Caeterum
1286 4378 1389 4415 nec
1429 4362 1534 4415 hoc
1564 4379 1744 4415 unum
1785 4363 2042 4415 dolorem

350 4451 627 4511 nostrum,
669 4464 840 4518 quem
870 4465 938 4502 ex
985 4449 1303 4518 suppressis
1336 4451 1396 4502 D.
1428 4450 1731 4520 Augustini
1761 4450 2041 4504 sermoni-

347 4535 450 4588 bus
496 4550 728 4603 gravem
770 4552 1236 4607 conceperamus,
1294 4536 1591 4606 mitigavit.
1637 4538 1744 4592 Sed
1795 4542 1852 4591 et
1903 4539 2043 4591 alios

349 4622 632 4692 plurimos
671 4639 961 4678 sermones
993 4629 1160 4679 antea
1189 4641 1486 4694 nunquam
1513 4626 1658 4695 typis
1688 4642 1920 4680 excusos
1949 4627 2042 4680 in-

347 4709 629 4776 venimus,
665 4727 806 4781 quos
856 4713 1149 4783 Lypsianis
1179 4713 1499 4782 adjunctos,
1534 4720 1590 4766 et
1637 4715 1930 4772 immensis
1963 4717 2040 4769 la-

347 4799 583 4853 boribus
613 4800 914 4870 castigatos
964 4802 1024 4855 T.
1076 4802 1134 4855 C.
1169 4801 1432 4855 dedicare
1464 4802 1648 4856 visum
1679 4803 1807 4857 fuit.
1855 4805 2042 4860 Multa:

345 4903 480 4942 vero
510 4904 695 4942 causas
735 4895 868 4944 sunt
897 4906 1025 4960 quae
1056 4905 1146 4944 me
1177 4896 1480 4944 moverunt
1509 4897 1571 4944 ut
1602 4893 1664 4946 D.
1698 4893 1757 4946 T.
1814 4893 2040 4963 potissi-

345 4991 506 5030 mum
536 4977 658 5032 haec
679 4978 970 5032 offerenda
1001 4979 1382 5032 existimarem
1409 4995 1420 5032 :
1456 4995 1595 5048 quas
1628 4980 1794 5034 latius
1845 4997 2040 5036 recen-

347 5081 550 5132 serem,
584 5066 694 5120 nisi
733 5066 1080 5137 singularem
1107 5073 1264 5121 tuam
1295 5068 1633 5122 modestiam
1664 5067 1719 5122 id
1761 5085 1912 5140 aegre
1966 5070 2042 5123 la-

347 5156 538 5207 turam
565 5157 892 5223 arbitrarer,
920 5161 976 5211 et
997 5173 1226 5210 vererer
1254 5173 1324 5211 ne
1357 5157 1642 5228 plerisque
1674 5160 1894 5212 adulari
1922 5177 2040 5213 ma-

352 5241 439 5308 gis
472 5257 640 5310 quam
675 5261 740 5296 ex
777 5245 968 5298 animo
999 5246 1158 5316 loqui
1197 5246 1411 5299 censeri
1442 5262 1685 5317 possem.
1723 5249 1832 5300 Hoc
1861 5265 2040 5302 unum

352 5331 547 5380 tamen
603 5331 827 5385 silentio
853 5332 1148 5402 praeterire
1206 5349 1450 5403 nequeo,
1484 5333 1626 5387 nihil
1657 5333 1800 5387 mihi
1827 5351 2044 5389 accom-

357 5415 644 5471 modatius
685 5419 867 5474 visum
911 5437 1036 5476 esse
1081 5438 1255 5493 quam
1297 5426 1361 5474 ut
1407 5421 1655 5492 episcopi
1696 5421 2044 5477 monimenta

351 5504 620 5575 episcopo
643 5507 1075 5576 dedicarentur;
1106 5527 1285 5582 eoque
1316 5510 1499 5580 magis
1529 5511 1680 5579 quod
1710 5511 1792 5564 tui
1832 5526 2043 5578 mores,

2069 267 2300 324 OPERA
2341 273 2394 325 S.
2438 273 2822 328 AUGUSTINI.
3692 291 3766 341 380

2073 389 2116 443 A
2150 391 2414 458 eruditio,
2471 393 2670 464 pietas,
2731 398 2788 448 et
2824 394 3010 448 omnis
3054 394 3300 464 denique
3348 397 3466 452 vitze
3502 403 3633 457 ratio
3666 423 3766 461 cum

2150 476 2451 546 Augustini
2483 477 2784 530 virtutibus
2812 493 3128 547 congruere
3159 477 3461 536 videantur.
3488 485 3681 545 Quanta
3707 489 3770 546 illi

2149 580 2380 617 suarum
2409 565 2595 620 ovium
2620 582 2755 619 cura
2783 566 2916 620 fuit!
2953 583 3066 637 quo
3098 567 3301 622 ardore
3330 569 3561 626 subditos
3582 589 3695 630 suos
3718 580 3770 633 ad

2145 653 2455 724 perfectam
2479 659 2533 708 et
2556 655 2779 708 beatam
2805 655 3030 709 vivendi
3061 656 3334 710 rationem
3356 658 3603 716 instituit!
3629 680 3771 734 quam

2146 742 2394 796 suaviter
2436 759 2499 797 ac
2528 744 2776 814 tempori
2816 743 3223 798 convenienter
3251 747 3411 800 variis
3459 749 3775 807 concionibus

2145 831 2211 884 ad
2245 831 2514 900 pietatem
2547 833 2791 902 vitaeque
2835 833 3273 887 sanctimoniam
3313 837 3566 905 populum
3597 841 3775 894 excita-

2144 919 2249 975 vit!
2285 922 2354 974 At
2385 920 2512 991 quis
2543 926 2625 975 est
2651 921 2749 991 qui
2779 937 2890 975 non
2923 922 3042 975 hinc
3079 922 3140 975 in
3170 923 3230 976 T.
3265 923 3321 977 C.
3356 929 3414 976 ut
3442 927 3669 980 maxima
3702 946 3776 982 su-

2145 1008 2380 1078 spiciat?
2411 1008 2625 1063 Omitto
2659 1009 2808 1080 quod
2843 1011 2994 1062 solus
3040 1009 3158 1063 fere
3209 1011 3588 1082 episcoporum
3623 1020 3776 1071 tecum

2144 1097 2553 1151 monasterium
2581 1097 2916 1152 clericorum
2948 1098 3176 1164 habeas,
3215 1102 3365 1169 quod
3397 1106 3450 1154 et
3478 1107 3649 1156 noster
3673 1123 3776 1158 sau-

2143 1187 2422 1241 ctissimus
2470 1188 2825 1258 Augustinus
2855 1189 2925 1242 de
2965 1204 3022 1242 se
3060 1189 3358 1258 profitetur
3386 1189 3444 1242 in
3472 1193 3780 1260 praeclarissi-

2143 1275 2249 1328 mis
2281 1277 2392 1330 illis
2422 1277 2645 1331 duobus
2695 1276 3057 1331 sermonibus
3091 1293 3233 1348 quos
3283 1277 3349 1331 de
3385 1279 3655 1332 communi
3693 1279 3783 1333 vita

2143 1380 2379 1418 suorum
2411 1365 2750 1418 clericorum
2773 1365 2841 1418 ad
2866 1366 3143 1435 populum
3171 1365 3584 1436 llipponensem
3603 1367 3782 1421 habuit.

2143 1454 2293 1518 Quos
2339 1454 2410 1508 ab
2460 1455 2689 1508 Erasmo
2739 1454 3005 1524 denique,
3057 1453 3248 1508 nescio
3293 1455 3542 1508 studione
3578 1472 3642 1509 an
3677 1456 3786 1509 obli-

2141 1541 2308 1594 vione
2359 1542 2551 1612 aliqua
2595 1541 2859 1611 omissos,
2911 1547 3109 1612 postea
3166 1559 3301 1597 vero
3351 1543 3702 1614 supposititiis
3740 1561 3790 1596 ac

2146 1629 2502 1684 sermonibus
2533 1629 2838 1684 eremiticis
2880 1629 3244 1697 commixtos,
3280 1631 3350 1684 ab
3371 1630 3563 1684 iisdem
3592 1632 3788 1695 resecui,

2145 1723 2199 1770 et
2245 1717 2394 1778 vitae,
2445 1717 2580 1788 quia
2609 1718 3001 1788 plenissimam
3055 1719 3312 1788 ejusdem
3342 1719 3452 1773 divi
3490 1719 3793 1773 mentionem

2142 1804 2374 1870 iaciunt,
2400 1805 2660 1860 adnexui.
2685 1806 2941 1876 Accipias
2953 1807 3148 1878 itaque
3171 1807 3790 1878 episcopusepiscopnm,

2141 1894 2528 1964 Augustinum
2579 1895 3015 1964 Augustiniana:
3044 1897 3174 1950 vita:
3225 1897 3348 1967 ipse
3378 1912 3491 1950 non
3519 1895 3690 1948 minus
3716 1896 3792 1948 ad-

2143 1983 2382 2036 mirator
2429 1999 2601 2054 quam
2650 1983 2926 2045 imitator,
2974 1989 3030 2037 et
3073 1984 3177 2038 hos
3203 2000 3494 2038 sermones
3532 1985 3636 2037 tuis
3673 2000 3794 2036 com-

2147 2071 2415 2125 mendare
2444 2087 2516 2124 ne
2558 2071 2826 2140 graveris,
2861 2077 2926 2126 ut
2977 2072 3212 2142 posthac
3261 2089 3290 2126 a
3319 2071 3691 2142 frigidioribus
3728 2071 3796 2124 le-

2144 2169 2351 2229 ctuque
2407 2157 2830 2228 indignioribus
2887 2159 3057 2212 rebus
3108 2160 3481 2226 abstinentes,
3540 2159 3722 2213 malint
3751 2157 3797 2210 in

2144 2247 2347 2300 studiis
2377 2247 2755 2300 sanctioribus
2789 2247 3230 2320 utilioribusque
3277 2249 3466 2302 oleum
3497 2262 3798 2319 Operamque

2144 2333 2437 2386 collocare.
2469 2335 2646 2386 Porro
2679 2351 2870 2405 Operae
2900 2337 3148 2406 pretium
3181 2353 3300 2390 non
3332 2337 3540 2406 putavi,
3577 2335 3734 2389 multa
3755 2333 3799 2384 in

2145 2421 2400 2475 medium
2428 2421 2729 2503 adducere,
2751 2423 2958 2492 quibus
2981 2424 3102 2477 haec
3129 2441 3260 2478 vera
3280 2441 3338 2478 ac
3358 2439 3618 2494 germana
3642 2425 3798 2489 Augu-

2146 2509 2280 2562 stini
2311 2525 2452 2575 esse,
2481 2509 2527 2562 si
2560 2509 2657 2579 qui
2686 2509 2833 2564 forte
2856 2510 2969 2563 sint
2987 2511 3282 2565 temerarii
3313 2526 3567 2565 censores
3603 2509 3799 2562 demon-

2147 2604 2384 2652 strarem
2411 2613 2424 2651 :
2457 2603 2577 2652 tum
2611 2599 2763 2668 quod
2793 2598 2895 2652 tibi
2919 2597 2974 2652 id
3004 2600 3350 2669 persuadere
3381 2598 3598 2652 difficile
3616 2612 3712 2650 non
3731 2595 3800 2660 sit,

2147 2687 2247 2758 qui
2278 2687 2418 2740 adeo
2441 2687 2564 2756 ejus
2591 2691 2841 2740 attentus
2872 2687 3049 2740 lector
3070 2704 3300 2759 semper
3329 2687 3606 2747 exstitisti,
3631 2682 3802 2738 utubi-

2148 2791 2257 2844 que
2277 2773 2658 2844 Augustinum
2685 2775 3053 2844 quantumvis
3085 2775 3214 2828 aliis
3246 2776 3578 2829 immersum
3607 2786 3802 2826 sesean-

2149 2867 2312 2932 gusta
2341 2861 2585 2932 quadam
2617 2861 2826 2932 pietate
2856 2862 3194 2932 prodentem
3225 2879 3518 2933 agnoscas,
3549 2867 3662 2914 tum
3682 2856 3804 2930 quod

2075 2964 2112 3019 c
2149 2951 2452 3018 Possidius,
2486 2952 2605 3005 haec
2636 2952 2696 3004 in
2741 2967 2980 3004 numero
3011 2967 3253 3020 operum
3298 2951 3422 3020 ejus
3456 2951 3738 3014 recenseat,
3764 2949 3806 2997 et

2148 3042 2210 3110 (si
2236 3041 2375 3111 quid
2406 3044 2664 3094 veterum
2693 3039 2955 3093 codicum
2987 3039 3290 3094 consensio
3313 3040 3476 3107 valet)
3507 3038 3564 3092 in
3590 3035 3806 3091 vetustis-

2145 3131 2304 3184 simis
2330 3129 2658 3200 quibusque
2692 3128 2854 3182 libris
2881 3128 3191 3198 Augustini
3207 3129 3445 3182 nomine
3467 3129 3724 3197 legantur.
3752 3125 3805 3175 At

2146 3234 2217 3271 ne
2248 3217 2377 3288 quis
2420 3215 2649 3286 objiciat
2679 3216 2952 3285 phraseos
2981 3216 3186 3286 jugem
3218 3232 3282 3270 ac
3311 3220 3637 3286 perpetuam
3664 3210 3803 3264 ratio-

2146 3321 2278 3358 nem
2319 3304 2639 3380 habendam
2673 3320 2816 3370 esse,
2866 3304 3003 3357 sciat
3042 3304 3090 3357 is
3121 3304 3190 3358 iis
3232 3305 3291 3359 id
3323 3303 3620 3358 convenire
3648 3299 3733 3370 qui
3759 3297 3805 3350 li-

2145 3393 2274 3446 bros
2305 3396 2526 3445 tantum
2575 3397 2673 3444 aut
2718 3391 3066 3461 scripserunt
3106 3397 3205 3446 aut
3252 3393 3574 3446 dictarunt:
3621 3385 3804 3441 concio-

2145 3481 2305 3534 nanti
2336 3485 2530 3533 autem
2550 3479 2698 3549 apud
2717 3480 2920 3557 vulgus
2945 3481 3360 3550 promiscuum,
3385 3480 3485 3552 qui
3517 3477 3697 3549 possit,
3717 3490 3806 3528 non

2146 3570 2356 3623 video:
2398 3584 2528 3621 cum
2582 3583 2769 3621 sermo
2841 3567 2997 3638 vulgi
3063 3569 3326 3622 moribus
3387 3563 3806 3636 attemperandus

2145 3661 2314 3727 atque
2339 3655 2853 3709 accommodandus
2877 3655 3088 3710 veniat.
3124 3658 3269 3711 Nam
3300 3662 3359 3711 et
3391 3658 3454 3711 D.
3479 3654 3806 3724 Augustinus,

2146 3762 2260 3816 quo
2289 3745 2504 3799 diutius
2531 3744 2750 3814 plebeis
2779 3745 3011 3798 auribus
3036 3745 3434 3800 concionando
3463 3743 3696 3805 servivit,
3725 3740 3806 3792 hoc

2148 3835 2328 3904 magis
2354 3832 2576 3887 remisit
2613 3832 2894 3886 sermonis
2937 3834 3311 3903 elegantiam,
3344 3835 3453 3888 hoc
3480 3832 3644 3888 etiam
3671 3825 3808 3883 rusti-

2147 3923 2318 3986 ciore,
2353 3937 2422 3974 ne
2457 3921 2642 3974 dicam
2698 3920 3114 3991 contemptiore
3159 3938 3300 3976 usus
3333 3927 3420 3977 est
3459 3918 3713 3974 orationis
3738 3931 3809 3984 ge-

2147 4025 2300 4064 nere.
2337 4011 2477 4064 Nam
2518 4013 2573 4063 et
2605 4009 2842 4080 mystica
2889 4025 3054 4064 suum
3103 4010 3377 4065 dictionis
3409 4025 3588 4082 genus
3616 4006 3805 4066 habent,

2147 4113 2252 4152 nec
2284 4097 2353 4150 iis
2399 4113 2530 4167 quae
2573 4098 2642 4151 ad
2686 4097 3007 4152 docendum
3051 4102 3253 4167 parata
3297 4102 3453 4163 sunt,
3487 4093 3808 4153 Ciceroniana

2157 4184 2506 4253 myrothecia
2557 4184 2921 4252 conveniunt,
2953 4185 3063 4238 huc
3102 4186 3320 4240 accedit
3359 4185 3513 4256 quod
3558 4199 3664 4237 non
3691 4193 3806 4232 sem-

2156 4289 2256 4343 per
2286 4272 2346 4325 in
2379 4271 2802 4326 cathedralibus
2850 4271 3118 4338 ecclesiis,
3153 4273 3252 4327 ubi
3302 4275 3607 4344 plerosque
3631 4267 3806 4323 doctio-

2156 4378 2245 4414 res
2289 4361 2464 4415 fuisse
2504 4367 2660 4415 extra
2693 4361 3141 4416 controversiam
3181 4367 3290 4429 est,
3338 4378 3539 4416 verum
3577 4358 3725 4413 etiam
3762 4351 3806 4402 in

2154 4449 2390 4520 reliquis
2433 4465 2552 4503 suae
2592 4449 2886 4504 dioecesios
2928 4451 3253 4506 civitatibus
3285 4456 3343 4506 et
3366 4447 3666 4522 oppidulis,
3706 4455 3808 4495 con-

2153 4539 2409 4592 cionatus
2442 4538 2532 4591 sit.
2581 4540 2705 4592 Jam
2741 4555 2870 4593 vero
2901 4543 3231 4593 canescente
3264 4539 3624 4610 potissimum
3651 4536 3807 4598 Augu-

2154 4627 2326 4693 stino,
2381 4627 2627 4682 Africam
2660 4627 2731 4682 ob
2769 4629 3082 4682 Gothorum
3125 4629 3624 4697 Vandalorumque
3659 4621 3809 4675 incur-

2153 4715 2341 4769 siones
2395 4716 2664 4783 assiduas,
2714 4731 2922 4786 magna
2952 4733 3017 4770 ex
3056 4721 3239 4786 parte,
3289 4717 3560 4770 infectam
3590 4705 3806 4766 barbarie

2151 4804 2324 4858 fuisse
2357 4805 2484 4874 quis
2526 4804 2790 4874 ignorat?
2837 4808 2951 4858 Ant
2977 4805 3106 4876 quis
3135 4821 3201 4858 ex
3231 4809 3436 4860 sancto
3471 4803 3682 4857 Victore
3709 4793 3804 4866 epi-

2153 4909 2322 4962 scopo
2357 4893 2568 4946 Vitensi
2594 4893 2779 4947 dicere
2807 4909 2921 4946 non
2951 4893 3176 4964 potuit?
3221 4894 3324 4964 qui
3365 4887 3808 4963 elegantissimum

2152 4983 2222 5036 de
2275 4981 2382 5035 hoc
2439 4987 2631 5036 nostro
2689 4982 2941 5036 antistite
2993 4983 3246 5053 elogium
3305 4981 3660 5037 describens:
3695 4973 3807 5037 00³,

2152 5068 2356 5140 inquit,
2419 5073 2759 5140 tempestate
2827 5071 3088 5140 Hippone
3151 5071 3404 5142 Regium
3459 5071 3674 5124 obsessa
3724 5058 3810 5114 fuit

2151 5159 2368 5218 civitas,
2416 5174 2547 5228 qam
2597 5159 2756 5212 omni
2786 5158 2952 5212 laude
2985 5159 3194 5230 dignus
3224 5160 3432 5213 beatus
3478 5151 3808 5226 Augustinus,

2153 5248 2428 5300 librorum
2487 5247 2801 5300 multorum
2843 5247 3130 5302 confector
3176 5248 3439 5318 pontifex
3476 5239 3807 5316 gubernabat.

2153 5339 2292 5390 Tum
2327 5333 2464 5389 illud
2498 5334 2845 5406 eloquentia:
2871 5336 3024 5406 quod
3055 5336 3306 5390 ubertim
3343 5351 3450 5406 per
3481 5346 3670 5388 omnes
3693 5340 3810 5380 cam.

2153 5441 2258 5493 pos
2305 5423 2566 5478 Ecclesia:
2624 5424 2978 5486 decurrebat,
3036 5425 3160 5496 ipso
3214 5430 3377 5478 metu
3435 5423 3692 5477 siccatum
3743 5417 3810 5466 est

2152 5514 2386 5576 tlumen,
2422 5517 2595 5583 atque
2626 5513 2866 5568 dulcedo
2919 5513 3210 5568 suavitatis
3249 5512 3474 5567 dulcius
3518 5507 3807 5582 propinata,

2077 4243 2124 4298 D
