3922 6188
139 331 208 379 5M
854 317 1212 373 VARIORUM
1255 319 1852 375 EXERCITATIONES
1893 319 1961 371 IN
2002 320 2056 370 S.
2101 316 2463 372 AUt‘lUSTlNl
2503 317 2754 371 OPERA.

3448 318 3552 370 382

139 447 181 498 in
204 438 585 497 amaritudinem
633 437 901 492 absinthii
948 455 1108 492 versa
1155 445 1237 494 est
1267 458 1279 494 :
1312 445 1375 494 ut
1407 441 1734 496 Davidicum
1773 443 1817 497 A
1850 440 2083 494 honoris
2115 441 2332 511 apicem
2370 445 2597 505 evectm,
2626 443 2681 493 et
2711 456 2772 492 ex
2797 444 3155 493 sacrosancto
3201 440 3550 494 oecumenico

139 530 414 605 praeconium
444 525 782 592 conveniret,
815 526 949 580 dum
979 527 1310 583 consisteret
1351 536 1614 600 peccator
1653 531 1745 584 ad-

139 633 305 674 versum
328 632 428 681 me,
446 615 698 668 obmutui
715 620 770 668 et
788 615 1119 668 humiliatus
1143 634 1267 670 sum
1285 619 1484 671 etsilui
1503 636 1533 671 a
1555 619 1740 673 bonis.

140 709 306 776 [usque
328 703 390 756 ad
418 702 550 755 illud
582 707 808 771 tempus
835 703 1104 756 ducentos
1125 703 1244 773 jam
1270 705 1503 773 triginta
1525 711 1580 758 et
1603 706 1746 758 duos

128 795 380 849 confecerat
408 790 595 858 libros,
635 791 879 860 exceptis
920 790 1438 846 innumerabilibus
1467 794 1743 862 epistolis,

124 883 185 935 vel
209 879 518 950 expositione
545 879 719 932 totius
747 879 1005 932 Psalterii
1039 884 1094 933 et
1114 882 1548 951 Evangeliorum
1577 887 1746 952 atque

119 968 390 1022 tractatibus
418 965 809 1036 popularibus,
846 982 987 1036 quos
1015 969 1192 1022 Graeci
1222 970 1488 1023 liomilias
1518 975 1742 1034 vocant,

118 1043 312 1126 qubrum
350 1071 642 1108 numerum
674 1056 1160 1124 comprehendere
1211 1058 1347 1111 satis
1392 1058 1746 1128 impossibile

115 1151 190 1198 est.
219 1144 469 1197 Hactenus
522 1143 636 1196 ille.
699 1144 825 1196 Haec
857 1148 911 1197 et
961 1142 1048 1196 his
1101 1144 1329 1211 similia,
1389 1147 1450 1199 D.
1501 1146 1742 1212 Paulini,

115 1231 344 1302 Prosperi,
383 1231 599 1298 Leonis,
649 1232 949 1302 Fulgentii,
985 1233 1270 1302 Eugippii,
1316 1235 1572 1302 Gregorii
1599 1235 1743 1287 alio-

113 1335 328 1390 rumque,
359 1325 580 1390 quanta:
622 1322 770 1391 apud
803 1337 1002 1374 omnes
1034 1323 1385 1376 auctoritatis
1417 1327 1472 1377 et
1500 1324 1745 1376 aestima-

112 1409 244 1461 tionis
269 1408 482 1461 beatiss.
531 1409 883 1478 Augustinus
915 1409 1109 1475 fuerit,
1143 1410 1472 1464 testimonia
1500 1411 1746 1482 allegare

111 1513 291 1568 possem
329 1497 476 1550 :nisi
523 1503 577 1551 te
627 1497 843 1551 divinas
890 1499 1192 1568 Augustini
1246 1499 1482 1551 virtutes
1523 1499 1746 1553 assidue

110 1585 446 1651 meditantem,
484 1589 540 1637 et
569 1588 696 1637 tuos
717 1585 897 1654 ipsius
929 1602 1114 1640 mores
1143 1586 1210 1640 ad
1237 1586 1461 1640 illarum
1484 1603 1747 1640 normam

109 1673 398 1742 exigentem,
443 1672 659 1727 diutius
707 1674 1072 1744 interpellare
1124 1675 1264 1728 milii
1303 1674 1504 1744 religio
1555 1680 1746 1729 esset:

108 1777 214 1831 quas
239 1759 279 1813 si
308 1775 568 1830 usquam,
603 1766 752 1814 certe
785 1761 844 1814 in
875 1761 964 1815 his
994 1763 1064 1817 ad
1095 1763 1367 1833 populum
1391 1765 1750 1818 sermonibus

108 1849 433 1918 amplissimas
464 1849 718 1920 reperire
751 1849 897 1903 licet.
935 1852 1000 1903 In
1033 1851 1242 1920 quibus
1282 1852 1668 1906 cmaculandis
1699 1858 1754 1906 et

106 1937 447 2008 rcpurgandis,
503 1937 550 1990 si
583 1954 694 1991 non
727 1939 880 2008 quod
926 1939 1078 1992 volui
1110 1939 1366 2010 praestiti,
1417 1944 1565 1994 certe
1598 1940 1752 2010 quod

107 2027 246 2094 potui.
294 2025 434 2078 Nihil
467 2025 627 2079 enim
666 2027 808 2080 adeo
841 2027 1011 2079 unius
1040 2028 1279 2097 alicujus
1321 2045 1494 2098 opera
1527 2029 1752 2083 absolu-

105 2119 197 2166 tum
239 2113 386 2167 reddi
415 2119 612 2185 queat,
666 2120 731 2168 ut
780 2131 898 2168 non
941 2115 1014 2168 sit
1041 2117 1194 2186 quod
1228 2116 1285 2169 in
1335 2132 1401 2169 eo
1433 2117 1753 2170 desiderare

106 2203 248 2268 liceat,
303 2205 449 2274 quod
525 2203 754 2272 egregie
810 2208 1076 2274 expertus
1135 2216 1218 2258 est
1268 2209 1462 2258 noster
1513 2206 1752 2275 Lipsius,

105 2290 228 2358 cujus
252 2289 610 2344 incredibiles
639 2291 894 2358 sudores,
930 2308 1115 2362 neque
1158 2309 1414 2363 unquam
1462 2294 1752 2348 aestiman-

105 2377 168 2429 da
208 2377 417 2446 vigiliae,
470 2394 619 2448 quas
651 2378 709 2432 in
739 2380 1059 2449 Augustino
1093 2381 1450 2434 emendando
1499 2383 1753 2452 pertulit,

107 2465 287 2518 abunde
316 2467 455 2521 mihi
500 2467 810 2537 exploratae
861 2474 1020 2534 sunt;
1061 2474 1122 2522 ut
1168 2486 1480 2540 perpaucos
1536 2471 1756 2524 futuros

107 2554 392 2624 existimem,
433 2572 585 2626 quos
628 2557 733 2609 hac
761 2557 828 2611 de
857 2573 918 2610 re
948 2558 1114 2626 plura
1144 2558 1330 2611 dicere
1369 2559 1654 2628 gestienti,
1685 2560 1754 2612 ti-

109 2642 202 2694 dem
228 2642 512 2697 habituros
544 2644 793 2710 credam,
854 2644 969 2697 nisi
1018 2645 1134 2697 suis
1181 2645 1290 2714 ipsi
1325 2648 1500 2700 oculis
1533 2664 1755 2700 mecum

113 2747 204 2797 una,
224 2731 346 2801 quid
369 2732 415 2784 is
432 2732 794 2804 praestiterit,
824 2734 1143 2802 periculum
1173 2736 1451 2789 fecissent.
1488 2737 1755 2790 ldautcm

113 2817 192 2885 jam
223 2819 346 2872 mihi
399 2819 460 2872 in
533 2824 783 2873 mentem
852 2820 1025 2888 venit,
1077 2822 1227 2890 quod
1289 2823 1595 2876 nonnullos
1636 2840 1756 2876 esse

122 2906 251 2972 sciam,
277 2908 369 2978 qui
397 2907 586 2979 ipsius
617 2907 835 2961 labores
867 2913 1139 2978 tanquam
1172 2909 1538 2980 infrugiferos
1571 2917 1626 2964 et
1652 2929 1756 2980 pa-

126 3008 206 3046 rum
246 2997 403 3050 utiles
452 2998 683 3050 elevare
734 3013 797 3050 ac
847 2998 1055 3066 passim
1115 2999 1378 3051 arrodere
1441 3003 1751 3068 coeperunt.
1794 3009 1832 3063 C
1867 3001 2003 3052 dum
2064 2997 2428 3066 sutfragium;

117 3080 218 3142 Quos
243 3084 338 3138 hoc
367 3101 561 3138 unum
588 3088 776 3138 oratos
811 3085 1001 3150 velim,
1035 3086 1374 3139 utcandoris
1408 3091 1461 3139 et
1494 3088 1758 3141 humana:

112 3171 455 3227 imbecillitatis
524 3173 807 3226 rationem
864 3173 1133 3238 habeant,
1198 3189 1385 3243 neque
1443 3175 1655 3243 omnia,
1713 3175 1756 3228 si

107 3257 264 3311 alicubi
292 3261 429 3314 forte
471 3260 569 3312 vel
600 3259 971 3312 dormitatum
1015 3261 1097 3312 vel
1128 3264 1406 3314 cessatum
1446 3261 1536 3325 sit,
1568 3262 1757 3316 statim

105 3345 376 3402 damnanda
411 3347 704 3419 judicent.
760 3349 911 3400 Dura
941 3348 1094 3400 enim
1135 3348 1416 3417 imprimis
1460 3355 1544 3402 est
1586 3351 1760 3404 casti-

105 3435 372 3500 gandorum
422 3437 718 3491 librorum
767 3435 1077 3506 provincia,
1141 3453 1343 3506 parum
1392 3439 1755 3506 amoenitatis,

102 3520 365 3587 plurimum
393 3540 536 3577 vero
564 3524 956 3577 molestiarum
986 3541 1177 3578 secum
1210 3526 1438 3578 trahens
1481 3543 1493 3580 :
1529 3527 1758 3596 potissi-

102 3623 227 3663 mum
266 3612 359 3666 ubi
407 3628 569 3680 saape
617 3613 876 3667 codicum
909 3614 1174 3667 subsidiis
1219 3615 1544 3682 destitutus,
1581 3619 1758 3670 solam

102 3695 269 3752 habeas
297 3700 717 3754 divinationem
753 3717 764 3754 :
791 3717 903 3772 qua
930 3705 1224 3772 utcunque
1257 3719 1286 3756 e
1334 3703 1674 3774 labyrinthis
1698 3723 1760 3759 ac

101 3787 309 3841 tenebris
338 3789 583 3843 eluctari
615 3805 812 3859 queas,
857 3788 1088 3842 difﬁcile
1127 3790 1184 3843 id
1217 3790 1387 3844 fuerit
1417 3794 1760 3861 persuadere

99 3874 148 3926 iis
166 3876 251 3946 qui
279 3876 336 3931 in
365 3877 520 3931 hanc
551 3893 785 3931 arenam
811 3894 1108 3948 nunquam
1132 3877 1545 3933 descenderunt
1579 3899 1590 3935 :
1623 3899 1762 3951 quo-

97 3977 196 4017 rum
233 3982 357 4020 sane
388 3968 504 4020 hoc
533 3971 618 4019 est
656 3966 722 4019 ad
765 3966 1115 4035 carpendum
1148 3967 1403 4019 voluntas
1433 3970 1758 4037 proclivior,

96 4066 186 4120 quo
213 4054 388 4125 magis
431 4054 494 4108 id
526 4054 788 4107 nesciunt
828 4053 983 4125 quod
1013 4055 1454 4108 calumniantur.
1491 4057 1586 4109 His
1616 4058 1759 4111 adde

93 4142 216 4208 quod
243 4143 504 4212 quamvis
539 4142 996 4195 accuratissimus
1035 4141 1275 4213 quisque
1307 4159 1372 4196 eo
1411 4145 1544 4198 totis
1575 4147 1760 4198 nervis

95 4228 371 4294 incumbat,
408 4236 473 4285 ut
514 4237 711 4284 auctor
751 4230 957 4301 aliquis
987 4247 1158 4300 quam
1198 4231 1661 4302 castigatissimus
1697 4235 1755 4286 in

93 4316 251 4372 lucem
275 4325 454 4384 exeat,
489 4320 632 4372 adeo
676 4319 733 4372 id
779 4319 861 4373 illi
890 4319 1110 4373 incuria
1157 4336 1458 4390 operarum
1490 4326 1544 4374 et
1574 4322 1756 4392 negli-

94 4407 256 4471 gentia
294 4414 568 4478 przestare
609 4407 900 4478 integrum
947 4423 1065 4461 non
1111 4407 1202 4474 sit,
1254 4413 1319 4462 ut
1366 4409 1537 4463 etiam
1567 4411 1760 4480 plures

93 4493 369 4564 aliquando
413 4497 854 4567 maculae,'ipsis
879 4500 974 4550 aut
1004 4497 1387 4552 nescientibus
1417 4504 1515 4552 aut
1547 4504 1759 4552 temere

95 4582 287 4648 quidvis
315 4585 777 4655 immutantibus,
811 4585 1124 4657 irrepsisse,
1157 4602 1330 4656 quam
1360 4586 1629 4640 radicitus
1672 4603 1761 4639 ex-

94 4669 316 4739 stirpata:
341 4689 464 4726 esse
491 4674 938 4744 comperiantur.
973 4679 1155 4745 Atque
1187 4675 1317 4727 hinc
1348 4675 1470 4728 tieri
1494 4675 1760 4742 arbitror,

97 4760 144 4807 ut
169 4773 576 4831 nonnunquam
622 4761 780 4831 prior
809 4761 982 4815 editio
1028 4762 1328 4832 posteriori
1378 4763 1551 4816 etiam
1599 4763 1757 4815 labo-

93 4842 394 4902 riosissimze
460 4866 492 4902 a
547 4849 852 4903 morosulis
889 4851 1176 4921 plerisque
1229 4850 1486 4922 prteferri
1529 4851 1706 4904 soleat
1745 4867 1756 4904 :

93 4934 224 4999 quod
268 4941 321 4988 et
378 4936 582 5007 Lypsio
643 4938 912 5009 obtigisse
953 4939 1184 5009 quidam
1224 4956 1432 5009 magna
1483 4956 1614 4993 voce
1653 4943 1762 4992 sto-

93 5022 455 5077 machabundi
502 5025 854 5095 quiritantur
885 5044 898 5081 :
934 5043 996 5081 ac
1038 5044 1110 5081 ne
1149 5027 1288 5082 mihi
1337 5027 1560 5082 eveniat
1613 5043 1761 5080 sum-

90 5121 302 5178 mopere
351 5114 729 5168 metuendum
762 5115 1044 5183 existimo,
1085 5116 1222 5169 dum
1261 5116 1388 5169 aliis
1433 5116 1764 5186 frequenter

91 5193 336 5252 distracto
393 5202 590 5256 adesse
637 5204 815 5273 praelo
865 5221 981 5258 non
1032 5205 1208 5258 licuit.
1261 5206 1527 5258 Nostrum
1570 5204 1761 5272 itaque

90 5294 333 5344 conatum
397 5307 465 5345 ac
511 5294 966 5364 qualemcunque
1024 5294 1276 5347 laborem
1331 5291 1468 5346 boni
1507 5293 1760 5352 consule.

92 5379 273 5440 praesul
302 5380 686 5444 ornatissime,
715 5381 804 5434 cui
829 5381 1145 5435 studiorum
1169 5396 1427 5435 meorum
1459 5381 1759 5447 rationem,

90 5466 218 5531 quod
250 5467 316 5521 ad
348 5485 417 5521 ea
449 5469 841 5540 amplectenda
885 5485 1110 5540 semper
1140 5469 1280 5523 mihi
1319 5473 1516 5523 auctor
1553 5469 1757 5530 fueris;

93 5552 425 5611 reddendam
452 5558 676 5627 putavi:
707 5559 1025 5630 praesertim
1063 5575 1135 5614 ne
1163 5559 1223 5613 T.
1259 5559 1317 5613 C.
1349 5561 1405 5613 et
1437 5558 1505 5614 ad
1538 5562 1759 5613 tantum

1854 530 2092 583 concilio
2127 530 2338 596 reduci,
2368 546 2494 583 cum
2529 535 2642 582 tam
2676 527 2839 582 multi
2870 529 2983 581 sint
3013 528 3111 599 qui
3142 545 3274 582 voce
3307 530 3553 598 gratula-

1855 619 2047 672 bunda
2079 619 2448 689 applaudant,
2483 634 2629 670 unus
2661 634 2764 688 ego
2794 621 2977 670 tacere
3007 616 3214 682 videar,
3248 633 3418 687 quem
3442 617 3549 669 sin.

1856 707 2040 774 gulari
2090 723 2316 776 semper
2362 707 2548 760 favore
2580 710 2907 775 prosecutus
2938 705 3162 759 videris.
3200 707 3308 758 Oro
3359 713 3549 758 autem

1860 797 2035 848 Deum
2069 796 2195 865 Opt.
2242 796 2382 848 Max.
2419 800 2478 847 ut
2509 795 2568 847 T.
2597 795 2656 846 Β.
2695 795 2750 847 C.
2782 798 2836 846 et
2866 793 3032 846 nobis
3064 799 3120 846 et
3144 793 3399 846 Ecclesiae
3431 811 3547 848 sua:

1856 900 2030 954 quam
2056 882 2375 936 diutissime
2407 888 2590 935 servet
2618 882 2982 947 incolumem,
3016 882 3104 933 cui
3136 897 3224 934 me
3249 882 3416 934 etiam
3452 889 3548 936 at-

1855 989 1965 1043 que
2015 973 2184 1025 etiam
2217 972 2579 1025 commendo.
2630 970 2860 1024 Lovanii
2895 987 2923 1023 c
2957 974 3149 1022 nostro
3193 971 3546 1024 monasterio

1856 1060 2207 1122 Martiniano,
2249 1076 2398 1111 anno
2434 1059 2627 1112 salutis
2659 1061 2811 1120 156i,
2845 1074 3036 1111 mense
3070 1058 3284 1112 Martio.

1853 1149 1992 1203 JAC.
2060 1147 2402 1200 SIBMONDI
2469 1146 2528 1200 S.
2592 1147 2639 1199 J.
2702 1145 3123 1199 PRESBYTERI
3185 1146 3548 1201 PILEFATIO

1855 1254 1922 1290 AD
1964 1255 2009 1290 S.
2055 1252 2273 1290 ACRELII
2311 1251 2595 1288 AUGUSTINI
2649 1249 2924 1287 SERMONES
2964 1248 3137 1285 NOVOS
3179 1249 3407 1286 Nl'iliiRO
3461 1250 3547 1298 XL,

1929 1342 1995 1378 EX
2085 1341 2321 1376 DlVEltSlS
2412 1337 2669 1382 ANTIQUIS
2753 1336 3155 1374 EXEMPLARIBUS
3237 1337 3547 1387 COLLECTOS,

1930 1429 2171 1467 EJUSDEM
2248 1427 2501 1464 SIRMONDI
2583 1427 2772 1463 STUDIO
2840 1425 2902 1461 ET
2967 1423 3168 1473 Oi‘ERA,
3245 1424 3540 1467 EDITOSQL‘E

1929 1518 2151 1556 PARlSllS
2204 1516 2344 1554 APUD
2387 1515 2606 1553 SEBAST.
2667 1512 2952 1560 CRAMOISY,
3004 1513 3088 1550 VIA
3119 1513 3251 1561 JAC.,
3286 1512 3383 1550 SUB
3411 1511 3551 1548 CICO-

1929 1607 2055 1656 an,
2092 1592 2244 1642 1631.

2592 1677 2762 1728 Lecto}
2782 1677 2820 1727 i.

1929 1765 2118 1820 Sancti
2145 1762 2446 1834 Augustini
2471 1779 2764 1817 sermones
2793 1761 2892 1832 qui
2940 1762 3215 1815 hactenus
3254 1761 3546 1830 latuerint,

1860 1855 2097 1926 reperiri
2128 1871 2302 1907 novos
2329 1869 2494 1922 posse
2528 1868 2645 1905 non
2666 1851 2986 1916 mirabitur,
3019 1851 3116 1919 qui
3137 1851 3206 1903 ab
3227 1849 3550 1919 Augustino

1859 1946 2002 2015 ipso,
2036 1961 2068 1997 a
2099 1942 2370 2004 POSsidio,
2404 1960 2436 1994 a
2467 1941 2684 1993 Victore
2727 1939 2958 2001 Vitensi,
2993 1945 3048 1992 et
3077 1939 3224 2007 aliis,
3265 1939 3551 1991 infinitam

1861 2035 1982 2104 ejus
2008 2036 2348 2085 tractatuum
2371 2029 2852 2098 homiliarumque
2885 2026 3313 2080 multitudinem
3343 2025 3551 2095 praedi-

1862 2121 1976 2174 cari
2022 2119 2370 2174 meminerit.
2402 2120 2465 2172 In
2513 2117 2601 2171 his
2631 2132 2784 2181 vero,
2832 2132 2973 2185 quos
3004 2116 3204 2169 damus
3235 2115 3293 2168 in
3343 2116 3549 2177 lucem,

1862 2213 1926 2264 ut
1955 2207 2278 2279 Augustini,
2305 2207 2455 2277 quod
2486 2205 2809 2275 proximum
2833 2209 2975 2273 erat,
3007 2219 3124 2256 non
3150 2204 3354 2256 falsum
3382 2203 3554 2256 fuisse

1862 2298 2094 2352 titulum
2124 2311 2503 2360 censeremus,
2532 2293 2908 2360 confirmavit,
2942 2291 3152 2361 partim
3188 2290 3557 2344 vetustissimi

1864 2388 1920 2438 et
1947 2382 2335 2454 probatissimi
2381 2379 2720 2449 exemplaris
2765 2379 2824 2430 in
2867 2377 3073 2431 cortice
3116 2377 3310 2448 scripti
3358 2381 3551 2430 aucto-

1863 2471 2021 2532 ritas,
2081 2470 2290 2540 partim
2354 2467 2592 2522 Possidii
2649 2467 2904 2534 ejusdem
2951 2466 3225 2535 episcopi,
3278 2470 3334 2518 et
3393 2465 3557 2517 Bedae

1863 2557 2202 2628 presbyteri,
2231 2557 2533 2626 plerosque
2565 2571 2630 2606 ex
2662 2554 2730 2606 iis
2762 2553 3112 2606 laudantium
3136 2551 3556 2621 prazjudiciuni,

1864 2647 2023 2714 cujus
2053 2645 2112 2697 in
2143 2643 2441 2698 censendis
2491 2641 2988 2712 approbandisque
3037 2639 3341 2710 Augustini
3369 2640 3556 2707 operi-

1864 2734 1969 2788 bus
2000 2733 2112 2786 vim
2143 2749 2262 2786 esse
2302 2731 2626 2795 maximam,
2676 2747 2788 2783 non
2823 2733 2942 2781 erat
2971 2729 3327 2796 ambiguum.
3359 2730 3558 2779 Acces-

1867 2824 1938 2875 sit
1982 2827 2037 2875 et
2068 2821 2295 2875 Boberti
2339 2820 2407 2872 de
2456 2819 2666 2883 Bardis,
2712 2817 3034 2870 cancellarii
3061 2815 3197 2868 olim
3257 2814 3555 2898 Pariensis,

1866 2927 1983 2966 non
2013 2908 2479 2979 antiquissimum
2512 2907 2761 2974 quidem,
2795 2907 2892 2958 sed
2920 2903 3154 2958 minimc
3185 2890 3558 2956 contemnlml

2484 2995 2583 3065 qui
2613 2995 2777 3047 annis
2806 2994 2876 3047 ab
2909 2994 3039 3046 hinc
3083 2992 3348 3046 trecentis
3379 2991 3558 3044 Colle-

1867 3089 2093 3142 ctorium
2123 3101 2422 3139 sermonum
2468 3086 2646 3137 sancti
2691 3083 3010 3148 Augustini,
3056 3081 3133 3134 sic
3175 3081 3327 3134 enim
3365 3080 3557 3149 appel-

1867 3175 2023 3241 lavit,
2056 3171 2331 3242 singulari
2373 3170 2558 3224 studio
2588 3174 2643 3222 et
2676 3168 2958 3222 industria
3005 3168 3281 3233 condidit,
3331 3168 3558 3220 univer-

1865 3279 2070 3333 sosque
2115 3279 2218 3332 pro
2267 3261 2488 3314 diversa
2536 3257 2758 3311 ratione
2806 3257 3151 3326 argumenti,
3201 3255 3456 3326 quinque
3502 3256 3559 3308 in

1867 3358 2056 3422 partes
2103 3355 2376 3420 tanquam
2424 3348 2484 3400 in
2530 3348 2734 3400 classes
2785 3343 3091 3398 distribuit.
3144 3345 3316 3412 Cujus
3373 3343 3563 3413 operis

1866 3456 1994 3493 cum
2029 3445 2217 3510 partes
2244 3439 2383 3491 duas
2413 3435 2629 3506 priores
2660 3434 2715 3487 in
2751 3433 3098 3486 Bibliotheca
3131 3432 3326 3502 Regia,
3360 3432 3561 3502 singu-

1869 3530 2051 3582 larum
2093 3527 2298 3581 deinde
2343 3524 2603 3578 omnium
2647 3523 2892 3575 indicem
2926 3521 3090 3574 amici
3143 3537 3315 3590 opera
3365 3527 3562 3573 nactus

1868 3631 2072 3679 essem,
2106 3631 2170 3666 ex
2201 3612 2540 3666 cancellaria
2590 3610 2916 3676 Parisiensi,
2965 3610 3281 3680 gratulatus
3335 3625 3460 3661 sum
3493 3609 3562 3661 ab

1868 3708 2118 3768 auctore,
2178 3700 2476 3774 perpaucis
2545 3700 2814 3768 exceptis,
2863 3697 2961 3768 qui
3021 3698 3078 3750 in
3146 3698 3268 3768 ejus
3331 3698 3564 3751 fortasse

1869 3807 2072 3845 manus
2120 3807 2232 3844 non
2262 3793 2662 3860 pervenerant,
2695 3791 2918 3840 nostros
2961 3802 3157 3839 omnes
3189 3785 3246 3838 in
3291 3785 3561 3855 Augusti-

1870 3879 2055 3932 nianis
2093 3879 2216 3932 sine
2247 3876 2635 3930 controversia
2665 3875 2975 3928 numerari.
3006 3875 3145 3927 Tute
3175 3889 3329 3940 vero,
3363 3875 3558 3937 lector,

1868 3973 1932 4020 ut
1961 3968 2058 4021 alii
2084 3967 2303 4036 judices
2347 3981 2462 4018 non
2495 3965 2623 4030 sint,
2657 3963 2959 4033 Augustini
3007 3961 3240 4030 genium
3283 3965 3337 4012 et
3366 3961 3562 4014 facun-

1869 4056 2021 4109 diam
2052 4055 2142 4108 hic
2185 4053 2380 4107 statim
2419 4068 2709 4120 agnosces.
2765 4053 3020 4119 Cumque
3065 4047 3386 4102 suavissimi
3431 4065 3561 4101 san-

1868 4142 2216 4212 ctissimique
2267 4139 2525 4193 Ecclesiae
2569 4138 2826 4207 magistri
2877 4136 3071 4190 omnia
3105 4136 3340 4205 plurimi
3382 4135 3561 4188 facere

1872 4229 2071 4284 merito
2113 4230 2310 4294 soleas,
2345 4227 2451 4279 erit
2481 4231 2692 4290 tamen,
2726 4225 2785 4278 ni
2816 4225 3001 4289 fallor,
3039 4226 3186 4294 quoi
3234 4225 3288 4276 iu
3324 4223 3408 4275 his
3439 4239 3560 4276 ser—

1798 4289 1839 4342 D
1871 4317 2137 4371 monibus
2169 4289 2454 4386 praecipue
2488 4289 2747 4380 delectet,
2783 4329 2910 4366 cum
2936 4313 3003 4365 ad
3033 4289 3265 4365 caeteras
3293 4310 3563 4364 utilitates

1869 4404 2334 4460 animadverteris
2393 4419 2505 4456 non
2552 4418 2732 4472 pauca
2779 4401 3068 4456 continere
3116 4417 3246 4471 quin
3304 4401 3374 4453 ad
3427 4401 3564 4454 illii-

1869 4494 2157 4547 strandam
2185 4493 2416 4545 illorum
2445 4496 2768 4561 temporum
2796 4489 3128 4543 memoriam
3152 4488 3562 4558 historiamque

1868 4583 2206 4636 conducant.
2251 4581 2386 4644 Qua:
2440 4597 2542 4634 nos
2583 4579 2782 4632 itidem
2836 4594 3006 4631 causa
3054 4576 3337 4646 permovit
3393 4581 3454 4630 ut
3505 4576 3562 4629 iu

1866 4671 2015 4724 hunc
2060 4670 2340 4736 libellum,
2391 4686 2503 4738 quo
2547 4667 2658 4722 frui
2697 4667 2963 4720 omnibus
3008 4665 3211 4736 possis,
3271 4681 3562 4718 sermones

1868 4761 2038 4813 etiam
2074 4759 2198 4811 illos
2229 4757 2637 4820 conferremus,
2675 4756 2774 4825 qui
2807 4760 3095 4825 postrema
3127 4754 3374 4807 editione
3409 4753 3565 4806 Pari—

1867 4847 2040 4902 siensi
2070 4864 2101 4900 a
2127 4846 2291 4899 nobis
2312 4843 2579 4913 expressi,
2608 4843 2703 4896 sed
2739 4847 2946 4912 praeter
2975 4848 3166 4896 votum
3201 4845 3458 4894 nostrum
3479 4855 3568 4892 ex-

1869 4937 1988 4991 cusi
2019 4938 2262 4999 fuerant,
2299 4948 2410 4985 una
2436 4948 2564 4984 cum
2596 4931 2929 4999 fragmentis
2963 4929 3177 4984 Nicolai
3203 4928 3401 4983 Fabri:
3435 4944 3564 4997 quin

1870 5029 1926 5078 et
1955 5024 2098 5094 ipsa,
2125 5023 2418 5092 hucusque
2451 5035 2653 5073 manca
2678 5023 2732 5071 et
2759 5020 2962 5085 lacera,
2994 5033 3148 5070 nunc
3176 5017 3406 5070 tandem
3435 5015 3564 5067 alio-

1870 5129 1998 5166 rum
2031 5128 2137 5182 Ope
2181 5111 2438 5163 codicum
2481 5107 2780 5179 pristinam
2823 5105 2892 5159 ad
2925 5105 3170 5174 speciem
3221 5107 3276 5157 et
3319 5103 3564 5158 nitorem

1871 5201 2241 5272 explevimus.
2277 5201 2483 5253 Fruere
2515 5197 2691 5267 igitur
2716 5193 2974 5253 feliciter,
3005 5196 3060 5245 et
3089 5191 3228 5246 vale.

2389 5282 2962 5340 ANIMADVERSION
2976 5281 3051 5335 ES

2529 5391 2585 5428 IN
2616 5387 2908 5426 SERMONES.

1945 5467 2220 5521 Sermone
2259 5468 2303 5518 t.
2361 5463 2531 5517 Class.
2569 5465 2618 5526 t,
2652 5460 2679 5530 ξ
2720 5462 2772 5511 2.
2809 5457 2953 5524 Quid
2982 5459 3123 5511 cnim
3171 5458 3374 5512 dicturi
3419 5465 3565 5522 sunt,

1869 5572 1988 5611 cum
2018 5558 2198 5626 ipsum
2242 5553 2576 5624 principium
2640 5549 2856 5618 (Cenes.
2894 5565 2928 5616 ι,
2968 5548 3042 5617 1.)
3078 5549 3273 5602 Filium
3321 5548 3416 5600 Dei
3461 5562 3570 5600 esse
