3922 6188
371 277 471 327 383

1355 279 1910 334 SUI’I’LEMENTUM
1950 283 2038 335 AD
2075 281 2306 338 OPERA
2346 286 2399 338 S.
2445 285 2828 340 AUCUSTINI.
3702 301 3771 352 38'»

369 402 710 472 respondero,
743 403 800 457 in
860 419 963 472 quo
995 405 1154 457 Deum
1183 404 1373 468 fecisse
1400 404 1585 456 ca’lum
1626 408 1674 456 et
1705 409 1903 459 terram
1950 407 2050 462 Gc-
2091 409 2131 462 Α
2167 407 2406 462 custodes
2452 407 2711 460 librorum
2749 405 3103 478 nostrorum]
3153 409 3432 478 Capsarios
3461 413 3578 467 alibi
3607 418 3776 473 ,Ιιιάερυς

381 493 523 544 nesis
554 491 828 559 loquitur?
861 497 962 544 etc.
1014 491 1198 544 Utitur
1229 496 1421 561 postea
1453 492 1518 544 ad
1567 491 1673 544 hoc
1704 493 2062 562 probandum

374 580 545 634 Joan.
586 596 698 643 vui,
746 583 834 643 25,
872 579 1022 648 quod
1053 579 1470 632 confutavimns
1518 579 1577 633 in
1607 580 2062 635 Animadversio-

376 668 547 721 nibus
578 668 644 720 ad
677 673 815 720 tom.
849 669 943 734 IlI,
979 667 1046 720 de
1077 667 1551 736 explicationibus
1577 669 1902 738 Scripturee,
1935 685 2063 740 qua:

385 761 519 808 sunt
567 755 625 808 in
673 755 825 808 hisce
875 755 1249 816 sermonibus,
1286 756 1439 809 idem
1489 756 1848 809 sentiendum
1896 773 1960 810 ac
1994 757 2063 810 de

382 844 736 896 Psalmorum
791 842 1374 912 interpretationibus.
1423 844 1740 915 Carteroqui
1784 849 1916 898 sunt
1973 845 2064 898 hic

379 947 604 1002 quoque
655 931 809 984 varia
842 931 1179 1001 dogmatica,
1233 932 1472 986 moralia
1501 939 1557 986 et
1585 933 1883 999 historica;
1935 949 2061 1004 quae

372 1037 487 1074 non
521 1020 640 1072 sine
693 1020 880 1073 fructu
928 1021 1150 1090 excerpi
1195 1027 1430 1091 possunt
1465 1021 1535 1074 ab
1578 1021 1904 1074 hominibus
1945 1023 2060 1075 otio

373 1108 820 1172 abundantibus,
854 1114 1024 1179 atque
1058 1109 1116 1162 in
1143 1124 1310 1163 usum
1341 1126 1507 1162 suum
1533 1109 1802 1164 converti.

439 1196 714 1250 Sermone
748 1200 798 1250 2.
839 1197 911 1250 De
936 1197 1248 1251 tentatione
1279 1197 1604 1262 Abrahami,
1636 1197 1662 1267 ἓ
1695 1201 1745 1252 5.
1778 1201 1922 1266 Ergo
1954 1201 2061 1251 im-

367 1282 511 1349 pleta
559 1282 867 1335 Abrahami
912 1283 1205 1337 devotionis
1257 1285 1578 1349 obedientia,
1629 1285 1784 1338 audit
1833 1302 1866 1338 a
1911 1287 2056 1339 Deo:

370 1369 528 1423 Nunc
573 1371 812 1440 cognovi
852 1371 1120 1440 quoniam
1152 1377 1208 1425 tu
1254 1373 1419 1425 times
1451 1375 1646 1427 Deum.
1683 1372 1834 1438 Quod
1863 1375 1943 1426 ita
1973 1375 2058 1426 in-

375 1458 660 1526 telligitur,
691 1459 834 1526 quod
859 1459 1139 1514 Abraham
1165 1463 1351 1527 fecerit
1385 1464 1516 1516 Deus
1549 1467 1607 1515 ut
1635 1463 1742 1516 sibi
1762 1463 2059 1515 innotesce-

371 1544 501 1617 ret.]
537 1549 733 1618 Itaque
764 1548 891 1615 hoc,
923 1565 986 1600 ex
1017 1549 1290 1602 sententia
1313 1549 1634 1620 Augustini,
1669 1551 1836 1602 vellet
1867 1551 2012 1602 Deus
2043 1564 2056 1602 :

370 1650 521 1688 nunc
572 1635 676 1689 feci
715 1640 780 1690 ut
804 1636 924 1705 ipse
976 1653 1344 1707 cognosceres
1383 1642 1436 1690 te
1469 1637 1667 1690 timere
1718 1639 1914 1690 Deum.
1950 1636 2056 1691 Sed

370 1727 628 1776 contorta
657 1725 822 1793 plane
853 1724 974 1778 haec
998 1730 1083 1778 est
1107 1725 1522 1796 interpretatio,
1557 1730 1612 1778 et
1642 1742 1753 1796 qua
1789 1724 2052 1791 admissa,

370 1825 482 1862 non
529 1810 783 1882 intelligo
827 1829 954 1882 quae
988 1813 1118 1882 alia,
1148 1814 1300 1885 quod
1335 1815 1477 1868 dura
1509 1815 1580 1868 sit
1629 1819 1683 1867 et
1709 1819 1918 1878 coacta,
1951 1831 2058 1884 po—

365 1898 493 1951 terit
523 1898 698 1969 rejici.
740 1900 1049 1954 Audiamus
1072 1907 1262 1956 tamen
1292 1903 1672 1973 Augustinum
1707 1903 2054 1972 exemplum,

374 1991 435 2040 ut
465 1987 573 2056 ipsi
602 1988 834 2058 quidem
868 1990 1107 2057 videtur,
1139 1991 1323 2045 simile
1351 2009 1415 2045 ex
1448 1992 1736 2061 Scriptura
1766 1991 2058 2061 proferen-

369 2079 505 2128 tem.
539 2078 712 2140 Sicut,
747 2077 953 2148 inquit,
985 2079 1201 2147 quando
1233 2081 1470 2147 loquitur
1497 2081 1780 2148 propheta,
1806 2079 1942 2148 quid
1971 2079 2057 2132 di-

368 2163 582 2220 cimus?
612 2165 752 2218 dixit
787 2168 951 2232 Deus,
979 2169 1143 2236 plane
1163 2165 1414 2223 dicimus.
1448 2171 1681 2222 Dicimus
1707 2172 1889 2234 etiam,
1922 2168 2060 2222 dixit

373 2252 672 2321 propheta,
735 2259 785 2307 et
837 2260 1125 2324 utrumque
1188 2261 1325 2310 recte
1377 2257 1626 2320 dicimus,
1682 2261 1789 2310 etc.
1852 2257 2057 2309 Verum

376 2341 604 2410 quando
625 2341 863 2395 dicimus
898 2360 910 2395 :
942 2343 1087 2397 (limit
1112 2347 1263 2407 Deus,
1293 2345 1662 2414 intelligimus
1692 2361 1794 2414 per
1819 2344 2059 2414 prophe-

373 2432 512 2488 tam.
545 2429 590 2482 si
618 2430 755 2500 quid
779 2447 840 2484 ex
870 2433 1277 2501 prophetarum
1307 2433 1462 2487 libris
1495 2450 1526 2486 a
1558 2433 1719 2486 nobis
1740 2433 2052 2502 profertur:

375 2518 436 2566 ut
468 2515 639 2568 etiam
663 2533 792 2570 cum
815 2519 883 2572 de
909 2519 1110 2573 iisdem
1133 2520 1313 2574 verbis
1335 2521 1592 2583 dicimus,
1614 2521 2054 2590 dixitpropheta,

372 2599 748 2674 intelligimus
771 2605 933 2674 jussu
957 2614 1051 2660 aut
1077 2608 1307 2662 nomine
1327 2608 1444 2674 Dei,
1467 2624 1568 2678 per
1596 2624 1725 2662 eum
1747 2607 2052 2678 loquentis.

373 2689 672 2759 Nimirum,
724 2711 868 2747 unus
910 2695 1173 2766 idemque
1203 2696 1432 2750 effectus
1463 2713 1644 2750 causae
1672 2698 1971 2765 principali
2000 2702 2057 2750 et

359 2793 546 2832 causa:
577 2782 999 2848 instrumentali,
1028 2790 1090 2837 ut
1121 2785 1493 2855 metapliysici
1518 2786 1849 2856 loquuntur,
1879 2784 2054 2838 tribui

366 2881 528 2936 usque
563 2863 690 2921 vere
734 2875 938 2938 potest,
971 2872 1229 2941 quamvis
1259 2889 1377 2926 non
1419 2873 1615 2926 eodem
1661 2888 1890 2942 prorsus
1920 2888 2055 2925 sen-

2176 501 2336 548 vocat
2367 501 2420 550 et
2462 496 2720 550 librarios
2767 495 3241 550 Christianorum.
3281 499 3518 554 Tractatn
3547 502 3595 556 in
3623 507 3775 573 psalm.

2175 601 2284 638 XL:
2319 585 2498 653 Major
2541 586 2737 638 seruiet
2781 587 2984 638 minori
3037 585 3192 638 modo
3230 587 3491 655 impletum
3530 598 3620 654 est;
3669 597 3781 649 modo

2172 676 2395 739 fratres,
2428 677 2670 727 serviunt
2699 673 2895 727 Judzei.
2935 675 3218 741 Tanquam
3245 677 3473 742 capsarii
3497 682 3650 732 nostri
3672 688 3778 734 sunt.

2174 762 2522 816 Sturlenlibus
2561 762 2732 827 nobis,
2781 761 2984 815 codices
3011 766 3258 830 portant.
3301 763 3360 815 Et
3385 763 3442 816 in
3479 766 3638 833 psalm
3684 783 3781 822 ωε

2175 850 2415 906 Codicem
2449 856 2635 918 portat
2663 851 2899 904 Judmus.
2949 851 3092 903 unde
3138 851 3320 904 credat
3357 853 3686 908 Christianus.
3714 859 3784 910 Li-

2173 939 2350 992 brarii
2374 941 2548 993 nostri
2588 941 2729 1005 facti
2757 943 2902 992 sunt.
2938 939 3211 1002 Quomodo
3241 940 3402 992 solmt
3439 944 3568 994 servi
3592 949 3689 1010 post
3711 945 3785 997 do-

2170 1030 2342 1082 minos
2373 1027 2574 1081 codices
2617 1030 2782 1092 ferre,
2832 1032 2892 1080 ut
2935 1029 3021 1080 illi
3062 1028 3332 1096 portando
3371 1029 3618 1097 deﬁciant,
3644 1034 3712 1086 illi
3733 1035 3784 1086 le-

2169 1116 2343 1188 gendo
2367 1119 2675 1185 proﬁciant.
2710 1116 3042 1169 Smnonnrs.

2243 1209 2270 1272 §
2296 1209 2324 1258 7
2345 1245 2358 1260 .
2404 1207 2659 1258 Tractari
2687 1205 2812 1256 inde
2842 1201 3190 1274 aliquando.]
3218 1204 3537 1258 Sermonem
3567 1205 3721 1261 innuit
3742 1226 3786 1262 ex

2171 1293 2260 1347 his
2307 1292 2514 1346 nostris
2560 1296 2618 1346 t7
2668 1292 2959 1362 (editionis
3009 1291 3281 1345 Parisinus
3326 1295 3467 1360 2H),
3519 1294 3606 1364 qui
3646 1297 3788 1351 estde

2169 1380 2353 1434 verbis
2385 1380 2674 1448 Evangelii
2710 1396 2721 1433 :
2757 1381 2878 1434 Noli
2906 1395 2986 1432 me
3014 1385 3249 1447 tangere.
3285 1381 3433 1434 Ioeu.

2239 1469 2508 1522 Sermone
2539 1471 2590 1532 6,
2626 1470 2652 1533 ἓ
2684 1471 2734 1520 2.
2774 1466 3030 1520 Ostendit
3065 1467 3242 1521 Deum
3280 1483 3383 1536 per
3413 1468 3625 1538 angelos
3660 1483 3790 1540 appa-

2169 1555 2368 1620 ruisse,
2413 1571 2525 1626 qua
2557 1555 2613 1608 in
2644 1571 2704 1608 re
2749 1555 2930 1608 multo
2963 1555 3168 1608 melius
3202 1554 3562 1608 ratiocinatur
3587 1573 3728 1626 quam
3752 1557 3792 1611 in

2167 1644 2444 1715 superiori
2470 1642 2866 1714 explicatione.
2903 1644 3095 1712 Itaque
3127 1659 3258 1695 eum
3289 1643 3481 1712 paucis
3511 1643 3790 1698 audiamus:

2170 1731 2440 1796 Quomodo
2480 1747 2602 1798 ergo
2654 1731 2885 1786 Verbum
2928 1733 3042 1795 Dei,
3085 1730 3142 1784 id
3179 1735 3276 1793 est,
3325 1732 3492 1784 Filius
3523 1733 3624 1797 Dei,
3647 1737 3695 1785 ut
3719 1749 3793 1800 ap-

2162 1825 2378 1890 pareret
2412 1823 2580 1874 oculis
2621 1836 2834 1873 carnem
2863 1822 3157 1888 assumpsit
3199 1834 3211 1872 :
3245 1822 3325 1874 sic
3358 1836 3554 1888 semper
3596 1822 3730 1886 Deus,
3754 1828 3794 1875 ut

2166 1913 2455 1978 appareret
2499 1910 2666 1962 oculis
2715 1908 2988 1960 hominum
3029 1905 3088 1960 in
3131 1909 3323 1976 aliqua
3368 1914 3604 1961 creatura
3638 1909 3796 1962 cisibili

2165 2013 2432 2066 apparere
2453 1997 2711 2062 dignatus
2732 2001 2828 2049 est.
2853 1997 2991 2050 Nam
3013 1998 3354 2064 apertissime
3377 1997 3532 2049 habes
3553 1998 3603 2048 in
3619 1997 3796 2048 Actibus

2165 2085 2526 2153 apostolorum
2559 2083 2711 2152 (Cap.
2746 2099 2838 2149 vn,
2872 2084 2962 2150 30)
2993 2083 3123 2150 quia
3151 2083 3377 2149 angelus
3405 2083 3646 2150 apparuit
3670 2082 3798 2148 Moysi

2166 2174 2223 2226 in
2250 2172 2402 2225 rubo.
2438 2171 2700 2239 Nunquid
2727 2173 2834 2224 ista
2859 2172 3149 2238 Scriptura
3179 2185 3328 2236 vera,
3353 2175 3402 2222 et
3432 2171 3526 2223 illa
3555 2169 3717 2238 (Exod.
3742 2186 3796 2232 ιιι,

2165 2263 2198 2313 2
2229 2265 2284 2314 et
2310 2263 2506 2330 seqq.)
2528 2261 2675 2325 falsa
2703 2264 2812 2322 est;
2846 2263 2941 2312 aut
2975 2259 3069 2311 illa
3099 2273 3224 2310 vera
3246 2263 3297 2310 et
3319 2259 3424 2311 ista
3443 2257 3584 2322 falsa
3609 2255 3706 2309 est?
3725 2252 3798 2307 Sed

2167 2349 2341 2417 quid?
2369 2351 2420 2403 si
2451 2349 2754 2404 Christiani
2781 2362 2985 2412 sumus,
3012 2349 3062 2400 si
3083 2346 3208 2400 bene
3237 2346 3522 2408 credimus,
3549 2343 3696 2397 amba:
3710 2345 3798 2395 sunt

2165 2447 2318 2486 cerae.
2355 2433 2416 2488 Si
2453 2449 2576 2500 ergo
2605 2434 2774 2488 ambae
2801 2439 2927 2487 sunt
2961 2450 3118 2498 rem,
3167 2435 3429 2502 quomodo
3459 2435 3541 2486 hic
3580 2435 3697 2487 Deus
3732 2446 3800 2498 ap-

2161 2523 2383 2588 paruit;
2437 2523 2698 2590 quomodo
2730 2521 2810 2577 ibi
2858 2524 3080 2590 angelus
3128 2522 3336 2575 dicitur
3376 2524 3691 2592 apparuisse,
3723 2521 3800 2572 nisi

2165 2608 2298 2674 quia
2327 2610 2420 2662 ille
2455 2611 2685 2678 spiritus
2720 2611 2819 2680 qui
2846 2609 2905 2663 in
2935 2611 3166 2664 Actibus
3193 2611 3554 2679 apostolorum
3581 2609 3705 2662 dixit
3731 2623 3800 2674 ap-

2162 2699 2412 2763 paruisse
2464 2699 2736 2762 angelum,
2789 2700 3039 2766 exposuit
3085 2700 3224 2752 hanc
3266 2700 3556 2763 lectionem,
3598 2695 3800 2766 quomodo

2115 2816 2119 2820 ς
2164 2789 2429 2854 apparuit
2456 2788 2608 2839 Deus.
2656 2787 2758 2839 Illa
2790 2785 3084 2838 declaratio
3115 2789 3386 2854 empositio
3415 2792 3492 2839 est
3517 2786 3800 2839 obscuritatis

2164 2873 2352 2941 hujus;
2397 2889 2461 2926 ne
2507 2875 2830 2939 intelligeres
2885 2875 3052 2928 Deum
3097 2889 3196 2942 per
3241 2878 3485 2943 seipsum
3519 2874 3798 2942 apparuisse,

360 2969 466 3022 su;
499 2970 677 3025 eaque
709 2962 790 3010 est
816 2959 1072 3013 omnium
1104 2960 1431 3032 linguarum
1463 2960 1831 3015 consuetudo.
1864 2955 1935 3014 At
1964 2959 2054 3014 hic
2091 2973 2130 3028 α
2168 2963 2276 3014 illic
2317 2962 2418 3014 tibi
2452 2964 2755 3029 expositum
2784 2967 2862 3016 est
2892 2963 3344 3030 quemadmodum
3375 2965 3675 3032 apparuerit
3703 2963 3799 3014 Deus

363 3057 480 3095 non
510 3059 810 3111 possumus
841 3045 1029 3102 dicere
1060 3049 1294 3118 perinde
1339 3066 1458 3104 esse
1488 3066 1559 3102 an
1604 3049 1776 3114 dicas,
1809 3051 2052 3116 cognovit

363 3129 718 3185 Abrahamus
757 3147 812 3186 se
845 3137 1028 3187 timere
1059 3136 1258 3200 Deum;
1293 3141 1406 3202 aut,
1448 3139 1692 3202 cognovit
1727 3139 1860 3190 Deus
1905 3150 1960 3190 se
1985 3136 2052 3189 ab

367 3217 680 3272 Abrahamo
712 3223 909 3274 timeri.
960 3222 1315 3276 Abrahamus
1343 3224 1496 3278 enim
1546 3224 1638 3278 hic
1669 3241 1782 3278 non
1829 3229 1912 3277 est
1954 3224 2048 3278 in-

360 3309 743 3361 strumentum
793 3325 906 3379 quo
939 3315 1135 3364 utatur
1166 3313 1311 3365 Deus
1341 3312 1412 3366 ad
1454 3312 1669 3382 aliquid
1706 3328 2055 3383 cognoscen-

362 3393 519 3448 dum.
563 3395 744 3464 Igitur
781 3398 961 3452 multo
1009 3399 1182 3452 satius
1211 3404 1330 3454 erat
1360 3417 1662 3469 agnoscere
1693 3402 1784 3456 hic
1813 3412 2056 3476 ανθρωπο-

356 3494 556 3542 «coetu
588 3486 708 3551 Dei,
755 3491 855 3540 aut
883 3488 1073 3559 angeli
1119 3505 1238 3542 sese
1283 3489 1537 3543 moribus
1579 3507 1641 3544 ac
1676 3492 2056 3546 locationibus

369 3559 635 3629 humanis
667 3576 1118 3646 attemperantis,
1140 3593 1310 3648 quam
1342 3594 1573 3648 prorsus
1593 3579 1888 3635 dissimilia
1908 3581 2056 3636 inter

365 3680 445 3732 se,
475 3663 638 3734 quasi
670 3662 899 3728 similia,
931 3678 1229 3734 perperam
1248 3665 1524 3721 conferre.

435 3752 709 3806 Sermone
755 3754 802 3806 5.
833 3755 906 3806 De
950 3753 1236 3808 luctatione
1289 3754 1494 3824 Jacob.]
1527 3756 1587 3808 In
1627 3755 1818 3810 codice
1873 3757 1928 3811 S.
1958 3757 2052 3810 Vi-

374 3839 516 3894 toris
547 3840 746 3893 titulus
790 3845 876 3894 cst
907 3857 920 3896 :
956 3843 1038 3895 De
1067 3843 1209 3896 lucta
1236 3843 1438 3904 Jacob;
1491 3843 1636 3913 apud
1691 3844 2008 3898 Possidium
2037 3862 2052 3898 :

374 3930 457 3983 De
487 3931 774 3983 luctatione
819 3931 980 3984 Jacob
1009 3945 1126 3984 cum
1157 3932 1382 3997 angelis.
1424 3931 1658 3986 Secutus
1704 3949 1825 3986 sum
1860 3933 2055 3986 inscri-

368 4017 626 4088 ptionem
681 4016 885 4070 veteris
957 4019 1300 4089 exemplaris
1346 4019 1550 4086 nostri,
1609 4036 1776 4090 qaam
1831 4021 2058 4075 exhibet

366 4106 540 4160 etiam
582 4105 757 4160 codex
805 4104 1161 4159 bibliothecae
1191 4105 1400 4176 Regius,
1437 4106 1482 4160 is
1513 4107 1607 4177 qui
1658 4109 2057 4163 Collectorium

363 4194 685 4248 cancellarii
748 4194 1099 4260 Parisiensis,
1151 4195 1220 4248 de
1272 4211 1385 4265 quo
1423 4195 1694 4266 praefatus
1732 4213 1879 4263 sum,
1951 4213 2054 4267 pro

363 4288 524 4354 parte
553 4282 831 4351 continet,
854 4283 1269 4353 prmﬁxumque
1292 4283 1464 4338 habet
1485 4301 1787 4339 numerum
1818 4303 2049 4340 CLxxxu.

361 4372 692 4427 SIRIONDUS.

435 4458 462 4529 §
495 4462 546 4513 5.
583 4461 771 4514 Jussit
809 4461 1104 4528 imperator
1140 4463 1409 4515 Romanus
1440 4461 1559 4529 jam
1607 4462 1965 4528 Christianus,
1997 4468 2057 4518 ut

368 4547 441 4601 ad
473 4549 659 4617 ipsam
687 4549 983 4602 Jerusalem
1016 4563 1120 4601 non
1157 4549 1460 4602 accederent
1487 4548 1703 4618 Judaei]
1742 4551 2058 4604 Constanti-

368 4649 478 4688 nus
511 4635 769 4704 Magnus.
804 4634 855 4688 Is
883 4635 1036 4688 enim
1065 4640 1125 4688 ut
1152 4635 1312 4690 docet
1341 4637 1773 4706 Chrysostomus
1793 4639 2060 4693 adversus

365 4722 590 4777 Judasos
623 4722 831 4777 homil.
888 4727 941 4788 3,
969 4723 1216 4790 Judeos,
1250 4726 1399 4796 quod
1432 4725 1628 4779 urbem
1675 4742 1834 4780 suam
1865 4732 2060 4782 contra

378 4810 744 4865 nterdictum
763 4810 1080 4866 instaurare
1101 4812 1349 4882 aggressi
1381 4817 1587 4880 essent,
1622 4813 1928 4884 amputatis
1957 4830 2059 4868 au-

369 4897 586 4966 riculis,
620 4899 769 4953 male
803 4887 1101 4954 mulctatos
1141 4900 1201 4954 in
1249 4901 1498 4956 diversas
1537 4902 1799 4972 regiones
1832 4904 2056 4974 sparsit,

369 4992 433 5042 ut
461 4987 668 5043 terrori
696 4988 916 5042 caeteris
947 4993 1154 5056 essent,
1189 5005 1260 5044 ne
1293 4991 1445 5045 idem
1472 4990 1532 5044 in
1560 4996 1851 5060 posterum
1891 5008 2059 5046 cona-

375 5083 591 5131 rentur.
629 5076 964 5133 SIRMONDUS.
996 5109 1064 5118 —
1095 5079 1284 5147 Recte,
1323 5079 1601 5150 quidquid
1633 5085 1856 5134 censeat
1885 5082 2059 5135 Bene-

370 5162 640 5227 dictinus,
673 5165 774 5236 qui
803 5165 1060 5219 notulam
1093 5164 1184 5218 hic
1219 5165 1466 5232 addidit;
1495 5181 1626 5219 nam
1658 5167 1848 5220 nullus
1874 5167 2056 5238 impe-

359 5255 516 5303 rator
547 5252 899 5306 Christianus
953 5259 1085 5307 ante
1139 5253 1593 5307 Constantinum.
1625 5254 1780 5317 Quod
1820 5255 1889 5307 de
1927 5255 2061 5309 Phi-

361 5337 536 5409 lippis
552 5339 832 5408 jactatum
877 5342 947 5396 ab
982 5339 1200 5405 Orosio,
1231 5345 1287 5395 et
1315 5341 1462 5410 aliis,
1492 5341 1597 5395 hoc
1617 5342 1739 5412 jam
1775 5341 1846 5395 ab
1874 5344 2060 5397 omni-

368 5427 475 5483 bus
505 5427 821 5496 explosum.

426 5514 573 5574 Ibid.
607 5518 676 5571 Et
705 5520 891 5586 sparsi
918 5533 1015 5587 per
1073 5521 1248 5575 orbem
1293 5523 1562 5573 terrarum
1588 5520 1728 5586 facti
1753 5523 1878 5574 sunt
1903 5522 2063 5588 quasi

2161 3065 2257 3118 per
2285 3055 2608 3114 creaturam,
2629 3051 2897 3117 angelum.
2931 3051 3020 3105 Sic
3041 3050 3177 3119 quid
3211 3053 3599 3118 miraris,'quia
3625 3049 3794 3110 dicitur,

2161 3152 2279 3189 cum
2303 3141 2530 3204 apparet
2557 3137 2800 3204 angelus,
2827 3135 2974 3188 Dixit
3001 3137 3167 3202 Deus,
3193 3141 3247 3190 et
3281 3138 3505 3190 vocabit
3526 3138 3675 3189 Deus.
3695 3135 3798 3187 etc?

2163 3225 2299 3289 Quia
2327 3240 2431 3278 non
2471 3225 2773 3278 attenditur
2814 3225 3067 3292 templum
3112 3225 3362 3289 angelus,
3396 3225 3489 3279 sed
3525 3223 3798 3277 inhabitata'

2163 3313 2360 3380 angeli.
2392 3314 2519 3381 Ipse
2557 3315 2700 3366 enim
2739 3313 2963 3378 angelus
2995 3315 3252 3380 templum
3287 3314 3392 3366 Dei
3416 3318 3547 3366 erat.
3583 3311 3712 3366 Nihil
3735 3323 3799 3360 ve-

2163 3400 2297 3454 rius.
2325 3403 2478 3455 Hanc
2503 3400 2844 3454 sententiam
2870 3399 2994 3454 aliis
3021 3399 3082 3453 in
3115 3400 3248 3454 locis
3279 3401 3566 3471 copiosius
3597 3395 3798 3468 exposuit

2160 3489 2534 3558 Augustinus,
2564 3494 2628 3542 ut
2655 3488 2976 3542 observavit
2997 3489 3242 3543 Joannes
3274 3489 3526 3543 Clericus
3555 3487 3619 3542 ad
3649 3488 3798 3542 Genes.

2161 3595 2314 3642 xvm,
2346 3581 2391 3631 l.
2415 3577 2548 3631 Vide
2568 3577 2832 3630 eumdem
2856 3593 2923 3630 ea
2938 3577 3007 3630 de
3027 3594 3084 3630 re
3103 3576 3329 3646 copiose
3351 3581 3611 3647 agentem
3627 3575 3685 3627 ad
3701 3575 3796 3627 Gen.

2162 3684 2272 3731 xw,
2304 3669 2388 3732 13,
2410 3665 2544 3718 etin
2566 3664 2748 3718 indice
2775 3666 2842 3720 ad
2868 3663 3315 3719 Pentateuchum
3334 3665 3404 3719 ad
3432 3679 3618 3717 vocem
3637 3660 3798 3726 Angeli.

2235 3755 2506 3808 Sermone
2533 3757 2614 3807 19.
2645 3753 2724 3806 Ad
2743 3753 2973 3807 titulum
3008 3769 3020 3806 :
3045 3755 3114 3806 In
3135 3754 3368 3808 basilica
3387 3748 3676 3820 restituta]
3702 3748 3800 3811 Qua

2165 3826 2395 3896 basilica
2427 3842 2607 3911 major
2653 3841 3015 3911 Carthagine,
3057 3841 3117 3894 in
3161 3857 3276 3912 qua
3305 3842 3470 3896 sedes
3499 3836 3736 3911 episcopi,
3761 3837 3803 3885 ut

2165 3931 2338 3984 tradit
2362 3930 2552 3983 Victor
2585 3930 2824 3982 Vitcnsis
2858 3929 2956 3984 lib.
2983 3946 3017 3982 I.
3054 3929 3262 3982 Eadem
3287 3929 3350 3983 in
3378 3928 3614 3982 concilio
3636 3923 3802 3980 Cartha-

2166 4017 2390 4086 ginensi
2419 4035 2454 4071 ιι
2483 4016 2698 4087 duplici
2726 4017 2960 4070 nomine
2991 4017 3314 4088 appellatur
3348 4017 3573 4071 basilica
3599 4016 3801 4081 Perpetua

2165 4104 2459 4172 Restituto,
2499 4105 2557 4158 in
2593 4104 2814 4158 ceeteris
2863 4103 3128 4175 deinceps
3170 4105 3430 4158 conciliis
3479 4121 3601 4176 qua:
3644 4099 3802 4154 ibidem

2167 4195 2449 4248 celebrata
2502 4195 2788 4263 leguntur,
2840 4195 3113 4248 Restituta
3158 4193 3518 4264 simpliciter,
3561 4198 3622 4246 ut
3658 4185 3801 4242 hocin

2169 4284 2306 4336 loco.
2339 4282 2669 4337 Summanus.

2238 4369 2378 4424 Ibid.
2425 4371 2529 4424 Die
2569 4366 2895 4441 munerum]
2945 4370 3114 4423 Vetus
3159 4368 3458 4438 exemplar
3502 4367 3557 4422 in
3589 4366 3686 4421 line
3716 4376 3803 4414 ser-

2169 4461 2353 4514 monis
2395 4476 2408 4514 :
2443 4461 2689 4529 Explicit
2735 4473 2906 4515 sermo
2956 4459 3043 4514 die
3091 4475 3374 4513 munerum
3423 4454 3802 4529 spectaculorum

2170 4550 2247 4602 De
2273 4548 2652 4619 gladiatorum
2688 4548 2881 4618 itaque
2912 4548 3233 4618 spectaculo
3265 4547 3669 4618 accipiendum,
3694 4534 3805 4610 quod

2169 4638 2399 4709 proprie
2426 4653 2620 4692 manus
2643 4637 3058 4708 appellabatur,
3082 4636 3238 4691 unde
3260 4637 3644 4704 gladiatorium
3662 4637 3804 4684 munus

2169 4727 2290 4781 cod.
2337 4727 2554 4781 Theod.
2587 4726 2656 4780 de
2687 4727 3106 4780 Gladiatoribus
3135 4726 3261 4796 lege
3289 4729 3342 4791 2,
3373 4731 3431 4779 et
3459 4724 3516 4778 in
3543 4711 3804 4778 calendario

2170 4817 2429 4870 Romano
2446 4815 3044 4870 Constantinianorum
3062 4819 3412 4884 temporum,
3431 4826 3618 4867 mense
3633 4810 3806 4862 Πεθρω-

2170 4903 2278 4970 hri,
2330 4904 2560 4974 quando
2611 4903 2892 4958 committi
2949 4903 3292 4973 gladiatores
3341 4901 3614 4964 solebant,
3658 4892 3806 4948 crebra

2171 4992 2424 5046 muneris
2452 4992 2766 5046 estmentio
2797 5008 2861 5046 ex
2884 4993 2950 5046 Α.
2983 4993 3046 5046 D.
3076 5007 3129 5045 1v
3158 5007 3359 5055 nonas,
3389 5006 3502 5060 quo
3523 4987 3607 5042 die
3627 4982 3802 5038 initium

2173 5081 2428 5136 muneris
2452 5081 2756 5135 adnotatur
2779 5096 2960 5151 usque
2992 5079 3049 5134 in
3077 5082 3142 5133 Α.
3178 5080 3245 5132 D.
3286 5095 3340 5132 Ix
3372 5077 3626 5132 calendas
3643 5074 3804 5126 Janua—

2171 5169 2304 5232 rias,
2355 5184 2470 5238 quo
2521 5172 2755 5221 cruenta
2782 5173 3147 5236 καξσκυθρωπὰ
3177 5167 3298 5219 haec
3345 5161 3652 5234 spectacula
3693 5151 3806 5209 desi-

2173 5258 2405 5322 nebant,
2455 5261 2517 5310 ut
2561 5256 2820 5310 Julianus
2871 5270 3098 5326 quoque
3147 5254 3330 5308 Cesar
3378 5253 3558 5316 docet,
3605 5253 3807 5303 extre'hat

2171 5346 2427 5400 oratione
2455 5360 2556 5397 sua
2588 5344 2648 5397 in
2678 5343 2883 5398 Solem.
2918 5344 3071 5398 IDEII.

2242 5435 2386 5487 Voce
2428 5447 2620 5488 munus
2673 5431 3020 5501 signiﬁcatos
3061 5431 3156 5485 illo
3208 5446 3324 5484 (nvo
3373 5428 3684 5499 frequenter
3720 5430 3807 5473 non

2179 5525 2399 5576 tantum
2433 5520 2800 5592 gladiatorios
2833 5519 3016 5586 ludos,
3049 5520 3144 5574 sed
3179 5524 3231 5572 et
3262 5518 3508 5572 ferarum
3535 5509 3806 5568 venationes
