3922 6188
122 303 200 355 385
820 291 1176 350 VARIORUM
1221 295 1811 351 EXERCITATIONES

117 412 424 468 ostenderunt
452 409 765 464 Frauciscus
792 411 1019 465 Juretus
1049 410 1117 465 ad
1147 411 1473 482 Symmachi
1504 412 1599 467 lib.
1637 430 1730 481 vu,
1772 414 1813 466 Α

120 504 247 574 epist.
279 503 323 567 4,
368 505 419 553 et
462 499 694 553 lacobus
742 500 1122 555 Gothofredus
1169 501 1240 554 ad
1288 501 1413 555 cod.
1448 502 1726 557 Theodos.

122 595 196 647 lib.
213 607 268 655 νι,
293 589 365 642 tit.
395 590 446 654 4,
480 588 598 657 lego
626 589 680 642 4.

173 682 193 747 §
219 684 252 731 l.
279 677 523 741 Quoniam
550 678 892 745 iniquitatem
924 692 1119 742 meam,
1152 681 1239 730 etc
1292 675 1312 748 ]
1353 678 1535 732 Codex
1561 679 1731 733 colle-

114 768 173 838 gii
197 764 441 820 Navarrici
461 781 684 819 versum
712 765 917 820 habet:
946 772 1125 819 averte
1147 768 1341 832 faciem
1373 772 1521 821 tuam
1554 784 1588 821 a
1605 784 1733 837 pec—

109 858 212 910 catis
235 858 364 908 meis.

155 945 235 1009 9‘4.
267 946 327 997 De
365 945 570 1010 regione
616 944 896 1010 fclicitatis
922 941 1177 997 Christus
1207 945 1373 1010 venit,
1412 948 1461 998 et
1496 945 1580 1000 hic
1620 962 1733 1001 eam

103 1048 169 1085 nec
192 1034 287 1100 ipse
313 1034 523 1086 invenit.
548 1033 747 1086 Irrisus
765 1036 859 1097 est,
903 1031 1267 1099 exprobratus
1309 1039 1407 1099 est,
1438 1036 1737 1104 apprehen-

101 1132 168 1171 sus
199 1122 281 1182 est,
328 1119 621 1184 ﬂagellalus
666 1124 762 1183 est,
817 1121 1030 1172 vinctus
1077 1124 1174 1185 est,
1216 1120 1419 1188 palmis
1460 1137 1622 1176 caesus
1661 1129 1738 1178 est

100 1206 277 1273 affectus
302 1210 607 1263 contumelia
638 1216 936 1279 Sputorum,
975 1214 1149 1281 spinis
1199 1218 1482 1268 coronatus
1540 1218 1634 1279 est,
1669 1214 1737 1267 li-

98 1310 487 1365 gnosuspensus;
518 1299 591 1352 ad
628 1304 924 1354 extremum
978 1305 1188 1357 Domini
1252 1307 1429 1358 exitus
1480 1300 1735 1372 mortis]

97 1385 192 1437 Tria
228 1389 498 1454 postrema
542 1387 712 1440 verba
768 1392 901 1442 sunt
951 1404 981 1440 e
1012 1388 1231 1457 psalmo
1273 1406 1471 1452 Lxxvu,
1512 1394 1571 1444 21
1603 1390 1739 1455 ;sed

99 1472 141 1523 in
164 1471 387 1525 alienum
413 1488 640 1528 sensum
671 1474 841 1544 plane
872 1475 1111 1528 detorta.
1158 1476 1276 1529 Illic
1326 1476 1478 1529 enim
1534 1477 1739 1545 psaltes

97 1560 153 1613 ait
175 1563 328 1615 exitus
358 1566 541 1617 mortis
572 1566 668 1617 Dei
696 1580 823 1631 esse,
849 1565 957 1617 hoc
978 1569 1079 1630 est,
1112 1570 1357 1619 mortem
1378 1582 1497 1619 esse
1541 1566 1598 1618 in
1626 1567 1739 1619 Do—

98 1647 483 1743 miniipotestate
517 1666 530 1716 ;
584 1651 674 1705 hic
706 1667 839 1705 vero
868 1652 1219 1722 Augustinus
1265 1654 1343 1708 ita
1389 1654 1496 1707 hoc
1539 1653 1734 1720 sumit,
1775 1695 1816 1749 Β

96 1735 220 1804 quasi
244 1737 574 1806 signiﬁcaret
588 1740 890 1795 Dominum
915 1746 1207 1795 mortuum
1242 1743 1433 1797 fuisse.
1470 1746 1735 1796 Attamen

97 1821 175 1873 hoc
197 1821 391 1889 inloco,
415 1825 579 1895 quasi
620 1840 721 1894 per
750 1826 1142 1894 parenthesin,
1174 1825 1522 1883 aduotarunt
1563 1828 1736 1883 libra—

97 1911 176 1964 rii:
211 1913 281 1965 hic
324 1915 751 1970 acclamaverunt
804 1920 900 1985 qui
946 1920 1323 1984 cognoverunt.
1387 1917 1527 1971 Cum
1572 1917 1736 1970 sibilo

97 1997 241 2066 dignis
268 2001 681 2070 acclamaretur,
715 2005 854 2074 quid
885 2010 1196 2076 supererat,
1249 2004 1360 2059 nisi
1414 2010 1475 2057 ut
1520 2005 1738 2075 optima

96 2102 288 2157 qumque
330 2088 613 2145 fastidiose
664 2094 1057 2163 rejicerentur,
1107 2099 1205 2149 aut
1232 2094 1540 2149 oscitanter
1574 2091 1736 2147 audi-

95 2179 249 2228 rentur
273 2176 336 2229 ab
361 2177 549 2231 Afris?
577 2181 657 2234 De
688 2183 1192 2239 acclamationibus
1239 2183 1414 2251 hisce,
1445 2180 1575 2234 vide
1624 2194 1735 2231 no-

96 2266 180 2313 tata
203 2262 262 2317 ad
287 2281 421 2335 opus
446 2267 515 2321 de
544 2269 809 2324 Doctrina
854 2273 1174 2327 Christiana
1218 2273 1315 2326 lib.
1352 2287 1423 2339 IV,
1467 2285 1592 2339 cap.
1645 2267 1735 2333 2's,

96 2348 137 2402 in
163 2355 272 2405 tom.
302 2353 391 2408 Ill.

147 2436 167 2504 ἕ
192 2441 233 2493 6.
274 2443 437 2497 Terrae
464 2449 641 2500 motus
668 2450 856 2515 magni
894 2449 959 2504 de
990 2450 1355 2506 Orientalibus
1393 2448 1736 2509 nuntiantur,

97 2530 306 2583 nonnullae
332 2548 539 2603 magna
569 2540 865 2605 repentinis
914 2540 1075 2609 (adde
1123 2540 1334 2594 casibus
1389 2541 1508 2602 aut,
1540 2532 1738 2601 ruinis)

94 2617 286 2684 collapsa:
304 2627 425 2675 sunt
460 2626 734 2679 civitates.
767 2624 789 2697 ]
824 2629 897 2680 De
924 2627 1013 2681 his
1044 2627 1399 2682 Marcellinus
1428 2640 1637 2689 comes,
1680 2622 1739 2675 in

96 2702 327 2774 Chronico,
362 2712 631 2766 Monaxio
654 2720 707 2768 et
732 2716 915 2769 Plinta
937 2732 1102 2782 coss.,
1147 2716 1220 2769 ad
1274 2730 1490 2768 annum
1530 2709 1740 2765 Christi

96 2792 165 2845 lli)
188 2811 198 2847 :
224 2797 389 2851 Multae
418 2802 729 2856 Palaestinae
743 2806 986 2858 civitates
1012 2806 1261 2873 villaeque
1290 2809 1443 2857 terrae
1462 2806 1606 2856 motu
1630 2800 1738 2853 col-

104 2879 225 2947 lapsa.
255 2887 426 2941 Multa
456 2894 595 2943 tunc
642 2895 924 2960 utriusque
964 2909 1124 2947 serus
1155 2896 1461 2948 vicinarum
1499 2890 1739 2958 gentium

108 2973 290 3039 nolimus,
314 2980 421 3029 tam
451 2980 587 3031 visu
617 2995 779 3048 quam
819 2982 1014 3036 auditu
1043 2984 1358 3051 perterritae,
1410 2984 1576 3048 atque
1622 2991 1741 3030 cre-
1778 2980 1819 3037 C

105 3055 207 3127 dull,
228 3077 365 3118 sacro
415 3065 642 3121 Christi
680 3071 831 3134 fonte
875 3071 1070 3124 abluta:
1095 3076 1257 3137 sunt;
1289 3071 1629 3134 omniumque
1650 3066 1738 3117 ba-

92 3145 351 3208 Pll'mtormn
379 3155 436 3208 in
468 3158 680 3210 tunicis
710 3173 845 3211 crum
879 3160 1084 3214 Christi
1097 3160 1418 3223 Saluatoris,
1467 3157 1735 3209 Divinita-

93 3233 139 3283 iis
174 3243 301 3305 nutu,
355 3244 609 3311 exemplo
646 3246 913 3315 impressa
954 3248 1195 3314 refulsit.
1246 3245 1458 3299 Idatius
1508 3257 1738 3312 quoque

91 3327 237 3377 noster
274 3326 328 3381 in
366 3330 692 3388 Chronico:
746 3338 988 3390 Durante
1034 3337 1277 3404 episcopo
1313 3349 1417 3403 quo
1454 3347 1626 3400 supra
1660 3331 1735 3399 (id

89 3416 149 3461 est
178 3411 406 3485 Joanne),
427 3422 768 3485 gravissimo
817 3426 973 3477 terrae
1002 3428 1146 3477 motu
1179 3427 1370 3477 sancta
1396 3423 1453 3475 in
1478 3422 1739 3474 Hierusa-

87 3492 159 3550 lem
192 3502 288 3557 loca
330 3513 712 3576 quassantur;
766 3513 823 3564 et
862 3510 920 3563 in
950 3509 1129 3563 Fastis
1178 3509 1436 3564 Monaxio
1467 3512 1524 3562 et
1556 3505 1741 3561 Plinta

88 3598 224 3642 coss:
252 3592 353 3648 His
371 3598 686 3650 consulibus
719 3599 776 3653 S.
807 3600 1053 3653 Joannes
1084 3598 1368 3666 epistolam
1406 3597 1602 3662 dirigit
1640 3609 1741 3663 per

90 3672 302 3734 Ecclesias
329 3683 468 3738 orbis
504 3690 797 3751 terrarum,
834 3702 952 3756 qua:
981 3686 1228 3752 habetur,
1264 3685 1329 3739 de
1358 3686 1531 3752 signis
1572 3689 1738 3738 terro-

89 3768 294 3837 ribusque
312 3774 580 3829 divinitus
599 3780 944 3845 perpetratis.
967 3777 1304 3831 SIRMONDUS.

139 3856 255 3912 lbid.
285 3861 494 3917 Praeter
522 3880 593 3917 ea
623 3881 750 3934 qua:
776 3866 948 3920 habet
986 3865 1339 3919 Marcellinus
1388 3866 1446 3917 et
1508 3860 1739 3928 Idatius,

86 3942 517 4005 circumstantiam
553 3952 906 4022 singularem
936 3954 1094 4008 addit
1126 3952 1502 4023 Augustinus,
1546 3950 1607 4003 in
1646 3967 1741 4004 se-

86 4035 342 4099 quentibus
384 4038 597 4094 verbis.
643 4039 870 4094 Judaaos
918 4041 1071 4095 enim
1120 4042 1287 4096 docet
1331 4040 1503 4094 fuisse
1554 4055 1651 4092 eos
1680 4038 1743 4091 in

84 4135 286 4187 quorum
314 4126 525 4180 tunicis
580 4143 793 4193 cruces,
845 4132 1149 4197 postquam
1190 4126 1460 4198 baptizati
1508 4126 1745 4180 fuerunt

83 4218 367 4314 conspectae:
405 4218 632 4281 Territi,
661 4215 868 4287 inquit,
895 4216 1047 4284 apud
1076 4217 1487 4287 Jerosolymam,
1528 4217 1625 4283 qui
1656 4216 1737 4267 in-
1778 4257 1825 4314 Β

81 4302 204 4351 eram
246 4301 444 4370 Judaei,
494 4306 725 4373 pagani,
766 4305 1152 4369 catechumeni,
1193 4319 1368 4359 omnes
1398 4308 1523 4358 sunt
1552 4304 1738 4371 bapti-

83 4387 186 4437 zati.
213 4390 463 4444 Dicuntur
480 4395 719 4460 fortasse
742 4392 1010 4462 baptizali
1030 4398 1227 4462 septem
1244 4394 1420 4446 millia
1445 4394 1737 4446 hominum.

82 4470 529 4558 Signum‘Christi
579 4482 639 4533 in
691 4482 927 4535 vestibus
966 4482 1276 4537 Iudaeorum
1344 4482 1743 4550 baptizatorum

82 4567 320 4627 apparuit.
341 4569 538 4623 Relatu
579 4570 824 4636 fratrum
871 4571 1115 4639 ﬁdelium
1158 4571 1595 4625 constantissimo
1634 4570 1744 4620 ista

81 4653 381 4709 nuntiantur.
413 4656 587 4710 Multo
620 4658 948 4712 credibilius
981 4658 1145 4725 foret,
1178 4657 1224 4711 si
1272 4656 1595 4711 inﬁdelium
1650 4671 1742 4708 re-

84 4734 172 4790 latu
194 4743 581 4799 confirmatum
615 4745 849 4813 fuisset;
901 4748 1099 4801 ﬁdeles
1146 4747 1297 4800 enim
1354 4746 1519 4799 facile
1546 4744 1741 4798 crede-

81 4820 191 4880 bant
230 4833 627 4901 sacerdotibus,
677 4834 886 4905 quibus
921 4834 1062 4889 ﬁdes
1100 4834 1323 4889 detrahi
1371 4850 1487 4888 non
1520 4847 1745 4903 semper

78 4914 178 4967 tuto
213 4920 390 4986 potuit
430 4926 487 4975 et
534 4922 632 4993 qui
657 4924 780 4992 jam
829 4923 898 4977 iis
951 4924 1192 4989 saeculis,
1235 4922 1573 4978 Christianas
1611 4919 1744 4974 reli-

80 5001 230 5071 gioni,
271 5007 565 5064 fraudibus
612 5010 740 5081 piis,
790 5012 1001 5067 famam
1044 5017 1195 5067 recte
1226 5011 1413 5083 parari
1446 5011 1742 5082 putabant.

81 5089 195 5145 Cum
218 5110 346 5150 vero
378 5098 567 5168 spargi
601 5099 668 5153 ab
703 5100 972 5172 episcopo
1004 5100 1302 5172 quidpiam
1348 5104 1617 5170 coeperat,
1648 5097 1751 5152 alii

82 5180 227 5236 totius
252 5185 489 5251 ordinis,
521 5189 637 5243 imo
670 5190 1005 5245 Christianae
1038 5189 1326 5261 religionis
1355 5190 1628 5243 interesse
1646 5204 1749 5252 pu-

81 5266 247 5324 tabant
264 5289 464 5327 verum
488 5276 542 5330 id
565 5277 762 5332 videri.
789 5278 1049 5331 Indidem
1072 5281 1201 5331 nata
1231 5277 1341 5332 alia
1370 5276 1746 5331 circumstan-

81 5352 159 5420 tia,
186 5374 351 5428 quam
378 5362 549 5418 habet
582 5364 958 5427 Marcellinus,
994 5366 1120 5419 loco
1153 5382 1184 5419 a
1214 5365 1516 5420 Sirmondo
1551 5366 1747 5434 allato,

84 5446 264 5513 etquae
294 5465 395 5503 cur
438 5452 645 5524 omissa
690 5471 721 5507 a
780 5454 1108 5508 doctissimo
1155 5452 1365 5524 jesuita
1410 5453 1483 5507 sit
1512 5452 1743 5519 nescio;

88 5529 335 5591 nisiforle
383 5523 647 5597 fabelﬁm
699 5542 1017 5599 exscribere
1064 5523 1196 5599 eum
1226 5542 1433 5615 piguit.
1471 5541 1559 5597 Sic
1591 5540 1745 5597 enim
1804 5578 1807 5581 λ

1851 296 1919 351 IN
1959 298 2018 350 s.
2069 284 2433 353 AUGUSTINI
2473 298 2731 355 oecus.
3431 310 3532 361 386

1848 413 2054 467 habent
2088 414 2251 467 verba
2278 414 2605 482 Marcellini,
2647 421 2950 487 postquam
2984 419 3125 474 dixit
3146 422 3406 477 civitates
3434 426 3543 478 vil-

1843 500 2039 570 lasque
2092 505 2254 554 terrae
2297 506 2455 555 motu
2485 503 2803 573 collapsas:
2845 508 3109 562 Dominus
3160 517 3343 565 noster
3388 517 3544 567 Jesus

1843 590 2087 645 Christus
2115 605 2318 658 semper
2339 592 2535 660 ubique
2562 609 2793 660 praesens
2828 601 2875 648 et
2906 610 3067 663 super
3094 604 3322 653 montem
3346 600 3543 655 Oliveti
3592 598 3593 601 “

1841 678 2215 743 Hierosolyma:
2244 680 2477 732 vicinum
2506 695 2614 734 sese
2654 681 2720 733 de
2750 683 2885 735 nube
2917 688 3308 749 manifestavit.
3347 690 3529 743 Multa:

1846 770 1969 819 tunc
2010 768 2292 833 utriusque
2320 782 2500 834 sexus,
2544 774 2641 821 etc.
2682 770 2902 824 Talium
2936 772 3281 841 ineptiarum
3324 792 3426 846 per
3456 794 3541 830 sa-

1844 853 2097 907 cerdotes
2119 854 2293 907 didita
2323 854 2471 908 fama
2504 855 2765 910 facillime
2798 857 2943 911 inter
2972 859 3268 929 imperitos
3298 880 3531 933 sparge-

1846 943 2032 1009 batur,
2088 943 2340 1014 allasque
2385 944 2447 997 in
2491 945 2697 997 animis
2744 946 2955 1000 radices
2996 949 3223 1016 agebat.

1917 1046 2059 1100 Ibid.
2092 1048 2367 1113 Sitifensis
2397 1050 2558 1101 etiam
2600 1050 2791 1102 civitas
2828 1052 3146 1115 gravissimo
3187 1058 3341 1107 terra:
3390 1060 3544 1109 motu

1845 1150 2096 1189 concussa
2123 1135 2242 1205 est.]
2275 1136 2469 1202 Sitilis,
2508 1153 2635 1206 quae
2669 1138 2971 1205 provinciae
3012 1139 3069 1192 in
3101 1140 3287 1194 Africa
3322 1159 3535 1197 nomen

1846 1222 2021 1289 dedit,
2054 1224 2110 1277 id
2160 1229 2243 1277 est
2287 1225 2637 1278 Mauritaniae
2674 1226 2940 1280 Sitifensi.
2993 1228 3064 1280 De
3111 1228 3216 1282 hoc
3261 1231 3383 1300 ejus
3414 1232 3546 1285 civi—

1846 1308 1978 1362 tatis
2015 1314 2179 1364 terree
2226 1318 2379 1365 motu
2403 1329 2475 1365 an
2507 1313 2874 1367 meminerint
2914 1314 3011 1367 alii
3040 1332 3157 1369 non
3189 1317 3367 1372 habeo
3403 1335 3552 1372 com-

1849 1402 2096 1467 pertum.
2149 1400 2483 1470 Episcopum
2533 1418 2665 1455 sane
2729 1402 2873 1456 Sitili
2919 1408 3042 1457 tum
3098 1394 3291 1459 fuisse"
3327 1412 3547 1461 constat

1850 1487 2150 1550 Novatum,
2211 1489 2309 1559 qui
2342 1494 2397 1542 et
2428 1491 2532 1543 hoc
2562 1491 2682 1560 ipso
2715 1508 2861 1545 anno
2894 1491 3156 1547 interfuit
3186 1495 3547 1564 subscripsit-

1849 1588 1959 1642 que
1993 1573 2230 1627 concilio
2254 1576 2705 1645 Carthaginensi,
2739 1582 2868 1649 post
2896 1582 3252 1633 consulatum
3308 1581 3544 1635 llonorii

1848 1680 1942 1730 xu,
1976 1669 2033 1718 et
2061 1665 2254 1734 paucis
2280 1671 2411 1719 ante
2456 1667 2621 1721 annis
2651 1669 2938 1723 collationi
2965 1686 3192 1741 quoque
3224 1673 3539 1726 Donatista-

1848 1769 1976 1806 rum
2008 1753 2283 1807 adfuerat.
2314 1753 2652 1809 Smuoxnus.

1917 1842 1944 1907 ἓ
1976 1844 2026 1895 6.
2060 1843 2228 1895 Pauci
2254 1842 2467 1909 quidem
2499 1845 2836 1911 convenistis,
2880 1844 2976 1898 sed
3016 1848 3069 1898 si
3108 1845 3232 1899 bene
3270 1847 3532 1914 audistis,

1846 1928 2188 2001 abundatis.]
2224 1930 2356 1983 Ideo
2389 1930 2552 2000 pauci
2574 1931 2643 1984 ad
2682 1931 2993 1997 ecclesiam,
3028 1933 3163 2002 quia
3194 1935 3430 2004 plurimi
3462 1936 3533 1990 ad

1846 2019 2231 2086 spectaculum
2284 2018 2688 2074 confluxerant.
2745 2022 3179 2091 Chrysostomus
3213 2024 3280 2077 de
3312 2030 3535 2094 specta-

1846 2107 1971 2159 culo
2003 2107 2258 2165 circensi.
2287 2107 2346 2161 in
2367 2108 2597 2162 exordio
2623 2110 2900 2161 sermonis
2938 2110 3003 2163 de
3033 2112 3495 2167 Consubstantiali
3523 2133 3535 2168 :

1848 2194 2001 2242 Πάλιν
2048 2193 2372 2258 ἱπποδρομίιι,
2431 2197 2512 2242 κπιί
2572 2195 2718 2243 πάλιν
2769 2195 2794 2243 ὁ
2842 2197 3078 2258 σύλλογος
3143 2197 3259 2259 ἡμῖν
3317 2198 3533 2247 ἐλάττων

1842 2283 2062 2344 γέγονεν.
2096 2277 2296 2329 Iterum
2338 2278 2598 2330 circensia
2653 2282 2703 2331 et
2753 2279 2949 2331 iterum
2993 2278 3067 2331 ad
3110 2294 3205 2331 nos
3258 2283 3542 2348 pauciores

1847 2368 2220 2419 convenerant.
2254 2364 2507 2418 Asterius
2541 2364 2838 2435 episc0pus
2868 2366 2936 2419 de
2966 2366 3108 2419 festo
3139 2368 3537 2423 calendarum:

1851 2451 2031 2500 Πολλοὶ
2088 2455 2413 2514 προτιμῶντες
2466 2453 2557 2512 τήν
2599 2452 2654 2500 ἐκ
2702 2456 2787 2513 τῆς
2837 2453 3165 2515 μιτοιότη“τος
3216 2458 3406 2519 τρυφὴν
3453 2460 3536 2505 τιιί

1847 2532 2105 2595 ἀσχολίαν,
2162 2530 2523 2595 ἀπελείφθησαν
2574 2536 2660 2579 τοῦ
2709 2535 2835 2580 κατὰ
2884 2536 2975 2591 τὴν
3026 2532 3291 2590 ἐκκλησίαν
3357 2533 3535 2580 συλλό-

1848 2637 1934 2684 you
1968 2616 2334 2683 :Complures,
2396 2614 2526 2667 dum
2566 2617 2827 2667 vanitatis
2877 2616 3098 2667 inhiant
3148 2615 3544 2682 voluptatibus,

1849 2708 1899 2758 et
1929 2706 1984 2756 in
2014 2704 2126 2757 illis
2166 2706 2514 2772 occupantur,
2561 2702 2628 2754 ab
2681 2703 2908 2755 ecclesia
2937 2705 3196 2755 conventu
3226 2702 3545 2767 obfuerunt.

1849 2792 2184 2847 SIRMONDUS.

1919 2880 2193 2934 Sermone
2238 2882 2327 2945 20,
2362 2882 2389 2947 §
2424 2884 2474 2934 ί.
2515 2876 2654 2932 Voce
2694 2892 2942 2943 consona,
2973 2892 3092 2931 voce
3121 2876 3388 2945 concordi,
3437 2893 3539 2947 pro

1852 2970 1967 3036 ipso
1996 2967 2152 3021 corde
2178 2973 2377 3035 nostro,
2422 2969 2711 3022 Dominum
2738 2965 3080 3035 deprecantes
3110 2966 3369 3020 diximus.
3404 2965 3542 3037 etc.]

1850 3056 1913 3110 In
1944 3055 2274 3109 Collectorio
2311 3055 2655 3109 Sermonum
2698 3070 2826 3124 pag.
2871 3056 2924 3119 3,
2958 3058 3013 3107 et
3040 3053 3098 3107 in
3129 3054 3322 3107 codice
3356 3055 3390 3109 S
3450 3055 3547 3107 Vi-

1847 3144 2018 3199 ctoris
2050 3145 2131 3200 CC
2167 3148 2247 3211 l6,
2281 3144 2581 3214 subjicitur
2614 3142 2867 3196 sermoni
2884 3144 2966 3195 De
2995 3143 3298 3195 humilitate
3322 3140 3546 3207 agenda:

1845 3236 2168 3303 panitentise
2194 3239 2242 3288 et
2273 3234 2337 3287 de
2363 3234 2574 3302 psalmo
2604 3247 2656 3299 L,
2703 3233 2950 3285 Miserere
2977 3232 3081 3284 mei
3114 3232 3267 3295 Deus,
3303 3244 3431 3299 quo:
3462 3231 3549 3281 est

1846 3324 2085 3379 homilia
2111 3325 2178 3378 28
2206 3324 2275 3377 de
2317 3321 2759 3394 quinquaginta.
2789 3321 2975 3385 Quare
3015 3319 3168 3373 illius
3207 3318 3265 3371 in
3298 3324 3544 3387 utroque

1846 3411 2138 3483 inscriptio
2169 3417 2254 3466 est
2286 3428 2299 3467 :
2338 3412 2420 3464 De
2448 3425 2604 3464 versu
2640 3407 2880 3477 ejusdem
2902 3408 3122 3476 psalmi,
3155 3408 3255 3462 Cor
3283 3405 3546 3459 mundum

1848 3517 1969 3555 crea
2003 3503 2061 3554 in
2101 3517 2202 3567 me,
2255 3504 2413 3554 Deus.
2449 3498 2730 3553 Caeterum
2782 3514 2909 3567 quae
2965 3496 3435 3550 desiderabantur
3484 3493 3545 3547 in

1849 3589 2159 3658 exemplari
2195 3588 2403 3659 scripto
2439 3587 2499 3641 in
2554 3586 2783 3653 cortice,
2816 3585 2970 3655 quod
3012 3585 3277 3639 mutilum
3325 3588 3382 3637 et
3420 3597 3546 3635 ace-

1848 3674 2083 3746 phalum
2112 3680 2252 3743 erat,
2304 3674 2501 3728 omnia
2546 3674 2935 3745 supplevimus
2957 3690 3022 3727 ex
3055 3671 3373 3727 Victorino.
3426 3671 3554 3726 Col-

1849 3764 2067 3819 lectorii
2100 3763 2255 3817 enim
2286 3767 2316 3819 3
2370 3764 2545 3833 partis
2575 3768 2631 3817 et
2676 3762 3041 3834 sequentium
3081 3761 3268 3815 solum
3291 3760 3545 3815 indicem

1850 3853 2002 3907 nacti
2045 3869 2261 3907 sumus.
2294 3854 2635 3907 Smuouous.

1921 3944 2046 3996 Post
2084 3938 2423 4011 sermonem]
2456 3939 2666 3995 Similis
2708 3938 2843 3992 huic
2888 3935 3153 4015 allocutio
3199 3934 3381 4004 plebis
3416 3938 3551 4004 post

1851 4044 2174 4083 sermonem
2218 4028 2447 4097 legitur,
2479 4026 2541 4079 in
2585 4025 2697 4079 line
2735 4027 2801 4077 3‘2
2821 4024 2889 4077 de
2936 4022 3123 4075 verbis
3161 4019 3393 4074 Domini
3428 4036 3440 4072 :
3495 4024 3554 4073 et

1851 4122 1979 4187 post
2026 4132 2369 4180 sermonem,
2429 4114 2585 4180 Quod
2624 4114 2775 4166 novit
2816 4112 3019 4166 caritas
3069 4114 3248 4164 vestra
3290 4110 3547 4175 suggeri-

1854 4219 1991 4270 mus,
2028 4209 2133 4259 etc.
2186 4202 2352 4257 Inau.

1928 4294 1954 4364 ξ
1999 4298 2048 4348 5.
2109 4294 2478 4347 Erhortamur
2529 4292 2811 4345 caritatem
2850 4292 3085 4343 vestram
3130 4290 3190 4341 ut
3227 4287 3458 4354 impigre
3501 4289 3551 4341 et

1856 4385 2144 4449 uigilanter
2172 4382 2337 4436 verba
2367 4383 2481 4446 Dei,
2510 4378 2944 4435 ministrantibus
2969 4376 3297 4446 presbyteris
3330 4389 3420 4428 vos
3443 4390 3552 4428 au-

1852 4476 1976 4529 dire
2006 4487 2110 4526 non
2144 4468 2378 4543 pigeat]
2424 4470 2676 4527 Verbum
2732 4468 2830 4522 Dei
2886 4466 2992 4521 soli
3036 4465 3175 4519 olim
3216 4463 3275 4517 in
3315 4463 3551 4517 ecclesia

1850 4561 2245 4634 praedicabant
2264 4558 2537 4630 episcopi,
2562 4572 2811 4628 quorum
2840 4554 2896 4609 id
2922 4554 3152 4625 proprie
3176 4568 3385 4606 munus
3412 4556 3553 4605 erat.

1855 4654 1990 4708 Post
2038 4650 2213 4703 etiam
2268 4646 2632 4717 presbyteris,
2693 4646 2792 4698 sed
2837 4660 2952 4697 non
2984 4659 3097 4696 uno
3143 4641 3292 4712 apud
3342 4656 3544 4693 omnes

1852 4746 2134 4809 tempore,
2211 4734 2575 4805 permissum.
2628 4730 2805 4787 Primi
2862 4729 3177 4784 Orientales
3232 4731 3549 4796 cmperunt,

1853 4828 2006 4900 quod
2038 4830 2095 4879 et
2126 4823 2295 4879 Pierii
2316 4821 2631 4893 presbyteri
2648 4819 2799 4890 apud
2815 4816 3245 4880 Alexandrinos,
3279 4821 3337 4868 et
3371 4815 3547 4883 Chry-

1853 4914 2093 4972 sostomi
2134 4912 2317 4968 adhuc
2368 4910 2507 4964 item
2568 4905 2886 4978 presbyteri
2936 4905 3090 4975 apud
3144 4903 3558 4968 Antiochenos,

1855 5006 2216 5072 aliorumque
2256 4999 2409 5071 apud
2456 4998 2595 5052 alios
2625 4996 2883 5065 exempla
2928 4993 3237 5047 declarant.
3282 4991 3345 5044 In
3370 4989 3559 5043 Africa

1857 5094 2196 5148 inusitatum
2236 5089 2342 5144 fuit
2378 5093 2509 5142 ante
2559 5085 2961 5156 Augustinum,
2992 5081 3085 5136 cui
3132 5080 3388 5150 primum
3428 5094 3557 5131 om-

1859 5182 2041 5247 nium,
2072 5178 2226 5250 apud
2258 5178 2596 5248 Hipponem,
2621 5191 2687 5228 ea
2715 5176 2966 5246 potestas
2994 5170 3140 5224 facta
3159 5173 3243 5222 est
3271 5185 3304 5221 a
3333 5165 3558 5220 Valerio

1858 5270 2143 5341 episcopo.
2196 5264 2481 5321 Possidius
2509 5263 2569 5317 in
2616 5263 2736 5332 ejus
2786 5260 2898 5314 vita
2928 5274 3052 5327 cap.
3092 5260 3164 5310 ὅς
3218 5255 3413 5309 Eidem
3436 5270 3553 5322 pre-

1858 5360 2069 5427 sbytero
2091 5357 2405 5425 potestatem
2451 5351 2603 5406 dedit
2633 5364 2812 5404 coram
2841 5362 2914 5413 se,
2938 5349 2997 5400 in
3021 5346 3259 5407 ecclesia,
3294 5345 3549 5408 Evange-

1863 5450 1994 5503 lium
2025 5442 2368 5515 praedicandi
2407 5457 2473 5495 ac
2528 5438 2963 5509 frequentissime
3015 5432 3318 5497 tractandi,
3366 5436 3555 5485 contra

1863 5550 2018 5591 usum
2048 5533 2267 5604 quidem
2297 5535 2345 5585 et
2391 5527 2825 5583 consuetudinem
2855 5527 3256 5592 Africanarum
3304 5522 3566 5576 Ecclesia-
