3890 6186
370 259 471 312 387

1380 244 1929 304 SUPPLEMENTUM
1968 244 2057 299 AI)
2095 242 2326 298 OPERA
2362 244 2418 297 S.
2458 243 2842 331 AUGUSTII‘YI.
3715 262 3796 316 333

365 394 509 433 rum.
539 375 749 432 Valerii
777 374 1099 445 exemplum
1126 374 1324 443 postea
1353 370 1532 425 secuti
1560 373 1695 424 sunt
1722 368 1840 433 alii,
1869 372 1919 423 et
1954 369 2065 422 Au-
2105 367 2148 422 Α
2176 367 2436 423 desiderii
2465 370 2548 422 tui
2562 370 2893 438 prosecutio,
2917 367 2938 441 ]
2965 367 3427 427 Mannmissiones
3443 375 3576 430 utin
3603 346 3821 436 ecclesia:

373 467 550 521 relius
594 465 897 537 episcopus
932 460 1298 530 Carthagine,
1341 459 1435 513 cui
1475 459 1584 513 hoc
1613 458 1848 511 nomine
1878 461 2068 527 gratu—

372 555 524 609 latus
555 558 640 607 est
675 550 1027 622 Augustinus
1076 547 1316 618 epistola
1351 551 1440 613 '77,
1466 546 1615 615 quod
1648 562 1925 616 usurpare
1955 561 2064 599 cos-

373 643 553 715 pisset
580 647 645 695 ut
662 637 998 711 presbyteri,
1027 640 1307 707 praesente
1337 635 1482 706 ipso,
1502 649 1825 688 sermonem
1855 631 2067 703 populo

372 731 698 786 funderent.
748 728 963 795 Itaque,
1019 728 1294 793 tanquam
1323 738 1428 775 usu
1459 722 1579 791 jam
1611 720 1670 773 in
1698 719 1886 774 Africa
1917 735 2067 773 rece-

372 825 494 891 pto,
528 817 888 889 presbyteros
913 813 973 865 in
1002 812 1107 865 hoc
1146 825 1375 881 genere,
1427 826 1557 863 cum
1606 796 1886 879 episcopis
1934 824 2083 865 cons.

370 906 584 977 jungit,
619 909 881 957 sermOne
918 903 986 955 49
1025 901 1091 955 de
1140 898 1326 953 verbis
1358 896 1632 952 Domini:
1665 896 1926 964 Nunquid
1965 911 2071 948 non

374 994 618 1049 ascendit
666 990 965 1060 aliquando
1012 994 1109 1043 aut
1168 988 1469 1057 presbyter,
1527 991 1623 1039 aut
1681 998 1978 1054 ep‘tSCOpUS,
2022 990 2070 1038 et

369 1098 479 1137 non
518 1081 653 1135 dicit
681 1080 837 1135 aliud
864 1079 929 1132 de
959 1079 1233 1147 superiore
1264 1077 1393 1140 loco,
1434 1077 1544 1129 nisi
1569 1089 1635 1127 ne
1662 1075 1958 1142 rapiantur
1986 1088 2069 1125 res

374 1173 582 1226 aliena.
617 1169 782 1240 Apud
804 1167 991 1224 Gallos
1032 1165 1211 1220 serius
1260 1167 1599 1241 usurpatum
1648 1162 1907 1230 videtur;
1938 1176 2067 1214 nam

371 1259 627 1337 synodus
652 1256 908 1311 Vasensis
938 1272 997 1323 ιι,
1039 1270 1167 1326 quae
1210 1257 1440 1307 centum
1470 1251 1631 1305 annis
1650 1250 1937 1321 posterior
1964 1249 2071 1304 fuit

374 1348 721 1419 Augustino,
771 1345 1009 1399 verbum
1054 1342 1295 1397 faciendi
1328 1339 1672 1412 presbyteris
1698 1340 1793 1394 dat
1821 1343 2069 1409 potesta-

376 1441 513 1490 tem.
548 1439 732 1490 Antea
762 1449 897 1504 ergo
930 1448 1047 1486 non
1077 1430 1341 1485 habuisse
1381 1430 1707 1499 conjectura
1753 1432 1857 1492 est,
1897 1443 2070 1497 quam

377 1524 698 1596 Cyprianus
743 1537 973 1593 quoque
1027 1519 1300 1574 diaconus
1352 1518 1409 1571 in
1454 1515 1681 1572 Czesarii
1725 1516 2071 1595 Arelatensis

380 1613 631 1685 episcopi
663 1611 778 1666 vita
806 1610 1122 1664 conﬁrmat.
1163 1598 1502 1662 Siuuoxnns.

452 1701 596 1755 Ibid.
630 1702 692 1754 In
734 1699 984 1764 Oriente,
1021 1713 1133 1751 non
1167 1694 1487 1766 presbyteri
1516 1696 1736 1748 tantum
1766 1691 2070 1764 praesenti-

375 1791 482 1845 bus
513 1788 812 1859 episcopis,
835 1787 934 1841 sed
965 1785 1135 1839 etiam
1163 1783 1290 1837 laici
1315 1783 1412 1836 diu
1434 1785 1564 1836 ante
1592 1781 1763 1836 Pierii
1788 1786 2067 1851 tempora,

376 1878 671 1933 interdum
702 1874 1204 1930 concionabantur.
1239 1871 1441 1942 Liquet
1468 1870 1572 1924 hoc
1619 1885 1685 1924 ex
1715 1869 1929 1941 insigni
1953 1871 2071 1923 loco

379 1965 606 2022 Eusebii
654 1964 793 2019 Ilist.
847 1963 1050 2018 Eccles.
1086 1961 1184 2016 lib.
1228 1977 1299 2015 Vl.
1349 1976 1472 2030 cap.
1527 1963 1612 2022 19,
1634 1958 1734 2015 ubi
1762 1959 1840 2015 ita
1860 1958 1929 2013 de
1955 1957 2074 2013 Ori-

376 2071 521 2126 gene
563 2071 576 2108 ε
618 2061 797 2109 Ἐλθὼν
851 2058 928 2106 ἐπὶ
970 2058 1313 2116 Παλαιστιντ,ς,
1358 2055 1409 2103 ἐν
1452 2054 1713 2119 Καισαρείᾳ
1762 2058 1845 2108 τὰς
1893 2054 2071 2118 διατρι-

374 2152 460 2206 ϐὰς
524 2150 745 2211 ἐποιεῖτο,
816 2149 930 2196 ἔνῦα
984 2149 1067 2195 καὶ
1113 2144 1430 2208 διαλέγεσθαι,
1490 2146 1575 2199 τάς
1628 2161 1681 2192 τε
1730 2144 1854 2199 Θείας
1917 2144 2071 2209 ἑρμη-

376 2242 533 2287 νεὺειν
574 2240 760 2302 γραφὰς
802 2236 879 2283 ἐπὶ
921 2238 1007 2283 τοῦ
1063 2236 1225 2282 κοινοῦ
1266 2235 1352 2292 τῆς
1397 2231 1683 2291 Ἐκκλησῖας
1731 2232 1775 2280 οἶ
1817 2234 1931 2298 τῇδε
1972 2235 2073 2283 ἔπιε

377 2344 568 2389 σκοποι,
612 2327 695 2375 καί
739 2342 814 2373 τοι
865 2327 930 2383 τῆ
983 2322 1069 2372 τοῦ
1125 2322 1471 2387 πρεσϐυτερίου
1526 2322 1821 2386 χειροτονίας
1884 2325 2071 2373 οὐδέπω

378 2416 710 2482 τετυχηκότα,
738 2413 889 2462 αὐτὸν
918 2412 1101 2472 ἠξίουν.
1149 2416 1209 2460 "0
1243 2413 1326 2458 καί
1365 2409 1487 2457 αὐτὸ
1523 2411 1695 2472 γένοιτ’
1741 2414 1817 2459 ἂν·
1839 2413 2068 2475 ἔκδηλον,

376 2506 459 2571 ἀφ’
514 2505 583 2553 ὧν
636 2506 749 2568 περὶ
805 2503 981 2551 τούτου
1046 2501 1307 2564 Δημητρίῳ
1363 2500 1627 2563 γράφοντες
1696 2500 2004 2568 Ἀλέξανδρος
2044 2506 2070 2554 ὁ

375 2592 751 2659 Ἳεροσολύμων
826 2591 1082 2645 ἐπίσκοπος
1166 2591 1249 2637 καὶ
1316 2589 1598 2643 Βεόκτιστος
1665 2588 1691 2637 ὁ
1757 2593 2069 2657 Καισαρείας,

379 2682 473 2732 ὧδέ
553 2699 653 2738 πως
734 2679 1109 2742 ἀπολογοῦνται·
1174 2678 1452 2742 [lpos-terms
1516 2678 1567 2726 δὲ
1620 2680 1717 2733 τοῖς
1791 2681 2070 2753 τρίμμαςειν

375 2771 449 2820 ὅτι
500 2776 648 2820 τοῦτο
718 2770 948 2819 οὐδέποτε
1024 2767 1262 2828 ἠκούσθη,
1331 2768 1417 2812 νῦν
1497 2767 1771 2829 γεγένηται,
1836 2772 1909 2829 τὸ,
1976 2788 2070 2820 πα-

380 2861 561 2925 ρόντων
624 2859 915 2918 ἐπισκόπων,
975 2856 1177 2911 λαϊκούς
1245 2854 1449 2917 ὁμιλεῖν,
1512 2855 1603 2903 οὐκ
1652 2854 1739 2904 οἶδ’
1789 2858 1915 2914 ὃπως
1951 2878 2068 2925 προ-

380 2954 540 3016 φανῶς
583 2949 673 2998 οὐκ
712 2948 877 3007 ἀληθῆ
918 2947 1095 3010 λέγων·
1148 2946 1269 2997 ὃπου
1316 2946 1433 3005 γοῦν
1470 2936 1774 3008 εὑρίσκονται
1828 2948 1872 2996 οἱ
1916 2949 2078 3013 item-
2108 2936 2155 2992 Β

377 3041 494 3089 δειοι
559 3040 675 3102 πρὸς
746 3034 950 3100 ὠφελεῖν
1022 3034 1133 3089 τούς
1208 3032 1464 3097 ἀδελφούς,
1528 3036 1611 3081 καὶ
1676 3037 2076 3099 παρακαλοῦνται

376 3130 445 3190 τῷ
505 3126 614 3188 λαῷ
671 3122 986 3188 προσομιλεῖν
1034 3121 1129 3168 ὑπὸ
1192 3122 1289 3167 τῶν
1360 3120 1509 3181 ἁγίων
1576 3121 1864 3186 ἐπισκόπων,
1914 3128 2075 3195 ὥσπερ

377 3216 429 3264 ἐν
489 3213 750 3278 Λαράνδοις
819 3210 1022 3264 Εὓελπις
1069 3209 1177 3257 ὑπὸο
1214 3210 1416 3268 Νέωνος,
1466 3211 1549 3265 καὶ
1595 3210 1649 3258 ἐν
1706 3216 1885 3278 Ἰκονίῳ
1944 3223 2074 3267 Παυ-

375 3305 507 3358 λῖνος
547 3303 640 3350 ὑπὸ
674 3301 862 3350 Κέλσου
910 3301 993 3346 καὶ
1038 3299 1089 3347 ἐν
1132 3298 1390 3353 Συννάδοις
1423 3298 1663 3363 Θεόδωρος
1715 3302 1805 3351 ὑπὸ
1855 3310 2073 3357 Ἀττικοῦ

372 3396 475 3441 τῶν
526 3390 779 3455 μακαρίων
816 3388 1056 3451 ἀδελφῶν.
1104 3380 1275 3446 ἶόρεῐ,
1329 3379 1639 3451 interprete
1687 3384 1926 3442 Henrico
1970 3391 2072 3443 Va-

382 3474 525 3531 lesio
556 3474 902 3535 Palaestinam
921 3471 1080 3538 petiit
1125 3473 1176 3522 et
1230 3469 1482 3524 Caesarea:
1529 3470 1862 3528 domicilium
1905 3480 2070 3546 ﬁxit;

366 3564 465 3618 ubi
489 3565 655 3617 etiam
683 3562 751 3615 ab
794 3560 943 3613 illius
963 3559 1201 3626 regionis
1239 3559 1503 3625 episcopis
1531 3565 1756 3625 rogatus
1786 3568 1865 3618 est
1884 3569 1945 3618 ut
1962 3582 2069 3634 pu-

373 3653 505 3707 blice
531 3654 591 3705 in
616 3650 833 3704 ecclesia
883 3647 1191 3713 dissereret,
1237 3650 1287 3699 et
1335 3645 1557 3701 divinas
1606 3647 1943 3718 Scripturas:
1987 3660 2072 3709 ta-

370 3740 527 3794 metsi
553 3737 790 3792 nondum
816 3735 1096 3805 presbyter
1124 3733 1429 3800 ordinatus,
1471 3742 1775 3812 eccponeret.
1800 3743 1986 3809 Atque
2013 3743 2074 3797 id

368 3829 719 3895 manifestum
746 3827 918 3892 fuerit
958 3823 1042 3877 uel
1070 3836 1138 3877 ea)
1169 3824 1239 3875 iis
1268 3837 1387 3891 quae
1415 3822 1733 3879 Alexander
1764 3828 2070 3899 Hierosoly-

370 3931 581 3973 morum
620 3919 671 3969 et
705 3914 1032 3968 Theoctistus
1078 3911 1421 3967 Casaricnsis
1476 3915 1753 3981 episcopus
1784 3916 1857 3968 ad
1890 3921 2069 3972 Deme-

372 4008 560 4065 trium,
586 4019 690 4075 pro
739 4003 905 4072 hujus
955 4002 1096 4067 facti
1148 4000 1476 4071 defensione,
1524 4001 1771 4056 scribunt
1822 4006 1884 4058 in
1930 4006 2069 4061 hunc

370 4095 629 4151 modum:
662 4092 814 4158 Quod
847 4106 969 4145 vero
1025 4092 1084 4144 in
1114 4090 1308 4143 litteris
1349 4090 1457 4146 tuis
1484 4089 1755 4157 adiecisti,
1789 4107 2070 4163 nunquam

2176 472 2368 510 coram
2398 455 2662 528 episcopo
2701 457 2885 511 facere
2917 457 3133 527 liceret,
3165 460 3503 516 Constantini
3538 464 3796 537 Magnibe-

2178 544 2379 599 neticio
2410 545 2699 599 indultum
2729 549 2834 610 est,
2866 550 2933 600 ut
2954 545 3095 599 alias
3121 546 3522 604 observavimus
3548 552 3611 606 ad
3651 555 3800 612 Enno-

2176 634 2364 700 dium;
2407 634 2560 705 apud
2609 651 2804 705 quem,
2847 634 3001 689 inter
3052 635 3344 706 opuscula,
3391 643 3556 692 exstat
3595 641 3798 707 libellus,

2176 739 2277 777 seu
2304 723 2636 793 petitorium
2689 723 2931 795 Agapeti
2961 724 3195 778 nomine
3232 728 3607 797 compositum,
3634 731 3686 785 in
3714 750 3802 803 quo

2178 811 2510 865 Gerontium
2547 811 2644 866 ille
2694 828 2916 866 servum
2945 830 3112 867 suum
3143 814 3396 869 libertate
3425 816 3610 871 donari
3640 826 3803 889 postu-

2178 901 2299 954 lans
2349 900 2418 954 ab
2477 900 2741 972 episcopo
2796 901 3057 956 desiderii
3105 902 3194 957 sui
3252 919 3439 957 causas
3476 908 3801 978 persequitur,

2177 1005 2308 1060 quae
2341 1005 2469 1043 cum
2492 990 2795 1060 Augustini
2826 991 3012 1045 verbis
3034 991 3273 1046 miriﬁce
3299 992 3654 1049 consentiunt.
3684 997 3802 1052 IDEII.

2174 1106 2247 1118 —
2278 1078 2465 1132 Exstat
2513 1079 2778 1132 columna
2817 1082 2950 1133 1719
2998 1078 3136 1133 tomi
3187 1080 3209 1134 Ι
3276 1080 3531 1141 editionis
3584 1082 3806 1139 Parisinze

2178 1183 2417 1238 operum
2449 1167 2709 1222 omnium
2736 1169 2849 1222 Jac.
2883 1168 3190 1223 Sirmondi.

2250 1255 2392 1309 Ibid.
2432 1259 2499 1311 Ut
2544 1259 2898 1312 manumittas
2946 1268 3159 1312 servum
3202 1262 3352 1312 tuum
3396 1258 3598 1324 frangis
3635 1258 3806 1315 tabulas

2178 1346 2313 1412 ejus.
2340 1343 2357 1416 ]
2419 1346 2848 1416 Frangebantur
2894 1345 2955 1399 in
2985 1346 3431 1400 manumissione
3460 1361 3719 1399 servorum
3741 1352 3808 1401 ta-

2177 1433 2327 1487 bula:
2360 1433 2568 1504 quibus
2595 1434 2811 1505 emptio
2836 1434 3066 1489 illorum
3100 1440 3157 1488 et
3186 1433 3422 1489 servitus
3449 1434 3807 1488 continebatur.

2178 1522 2533 1592 Augustinus
2558 1523 2722 1593 epist.
2757 1527 2816 1578 5i
2855 1522 2925 1577 de
2948 1522 3257 1578 Donatistis
3282 1539 3294 1576 :
3319 1525 3651 1577 Pessimorum
3673 1538 3811 1577 saro-

2113 1652 2150 1706 Β
2180 1627 2329 1706 rum,
2354 1616 2413 1664 ut
2443 1611 2600 1665 liberi
2624 1612 2984 1680 abscederent,
3019 1613 3215 1666 tabulae
3244 1612 3644 1680 frangebantur.
3687 1613 3808 1666 lusu.

2253 1699 2391 1754 Ibid.
2430 1701 2509 1753 De
2530 1701 2636 1755 hac
2665 1700 3111 1755 manumissione
3129 1699 3228 1770 qui
3250 1700 3415 1771 plura
3433 1699 3660 1771 voluerit
3686 1700 3814 1753 adeat

2181 1787 2566 1843 doctissimum
2601 1789 3076 1861 jurisconsultum
3119 1789 3393 1843 Jacohum
3444 1788 3812 1843 Gothofredium

2182 1878 2254 1931 ad
2288 1878 2387 1932 lib.
2420 1895 2474 1931 ιν
2504 1878 2715 1933 codicis
2735 1877 3133 1946 Theodosiani,
3161 1878 3250 1933 tit.
3281 1882 3336 1944 7,
3364 1878 3485 1947 lege
3525 1880 3576 1930 1.

2252 1967 2525 2021 Sermone
2554 1970 2643 2034 2i,
2672 1966 2698 2036 §
2733 1972 2782 2022 1.
2815 1969 3036 2023 Gratias
3068 1970 3290 2022 Domino
3341 1969 3442 2020 Deo
3478 1969 3662 2031 nostro,
3689 1962 3811 2034 etc]

2183 2057 2410 2127 Egregii
2449 2057 2730 2111 sermonis
2772 2056 3007 2110 unicum
3048 2057 3344 2127 exemplar
3379 2054 3630 2119 vidimus,
3659 2053 3709 2106 in
3739 2070 3816 2105 co-

2184 2146 2306 2200 dice
2337 2148 2393 2202 S.
2428 2145 2662 2200 Victoris
2690 2147 2730 2200 C
2751 2146 2790 2199 C
2823 2149 2906 2200 16.
2942 2146 3294 2200 Recensetur
3320 2148 3511 2199 tamen
3539 2159 3571 2196 a
3608 2141 3814 2201 Possidio

2181 2250 2309 2304 cap.
2340 2238 2370 2288 9
2402 2233 2659 2302 indiculi,
2693 2239 2749 2289 et
2775 2233 2835 2287 in
2856 2233 3196 2299 Collectorio
3250 2231 3582 2298 cancellarii,
3618 2233 3753 2302 parte
3776 2232 3813 2282 3.
3852 2306 3853 2315 χ

2140 2342 2153 2351 ·
2179 2323 2510 2378 Sinuounus.

2253 2411 2280 2481 §
2310 2413 2363 2467 2.
2394 2414 2631 2483 Lapides
2661 2416 2862 2468 mortui
2887 2415 3100 2470 utinam
3144 2415 3205 2468 in
3234 2428 3294 2468 se
3316 2415 3549 2469 sentiant
3570 2411 3817 2465 misericor-

2182 2500 2331 2555 diam
2351 2502 2594 2571 lapidum
2620 2501 2883 2558 vivorum.
2912 2502 2929 2575 ]
2958 2504 3188 2574 Lapides
3208 2508 3466 2559 mortuos
3484 2504 3635 2557 vocat
3665 2497 3818 2554 ethni-
3851 2506 3853 2523 ⁴

2181 2605 2298 2654 cos,
2348 2595 2586 2661 propter
2637 2594 2950 2662 stuporem,
3002 2596 3061 2646 et
3106 2590 3319 2662 quibus
3363 2591 3447 2645 dii
3480 2589 3665 2645 similes
3704 2591 3814 2641 sunt.

2181 2679 2477 2734 Interdum
2506 2679 2615 2750 ipsi
2641 2679 2854 2735 ethnici
2889 2680 3066 2735 simili
3107 2678 3534 2752 comparatione
3576 2675 3656 2732 usi
3689 2677 3810 2730 sunt.

2180 2767 2463 2822 Juvenalis
2492 2773 2594 2822 sat.
2622 2771 2681 2836 8,
2715 2768 2782 2823 52
2812 2784 2826 2823 :
2898 2804 2903 2809 -

2312 2892 3621 2953 ...........,..Attu

2311 2955 2410 3009 Nil.
2428 2955 2535 3004 nisi
2558 2954 2886 3018 Cecropides,
2918 2958 3213 3018 truncoque
3246 2954 3543 3005 simillimus
3577 2954 3770 3018 Hermae.

2310 3018 2464 3066 Nullo
2490 3019 2681 3082 quippe
2711 3015 2815 3066 alio
2839 3017 3008 3091 vincis
3030 3015 3357 3077 discrimine,
3375 3028 3528 3081 quam
3548 3015 3675 3079 quod

2294 3094 2395 3146 'llli
2424 3111 2774 3157 marmoreum
2805 3100 2962 3160 caput
2991 3100 3087 3157 est,
3108 3101 3199 3145 tua
3226 3097 3358 3147 vivit
3389 3096 3580 3159 imago.

2257 3209 2362 3275 §6.
2420 3207 2692 3273 Quomodo
2729 3209 2916 3271 Roma,
2965 3208 3043 3261 sic
3088 3210 3139 3259 et
3188 3206 3481 3277 Qarthago,
3526 3204 3585 3258 Si
3609 3194 3818 3265 incepit:

2180 3280 2422 3364 gentium
2472 3310 2567 3349 .res
2627 3297 2920 3364 praecessit,
2972 3294 3213 3348 membra
3251 3309 3356 3348 non
3384 3296 3507 3347 sunt
3531 3282 3814 3350 secuturaﬂ

2183 3385 2324 3441 Hinc
2380 3389 2620 3456 apparet
2658 3384 3026 3457 [Carthagine
3090 3383 3355 3437 habitum
3422 3380 3580 3435 “hunc
3643 3389 3815 3433 sermo-

2181 3490 2335 3540 nem,
2359 3477 2415 3528 et
2434 3474 2762 3545 episcopum
2791 3474 2961 3543 paulo
2999 3476 3132 3526 ante
3189 3470 3435 3542 intelligi
3469 3463 3815 3536 Carthaginen-

2179 3579 2298 3617 sem
2323 3579 2336 3629 ;
2360 3567 2418 3618 et
2441 3562 2692 3633 judicem
2722 3560 2875 3619 infra
2899 3560 3322 3631 proconsulem,
3355 3559 3446 3613 cui
3479 3559 3765 3627 suggestum
3793 3564 3817 3601 a

2180 3650 2510 3707 Christianis
2538 3651 2723 3705 fuerat
2741 3654 2804 3705 ut
2837 3649 3059 3704 Herculi
3087 3648 3331 3705 illudere
3364 3648 3573 3702 liceret.
3614 3637 3817 3698 Herculis

2181 3740 2396 3801 cultum
2445 3742 2716 3809 ceperant
2752 3736 3235 3808 Carthaginienses
3281 3754 3316 3792 a
3366 3732 3561 3806 Tyriis,
3621 3739 3817 3801 quorum

2180 3832 2342 3882 erant
2370 3820 2590 3893 coloni;
2623 3828 2799 3898 Tynus
2825 3825 2979 3881 enim
3026 3825 3255 3881 Herculi
3300 3841 3473 3883 sacra.
3517 3823 3690 3892 Neque
3716 3828 3816 3868 vero

2180 3915 2521 3986 Carthagine
2553 3916 2850 3981 duntaxat,
2881 3916 2977 3975 sed
3023 3913 3149 3975 aliis
3203 3914 3409 3969 Africae
3458 3911 3610 3975 locis,
3647 3904 3819 3962 constat

2178 4003 2235 4058 in
2287 4004 2444 4057 cultu
2490 4003 2789 4058 Herculem
2831 4003 3040 4068 fuisse;
3088 4007 3153 4056 ut
3199 4003 3356 4073 apud
3407 4000 3743 4057 Suffectanosv
3774 3990 3853 4083 in,

2179 4091 2472 4163 provincia
2500 4094 2805 4163 Byzacena,
2841 4090 2942 4145 ubi
2972 4100 3101 4144 eum
3137 4092 3393 4147 Herculis
3424 4093 3653 4145 statuam
3697 4096 3817 4136 com-

370 4192 535 4242 antea
563 4189 761 4253 uisum,
791 4199 885 4238 nec
909 4181 1089 4238 adhuc
1108 4183 1316 4247 factum
1345 4181 1535 4247 fuisse,
1577 4183 1658 4246 ut,
1710 4182 2069 4249 praesentibus
2104 4209 2155 4267 υ
2187 4180 2532 4235 minuissent
2561 4179 2890 4246 Christiani,
2912 4179 3213 4251 repentino
3233 4180 3296 4234 in
3311 4178 3624 4249 eosimpetu
3645 4166 3815 4243 populi,

370 4276 652 4345 episcopis,
711 4274 841 4327 laici
879 4273 1341 4335 concionarentur,
1384 4270 1443 4321 in
1491 4284 1548 4321 eo
1583 4272 1758 4324 nescio
1810 4269 2070 4338 quomodo

372 4379 407 4417 a
435 4362 663 4417 veritate
690 4361 998 4428 longissime
1026 4358 1320 4413 aberrasti.
1358 4357 1493 4410 Nam
1518 4357 1698 4411 sicubi
1725 4361 2074 4427 reperiantur

375 4453 476 4520 qui
502 4449 774 4515 fratribus
794 4447 1050 4516 prodesse
1068 4447 1302 4514 possint,
1334 4458 1417 4497 eos
1445 4446 1623 4497 sancti
1661 4447 1899 4514 episcOpi
1932 4448 2074 4501 ultro
2092 4458 2109 4471 ‘

374 4538 744 4592 adhortantur
796 4540 857 4588 ut
912 4534 986 4588 ad
1019 4534 1282 4603 populum
1332 4534 1604 4586 conciones
1672 4533 1922 4589 habeant.
1983 4537 2077 4590 Sic

332 4626 589 4695 ,Euelpis
620 4624 890 4679 Larandis
931 4626 1154 4689 rogatus
1192 4625 1270 4676 est
1296 4636 1331 4674 a
1376 4623 1571 4687 Neone,
1614 4623 1879 4676 Paulinus
1904 4624 2076 4677 Iconii

366 4732 401 4771 a
442 4714 623 4781 Celso,
667 4712 973 4767 Theodorus
1009 4710 1160 4780 apud
1188 4709 1453 4780 Synnada
1475 4708 1544 4763 ab
1566 4710 1767 4778 Attico,
1800 4711 2073 4778 fratribus

371 4804 574 4860 nostris
607 4801 953 4855 beatissimis.

436 4892 715 4947 Sermone
763 4890 855 4955 2i,
904 4888 932 4958 ἓ
978 4891 1026 4943 1.
1067 4886 1459 4942 Jocundabitur
1494 4888 1677 4955 justus
1706 4888 1766 4941 in
1803 4888 2070 4959 Domina]

372 4981 557 5051 Hujus
604 4977 885 5033 sermonis
926 4976 1148 5046 reliqua
1188 4979 1411 5031 tantum
1464 4981 1629 5031 erant
1664 4976 1984 5046 fragmenta
2012 4977 2071 5032 in

371 5067 569 5122 codice
596 5065 879 5121 .corticeo.
927 5065 1222 5133 [ntegrum
1268 5069 1467 5133 postea
1508 5065 1800 5136 exemplar
1828 5065 2069 5121 offendi-

369 5171 496 5209 mus
543 5155 603 5208 in
648 5154 841 5210 codice
878 5152 935 5209 S.
987 5152 1224 5206 Victoris
1277 5153 1360 5208 CC
1406 5156 1488 5207 l6.
1537 5150 1664 5208 Fuit
1704 5159 1761 5207 et
1804 5153 1867 5207 in
1908 5154 2074 5209 colle-

369 5242 557 5295 ctione
618 5241 947 5297 cancellarii
1000 5239 1334 5295 Parisiensis
1371 5245 1531 5310 parte
1571 5244 1624 5308 3,
1667 5246 1733 5295 ut
1780 5257 1848 5294 ex
1885 5241 2071 5298 indice

370 5328 692 5383 didicimus.
726 5329 1056 5387 Smnennus.

438 5416 466 5481 §
503 5420 555 5468 6.
615 5416 839 5471 Servum
880 5422 1031 5470 tuum
1078 5415 1567 5471 munumittendum
1607 5431 1775 5470 manu
1826 5416 1980 5471 ducis
2009 5419 2071 5471 in

368 5502 661 5557 ecclesiam.
706 5504 790 5556 Fit
836 5505 1134 5568 silentium,
1168 5502 1379 5558 libellus
1410 5508 1534 5558 tuus
1562 5506 1852 5569 recitatur,
1888 5508 1983 5558 aut
2019 5507 2082 5572 ﬁt

2182 4269 2317 4323 caesi
2347 4273 2482 4323 sunt
2513 4268 2826 4339 sexaginta.
2859 4267 3042 4331 Quam
3072 4266 3284 4320 furoris
3305 4264 3700 4320 immanitatem
3722 4269 3819 4310 exa-

2185 4358 2370 4429 gitans
2428 4358 2785 4427 Augustinus
2858 4356 3097 4426 epistola
3152 4359 3284 4424 ‘267,
3345 4352 3513 4409 simul
3576 4344 3853 4409 ilerculemi

2185 4447 2381 4513 deum,
2433 4451 2499 4501 ut
2541 4447 2648 4501 hoc
2689 4446 2834 4509 loco,
2891 4444 3026 4499 scite
3070 4444 3335 4499 deridet:
3370 4430 3817 4500 Si'HerculemJn-

2183 4535 2328 4606 quit,
2369 4539 2606 4589 uestrum
2636 4534 2915 4605 dia‘eritis,
2944 4548 3108 4603 porro
3145 4533 3450 4587 reddemus.
3500 4528 3697 4584 Adsunt
3733 4532 3818 4573 me-

2186 4622 2338 4701 talla,
2373 4637 2516 4676 saxa
2542 4634 2648 4674 non
2677 4620 2887 4687 desunt,
2918 4623 3023 4673 etc.
3078 4618 3417 4673 SIRMONDUS.
3456 4616 3465 4623 ’
3721 4696 3729 4705 .
3808 4687 3817 4705 ἲ

2253 4696 2527 4766 Sermone
2574 4712 2661 4764 35.
2706 4709 2769 4762 In
2814 4707 3018 4762 titulo:
3068 4707 3129 4762 Si
3165 4708 3385 4775 sapiens
3445 4702 3627 4770 fueris,
3690 4696 3815 4753 etc.j

2183 4797 2476 4852 Consentit
2500 4795 2793 4866 inscriptio
2822 4794 3030 4850 dodicis
3081 4793 3360 4863 Yictorini
3410 4792 3453 4846 D
3473 4791 3515 4845 D
3549 4788 3607 4843 12
3632 4796 3742 4838 cum
3770 4790 3819 4829 ea

2184 4904 2313 4958 quae
2350 4887 2501 4957 apud
2535 4886 2855 4940 Possidium
2885 4884 3115 4955 legitur,
3151 4888 3207 4938 et
3235 4898 3368 4938 cum
3396 4881 3578 4935 indice
3606 4871 3754 4946 partis
3779 4869 3817 4922 3,

2183 4974 2527 5031 Collectorii.
2577 4974 3012 5029 Proverbiorum
3061 4973 3217 5027 locus
3264 4983 3558 5043 expressus
3583 4958 3820 5050 est,ij

2178 5062 2493 5117 editionem
2544 5062 2672 5115 LXX
2715 5060 3121 5130 interpretum,
3153 5073 3283 5129 quae
3319 5055 3605 5126 aliquanto
3640 5046 3827 5130 uberior

2185 5157 2269 5207 est
2315 5152 2376 5206 in
2421 5148 2511 5204 his
2555 5150 2743 5205 verbis
2791 5154 2848 5203 et
2868 5125 3204 5219 explicatior
3229 5125 3669 5217 qumCVulgata.
3696 5125 3825 5227 Apuli

2184 5241 2652 5312 Chrysostomum
2701 5242 2891 5292 autem
2940 5218 3180 5291 homilia
3226 5234 3287 5289 in
3330 5233 3470 5305 psal.
3524 5247 3551 5283 c
3600 5231 3651 5281 et
3700 5218 3822 5312 alibi,

2189 5310 2455 5401 quando;
2484 5328 2606 5383 lac
2628 5325 3046 5394 veil-aﬁrecitat,
3080 5326 3274 5396 priore
3302 5324 3425 5377 Icco
3446 5335 3575 5389 non,
3600 5317 3645 5371 si
3659 5310 3833 5379 sagum

2182 5423 2268 5472 ἐὰν
2289 5440 2449 5490 σοφος,
2483 5417 2583 5485 εοᾶΔ
2605 5418 2653 5471 si
2681 5416 2846 5477 tonus
2874 5416 3050 5482 fueris
3084 5412 3295 5485 legitur
3321 5410 3381 5464 in
3412 5410 3559 5463 hunc
3595 5401 3823 5491 modum}

2189 5520 2399 5575 Τέκνον,
2470 5520 2553 5567 ἐὰν
2626 5517 2791 5580 ἂγοθος
2858 5515 2941 5576 ἧς,
2996 5514 3193 5573 ,σεαυτῷ
3469 5497 3569 5554 Em,
3627 5490 3698 5537 καὶ
3749 5490 3853 5553 τιμᾷς1
