3920 6180
108 285 193 337 389
860 278 1216 333 VARIORUM
1263 276 1862 332 EXERCITATIONES
1900 277 1965 330 ΙΝ
2006 280 2059 333 S.
2106 280 2471 335 AUGUSTINI
2511 279 2759 335 Ol’ER.\.

3457 286 3559 338 390

106 411 282 468 πλησίον
305 424 403 455 σου.
438 401 560 466 Fili,
601 402 649 453 si
688 399 851 453 bonus
884 401 1078 466 fueris,
1113 399 1214 453 tibi
1250 402 1361 469 ipsi
1397 402 1613 469 sapiens
1644 403 1747 453 eris
1787 407 1829 457 A
1862 400 2039 454 Roma
2062 401 2311 455 funditus
2340 418 2534 455 eversa
2563 402 2796 472 periisse
2832 402 3131 457 diceretur.
3192 405 3447 461 Titulum
3497 424 3561 461 ex

106 499 146 547 et
180 492 420 561 proximis
455 492 593 553 tuis;
637 489 860 558 reliqua
900 504 1028 541 vero
1078 504 1197 541 non
1244 488 1587 559 discrepant.
1632 490 1752 543 Siu-

112 595 302 635 uosors.
348 605 416 618 —
457 577 651 630 Melior
691 582 772 631 est
808 576 973 630 lectio
1010 577 1313 647 Augustini
1355 594 1527 647 quam
1572 578 1755 647 Chry-

112 666 322 731 sostomi,
366 671 427 719 ut
476 666 654 736 liquet
692 682 759 718 ex
809 666 1041 719 llebrseo
1092 670 1268 731 textu,
1317 666 1363 718 si
1410 667 1584 719 modo
1635 667 1755 719 tunc

106 756 349 828 posterior
378 754 547 807 lectio
577 754 687 807 dici
726 759 915 825 queat,
960 770 1074 807 non
1104 754 1291 807 minus
1323 760 1585 808 accurata
1616 755 1754 807 cita-

103 847 180 903 tio.
204 845 386 913 quales
409 859 541 913 quas
562 859 627 896 ex
652 844 929 896 memoria
955 842 1079 896 fieri
1102 844 1305 897 solent.

155 933 406 986 Sermone
449 934 542 997 41,
590 931 649 985 in
699 932 862 985 titulo
921 948 933 985 :
972 932 1158 985 Fidem
1206 932 1418 1000 posside
1465 948 1582 985 cum
1635 947 1758 1000 pro-

97 1024 219 1073 .rimo
258 1022 311 1073 in
335 1024 658 1087 paupertate
703 1019 925 1091 ipsius]
963 1020 1100 1073 Huic
1140 1025 1201 1073 ut
1247 1026 1453 1073 caetera
1499 1022 1759 1074 deessent

98 1108 243 1162 ﬁdem
296 1108 503 1160 astruit
561 1114 806 1162 vetustas
852 1109 1210 1178 exemplaris,
1253 1110 1409 1180 quod
1451 1109 1756 1163 maximam

98 1198 197 1267 ejus
235 1201 450 1264 partem
504 1196 845 1250 continebat:
908 1197 1148 1267 Reliqua
1215 1198 1451 1252 sulfccta
1511 1204 1644 1251 sunt
1690 1214 1757 1251 ex

97 1285 267 1338 eodem
296 1284 489 1338 codice
516 1285 568 1339 S.
610 1285 844 1338 Victoris
882 1287 975 1339 DD
1020 1290 1103 1352 12,
1149 1303 1261 1340 non
1293 1287 1492 1357 prisca":
1524 1287 1755 1356 quidem

96 1374 175 1427 illo
217 1373 412 1439 artatis,
475 1373 576 1426 sed
619 1374 719 1443 qui
757 1374 1019 1427 omnium
1062 1390 1338 1443 generum
1378 1391 1669 1429 sermones
1699 1376 1751 1429 S.

94 1462 364 1532 Augustini
397 1462 678 1532 plurimos
708 1463 1033 1532 collegerat.
1067 1464 1191 1517 Fuit
1219 1464 1391 1517 etiam
1436 1465 1495 1517 in
1526 1470 1684 1534 parte
1727 1469 1755 1519 3

96 1550 399 1616 Collectorii,
429 1554 494 1604 ut
526 1552 695 1605 index
728 1552 995 1605 declarat.
1031 1552 1366 1607 Sumoxnus.

150 1643 173 1706 §
211 1643 255 1692 3.
302 1642 460 1693 Prior
507 1641 725 1709 quidem
769 1656 901 1709 pars
948 1646 1219 1695 sententia:
1262 1642 1424 1710 hujus
1466 1643 1757 1696 secundum

96 1733 231 1785 istum
253 1732 571 1784 intellectum
596 1732 936 1800 popularem,
962 1732 1139 1800 placet
1168 1732 1332 1795 mihi;
1376 1734 1639 1799 posterior
1673 1738 1759 1785 ta-

98 1835 208 1883 men,
248 1821 441 1883 fateor,
484 1819 710 1887 offendit
752 1836 832 1873 me
869 1822 951 1887 (ut
994 1824 1050 1872 et
1082 1819 1246 1872 bonis
1296 1820 1418 1889 ejus
1450 1820 1760 1888 perfruaris

102 1907 428 1960 Ecclesiastici
463 1924 622 1972 xxru,
666 1910 771 1975 18).
826 1908 887 1961 Si
915 1909 1055 1960 enim
1097 1912 1381 1975 propterea
1414 1924 1595 1961 manes
1642 1923 1760 1961 cum

100 1999 239 2049 amico
280 1998 333 2049 in
368 2000 699 2064 paupertate
726 1996 864 2064 ejus,
904 2000 965 2049 ut
994 1997 1209 2064 quando
1244 1997 1393 2049 dives
1421 1999 1593 2063 fuerit
1632 2012 1757 2065 per-

100 2086 275 2148 fruaris
311 2084 526 2137 divitiis
555 2085 712 2151 ejus;
759 2084 936 2137 adhuc
973 2100 1079 2137 non
1128 2086 1381 2145 amicum,
1426 2085 1520 2137 sed
1548 2086 1762 2153 aliquid

102 2172 226 2224 aliud
256 2188 398 2225 amas
430 2175 489 2224 in
529 2170 744 2241 amico.]
794 2173 900 2226 Sed
948 2173 1174 2242 sapiens
1221 2173 1488 2226 llebrazus
1526 2190 1643 2226 non
1684 2173 1763 2227 ita

101 2260 336 2328 loquitur,
378 2260 546 2330 quasi
598 2260 732 2313 velit
762 2276 827 2313 ea
869 2261 987 2314 sola
1037 2261 1105 2314 de
1145 2276 1312 2313 causa
1342 2259 1399 2313 in
1429 2266 1761 2330 paupertate

104 2348 254 2401 amico
281 2348 618 2401 servandam
658 2347 854 2410 ﬁdem,
901 2353 980 2413 ut,
1020 2348 1065 2401 si
1096 2348 1240 2401 forte
1273 2348 1496 2402 divitias
1527 2365 1761 2421 recupe-

106 2441 186 2499 ret,
223 2437 521 2490 utilitatem
568 2452 638 2489 ex
686 2452 753 2489 eo
799 2436 1129 2507 capiamus;
1175 2453 1372 2490 verum
1426 2438 1473 2490 si
1522 2439 1763 2492 velimus

106 2524 251 2576 amico
278 2524 537 2577 secundis
570 2523 757 2578 utenti
794 2524 926 2591 frui,
971 2528 1237 2595 oportere
1268 2542 1369 2579 nos
1403 2525 1456 2579 ei
1498 2526 1671 2581 ﬁdem
1702 2528 1763 2582 in

102 2611 308 2665 adversis
328 2628 588 2667 servare.

151 2700 388 2755 Sermone
432 2704 535 2755 45.
593 2705 664 2756 De
703 2718 760 2755 eo
813 2702 957 2770 quod
1004 2707 1086 2756 est
1151 2704 1209 2756 in
1271 2704 1423 2757 Isaia
1469 2719 1587 2773 cap.
1632 2721 1756 2771 Lvn,

105 2787 195 2859 etc]
240 2790 398 2859 Apud
453 2790 806 2854 Possidium,
858 2807 979 2859 cap.
1031 2794 1082 2854 8,
1137 2807 1249 2844 non
1298 2792 1545 2845 auctoris
1573 2793 1758 2863 culpa,

110 2877 421 2945 sedlibrarii,
468 2878 684 2931 titulus
727 2878 817 2931 hic
866 2883 1079 2931 temere
1125 2878 1186 2931 in
1244 2879 1384 2933 duos
1428 2880 1638 2934 divisus
1677 2886 1781 2935 est-

1860 489 2238 543 vetustissimo
2273 491 2461 545 codice
2489 491 2871 562 ascripsimus,
2914 492 3013 562 qui
3054 493 3207 561 apud
3255 496 3463 548 Bedam
3496 495 3557 549 in

1861 578 2104 647 vulgatis
2134 580 2551 648 exemplaribus
2582 580 2958 648 desideratur,
2993 598 3105 651 quo
3132 583 3250 635 loco
3274 585 3557 638 sermonis

1863 666 2051 735 hujus,
2078 684 2191 720 non
2222 685 2487 737 expresso
2517 669 2636 739 ejus
2668 670 2921 733 nomine,
2958 670 3127 723 verba
3158 671 3552 739 proferuntur.

1864 754 2210 809 SIRMONDL'S.

1935 845 1961 909 ἕ
1999 846 2047 895 9.
2092 846 2259 896 Roma
2299 845 2411 896 ruit
2452 859 2613 911 quam
2644 844 2884 898 condidit
2932 845 3240 917 Romulus}
3283 848 3559 903 Sermone

1861 933 1929 983 29
1963 931 2030 984 de
2061 932 2251 985 Veri-is
2286 931 2508 985 Domini
2541 949 2552 985 :
2593 935 2875 986 Transierit
2910 949 3027 999 qua:
3079 936 3208 999 fecit
3238 937 3352 1003 ipse
3399 940 3557 1004 Deus,

1864 1024 2065 1086 quanto
2099 1022 2258 1073 citius
2299 1020 2443 1087 quod
2489 1020 2733 1073 condidit
2780 1020 3070 1074 Romulus?
3123 1022 3226 1075 Ubi
3269 1024 3336 1077 de
3378 1025 3559 1079 Roma

1863 1111 2041 1175 capta,
2072 1112 2303 1177 totoque
2326 1109 2434 1162 hoc
2459 1115 2799 1177 argumento
2842 1125 2956 1161 non
2990 1108 3287 1164 dissimilia
3323 1118 3561 1175 tractat;

1864 1199 2033 1265 atque
2084 1196 2292 1250 iterum
2342 1204 2397 1250 et
2432 1197 2493 1249 in
2536 1214 2798 1250 sermone
2836 1201 2932 1251 100
2977 1198 3044 1251 de
3101 1200 3361 1267 Diversis,
3396 1208 3450 1256 et
3496 1203 3556 1256 iu

1863 1283 1961 1337 lib.
1994 1301 2051 1337 ιιι
2074 1286 2141 1338 de
2173 1286 2406 1339 Civitate
2442 1286 2538 1339 Dei
2570 1303 2730 1356 capp.
2766 1290 2824 1339 l7
2855 1291 2909 1339 et
2940 1290 3017 1340 l8.
3044 1287 3378 1344 SIRMONDUS.

1934 1372 2204 1427 Sermone
2237 1378 2323 1429 90.
2360 1376 2439 1429 De
2467 1378 2674 1444 nuptiis
2720 1376 2826 1443 ﬁlii
2855 1375 3060 1447 Regis]
3119 1378 3188 1429 Ex
3230 1380 3429 1433 eodem
3460 1397 3554 1433 vo-

1864 1460 2082 1515 lumine
2114 1463 2439 1516 Corbeiensi
2469 1480 2532 1516 ex
2569 1479 2682 1533 quo
2701 1465 2980 1517 Valeriani
3010 1466 3144 1518 olim
3169 1466 3433 1519 homilias
3467 1468 3563 1521 de-

1865 1548 2212 1619 scripsimus.
2258 1552 2365 1606 Sed
2396 1553 2630 1604 mutilus
2660 1557 2798 1619 erat,
2836 1554 2948 1606 line
2978 1556 3189 1607 avulso.
3227 1556 3389 1619 Quod
3420 1573 3558 1627 ergo

1870 1635 2065 1690 deerat
2085 1641 2566 1708 supplementum,
2603 1640 2671 1692 ad
2705 1656 2807 1691 nos
2855 1646 3051 1709 postea
3084 1642 3323 1698 missum
3370 1650 3454 1699 est
3494 1661 3557 1698 ex

1871 1723 1983 1776 alio
2014 1726 2205 1778 codice
2233 1726 2487 1795 ejusdem
2518 1726 2870 1780 monasterii.
2907 1727 3066 1782 lusu.

1940 1812 2267 1879 Carthagine
2288 1816 2341 1866 in
2363 1813 2673 1881 Restituta.]
2703 1816 2777 1866 De
2797 1813 3027 1867 basilica
3053 1816 3330 1872 Restitute
3350 1820 3564 1876 dictum

1870 1904 1954 1952 est
1991 1900 2059 1952 ad
2089 1916 2407 1953 sermonem
2442 1904 2523 1954 19.
2561 1902 2620 1954 In
2649 1902 2845 1955 eadem
2887 1903 3143 1957 habitum
3186 1906 3358 1959 etiam
3390 1908 3561 1963 fuisse

1870 2002 2194 2040 sermonem
2230 1990 2328 2040 102
2358 1988 2425 2041 de
2457 1988 2724 2057 Diversis,
2750 1988 2962 2042 indicat
2992 1990 3305 2061 inscriptio.
3340 1996 3564 2050 Tertius

1868 2079 2144 2144 prmterea
2176 2076 2244 2129 de
2277 2075 2537 2145 Diversis,
2568 2076 2667 2147 qui
2695 2082 2781 2131 est
2811 2078 2878 2132 de
2912 2079 3097 2133 verbis
3132 2083 3338 2149 psalmi
3370 2099 3383 2135 :
3417 2086 3559 2139 Con-

1869 2162 2103 2232 ﬁtemini
2130 2168 2352 2218 Domino
2393 2168 2647 2233 quoniam
2684 2166 2867 2231 bonus,
2913 2173 2969 2220 et
3016 2172 3288 2224 tractatus
3315 2171 3375 2224 in
3408 2173 3566 2241 psal-

1869 2268 2030 2305 mum
2060 2269 2143 2306 Lv.
2200 2254 2297 2307 llle
2344 2252 2406 2307 in
2437 2255 2625 2308 codice
2667 2255 2721 2309 S.
2774 2256 3059 2323 Germani,
3106 2258 3199 2311 hic
3236 2259 3296 2312 in
3346 2266 3565 2328 nostro,

1872 2338 2213 2409 Carthagine
2243 2339 2421 2394 habiti
2452 2341 2736 2407 dicuntur,
2763 2342 2821 2396 in
2849 2344 3081 2399 basilica
3118 2348 3420 2404 Restituta.
3459 2352 3567 2404 Ne-

1872 2444 1983 2498 que
2012 2427 2070 2481 in
2118 2428 2221 2481 hac
2268 2429 2476 2495 solum,
2519 2446 2645 2500 qua:
2694 2430 2967 2500 primaria
3016 2438 3157 2499 erat,
3206 2436 3301 2490 sed
3337 2437 3395 2490 in
3445 2438 3569 2491 aliis

1874 2516 2047 2570 etiam
2080 2517 2617 2587 Carthaginensibus
2645 2518 2892 2571 basilicis
2924 2520 3100 2573 habiti
3140 2523 3209 2576 al)
3241 2540 3308 2577 eo
3349 2542 3566 2579 sermo-

1875 2621 1976 2658 nes
2008 2611 2423 2673 memorantur,
2454 2610 2518 2659 ut
2557 2606 2617 2660 in
2663 2607 2891 2660 basilica
2924 2609 3112 2662 Fausti
3152 2615 3211 2664 12
3256 2619 3313 2666 et
3367 2614 3466 2667 122
3497 2615 3566 2668 de

1877 2692 2138 2759 Diversis,
2186 2692 2247 2745 in
2296 2694 2525 2747 basilica
2576 2696 2885 2749 Leontiana
2937 2700 2989 2750 ll
3049 2697 3117 2751 de
3181 2699 3446 2769 Diversis,
3507 2702 3567 2755 in

1871 2781 2103 2834 basilica
2144 2782 2416 2835 Celerinm
2454 2786 2547 2836 193
2586 2783 2653 2837 de
2682 2785 2978 2854 Tempore,
3022 2785 3083 2839 in
3127 2786 3359 2841 basilica
3387 2791 3569 2842 Nova-

1872 2885 2001 2922 rum
2036 2870 2134 2922 110
2165 2870 2234 2923 de
2262 2871 2557 2940 Tempore,
2586 2872 2645 2924 in
2676 2872 2904 2926 basilica
2935 2874 3084 2927 Petri
3116 2876 3367 2945 regionis
3387 2877 3571 2932 tertiae

119 2967 223 3034 quasi
262 2984 406 3021 unus
453 2984 656 3020 sermo
713 2967 783 3021 de
824 2967 1010 3020 verbis
1061 2968 1241 3034 Isaiae,
1285 2969 1429 3021 alter
1482 2969 1551 3023 de
1581 2970 1764 3025 verbis
1803 2968 1842 3025 C
1873 2959 1966 3011 25‘
2007 2959 2076 3011 de
2108 2958 2414 3028 Tempore;
2449 2959 2508 3013 in
2556 2960 2784 3015 basilica
2822 2964 2978 3017 Ρδυίί
3023 2965 3273 3035 regionis
3304 2972 3474 3021 591W
3500 2970 3567 3022 24

113 3052 317 3118 Apostoli.
346 3053 693 3107 SIRMONDUS.

156 3142 238 3203 §7.
267 3143 322 3195 Si
349 3142 617 3206 dixisset,
651 3144 817 3195 crevit
842 3143 931 3196 ille
949 3158 1098 3197 mons
1132 3147 1183 3197 et
1214 3144 1463 3211 implevit
1482 3146 1762 3213 Africam,

105 3228 297 3293 nunquid
324 3229 575 3282 dicerent
604 3230 706 3295 illi,
741 3231 851 3282 nisi
883 3232 1015 3297 quia
1042 3245 1174 3297 pars
1217 3231 1427 3284 Donati
1466 3231 1583 3302 est]
1629 3233 1763 3285 Tra-

103 3317 219 3367 ctatu
252 3316 306 3369 in
349 3318 570 3387 psalm.
621 3333 744 3370 χιιι(
777 3333 789 3371 :
824 3318 1055 3371 Locutus
1087 3322 1164 3371 est
1197 3323 1247 3372 et
1300 3321 1512 3372 vocavit
1541 3324 1760 3374 terram.

104 3400 237 3462 Quam
263 3406 516 3458 terram?
542 3405 629 3458 An
672 3407 816 3471 forte
845 3407 1116 3472 Africam,
1148 3412 1375 3475 propter
1417 3422 1501 3461 eos
1541 3410 1638 3476 qui
1678 3410 1764 3462 di-

102 3494 210 3555 cunt,
237 3494 463 3547 Ecclesia
516 3494 730 3546 Christi
761 3508 902 3562 pars
944 3496 1139 3548 Donati
1185 3499 1280 3549 est.
1320 3495 1647 3563 Donatistae,
1684 3496 1768 3549 ni-

102 3579 269 3633 mirum
293 3581 608 3635 Ecclcsiam
648 3582 706 3634 in
759 3582 1028 3636 omnibus
1070 3584 1271 3637 mundi
1310 3584 1569 3654 partibus
1609 3602 1764 3639 com-

102 3669 327 3723 munione
372 3671 726 3725 trarlitorum
771 3671 1134 3737 exstinctam,
1189 3673 1339 3740 apud
1390 3688 1447 3725 se
1483 3673 1542 3726 in
1582 3673 1767 3727 Africa

103 3755 191 3806 sola
216 3759 550 3811 remansisse
586 3758 930 3813 delirabant.
962 3759 1315 3828 Augustinus
1347 3759 1495 3813 idem
1530 3760 1766 3830 epistola

109 3842 182 3893 165
222 3845 285 3897 ad
325 3846 678 3900 Generosam
729 3859 740 3898 :
800 3848 904 3901 Vos
951 3845 1137 3900 dicitis
1180 3852 1404 3915 propter
1452 3848 1762 3916 traditores,

105 3943 206 3994 quos
246 3949 343 3987 non
380 3934 691 4001 ostenditis,
748 3935 1068 3987 remansisse
1096 3932 1392 3987 Ecclesiam
1432 3936 1662 4001 Christi
1707 3939 1765 3989 in

104 4019 195 4071 sola
220 4022 403 4086 Africa
433 4025 616 4095 partis
658 4024 889 4076 Donati.
946 4022 1097 4087 Quod
1134 4038 1239 4075 non
1287 4023 1352 4075 de
1398 4024 1527 4091 lege,
1560 4039 1667 4077 non
1701 4024 1767 4076 de

104 4110 353 4179 prophetis,
402 4129 509 4166 non
546 4111 613 4165 de
651 4112 894 4177 Psalmo,
945 4126 1049 4163 non
1093 4110 1159 4163 de
1214 4111 1489 4179 Apostolo,
1553 4128 1658 4165 non
1701 4113 1767 4165 de

110 4196 354 4266 Evangelia
383 4221 397 4267 ;
423 4201 519 4255 sed
563 4200 629 4253 de
665 4200 821 4253 corde
854 4204 1026 4253 vestro
1068 4203 1119 4252 et
1149 4199 1213 4252 de
1241 4205 1527 4269 parentum
1558 4206 1754 4255 cestro-

104 4299 201 4338 rum
236 4288 511 4343 calumniis
561 4290 828 4342 rccitatis.
886 4287 1097 4341 Eo’dem
1156 4303 1354 4341 rursus
1406 4288 1661 4343 alludens
1699 4288 1756 4342 in

108 4374 272 4439 psalm.
302 4393 389 4430 xxi
419 4394 431 4432 :
458 4380 523 4432 In
572 4379 718 4430 omni
754 4377 863 4430 loco
908 4378 1109 4429 Paulus
1158 4376 1291 4430 dicit
1330 4377 1523 4431 bonum
1552 4377 1765 4431 odorem

107 4474 195 4515 esse
232 4479 397 4520 omnes
438 4466 621 4534 ﬁdeles
642 4484 663 4529 ;
690 4470 739 4517 et
776 4465 1172 4518 contradicitur
1209 4469 1259 4517 et
1289 4465 1491 4519 dicitur
1523 4482 1535 4519 :
1566 4466 1765 4533 Africa

107 4550 197 4601 sala
223 4552 335 4605 bene
361 4555 491 4619 olet,
515 4558 656 4607 totus
686 4552 919 4606 mundus
944 4557 1115 4621 putet.
1146 4553 1478 4613 SIRMONDUS,

165 4638 283 4693 Ibid.
307 4642 391 4695 Sic
421 4642 770 4711 Augustinus
807 4658 903 4695 eos
935 4642 1245 4713 alloquitur
1276 4641 1301 4711 ἓ
1343 4646 1398 4709 8,
1430 4643 1528 4712 qui
1559 4644 1768 4698 vellent

110 4726 299 4792 quidem
329 4746 559 4799 peccare
595 4729 640 4782 si
681 4734 801 4783 tuto
841 4730 966 4785 ﬁeri
996 4735 1207 4799 posset,
1244 4731 1343 4785 sed
1374 4736 1607 4801 propter
1644 4750 1765 4803 poe-

110 4826 215 4867 nam
251 4822 304 4869 et
346 4818 640 4872 infamiam
676 4834 793 4872 non
846 4818 1059 4872 audent
1091 4836 1103 4873 :
1140 4820 1331 4872 Libido
1380 4821 1555 4886 ardet,
1608 4825 1768 4877 timor

108 4910 299 4958 revocat.
332 4908 479 4971 Quid
503 4907 677 4979 {times
702 4908 730 4962 ?
767 4910 1005 4963 inveniri
1044 4900 1094 4962 et
1138 4908 1420 4971 damnari,
1453 4913 1690 4964 inveniri
1719 4917 1768 4967 et

107 4996 430 5065 tmpomparij
481 4998 594 5053 Hoc
640 5002 745 5063 est,
797 4997 1084 5063 infamari,
1142 4997 1407 5052 conviciis
1467 4999 1765 5068 exagitari,

108 5083 157 5129 ut
179 5082 399 5138 verbum
442 5086 699 5140 Graecum
733 5094 1085 5155 πομπεύεσθαι,
1128 5086 1197 5139 de
1232 5104 1347 5157 quo
1392 5087 1520 5142 vide
1567 5088 1767 5143 Henri-

110 5179 213 5221 cum
232 5171 573 5242 Stephanum
607 5174 664 5227 in
696 5175 1231 5245 Thesaurodingute
1264 5178 1490 5230 Graecae.
1526 5178 1685 5233 Adde
1716 5186 1771 5232 et

114 5251 577 5327 Harpocrationem
601 5263 660 5317 in
683 5263 917 5317 vocibus
934 5271 1171 5332 πομπείας
1193 5274 1275 5318 καὶ
1298 5273 1582 5333 πομπεύειν.

166 5343 415 5403 Sermone
467 5353 553 5405 81.
614 5353 695 5405 De
742 5353 917 5406 verbis
965 5353 1257 5417 Evangelii
1324 5355 1525 5408 Matth.
1589 5352 1763 5424 xvmj

116 5430 315 5491 Habitus
376 5456 526 5494 anno
584 5440 791 5495 Christi
842 5443 965 5504 6l0,
1025 5445 1154 5510 post
1211 5441 1414 5495 urbem
1459 5444 1681 5511 captam
1740 5458 1773 5495 a

120 5518 303 5593 Gothis,
348 5542 478 5581 cum
534 5528 703 5583 allato
760 5528 821 5583 in
867 5528 1111 5583 Africam
1160 5529 1283 5599 ejus
1320 5528 1493 5584 cladis
1542 5528 1767 5596 nuntio,

1877 3046 1946 3100 de
1978 3047 2274 3116 Tempore.
2310 3048 2463 3101 luem.

1950 3134 2222 3189 Sermone
2258 3136 2374 3199 H3,
2432 3138 2459 3203 §
2510 3139 2561 3192 2.
2618 3140 2859 3193 Primum
2906 3141 3041 3208 quid
3084 3146 3160 3195 est
3210 3144 3569 3199 mammona?

1883 3224 2116 3279 Verbum
2163 3229 2240 3277 est
2284 3227 2424 3278 etum
2474 3226 2618 3292 quod
2677 3228 2931 3281 Latinum
2990 3246 3097 3283 non
3144 3236 3240 3285 est.
3292 3235 3572 3287 Hebraeum

1875 3312 2096 3366 verbum
2157 3320 2234 3365 est
2274 3318 2558 3379 cognatum
2600 3316 2798 3383 lingua:
2842 3317 3083 3372 Punica}.
3124 3321 3248 3374 Ista:
3281 3324 3421 3375 enim
3465 3324 3570 3375 Iin-

1874 3416 1991 3468 guae
2033 3401 2141 3453 sibi
2186 3403 2600 3469 signiﬁcationis
2653 3406 2891 3473 quadam
2948 3410 3226 3462 uicinitate
3272 3414 3567 3464 sociantur.

1876 3488 2027 3559 Quod
2060 3488 2255 3543 Punici
2284 3490 2472 3545 dicunt
2508 3508 2801 3547 mammon
2834 3496 3027 3549 Latine
3070 3498 3290 3551 lucrum
3327 3506 3567 3555 vocatur.

1876 3576 2027 3641 Quod
2056 3578 2265 3631 Hebraei
2292 3578 2482 3633 dicunt
2524 3596 2856 3634 mammona
2900 3585 3093 3637 Latine
3131 3584 3344 3639 divitia:
3370 3602 3572 3641 vocan—

1876 3669 1983 3719 tur.
2019 3665 2156 3719 Vide
2199 3671 2317 3719 not.
2366 3667 2427 3721 in
2477 3667 2576 3721 lib.
2612 3684 2683 3721 vn
2730 3669 3118 3733 Quaestionum
3157 3671 3217 3725 in
3260 3674 3568 3743 Heptateu-

1874 3753 2069 3818 chum,
2111 3758 2310 3823 qutest.
2368 3757 2453 3822 16,
2497 3754 2593 3808 ubi
2637 3755 2849 3809 similia
2892 3758 3065 3812 habet
3101 3761 3453 3829 Augustinus
3504 3763 3571 3816 de

1874 3841 2069 3911 lingua
2093 3842 2304 3895 Punica
2330 3861 2345 3908 ;
2375 3859 2502 3912 qua:
2525 3860 2637 3913 quo
2667 3844 3023 3916 frequentius
3054 3847 3318 3916 legimus,
3353 3866 3418 3903 eo
3448 3866 3570 3903 ma-

1874 3927 1959 3998 gis
1991 3933 2216 3981 movent
2238 3929 2381 3982 iram
2414 3935 2665 3985 nostram
2693 3932 2751 3985 in
2781 3935 3084 3988 Poenorum
3108 3937 3443 4004 socordiam,
3470 3938 3572 4008 qui

1875 4032 2001 4069 eam
2035 4015 2289 4084 linguam
2331 4016 2453 4069 sine
2474 4034 2578 4070 usu
2601 4018 2836 4074 interire
2862 4023 3013 4091 passi
3037 4028 3190 4093 sunt,
3213 4025 3350 4077 dum
3370 4030 3452 4079 tot
3480 4026 3574 4079 fri-

1874 4104 2033 4173 gidas
2063 4109 2119 4156 et
2138 4103 2351 4156 nullius
2377 4105 2548 4173 pretii
2579 4106 2846 4161 homilias
2881 4111 3103 4165 Latinas
3151 4114 3561 4171 exscriberent.

1948 4192 2220 4245 Sermone
2256 4194 2374 4244 118.
2409 4196 2481 4245 De
2519 4194 2716 4249 eisdem
2748 4197 2923 4252 verbis
2962 4203 3300 4267 evangelista?
3337 4204 3505 4255 Joan.
3532 4220 3570 4269 ι,

1876 4278 2009 4351 etc.]
2037 4280 2214 4349 Hujus
2245 4279 2417 4334 etiam
2448 4281 2677 4336 unicum
2712 4285 2957 4349 vidimus
2987 4290 3277 4359 exemplar
3297 4290 3355 4343 in
3378 4290 3573 4345 codice

1871 4371 1925 4426 S.
1962 4368 2212 4447 ‘Victoris
2244 4370 2333 4422 DD
2386 4373 2467 4423 12.
2513 4372 2622 4426 Sed
2656 4374 2943 4445 designari
2984 4377 3209 4432 videtur
3246 4395 3278 4432 a
3316 4380 3569 4435 Possidio

1872 4458 2109 4515 indiculi
2141 4474 2268 4526 cap.
2308 4462 2359 4519 5,
2392 4476 2522 4514 cum
2550 4461 2702 4517 inter
2721 4480 2786 4517 ea
2812 4482 2939 4535 quas
2969 4468 3321 4537 Augustinus
3347 4470 3571 4540 scripsit

1874 4550 2143 4604 adversus
2198 4546 2437 4600 Arianos
2513 4554 2813 4606 tractatum
2864 4560 3128 4610 numerat
3176 4560 3243 4612 In
3294 4560 3568 4627 Principio

1873 4642 1990 4693 erat
2046 4635 2295 4691 Verbum.
2339 4637 2431 4689 Est
2472 4643 2747 4706 prasterea
2786 4643 2854 4696 de
2889 4645 3133 4699 Diversis
3176 4663 3362 4701 sermo
3399 4650 3459 4701 14
3500 4649 3568 4701 de

1874 4726 2076 4781 iisdem
2130 4722 2315 4775 verbis
2367 4724 2598 4779 Genesis
2657 4733 2712 4782 et
2757 4731 3008 4797 Joannis,
3066 4735 3334 4788 adversus
3386 4735 3569 4788 illaul-

1875 4816 2081 4878 chmos,
2127 4811 2287 4879 cujus
2332 4811 2471 4867 item
2520 4816 2784 4872 meminit
2830 4820 3121 4875 Possidius
3168 4838 3289 4892 cap.
3338 4827 3389 4876 2.
3441 4826 3563 4877 Sm-

1877 4924 2113 4961 HONDUS.

1949 5000 1976 5065 §
2020 5005 2065 5055 1.
2112 5003 2178 5055 Si
2220 5017 2325 5057 non
2378 5003 2526 5067 potes
2576 4996 2896 5063 intelligere,
2962 4998 3112 5051 crede
3170 5002 3229 5050 ut
3272 4996 3565 5064 intelligas.

1877 5088 2135 5143 Prwcedit
2177 5090 2331 5158 ﬁdes,
2380 5088 2626 5154 sequitur
2660 5086 2976 5150 intellectus,
3008 5087 3260 5152 quoniam
3303 5088 3572 5154 propheta

1879 5175 2050 5231 dicit:
2086 5178 2203 5233 Nisi
2238 5174 2609 5239 credideritis,
2641 5190 2754 5227 non
2803 5172 3177 5243 intelligetis]
3227 5174 3340 5229 Hoc
3369 5175 3569 5229 eodem

1881 5262 2002 5318 loco
2028 5280 2351 5320 sermonem
2384 5263 2613 5323 claudit,
2655 5262 2724 5316 de
2770 5277 2884 5332 quo
2932 5261 3060 5316 vide
3094 5266 3287 5316 notata
3325 5263 3395 5318 ad
3427 5280 3570 5336 opus

1880 5352 1950 5407 de
1983 5355 2183 5409 Libero
2215 5353 2465 5408 Arbitrio
2498 5353 2592 5406 lib.
2627 5370 2664 5419 ι,
2706 5367 2828 5420 cap.
2851 5354 2903 5406 2.

1951 5443 2225 5496 Sermone
2258 5446 2377 5496 125.
2411 5446 2489 5497 De
2528 5428 2765 5508 quinque
2802 5440 3146 5509 porticibus]
3198 5442 3356 5494 Hunc
3406 5442 3571 5496 nobis

1878 5530 2263 5601 suppeditavit
2306 5530 2482 5585 codex
2531 5530 2583 5583 S.
2621 5527 2897 5581 Vincentii
2930 5529 3206 5583 Metensis.
3243 5530 3403 5592 Quod
3436 5546 3567 5584 vero
