3920 6180
384 250 476 302 391

381 340 441 426 in
480 371 761 426 sermonis
793 371 1025 426 exordio
1069 372 1149 426 ait
1177 371 1548 440 Augustinus,
1589 371 1657 425 de
1688 372 1891 427 eodem
1918 372 2068 443 capi-

386 461 510 515 tulo
557 461 846 532 Evangelii
877 477 934 514 se
970 461 1087 530 jam
1130 462 1404 526 locutum,
1451 476 1796 527 sermonem,
1850 462 2070 532 opinor,

383 547 576 602 innuit
604 551 672 602 42
723 549 790 601 de
844 547 1034 601 Verbis
1068 546 1313 609 Domini,
1358 548 1456 618 qui
1498 546 1847 616 inscribitur,
1881 551 1953 602 De
1982 551 2073 602 in—

380 638 539 708 ﬁrmo
561 638 773 706 jacente
793 636 866 688 ad
891 638 1177 704 piscinam.
1220 635 1324 690 Sed
1365 634 1543 689 nostri
1574 635 1781 690 diserte
1812 638 2073 690 meminit

381 726 689 780 Possidius.
725 725 1056 780 Sumoxnus.

449 816 476 881 §
519 820 571 868 7.
636 817 695 868 1n
753 814 1191 882 quadragenario
1241 829 1458 867 numero
1514 814 1793 884 completio
1837 816 2072 883 justitiae

373 903 686 973 ﬁguratur.]
725 903 987 957 Pluribus
1047 919 1166 955 rem
1197 907 1422 954 enarrat
1453 904 1479 968 §
1511 905 1563 957 9.
1604 902 1748 955 Dixit
1780 903 1882 955 hac
1911 903 1980 956 de
2011 920 2069 956 re

375 996 429 1045 et
459 992 606 1045 libro
648 1009 686 1045 ιι
718 993 786 1046 de
835 991 1102 1045 Doctrina
1151 990 1486 1056 Christiana,
1522 992 1548 1056 §
1591 994 1680 1057 25,
1731 991 1826 1044 ubi
1876 996 2066 1045 tamen

375 1086 636 1135 nontam
679 1080 921 1150 justitize
961 1079 1422 1150 completionem,
1485 1095 1655 1150 quam
1695 1079 1866 1132 vitam
1924 1081 2068 1134 hanc

377 1186 762 1224 aerumnosam
800 1170 1227 1238 interpretatur.
1264 1168 1397 1222 Vide
1428 1184 1555 1236 quae
1583 1167 1662 1222 ibi
1692 1168 1957 1222 diximus.

445 1260 723 1313 Sermone
769 1261 897 1312 140.
955 1259 1162 1311 Contra
1208 1257 1480 1326 quoddam
1525 1257 1728 1310 dictum
1774 1259 2068 1311 Maximini

383 1351 710 1402 drianorum
742 1348 999 1416 episcopi,
1034 1349 1130 1414 qui
1156 1361 1274 1399 cum
1309 1346 1608 1411 Segisvulto
1647 1349 1834 1399 comite
1867 1348 2064 1399 consti-

369 1444 518 1493 tutus
557 1441 614 1491 in
640 1438 840 1502 Africa
888 1435 1336 1504 blasphemabat.]
1382 1434 1764 1503 Segisvultum
1795 1435 2061 1488 comitem

369 1529 614 1597 Prosper
644 1527 701 1579 in
739 1526 1015 1580 Chronico
1046 1529 1238 1576 narrat
1266 1523 1322 1576 in
1347 1522 1589 1578 Africam
1621 1522 1858 1576 missum
1891 1523 2061 1577 fuisse

366 1619 562 1668 contra
620 1612 992 1676 Bonifacium,
1050 1610 1238 1664 llierio
1292 1614 1347 1663 et
1391 1609 1682 1664 Ardaburc
1713 1609 2056 1676 consulibus,

366 1704 475 1758 hoc
503 1707 590 1756 est
632 1717 781 1754 anno
831 1698 1034 1754 Christi
1072 1699 1197 1754 4'27.
1233 1699 1374 1752 Cum
1405 1713 1470 1751 eo
1500 1697 1721 1751 venisse
1753 1697 2060 1752 Maximum

366 1790 698 1861 episcopum
740 1787 1076 1842 Maximinus
1114 1786 1232 1855 ipse
1264 1786 1585 1856 proﬁtetur,
1615 1785 1779 1840 initio
1803 1787 2060 1842 collatio-

361 1879 450 1934 nis
480 1895 651 1948 quam
696 1878 951 1947 Hippone
1007 1874 1206 1928 habuit
1250 1890 1378 1928 cum
1418 1874 1472 1929 S.
1535 1875 1873 1946 Augustino.
1923 1879 2058 1945 Ego,

362 1968 574 2040 inquit,
615 1969 674 2020 in
723 1967 858 2020 hanc
900 1967 1171 2018 civitatem
1220 1966 1416 2017 missus
1454 1979 1488 2016 a
1531 1966 1717 2018 comite
1760 1965 2059 2032 Segisvulto

363 2057 459 2129 (sic
487 2055 640 2109 enim
681 2054 987 2125 legendum
1019 2053 1142 2122 est),
1182 2053 1622 2120 contemplatione
1656 2055 1809 2121 pacis
1840 2053 2054 2108 adveni.

363 2147 585 2200 Praeter
619 2142 982 2198 collationem
1013 2147 1204 2195 autem
1234 2145 1289 2194 et
1330 2140 1505 2194 libros
1537 2141 1680 2194 duos
1709 2145 1836 2210 post
1882 2143 2052 2196 colla-

358 2234 574 2288 tionem
619 2237 816 2287 contra
863 2229 1232 2285 Maximinum
1289 2229 1548 2298 scriptos,
1601 2229 1702 2298 qui
1763 2229 2054 2285 collationi

360 2322 528 2392 vulgo
572 2321 888 2386 adhaerent,
941 2334 1070 2372 cum
1117 2316 1342 2388 sejungi
1391 2318 1460 2370 ab
1497 2317 1565 2370 iis
1611 2317 1872 2383 debeant,
1917 2319 2052 2372 scri-

355 2415 550 2483 pserat
589 2410 760 2464 etiam
811 2407 1165 2479 Augustinus
1202 2405 1503 2476 epistolam
1559 2405 1938 2474 dogmaticam
1984 2408 2050 2461 ad

364 2499 757 2567 Maximinum,
789 2498 950 2567 cujus
989 2497 1108 2550 sola
1145 2494 1358 2549 mentio
1390 2499 1646 2564 superest
1678 2497 1830 2565 apud
1861 2497 2051 2550 Possi-

358 2588 539 2652 dium,
573 2603 726 2641 nunc
757 2586 910 2639 enim
939 2601 1057 2638 non
1078 2589 1278 2638 exstat.
1316 2583 1642 2637 SIRMONDUS.

425 2676 698 2730 Sermone
733 2675 907 2744 167,§
947 2675 999 2728 4.
1045 2672 1389 2728 Proverbium
1425 2677 1608 2725 notum
1649 2675 1726 2725 est
1766 2675 2047 2740 Punicum,

365 2763 510 2833 quod
577 2763 793 2832 quidem
847 2765 1041 2817 Latine
1091 2761 1239 2815 vobis
1285 2760 1483 2826 dicam,
1529 2762 1662 2828 quia
1704 2762 1898 2814 Punice
1943 2777 2049 2815 non

358 2867 535 2907 omnes
574 2857 762 2906 nostis.
797 2853 1055 2906 Punicum
1087 2852 1223 2902 enim
1245 2849 1592 2918 proverbium
1617 2852 1695 2902 est
1723 2851 2042 2918 antiquum:

353 2943 596 2996 NUMMUM
645 2956 850 3001 QUIERIT
896 2953 1255 3005 PESTILENTIA,
1301 2953 1439 2991 DUOS
1484 2952 1586 2990 lLLI
1640 2952 1725 3003 DA,
1773 2953 1836 2990 ET
1884 2953 2051 2992 DUCAT

356 3025 466 3098 sa]
523 3026 761 3096 Sapiens
809 3041 941 3078 sane
999 3023 1386 3096 proverbium,
1441 3027 1497 3075 et
1551 3023 1700 3092 quod
1751 3022 1930 3092 possit
1983 3022 2041 3075 in

349 3114 520 3169 nobis
546 3114 890 3168 Punicorum
926 3113 1203 3166 librorum
1233 3112 1538 3164 vehemens
1569 3111 1915 3164 desiderium
1947 3127 2041 3164 ex-

349 3203 523 3258 citare
549 3219 563 3270 ;
598 3218 739 3272 quos
770 3202 989 3254 utinam
1019 3201 1172 3254 hisce
1203 3199 1534 3252 tractatibus
1567 3215 1860 3269 possemus
1891 3199 2040 3272 redi-

349 3297 541 3375 mere!
604 3270 873 3345 Debraice
921 3287 1130 3342 dixeris
1176 3304 1190 3342 :
1235 3272 1291 3346 πί)
1328 3296 1399 3375 ’μ’-ι
1433 3296 1552 3345 ἺΠΝ
1602 3295 1719 3371 ἣῠ)
1765 3298 1875 3346 '13'1
1912 3270 2042 3345 “mi?

343 3366 510 3467 ’ᾖηὴ
541 3379 715 3439 mare.

417 3469 690 3523 Sermone
749 3467 865 3519 118.
923 3467 997 3519 De
1049 3465 1219 3519 Versu
1264 3462 1466 3532 psalmi
1519 3460 1623 3530 cv.]
1683 3463 1837 3515 lianc
1890 3461 2040 3515 tituli

347 3561 572 3628 partem
615 3553 724 3626 ipsi
767 3553 1099 3622 adjecimus,
1153 3565 1283 3604 cum
1332 3550 1391 3603 in
1439 3549 1675 3620 antiquo
1730 3550 2040 3618 exemplari

346 3646 502 3700 nuda
557 3649 609 3698 et
660 3643 782 3697 sine
831 3641 1076 3695 auctoris
1116 3640 1347 3694 nomine
1404 3643 1551 3691 esset
1579 3636 1916 3706 inscriptio:
1948 3639 2040 3692 Die

347 3735 695 3790 calendarum
725 3733 983 3787 Januarii
1047 3729 1319 3800 Congruit
1368 3731 1556 3782 autem
1588 3744 1718 3798 pars
1755 3733 2034 3800 utraque;

340 3841 474 3879 nam
509 3829 565 3878 et
591 3828 744 3878 totus
785 3825 870 3876 est
901 3824 1097 3874 auctor
1123 3819 1181 3873 in
1213 3816 1520 3888 arguendis
1549 3817 1672 3886 ejus
1719 3815 1832 3870 diei
1862 3833 2035 3887 paga-

342 3914 432 3968 nis
473 3912 699 3979 ritibus,
745 3915 800 3965 et
849 3909 1073 3965 Davidis
1120 3908 1290 3961 verba
1321 3907 1381 3960 in
1427 3921 1552 3958 eam
1585 3921 1704 3958 rem
1749 3904 2038 3976 eleganter

341 4001 749 4057 accommodat.
788 4001 866 4054 De
896 3999 1099 4052 iisdem
1134 3996 1382 4050 calendis
1406 3993 1684 4060 Januarii,
1714 4009 1843 4063 qua:
1882 3995 2037 4048 varia

340 4091 600 4162 gentium
662 4088 1063 4160 superstitione
1131 4085 1553 4156 polluebantur,
1606 4087 1787 4136 exstat
1831 4083 2035 4136 Asterii

337 4183 593 4234 Amaseaz
695 4175 967 4248 episcopi,
1053 4191 1225 4246 quem
1318 4188 1490 4243 supra
1570 4171 1818 4245 laudavi,
1892 4182 2032 4244 λόγος

338 4291 660 4338 κατηγοριχος
723 4276 809 4332 τῆς
892 4273 1058 4336 ἑορτῆς
1134 4273 1232 4317 τῶν
1308 4269 1581 4318 καλανδῶν.
1654 4267 1803 4320 Petri
1860 4268 2028 4321 etiam

337 4355 668 4426 Chrysologi
719 4369 905 4407 sermo
938 4356 1057 4418 155,
1086 4355 1140 4403 et
1178 4350 1401 4404 Maximi
1441 4353 1761 4406 Taurinatis
1795 4357 1874 4409 l0.
1921 4355 2029 4410 Sed

338 4451 394 4499 et
431 4443 786 4514 Augustinus
822 4445 1017 4494 noster
1071 4439 1138 4492 de
1189 4437 1429 4491 Diversis
1485 4456 1744 4494 sermone
1775 4445 1881 4497 59:
1919 4445 2029 4497 Ca-

336 4533 524 4597 lendee,
571 4529 778 4601 inquit,
831 4530 1088 4583 Januarii
1114 4539 1352 4580 venturae
1386 4532 1532 4581 sunt.
1574 4530 1874 4585 Christiani
1905 4534 2029 4586 estis

338 4635 553 4682 omnes;
596 4622 700 4674 Deo
725 4619 980 4688 propitio,
1022 4618 1337 4672 Christiana
1382 4622 1460 4670 est
1495 4619 1707 4671 civitas.
1751 4620 1868 4674 Non
1894 4621 2031 4686 ﬁant

334 4712 433 4766 illa
461 4725 580 4780 quae
605 4708 720 4762 odit
754 4710 909 4762 Deus.
948 4707 1048 4759 Per
1089 4706 1263 4759 lusum
1293 4707 1576 4773 iniquitas,
1605 4722 1702 4775 per
1713 4707 1899 4776 jocum
1925 4709 2027 4760 im-

332 4801 606 4870 probitas.
645 4799 764 4853 Non
791 4793 899 4850 sibi
942 4797 1154 4861 faciant
1185 4795 1418 4848 homines
1433 4794 1667 4863 judices,
1699 4811 1765 4849 ne
1809 4794 2030 4850 veniant

330 4891 387 4943 in
431 4901 624 4942 manus
671 4886 789 4939 veri
829 4882 1057 4938 Judicis.
1112 4881 1356 4952 Iudices,
1394 4881 1674 4946 videlicet,
1723 4885 2028 4954 magistra-

333 4982 566 5048 tusque,
601 4974 752 5028 inter
781 4973 893 5026 alia
928 4971 1050 5041 ejus
1078 4970 1191 5024 diei
1215 4970 1451 5039 ludicra,
1474 4972 1846 5042 efﬁngebant.
1875 4973 2024 5037 Quin

330 5070 386 5120 et
414 5065 547 5120 deos
579 5063 750 5118 etiam
781 5077 930 5126 suos,
978 5064 1039 5113 ut
1077 5059 1454 5130 Chrysologus
1485 5059 1669 5127 docet,
1711 5077 2024 5132 repraesen-

331 5154 528 5207 tabant
554 5157 612 5206 et
641 5149 904 5206 ludibriis
936 5147 1303 5201 infamabant.
1336 5147 1667 5202 Smnonous.

400 5238 428 5309 §
487 5241 538 5294 3.
582 5242 854 5293 Damonia
888 5237 1221 5292 delectantur
1268 5237 1493 5289 canticis
1538 5237 1819 5302 vanitatis,
1888 5235 2025 5288 dele-

331 5333 552 5384 ctantur
584 5329 868 5394 nugatorio
911 5325 1231 5395 spectaculo,
1281 5327 1332 5376 et
1373 5324 1806 5392 turpitudinibus
1849 5325 2023 5377 variis

329 5419 685 5478 theatrorum,
726 5413 866 5482 etc.]
888 5412 1299 5488 Copiosissime
1328 5411 1432 5465 hac
1464 5411 1531 5464 de
1565 5427 1623 5465 re
1673 5411 1790 5482 egit
1828 5415 2020 5481 Augu-

327 5506 508 5560 stinus
540 5503 608 5558 de
639 5501 875 5568 Civitate
900 5501 998 5556 Dei
1026 5501 1124 5555 lib.
1161 5517 1217 5567 ιι,
1245 5517 1367 5570 cap.
1393 5502 1425 5554 8
1457 5503 1510 5554 et
1533 5516 1693 5571 seqq.

1391 249 1951 304 SUI’PLEllEN'l‘UM
1994 251 2082 304 AD
2121 250 2352 308 OPERA
2392 255 2446 308 S.
2487 253 2872 311 AUGUSTINI.

3695 283 3762 335 39'!

2109 374 2152 427 A
2203 363 2205 365 1
2256 377 2528 431 Sermone
2568 379 2690 432 244.
2733 379 2804 431 In
2845 377 3032 432 diebus
3075 380 3408 448 paschalibus
3454 389 3548 461 l5.j
3585 394 3767 454 [labetur

2184 462 2242 516 in
2293 466 2487 520 codice
2537 465 2713 536 Regio
2763 473 2926 537 parte
2976 470 3010 521 2
3069 468 3375 524 Collectorii
3402 476 3528 531 etin
3555 481 3767 540 Victorino

2187 552 2279 604 DD
2320 557 2397 606 l2.

2252 641 2355 710 ξι,
2393 643 2649 696 procedat
2698 645 2983 707 Arianus;
3017 645 3173 713 prius
3208 649 3446 714 procedat
3478 653 3768 716 Photinianus,

2183 729 2575 798 Respondemus
2633 731 2985 801 Photiniano,
3045 733 3174 803 etc.]
3229 737 3380 805 Apud
3439 739 3634 808 Bedam,
3682 764 3771 803 cum

2179 814 2301 870 haec
2347 819 2513 872 verba
2553 819 2708 889 citat,
2753 819 2814 874 in
2861 821 3168 890 Epistolam
3206 823 3273 876 ad
3323 825 3663 898 Philippenses
3682 852 3769 907 cap.

2180 923 2236 966 ιι,
2273 907 2385 961 aliu
2419 910 2681 978 quendam
2712 910 2928 964 intexta
2958 913 3244 981 leguntur,
3278 913 3375 967 hoc
3403 920 3552 971 modo
3580 936 3590 972 :
3626 943 3646 969 ‹‹
3679 925 3772 977 Ρτο-

2179 996 2331 1050 cedat
2373 998 2636 1065 Aria-nus,
2671 1001 2828 1068 prius
2878 1000 3137 1068 procedat
3178 1003 3530 1059 Photinianus.
3579 1009 3772 1064 [heretici

2178 1085 2272 1153 qui
2308 1085 2632 1151 Dominum,
2657 1086 2767 1140 nisi
2798 1087 3113 1154 hominem,
3148 1089 3376 1143 omnino
3405 1108 3508 1146 non
3542 1107 3773 1163 noverunt,

2179 1170 2660 1226 Homuncionistm
2709 1172 2979 1226 dicuntur
3039 1174 3130 1228 isti
3193 1175 3462 1243 haeretici;
3516 1180 3774 1238 homuncio~

2175 1259 2357 1326 nistee,
2392 1260 2525 1331 quia
2559 1277 2675 1315 non
2725 1267 3008 1316 noverunt
3058 1263 3363 1328 Christum,
3409 1266 3506 1319 nisi
3535 1268 3772 1326 hominem.

2174 1349 2630 1418 Respondebimus
2676 1351 3022 1417 Photiniano,
3065 1355 3169 1404 etc.
3225 1371 3252 1402 ιο
3312 1352 3440 1416 Quae
3483 1357 3646 1421 verba,
3687 1375 3776 1412 cum

2173 1436 2360 1490 absint
2415 1452 2448 1489 a
2503 1437 2925 1509 manuscriptis,
2991 1439 3308 1493 omittenda
3356 1440 3464 1495 visa
3515 1449 3641 1498 sunt.
3693 1445 3775 1499 Sm-

2172 1539 2410 1577 MONDUS.

2243 1609 2348 1682 §2.
2384 1613 2459 1666 De
2489 1612 2676 1668 verbis
2723 1614 2930 1669 Christi
2959 1615 3120 1669 .loan.
3172 1632 3265 1683 xx,
3312 1620 3408 1672 l7:
3439 1619 3552 1673 Noli
3590 1635 3658 1673 me
3693 1625 3776 1674 tan-

2172 1715 2311 1767 gere,
2339 1701 2577 1754 nondum
2605 1704 2747 1756 enim
2767 1703 2988 1758 ascendi
3007 1704 3081 1757 ad
3108 1706 3321 1759 Patrem
3348 1721 3525 1766 meum,
3546 1713 3778 1778 postquam

2172 1788 2514 1858 questiones
2545 1790 2846 1860 proposuit
2875 1807 3016 1861 quas
3063 1792 3244 1846 ferme
3275 1793 3380 1847 sibi
3408 1795 3693 1849 insolubiles
3717 1797 3776 1850 fa-

2169 1879 2339 1944 tetur,
2380 1877 2459 1931 ita
2496 1877 2684 1947 pergit
2715 1894 2728 1932 :
2761 1879 3005 1947 Adjuvet
3048 1896 3129 1934 me
3171 1882 3432 1936 Dominus
3469 1888 3523 1936 ut
3559 1885 3780 1950 solvatur;

2169 1967 2266 2031 qui
2317 1965 2576 2030 dignatus
2620 1972 2697 2018 est
2731 1980 2849 2018 eam
2899 1981 3215 2035 proponere,
3273 1968 3516 2036 dignetur
3565 1986 3779 2038 exponere.

2167 2050 2326 2104 Orate
2373 2067 2574 2105 mecum
2638 2052 2918 2120 effectum;
2969 2053 3043 2106 ad
3083 2071 3164 2108 me
3204 2070 3381 2124 aures;
3440 2057 3508 2110 ad
3541 2058 3668 2110 illam
3704 2074 3779 2110 cor.

2167 2138 2323 2202 Quod
2347 2141 2485 2192 mihi
2495 2155 2780 2208 suggerere
2817 2141 3081 2208 dignatur
3097 2144 3494 2198 communicabo
3520 2145 3664 2206 vobis,
3692 2145 3782 2213 etc}

2163 2225 2220 2280 Si
2252 2227 2394 2281 nihil
2429 2229 2612 2298 parati
2650 2229 2822 2283 domo
2859 2231 3129 2285 attulerat
3168 2233 3316 2285 hanc
3354 2232 3410 2285 in
3446 2249 3557 2286 rem
3584 2233 3782 2300 Augusti-

2163 2331 2288 2380 nus,
2332 2320 2546 2370 temere
2595 2334 2728 2371 sane
2775 2319 2955 2372 Deum
2999 2319 3180 2373 oravit
3221 2320 3284 2374 in
3326 2321 3447 2392 ipso
3489 2325 3720 2391 suggestu
3741 2324 3784 2372 ut

2161 2402 2267 2456 sibi
2299 2419 2361 2457 ex
2391 2407 2651 2474 tempore
2682 2405 2982 2460 verborum
3022 2407 3231 2462 Christi
3274 2409 3599 2463 sententiam
3629 2423 3780 2477 sugge-

2143 2497 2329 2546 reret.
2372 2492 2443 2546 lis
2480 2493 2841 2563 pulsantibus
2878 2511 2993 2548 non
3034 2496 3218 2566 aperit
3258 2498 3426 2562 Deus,
3465 2495 3782 2567 qui,exceptis

2158 2579 2227 2633 iis
2259 2580 2357 2650 qui
2402 2581 2740 2651 prophetico
2786 2582 2989 2653 spiritu
3034 2585 3105 2637 ab
3155 2600 3222 2638 eo
3271 2586 3569 2651 donantur,
3605 2589 3780 2637 caeteros

2157 2668 2302 2723 nihil
2333 2669 2527 2735 docet;
2553 2671 2662 2724 nisi
2684 2670 2936 2724 laborem
2957 2676 3012 2726 et
3036 2671 3418 2728 intentionem
3437 2673 3619 2736 animi,
3639 2673 3782 2742 quales

2156 2772 2261 2826 par
2289 2763 2374 2812 est
2401 2757 2683 2824 adhiberi,
2721 2758 2782 2812 in
2813 2775 2872 2813 re
2915 2761 3072 2830 gravi
3114 2778 3179 2815 ac
3223 2763 3395 2829 seria,
3436 2779 3559 2816 cum
3581 2760 3781 2831 precibus

2157 2845 2576 2914 conjunxerint.
2607 2846 2664 2900 Si
2689 2863 2822 2901 vero
2849 2849 2966 2918 jam
2999 2849 3309 2904 meditatus
3331 2855 3450 2904 erat
3478 2850 3615 2922 quod
3634 2855 3782 2919 postea
3860 2865 3861 2868 η

2087 2945 2124 2999 c
2158 2932 2313 3000 dicit,
2351 2934 2728 3001 histrioniam,
2762 2935 2805 2989 si
2855 2936 2934 2990 ita
2978 2938 3132 3008 loqui
3166 2939 3253 2992 fas
3291 2944 3396 3005 est,
3429 2939 3574 3008 apud
3617 2937 3785 3008 plebem

2153 3024 2578 3092 Hipponensem
2621 3023 2771 3089 fecit,
2836 3041 2965 3079 cum
3014 3026 3092 3080 ita
3137 3027 3412 3097 loquatur
3453 3025 3602 3097 quasi
3641 3020 3782 3075 subita

2151 3112 2516 3182 suggestione
2547 3112 2648 3166 Dei
2669 3113 2978 3182 accepisset
3004 3114 3257 3170 difﬁcilis
3287 3115 3399 3170 loci
3429 3109 3781 3183 interpretatio-

2149 3216 2303 3257 nem.
2335 3201 2443 3255 Sed
2481 3206 2676 3255 utrum
2709 3203 2891 3269 malis,
2943 3203 3181 3273 perinde
3216 3210 3340 3272 est;
3375 3220 3505 3258 nam
3529 3220 3559 3256 a
3588 3204 3682 3255 Deo
3707 3211 3781 3250 non

2149 3293 2233 3343 est
2269 3290 2525 3360 profecto
2577 3291 2874 3345 exauditus
2916 3293 3292 3362 Augustinus,
3352 3294 3453 3364 qui
3493 3298 3686 3359 tangere
3720 3284 3783 3340 hic

2148 3377 2558 3448 interpretatur
2580 3380 2831 3446 credere,
2865 3385 2922 3434 et
2943 3380 3020 3434 ita
3060 3397 3296 3436 sensum
3330 3382 3440 3436 loci
3478 3379 3664 3434 evolvit
3687 3377 3708 3442 §
3731 3375 3778 3426 3!

2148 3465 2290 3530 Quid
2325 3481 2449 3534 ergo
2478 3466 2589 3520 sibi
2615 3468 2731 3520 vult
2765 3483 2777 3521 :
2813 3468 2936 3521 Noli
2977 3484 3066 3521 me
3096 3473 3362 3538 tangere,
3395 3469 3638 3523 nondum
3673 3461 3782 3517 enim

2147 3556 2374 3610 ascendi
2409 3556 2480 3609 ad
2523 3557 2745 3611 Patrem
2787 3559 3024 3611 meum?
3074 3558 3230 3632 Quod
3278 3575 3362 3613 me
3409 3557 3554 3612 vides
3609 3557 3686 3608 hoc
3723 3563 3778 3602 me

2141 3648 2306 3713 putas
2330 3663 2349 3701 :
2379 3644 2635 3698 nondum
2661 3644 2886 3698 ascendi
2909 3645 2976 3699 ad
2998 3645 3219 3700 Patrem
3245 3663 3259 3713 ;
3294 3648 3557 3701 hominem
3572 3658 3640 3698 me
3657 3637 3780 3695 vides.

2147 3735 2406 3786 hominem
2449 3737 2654 3801 putas;
2686 3748 2804 3787 sum
2865 3733 3082 3801 quidem
3118 3735 3296 3800 homo,
3344 3735 3441 3789 sed
3490 3749 3589 3788 non
3623 3732 3692 3784 hic
3712 3730 3783 3780 stet

2143 3820 2275 3888 ﬁdes
2307 3826 2420 3874 tua.
2454 3821 2578 3875 Noli
2600 3836 2682 3874 me
2717 3824 2793 3875 sic
2835 3827 3054 3888 tangere
3096 3827 3155 3876 ut
3179 3824 3452 3877 hominem
3485 3811 3782 3875 tantummodo

2145 3909 2352 3962 credas.
2407 3909 2669 3962 Nondum
2724 3909 2878 3963 enim
2926 3910 3154 3964 ascendi
3222 3913 3299 3966 ad
3358 3913 3577 3966 Patrem
3621 3915 3781 3959 meum.

2144 3997 2389 4051 Ascendo
2427 3997 2501 4050 ad
2546 3998 2770 4051 Patrem
2801 4013 2975 4052 meum
3004 4003 3055 4052 et
3095 4004 3256 4065 tange
3304 4016 3429 4066 me;
3471 3998 3527 4052 id
3571 3999 3660 4057 est,
3691 4003 3781 4060 pro-

2142 4087 2256 4153 ﬁce,
2290 4087 2530 4153 intellige
2558 4101 2639 4140 me
2681 4088 2940 4154 aequalem
2972 4089 3144 4153 Patri,
3173 4093 3224 4141 et
3267 4093 3397 4142 tunc
3435 4093 3588 4154 tange
3615 4088 3658 4138 et
3674 4079 3784 4135 salta

2073 4225 2115 4280 Β
2145 4175 2269 4226 eris.
2306 4172 2840 4243 lnterpretationem
2883 4173 3118 4228 homine
3154 4175 3330 4244 paulo
3372 4173 3630 4244 peritiore
3665 4179 3780 4237 pror-

2586 4279 2601 4280 γ
3063 4279 3086 4280 η
3268 4263 3344 4280 ..ο
3424 4260 3780 4280 ..μίμῳ-,ε

2145 4278 2239 4315 sus
2260 4261 2556 4331 indignam
2580 4279 2610 4315 a
2634 4262 2748 4315 Deo
2771 4267 3095 4332 suggestam
3121 4279 3239 4316 non
3265 4263 3442 4316 fuisse
3466 4260 3616 4316 facile
3633 4266 3785 4312 omnes

2140 4349 2502 4420 intelligunt;
2550 4354 2606 4403 et
2654 4354 2964 4420 antequam
3008 4367 3131 4404 eam
3178 4351 3488 4421 proferret,
3533 4349 3691 4402 fassus
3724 4341 3783 4392 est

2137 4437 2488 4507 Augustinus
2523 4437 2674 4491 hisce
2701 4439 2887 4492 verbis
2929 4455 3058 4509 quae
3090 4442 3171 4506 §2
3202 4440 3471 4510 proxime
3502 4436 3784 4506 sequuntur,

2139 4543 2201 4580 ea
2248 4543 2376 4596 qua:
2406 4526 2570 4580 initio
2601 4526 2896 4580 attulimus
2929 4542 2942 4581 :
2977 4529 3086 4592 Qui
3113 4529 3306 4582 melius
3349 4528 3617 4594 intelligit,
3645 4518 3784 4574 doceat

2136 4629 2247 4679 me;
2271 4614 2347 4668 sic
2376 4614 2559 4668 doctor
2579 4630 2716 4681 sum,
2754 4619 2815 4668 ut
2843 4615 3089 4670 indocilis
3123 4631 3230 4669 non
3251 4619 3381 4671 sim.
3419 4617 3562 4679 Haec,
3587 4607 3781 4680 inquies,

2137 4702 2384 4756 hominis
2433 4707 2565 4756 sunt
2613 4703 2870 4757 modesti.
2908 4705 3129 4758 Fateor.
3181 4705 3295 4759 Sed
3341 4703 3578 4758 modesti
3608 4714 3702 4753 non
3723 4696 3782 4746 est

2137 4790 2325 4844 dicere
2365 4807 2398 4845 a
2439 4791 2551 4845 Deo
2585 4791 2690 4845 tibi
2738 4809 2803 4845 ea
2829 4808 2958 4846 esse
3013 4798 3302 4862 suggesta,
3351 4793 3561 4864 quibus
3597 4785 3783 4843 meliora

2134 4878 2347 4932 discere
2378 4885 2608 4948 paratus
2637 4879 2730 4934 sis.
2762 4881 2884 4934 lam
2919 4881 3056 4935 alibi
3088 4888 3463 4951 ἐνθουσιασμὸν,
3505 4895 3604 4934 nec
3637 4884 3781 4929 secum

2135 4967 2268 5021 satis
2292 4968 2757 5032 consentientem,
2789 4969 3104 5024 redolentia
3136 4971 3490 5025 notavimus.

2205 5055 2478 5110 Sermone
2533 5058 2657 5111 256.
2713 5059 2967 5113 Conversi
3017 5058 3092 5112 ad
3156 5056 3500 5128 Dominum]
3559 5045 3786 5110 Solemnis

2131 5144 2383 5215 precatio
2414 5161 2528 5215 qua
2572 5161 2862 5200 sermones
2896 5162 3030 5200 suos
3059 5147 3330 5202 claudere
3369 5146 3582 5200 solebat
3607 5147 3783 5208 Augus'

2135 5232 2306 5287 tinus.
2362 5235 2494 5304 Ejus
2545 5234 2607 5288 in
2637 5233 2814 5288 veteri
2847 5235 3038 5290 codice
3082 5236 3271 5306 prima
3303 5240 3531 5290 tantum
3560 5229 3705 5285 verba
3735 5223 3786 5276 de

2132 5338 2292 5376 more
2327 5322 2688 5391 legebantur.
2723 5323 2937 5377 Caetera
2976 5325 3255 5395 descripta
3287 5329 3420 5378 sunt
3467 5339 3531 5376 ex
3571 5325 3784 5373 sermone

2132 5413 2199 5465 30
2226 5411 2294 5465 de
2319 5411 2513 5464 Verbis
2545 5411 2792 5465 Domini.
2844 5413 2949 5467 Sed
2993 5412 3273 5466 incertum
3327 5413 3589 5474 istamne,
3621 5407 3670 5461 in
3707 5402 3786 5456 hoc

2122 5516 2384 5554 sermone
2437 5505 2630 5554 nostro
2700 5501 3013 5572 usurparit,
3067 5518 3136 5556 an
3187 5504 3433 5558 alteram
3491 5496 3781 5554 breviorem-
