3920 6180
106 332 185 384 393

105 448 249 519 qualis
270 445 420 500 estin
453 461 707 499 sermone
741 449 829 499 121
878 446 946 500 de
981 447 1245 515 Diversis,
1295 448 1354 502 in
1397 449 1548 503 hunc
1585 467 1716 503 mo—
1748 453 1789 506 A

108 537 250 589 dum:
287 535 532 587 Conversi
574 533 646 586 ad
690 536 970 587 Dominum
1017 536 1195 603 ipsum
1238 537 1580 604 deprecemur
1629 554 1728 605 pro

110 626 239 685 nobis,
261 627 303 674 et
324 637 418 688 pro
447 624 588 674 omni
613 622 764 688 plebe
792 637 911 688 sua,
945 628 1157 677 astante
1205 625 1474 678 nobiseum
1507 628 1560 679 in
1587 629 1727 679 atrio

111 714 247 764 domus
266 725 394 776 sua;
435 725 591 777 quam
621 709 888 763 custodire
915 716 1293 780 protegereque
1324 713 1599 781 dignetur,
1626 732 1729 784 per

100 802 246 853 Jest
269 797 456 850 Filium
487 798 622 865 ejus,
655 801 938 852 Dominum
976 803 1238 868 nostrum,
1281 804 1378 868 qui
1407 818 1525 855 cum
1554 817 1610 855 eo
1641 805 1723 856 vi-

100 889 158 941 cit
177 891 216 939 et
238 890 412 952 regnat
440 889 498 938 in
528 887 718 940 saecula
754 888 1088 942 saeculorum.
1141 890 1330 943 Amen.
1382 890 1716 944 SIRMONDUS.

146 975 380 1028 Sermone
409 977 523 1038 159,
558 974 584 1043 §
613 978 666 1027 2.
701 975 966 1042 Regnabit
994 978 1136 1030 enim
1184 977 1448 1031 Dominus
1487 981 1546 1032 in
1578 983 1725 1032 terra

92 1078 179 1114 cum
201 1063 380 1114 sanctis
404 1064 537 1127 suis,
570 1053 709 1116 sicut
739 1063 927 1117 dicunt
953 1065 1268 1132 Scriptura,
1299 1071 1349 1120 et
1376 1067 1593 1120 habebit
1641 1069 1726 1121 hic

93 1151 348 1216 Ecclesium,
383 1164 484 1217 quo
515 1151 692 1204 nullus
718 1152 890 1204 malus
919 1153 1172 1218 intrabit,
1214 1159 1524 1221 separatam
1565 1160 1727 1222 atque

89 1243 328 1306 purgatam
356 1238 421 1290 ab
459 1241 604 1291 omni
628 1243 938 1307 contagione
975 1243 1265 1308 nequitiae;
1297 1258 1458 1310 quam
1507 1245 1723 1311 signiﬁ-

88 1331 180 1378 cant
202 1329 388 1379 centum
410 1328 810 1394 quinquaginta
842 1333 946 1382 tres
976 1329 1062 1382 illi
1084 1332 1260 1398 pisces
1288 1331 1352 1383 de
1374 1331 1567 1398 quibus
1583 1332 1724 1400 jam,

89 1421 297 1482 quantum
324 1417 557 1478 memini,
607 1416 905 1483 aliquando
943 1418 1342 1488 tractavimus]
1389 1419 1662 1473 Sermone
1691 1421 1725 1473 4

88 1508 164 1556 etii
188 1504 247 1556 de
271 1503 521 1567 Diversis,
549 1509 605 1558 et
630 1521 914 1573 sermone,
939 1509 1006 1559 22
1037 1507 1125 1576 (in
1157 1507 1262 1560 hac
1305 1507 1555 1561 editione
1599 1508 1722 1575 270)

87 1593 134 1644 de
156 1591 358 1646 nostris.
391 1592 500 1646 Sed
531 1593 657 1646 aliis
683 1599 958 1663 praterea
988 1595 1126 1648 locis
1171 1595 1542 1665 Augustinus,
1593 1612 1722 1649 cum

86 1679 468 1746 intractatibus,
504 1681 714 1734 tumin
748 1682 874 1736 aliis
921 1683 1082 1737 libris
1126 1684 1262 1750 suis,
1309 1683 1368 1737 in
1417 1685 1522 1738 hoc
1571 1701 1722 1754 sape

86 1766 184 1820 lusit
207 1773 548 1838 argumento,
582 1774 645 1823 ut
676 1771 1004 1825 ostenderet
1045 1788 1286 1826 numero
1337 1772 1579 1842 piscium
1625 1777 1721 1828 153

87 1856 158 1924 qui
183 1860 291 1925 post
318 1857 792 1911 resurrectionem
822 1859 972 1929 capti
1001 1865 1134 1914 sunt
1159 1861 1230 1914 ad
1271 1877 1426 1914 mare
1470 1861 1725 1915 Tiberia-

86 1943 164 2008 dis,
189 1959 473 1998 numerum
515 1949 844 2000 sanctorum
884 1946 941 1999 in
974 1953 1189 2001 aterna
1235 1949 1346 2002 vita
1389 1949 1720 2019 signiﬁcari.

87 2032 313 2086 Luserunt
353 2038 407 2087 et
453 2034 632 2088 Graci
691 2036 884 2088 Patres
929 2036 1238 2103 interdum,
1301 2041 1363 2090 ut
1419 2038 1725 2108 Gregorius

85 2121 541 2175 Tauromenitanae
585 2123 906 2193 episcopus,
940 2125 1059 2194 qui,
1111 2141 1371 2179 sermone
1413 2129 1478 2180 10
1526 2142 1724 2180 eorum

85 2224 190 2276 quos
242 2216 397 2264 ἐωθίνά
454 2211 764 2281 inscripsit,
821 2212 1132 2266 Rebeccam
1198 2218 1502 2283 propterea
1562 2215 1728 2267 docet

87 2297 291 2350 Ecclesia
317 2302 515 2370 typum
545 2305 997 2370 reprasentasse,
1031 2301 1181 2372 quod
1225 2302 1429 2356 littera
1473 2302 1725 2356 nominis

88 2385 318 2453 Rebecca,
353 2387 397 2440 si
428 2389 497 2440 ad
539 2389 786 2442 calculos
835 2395 1188 2454 revocentur,
1239 2407 1542 2444 numerum
1596 2391 1722 2444 red-

85 2472 183 2525 dant
207 2475 440 2542 piscibus
469 2478 568 2532 153
593 2493 809 2546 parem.
841 2489 896 2532 ‘II
921 2487 1039 2546 γοῦν
1061 2486 1289 2533 Ῥεϐέκκα
1319 2490 1410 2546 τὴν
1433 2487 1724 2545 Ἐκκλησίαν

87 2567 235 2626 εἶιόνιζε
302 2573 624 2634 συναφθεῖσαν
692 2577 876 2636 Χριστῷ
938 2574 1014 2621 διὰ
1076 2576 1416 2638 βαπτίσματος.
1470 2579 1572 2622 Τῶν
1631 2578 1723 2638 γὰρ

89 2660 280 2720 πςιχείων
325 2665 408 2718 τῆς
459 2662 716 2716 Ῥεϐέκκας
787 2661 1021 2723 ὀνόματος

1099 2679 1160 2717 εις
1221 2665 1408 2726 ψήφους
1473 2662 1723 2724 μεταλαμ-

90 2748 323 2809 εινομένων,
395 2755 525 2815 τρεῖς
604 2755 685 2799 καὶ
749 2754 1052 2812 πεντήκοντα
1122 2756 1203 2800 καὶ
1280 2754 1451 2802 ἑκατὸν
1523 2753 1724 2816 μονάδες

95 2839 427 2900 τυειαχθὴσονται,
492 2843 637 2895 ὃσους
687 2843 768 2887 καὶ
817 2844 927 2896 τοὺς
991 2841 1308 2904 ἀγρευθέντας
1381 2841 1510 2906 ἰχθῦς
1567 2842 1724 2904 εὑρισ-

100 2921 478 2983 ιξςιενῖΠεῦϐϐϐα
528 2924 704 2989 igitur
749 2925 929 2989 imago
986 2928 1103 2975 erat
1157 2924 1404 2977 Ecclesia
1431 2925 1726 2990 conjuncta

831 325 1186 382 VARIORUM
1228 328 1832 387 EXERCITATIONES
1873 335 1936 388 IN
1976 336 2029 388 S.
2073 336 2432 391 AUGUSTI-Nl
2473 338 2730 393 OPERA.

3432 349 3533 400 394

1902 456 2010 525 §3.
2046 457 2431 523 Quadraginta
2462 457 2575 511 dies
2621 466 2812 527 quater
2866 462 3062 516 habent
3113 465 3307 519 decem.
3365 468 3532 520 Com-

1839 540 2124 593 mendatur
2155 545 2247 595 hoc
2286 560 2523 609 numero,
2570 553 2832 615 quantum
2879 548 3016 602 mihi
3060 552 3292 617 ridetur,
3351 569 3528 606 saera-

1837 633 2090 681 mentum.
2135 632 2383 684 Homines
2433 636 2571 686 enim
2626 636 2931 689 hominibus
2987 639 3258 705 loquimur
3304 645 3354 692 et
3399 646 3534 694 recte

1838 715 2250 783 Scripturarum
2301 725 2616 774 tractatores
2659 723 2908 790 dicimur,
2942 741 3045 777 non
3076 732 3385 781 nostrarum
3414 731 3531 798 opi-

1836 807 2054 858 nionum
2075 808 2485 879 afﬁrmatores.]
2502 811 2600 862 llle
2622 812 2849 865 demum
2866 813 2996 881 jure
3019 820 3103 866 est
3122 817 3531 884 Scripturarum

1839 897 2116 958 tractator,
2154 895 2252 964 qui
2284 896 2403 964 agit
2433 897 2500 950 de
2533 914 2592 951 re
2637 914 2764 967 qua
2796 900 2917 952 sine
2967 902 3138 955 dubio
3181 904 3424 957 habetur
3470 906 3530 960 in

1836 980 2156 1050 Scriptura;
2182 1000 2299 1037 non
2333 985 2428 1055 qui
2459 986 2773 1039 levissimas
2797 992 2851 1040 et
2873 989 3225 1043 fulilissimas
3269 1009 3524 1062 quasque

1836 1069 2188 1139 conjecturas
2247 1089 2350 1141 pro
2406 1074 2613 1126 divinis
2661 1076 2945 1144 mysteriis
2998 1079 3273 1144 venditat,
3336 1080 3530 1150 qualia

1837 1163 1970 1211 sunt
2002 1160 2122 1213 hac
2150 1177 2353 1214 arcana
2395 1163 2768 1230 arithmetica,
2817 1181 2944 1234 qua
2994 1165 3092 1235 qui
3137 1168 3385 1223 afﬁrmat
3431 1169 3527 1223 ille

1835 1262 1964 1298 suas
2023 1247 2273 1316 profecto
2335 1249 2633 1319 opiniones
2689 1251 2953 1305 afﬁrmat.
3013 1253 3198 1308 Sensit
3254 1255 3357 1308 hoc
3405 1255 3527 1326 ipse

1835 1335 2214 1404 Augustinus,
2276 1342 2339 1390 ut
2397 1338 2575 1408 liquet
2629 1355 2693 1392 ex
2750 1340 2902 1393 hisce
2955 1342 3258 1396 Platonicis
3310 1345 3525 1410 verbis,

1837 1422 2070 1477 homines
2101 1426 2238 1477 enim
2272 1425 2576 1480 hominibus
2622 1429 2912 1494 loquimur,
2969 1428 3072 1482 hoc
3121 1434 3223 1496 est,
3278 1446 3380 1483 nos
3430 1431 3530 1500 qui

1833 1511 2234 1565 verisimilibus
2265 1513 2526 1566 ducimur
2555 1515 2796 1568 dicimus
2826 1517 2978 1585 apud
3009 1533 3105 1570 eos
3137 1518 3345 1588 quibus
3377 1519 3522 1572 veri-

1835 1597 2148 1652 similitudo
2179 1601 2467 1662 satisfacit,
2503 1603 2730 1671 quando
2757 1602 2878 1672 ipsa
2902 1603 3110 1657 veritas
3140 1604 3382 1658 inveniri
3415 1622 3529 1659 non

1831 1691 2036 1757 potest.
2079 1687 2168 1741 Sic
2219 1689 2372 1741 enim
2417 1689 2664 1742 Timaus
2702 1691 2851 1758 apud
2899 1693 3195 1745 Platonem

1834 1777 2062 1844 μηδενὸς
2092 1781 2239 1842 ἦττον
2296 1784 2621 1848 παρεχώμεθα
2669 1783 2871 1839 εἰκότας,
2921 1785 3114 1848 ἀγαπᾷν
3167 1790 3283 1852 χρὴ,
3340 1805 3528 1850 μεμνη-

3241 1709 3252 1745 ε
3295 1705 3404 1748 Ἐὰν
3436 1702 3530 1765 ἄρα

1834 1872 1979 1932 μένον
2023 1872 2082 1927 ὡς
2136 1872 2161 1919 ὁ
2217 1871 2392 1934 λέγων,
2449 1873 2578 1933 ὑμεῖς
2630 1890 2680 1920 τε
2730 1873 2773 1920 οἱ
2828 1877 2987 1937 κριταὶ
3039 1876 3178 1938 φύσιν
3229 1876 3528 1939 ἀνθρώπινον

1835 1961 2031 2024 ἔχομεν’
2088 1961 2206 2006 ὥστε
2261 1961 2370 2022 περί
2429 1961 2613 2007 tadum
2667 1961 2751 2009 τὸν
2801 1961 2961 2008 εἰκότα
3019 1964 3168 2023 μῦθον
3224 1963 3528 2028 ἀποδεχομέ-

1833 2065 1958 2105 νους,
2012 2050 2184 2112 πρέπει
2225 2048 2376 2109 μηδέν
2417 2049 2485 2096 ἔτι
2530 2050 2659 2096 πέτεαι
2704 2051 2865 2108 ζγ,νεῖν
2899 2066 2910 2097 :
2943 2046 2998 2097 Si
3028 2051 3164 2098 certe
3193 2060 3299 2098 non
3347 2047 3522 2099 minus

1832 2131 2147 2183 verisimiles
2182 2146 2342 2196 quam
2372 2133 2661 2197 quisquam
2692 2133 2833 2184 alius
2861 2129 3146 2200 (rationes)
3168 2133 3526 2201 praebeamus,

1833 2221 2134 2270 contentum
2184 2225 2230 2270 te
2279 2232 2388 2270 esse
2434 2223 2657 2287 oportet,
2699 2234 2978 2272 memorem
3019 2224 3068 2272 et
3111 2236 3191 2274 me
3243 2224 3340 2289 qui
3387 2221 3525 2286 dico,

1833 2311 1884 2359 et
1931 2321 2021 2358 eos
2073 2309 2168 2373 qui
2212 2308 2338 2358 estis
2377 2306 2613 2372 judices,
2668 2307 2961 2360 humanam
3009 2309 3201 2361 habere
3250 2315 3525 2363 naturam.

1834 2393 2031 2459 Itaque
2047 2396 2098 2444 si
2115 2392 2179 2444 de
2199 2392 2342 2444 hisce
2371 2393 2712 2446 verisimilem
2731 2395 3001 2460 famulam
3029 2398 3358 2465 acceperitis,
3383 2395 3529 2449 decet

1832 2494 1922 2532 ros
1952 2480 2095 2531 nihil
2124 2480 2359 2546 amplius
2387 2495 2640 2546 quaerere.

1905 2566 1932 2635 ξ
1981 2572 2036 2620 7.
2078 2570 2181 2620 Iste
2220 2583 2472 2620 numerus
2516 2568 2659 2637 (153)
2704 2572 2964 2636 tanquam
3012 2571 3175 2623 arbor
3216 2588 3249 2623 ιι
3294 2570 3528 2638 quodam

1833 2657 2028 2708 semine
2074 2655 2290 2708 videtur
2334 2671 2674 2720 succrescere,
2709 2672 2883 2709 semen
2913 2663 3089 2710 autem
3130 2658 3292 2725 hujus
3338 2657 3530 2724 magni

1833 2746 2043 2796 numeri
2082 2743 2307 2810 quidam
2337 2745 2512 2795 minor
2567 2758 2820 2796 numerus
2870 2750 2966 2809 avt,
3009 2747 3105 2813 qui
3152 2751 3229 2798 est
3279 2745 3451 2798 decem
3480 2750 3531 2798 et

1832 2831 2073 2899 septem]
2109 2830 2565 2883 Fundamentum
2598 2832 2848 2900 appellat
2873 2848 3132 2885 sermone
3165 2836 3192 2884 4
3231 2832 3298 2885 de
3330 2833 3528 2885 Diver-

1833 2919 1924 2982 sis,
1957 2919 2057 2971 ubi
2088 2918 2313 2988 planius
2343 2918 2585 2988 explicat
2626 2935 2738 2988 quo
2779 2923 2940 2989 pacto
2985 2936 3050 2972 ex
3113 2924 3170 2974 17
3225 2925 3531 2990 exsurgant

103 3006 241 3060 Clu-isto
263 3024 360 3077 per
391 3009 707 3078 baptisma;
746 3011 941 3063 litteris
975 3013 1113 3063 enim
1139 3012 1370 3064 nominis
1405 3011 1641 3064 Rebecca
1667 3013 1724 3063 in
1756 3012 1794 3066 C
1840 3009 1956 3060 153.
1991 3008 2112 3059 Jam
2159 3021 2303 3071 ergo,
2351 3005 2557 3076 inquit,
2594 3007 2659 3059 de
2688 3023 2906 3061 numero
2957 3011 3054 3062 153
3097 3011 3350 3077 piscium,
3399 3009 3532 3076 quid

93 3108 270 3150 numeros
309 3101 564 3163 mutatis,
621 3104 830 3153 centum
884 3101 1287 3166 quinquaginta
1339 3104 1444 3152 tres
1491 3101 1725 3152 unitatcs

87 3182 363 3251 colliguntur,
401 3191 545 3254 quot
585 3189 766 3254 captos
791 3187 965 3254 pisces
992 3191 1362 3254 comperimus.
1415 3185 1632 3238 Etenim
1675 3202 1725 3253 ρ,

88 3284 176 3337 qua:
201 3272 365 3341 prima
393 3278 482 3326 est
526 3271 771 3326 nominis
803 3273 1004 3336 littera,
1037 3278 1261 3326 centum
1299 3273 1473 3338 valet;
1501 3290 1531 3325 ε
1557 3273 1725 3342 quin-

85 3374 178 3425 que,
204 3377 227 3412 B
255 3361 382 3430 duo,
415 3380 447 3415 κ
476 3361 721 3431 π’ἱεθηῐί,
753 3380 781 3416 κ
813 3378 1007 3416 rursus
1035 3361 1271 3433 vigenti,
1301 3378 1330 3416 A
1364 3378 1572 3427 unum;
1599 3378 1727 3432 qua

90 3445 126 3496 in
161 3465 420 3505 summum
467 3452 706 3505 redacta
766 3455 995 3506 centum
1047 3456 1099 3505 et
1150 3450 1566 3521 quinquaginta
1615 3457 1727 3504 tres

86 3536 355 3594 conﬁciunt.
385 3541 544 3593 IDEM.

136 3623 249 3677 Ibid.
281 3627 416 3680 Ludi
441 3626 683 3697 quidem
713 3626 973 3692 hierant,
1002 3630 1056 3679 et
1080 3626 1309 3696 quidem
1336 3625 1565 3696 ingenio
1588 3627 1724 3680 abu—

86 3711 298 3778 tentium,
348 3731 478 3768 cum
537 3730 643 3784 pro
701 3715 1112 3768 somniantium
1173 3715 1446 3768 arbitratu
1500 3715 1726 3768 conﬁcti

84 3796 188 3864 sint;
223 3802 312 3855 sed
340 3803 634 3872 parciores
665 3802 722 3855 in
764 3803 1048 3873 ejusmodi
1093 3802 1240 3856 ludis
1279 3803 1449 3856 fuisse
1499 3809 1724 3873 oporte-

84 3890 159 3949 ret,
205 3903 297 3943 nec
351 3891 488 3945 talia
543 3897 890 3961 commenta,
945 3891 1108 3962 quasi
1155 3890 1392 3945 eximias
1451 3892 1724 3962 quasdam

80 3970 336 4044 Scriptura
365 3979 869 4049 interpretationes
899 3980 1173 4049 proferre.

131 4064 370 4128 §Peracti
413 4073 543 4121 sunt
584 4068 697 4122 dies
737 4070 942 4133 feriati,
995 4067 1275 4121 succedent
1304 4068 1424 4136 jam
1471 4069 1556 4121 illi
1595 4082 1724 4120 con—

79 4154 351 4221 tentionum,
414 4156 780 4220 eaactionum,
843 4153 1188 4227 litigiorum.)
1247 4155 1600 4222 Quindecim,
1665 4159 1728 4207 ut

78 4250 179 4290 mox
202 4241 360 4308 dicet;
398 4245 507 4298 hoc
537 4257 621 4298 est
652 4245 873 4314 septeni
900 4251 1029 4298 ante
1064 4245 1293 4311 Pascha,
1329 4245 1566 4298 totidem
1598 4248 1726 4313 post

79 4325 268 4394 Pascha,
299 4332 506 4402 quibus
554 4333 775 4397 diebus,
822 4333 947 4387 lites
987 4349 1184 4386 omnes
1231 4339 1287 4386 et
1333 4333 1726 4386 contentiones

77 4416 325 4471 cessabant
351 4435 418 4473 ex
461 4421 589 4490 lege
620 4420 925 4474 Theodosii
955 4421 1055 4475 lib.
1090 4439 1127 4473 ll
1155 4421 1279 4474 cod.
1331 4420 1610 4474 Theodos.
1655 4419 1724 4473 de

78 4500 224 4558 feriis:
281 4508 472 4563 Sac-ros
532 4524 742 4578 quoque
790 4509 1007 4563 Pascha
1053 4510 1183 4571 dies,
1232 4511 1328 4577 qui
1388 4514 1600 4576 septeno
1646 4509 1727 4562 vel

75 4595 339 4654 pracedunt
367 4613 610 4663 numero,
655 4599 737 4650 vel
782 4603 1100 4666 sequuntur,
1133 4600 1191 4650 in
1231 4597 1421 4651 eadem
1458 4599 1727 4662 feriarum

77 4678 396 4739 observatione
432 4702 796 4740 numeramus.
830 4687 1178 4741 Sinuoxnus.

128 4768 373 4826 Sermone
413 4777 537 4828 268.
572 4776 634 4828 In
660 4774 746 4826 die
771 4773 1134 4846 Pentecostes.]
1177 4773 1445 4838 Vidimus,
1491 4789 1608 4826 non
1647 4790 1729 4825 so-

78 4852 168 4910 lum
197 4859 248 4912 in
281 4861 458 4933 Regio
498 4866 555 4916 et
608 4862 666 4915 in
711 4862 994 4916 Victorino
1046 4863 1137 4916 DD
1203 4864 1285 4927 12,
1347 4861 1441 4914 sed
1499 4861 1557 4912 in
1603 4861 1729 4913 aliis

75 4944 212 5000 etiam
252 4950 671 5020 manuscriptis.
723 4951 884 5014 Quod
931 4967 1064 5003 vero
1115 4949 1268 5002 inter
1320 4963 1610 5001 sermones
1659 4948 1728 5001 de

76 5029 361 5091 Pentecoste
392 5038 580 5108 primo
611 5038 761 5091 hunc
794 5039 916 5092 loco
946 5038 1268 5098 statuimus,
1303 5036 1515 5091 Bedam
1549 5036 1729 5090 secuti

77 5134 255 5188 sumus,
275 5125 373 5194 qui
404 5127 652 5196 appellat
679 5142 1003 5180 sermonem
1029 5130 1077 5192 1,
1101 5126 1169 5180 de
1201 5127 1548 5178 Pentecoste.
1575 5126 1725 5178 IDEM.

128 5208 375 5265 Sermone
405 5217 534 5268 270.
576 5217 649 5268 De
675 5215 763 5268 die
791 5215 1161 5284 Pentecostesj
1191 5215 1406 5268 Citatur
1435 5213 1526 5266 hic
1556 5212 1727 5265 etiam

79 5309 98 5343 ἃ
124 5297 270 5364 Beda,
295 5307 356 5355 ut
376 5301 671 5366 admonui,
697 5305 742 5356 ll
766 5304 834 5358 ad
853 5303 1194 5367 Corinthios,
1221 5320 1296 5355 iu.
1323 5305 1391 5355 At
1414 5301 1470 5353 in
1489 5301 1731 5369 vulgatis

79 5389 459 5456 exemplaribus
507 5391 687 5456 Beda,
738 5408 806 5445 ea:
843 5407 1080 5446 sermone
1109 5392 1174 5444 de
1211 5389 1424 5443 Pascha
1456 5387 1729 5458 scriptum

76 5479 138 5524 θεῖ
160 5492 252 5543 pro
279 5495 345 5532 ea
374 5493 610 5533 sermone
649 5479 713 5533 de
761 5482 1073 5535 Pentecoste.
1127 5481 1316 5532 Exstat
1365 5481 1553 5530 autem
1602 5489 1730 5527 cum

77 5556 122 5611 in
145 5561 309 5634 Regio
340 5565 552 5635 codice,
585 5572 706 5622 tum
737 5566 799 5622 in
818 5568 1109 5624 Victorino
1138 5567 1229 5621 DD
1267 5569 1348 5620 12.
1375 5565 1528 5618 Iesu.

349 5670 622 5740 PATROL.
673 5673 918 5769 XLvn.

1833 3111 1964 3163 opus
1992 3100 2068 3148 est
2099 3094 2281 3147 eadem
2302 3100 2539 3148 retexere
2559 3096 2585 3150 ἲ)
2617 3097 2799 3150 Nostis
2829 3098 2946 3150 illa.
2974 3102 3022 3149 Α
3060 3097 3233 3151 decem
3257 3102 3306 3150 et
3332 3102 3529 3165 septem

1833 3187 2078 3237 nascitur
2107 3198 2358 3236 numerus
2398 3198 2650 3236 crescens.
2695 3185 2872 3252 Incipe
2921 3186 2988 3237 ab
3031 3201 3155 3245 uno,
3197 3189 3419 3254 perveni
3456 3185 3530 3238 ad

1835 3273 2006 3326 decem
2039 3277 2088 3325 et
2126 3277 2343 3340 septem,
2378 3277 2435 3324 ut
2467 3288 2643 3324 omnes
2673 3273 2848 3326 addas
2883 3289 2895 3325 :
2930 3274 2988 3326 id
3021 3280 3097 3328 est
3144 3291 3306 3328 meum
3355 3275 3530 3328 addas

1834 3361 1986 3422 duos,
2029 3365 2077 3412 et
2113 3361 2249 3426 ﬁant
2297 3365 2432 3424 tres;
2489 3360 2663 3412 addas
2713 3364 2840 3425 tres,
2889 3366 2938 3413 et
2992 3364 3127 3428 ﬁant
3177 3377 3307 3426 scas;
3353 3362 3528 3414 addas

1836 3454 2088 3516 quatuor,
2117 3451 2165 3500 et
2189 3450 2324 3514 fiant
2352 3447 2544 3499 decem.
2580 3449 2671 3500 Sic
2699 3463 2872 3500 omnes
2896 3449 3222 3517 addensque
3248 3451 3322 3502 ad
3351 3450 3525 3503 decem

1835 3542 1882 3588 et
1909 3541 2127 3604 septem,
2171 3541 2220 3588 et
2261 3537 2536 3603 pervenies
2575 3536 2649 3588 ad
2687 3542 2895 3589 centum
2943 3540 3348 3605 quinquaginta
3398 3543 3522 3591 tres.

1835 3624 1970 3687 Qua
1999 3624 2120 3694 ipsa
2168 3623 2398 3676 uberius
2440 3623 2637 3676 itidem
2678 3629 2733 3676 et
2783 3625 3115 3693 explicatius
3165 3626 3528 3696 persequitur

1836 3717 2082 3765 tractatu
2105 3712 2164 3764 in
2195 3712 2398 3781 psalm.
2434 3713 2523 3766 49.
2556 3713 2886 3766 SIRMONDUS.

1904 3802 2178 3855 Sermone
2228 3804 2350 3852 279.
2413 3803 2481 3853 De
2528 3801 2584 3854 S.
2643 3803 2806 3854 Paulo
2855 3801 3140 3871 apostolo.]
3199 3803 3261 3855 In
3331 3804 3522 3857 codice

1837 3888 2013 3957 Regio
2071 3893 2127 3941 et
2175 3887 2485 3953 Victorino,
2548 3889 2745 3941 titulus
2799 3894 2928 3942 est:
2973 3891 3035 3942 In
3084 3893 3417 3943 conversione
3470 3893 3528 3944 S.

1833 3977 2010 4030 Pauli.
2044 3975 2151 4030 Sed
2189 3976 2394 4028 Bedam
2426 3975 2587 4045 sequi
2628 3975 2858 4045 placuit,
2901 3975 3000 4045 qui
3048 3980 3328 4046 perpetuo
3374 3975 3528 4043 citat,

1836 4067 1922 4118 Eu:
1947 4079 2182 4117 sermone
2214 4063 2277 4115 de
2321 4065 2486 4116 Paulo
2525 4064 2781 4130 apostolo.
2816 4063 3152 4132 Quanquam
3185 4067 3240 4115 et
3285 4064 3528 4116 alterum

1836 4167 2066 4222 quoque
2109 4151 2303 4204 laudat
2333 4151 2401 4203 de
2441 4150 2810 4202 conversione
2858 4151 3131 4219 Apostoli,
3183 4151 3283 4220 qui
3331 4157 3415 4204 est
3465 4153 3531 4205 34

1838 4241 1906 4293 de
1941 4240 2203 4293 Diversis.
2233 4242 2511 4292 (laterum
2543 4255 2608 4291 ex
2641 4238 2744 4291 hoc
2776 4254 2887 4290 uno
2918 4243 3133 4304 nostro,
3168 4240 3530 4293 membratim

1839 4326 2098 4393 dissecto,
2129 4324 2360 4378 conﬂati
2392 4329 2519 4378 sunt
2549 4324 2662 4377 duo
2709 4324 2766 4378 in
2806 4325 3072 4394 vulgatis,
3111 4341 3299 4379 sermo
3347 4327 3411 4380 14
3461 4326 3531 4380 de

1833 4414 2053 4468 Sanctis
2083 4417 2139 4466 et
2179 4416 2243 4467 36
2276 4413 2343 4466 de
2369 4413 2634 4466 Diversis.
2671 4414 2820 4466 IDEM.

1907 4504 2016 4568 sit.
2052 4501 2332 4568 Quidquid
2377 4507 2455 4555 est
2509 4502 2652 4569 quod
2697 4503 2866 4568 ssc-vit,
2911 4516 3010 4571 pro
3049 4505 3262 4554 nomine
3290 4502 3531 4567 Christi;

1835 4594 1884 4644 si
1923 4595 2093 4659 potest
2122 4591 2255 4654 vivi,
2285 4590 2560 4642 tolerabile
2591 4595 2702 4652 est;
2733 4592 2782 4642 si
2811 4606 2914 4642 non
2940 4595 3114 4658 potest
3134 4592 3264 4657 vivi,
3297 4593 3534 4657 migrare

1838 4682 1960 4733 hinc
1999 4679 2184 4747 facit.]
2243 4679 2356 4731 [loc
2408 4684 2508 4743 est,
2557 4678 2818 4748 quamvis
2875 4695 3058 4732 savus
3110 4679 3216 4732 tibi
3272 4679 3534 4733 videatur

1835 4768 1996 4821 dolor
2025 4783 2196 4837 quem
2239 4766 2452 4834 pateris
2505 4781 2605 4832 pro
2645 4766 2879 4818 nomine
2925 4767 3152 4833 Christi,
3208 4771 3534 4820 constanter

1837 4861 2058 4926 patere;
2107 4871 2237 4908 nam
2268 4852 2312 4906 si
2346 4853 2517 4906 vitam
2558 4852 2662 4906 tibi
2693 4869 2805 4905 non
2837 4853 3057 4922 eripiat,
3102 4854 3310 4923 poterit
3354 4852 3526 4906 ferri:

1837 4945 1881 4997 si
1913 4943 2136 5013 eripiat,
2168 4941 2272 4995 tibi
2304 4940 2589 4994 felicitatis
2617 4941 2845 4993 initium
2879 4941 3005 4994 erit.
3051 4941 3230 5012 Igitur
3267 4940 3408 4993 nihil
3438 4939 3532 4993 hic

1837 5031 2200 5085 mutandum.
2239 5031 2391 5083 Hanc
2410 5033 2602 5082 autem
2632 5029 2974 5082 sententiam
2999 5029 3165 5081 debet
3179 5027 3532 5097 Augustinus

1840 5120 2101 5189 Epicuro,
2134 5118 2294 5188 cujus
2335 5118 2484 5187 apud
2530 5134 2697 5170 suum
2751 5117 3079 5171 Ciceronem
3127 5117 3344 5184 legerat
3386 5116 3533 5170 hanc

1839 5215 2009 5278 κυρίαν
2067 5214 2205 5273 δόξαν
2263 5222 2503 5274 magnun
2577 5207 2808 5259 dolorem
2885 5205 3112 5271 brevem,
3177 5205 3534 5272 longinquum

1841 5299 2001 5350 levem
2032 5312 2158 5362 esse,
2192 5311 2364 5365 quam
2395 5295 2780 5363 pulcherrime
2815 5294 3155 5345 illustratum
3187 5292 3443 5345 invenies
3474 5293 3531 5345 in

1844 5385 1992 5438 notis
2032 5383 2180 5437 Petri
2229 5382 2517 5447 Gassendi,
2565 5382 2632 5434 ad
2678 5398 2712 5433 ι
2757 5380 3019 5448 Diogenis
3065 5380 3267 5433 Laertii
3301 5381 3530 5434 librum.

1912 5473 2182 5526 Sermone
2227 5473 2350 5524 288.
2393 5473 2452 5524 ιη
2493 5472 2670 5523 mitali
2719 5470 2773 5522 S.
2822 5470 3052 5522 Joannis
3107 5467 3406 5538 Baptista]
3462 5471 3536 5522 Ex

1843 5560 2036 5614 codice
2068 5559 2244 5628 Regio
2277 5565 2332 5611 et
2362 5560 2538 5612 altero
2567 5557 2621 5610 S.
2655 5557 2894 5610 Victoris
2932 5557 3019 5611 DD
3059 5559 3118 5611 l2
3147 5557 3377 5612 suti‘ecta
3407 5563 3540 5610 sunt.

3103 5671 3180 5729 13
