3890 6186
361 264 462 317 395

1381 257 1937 319 SUPPLEMENTUM
1978 259 2069 312 AD
2106 258 2340 314 OPERA
2377 258 2432 313 S.
2474 244 2858 313 AUGUSTINI.
3705 277 3785 329 395

354 399 484 454 quae
513 382 574 436 in
600 380 965 436 vetustissimi
1013 379 1144 434 libri
1180 378 1515 448 fragmentis
1554 377 2042 433 desiderabantur.
2083 379 2128 433 A
2159 396 2264 433 nus
2322 380 2532 434 frustra
2589 378 2986 434 auctoritatem
3043 378 3298 433 Ecclesia:
3348 386 3553 453 oggerit
3595 390 3781 447 miseris

357 473 423 526 In
452 476 696 542 utroque
727 474 918 525 autem
966 468 1182 535 codice,
1228 470 1357 537 post
1400 468 1554 521 hunc
1596 483 1921 521 sermonem
1963 484 2050 521 se-

357 560 642 632 quebatur
670 560 813 612 alter
840 558 908 613 de
940 555 1141 609 eodem
1164 554 1340 608 natali
1361 554 1415 608 S.
1439 554 1692 619 Joannis,
1724 570 1897 625 quem
1918 555 2053 609 citat

356 647 554 703 itidem
587 647 731 701 Beda
762 645 831 699 ad
863 642 1260 713 Pbilippenses
1290 658 1349 695 ιι.
1386 642 1479 695 Est
1508 646 1703 697 autem
1750 658 1937 697 sermo
1982 643 2050 695 23

354 737 424 791 de
450 736 686 791 Sanctis.
717 734 1051 787 Smnownus.

423 825 697 879 Sermone
725 823 849 877 294.
882 824 945 876 In
973 821 1155 874 natali
1181 822 1449 890 martyris
1476 819 1830 890 Guddentis.]
1854 820 2054 884 Quam-

351 913 432 966 vis
464 910 816 965 Benedictini
856 909 1187 964 existiment
1217 908 1635 962 restituendum
1667 908 1759 962 hic
1789 907 2051 963 Gauden-

348 1000 432 1067 tii,
464 1000 853 1055 Theodoricus
879 1004 1076 1053 tamen
1106 997 1420 1052 Ruinartus
1465 997 1723 1069 ejusdem
1768 997 2050 1051 societatis

352 1089 686 1156 monachus,
720 1087 807 1141 vir
840 1086 1124 1155 eruditus,
1158 1085 1219 1139 in
1250 1085 1402 1139 Actis
1449 1085 1684 1140 sinceris
1727 1090 1783 1139 et
1833 1084 2054 1139 selectis

352 1180 691 1247 martyrum,
741 1175 1019 1230 admonit.
1054 1173 1115 1226 in
1155 1173 1338 1227 Vitam
1382 1178 1439 1227 et
1478 1177 1613 1228 Acta
1659 1174 1710 1229 S.
1762 1172 2052 1244 Cypriani,

356 1268 522 1335 putat
552 1264 863 1334 legendum
908 1262 1207 1329 Gudennis,
1245 1262 1511 1323 Gudenis,
1560 1265 1660 1315 aut
1710 1262 2050 1327 Gundennis,

353 1369 483 1423 quae
514 1352 679 1422 virgo
718 1368 885 1421 passa
914 1355 997 1403 est
1025 1349 1388 1420 Carthagine,
1422 1349 1525 1403 sub
1556 1350 1763 1404 Severo
1794 1349 2052 1418 impera-

354 1447 499 1508 tore,
548 1440 877 1495 consulibus
906 1440 1045 1493 Geta
1087 1442 1145 1492 et
1186 1437 1507 1505 Plautiano,
1540 1441 1597 1492 et
1642 1439 1804 1508 cujus
1842 1438 2051 1491 festum

354 1530 585 1600 vulgata
612 1527 1022 1599 martyrologia
1051 1527 1143 1581 die
1174 1529 1258 1581 18.
1287 1526 1425 1580 Julii
1456 1531 1933 1581 commemorant.

426 1614 535 1686 §3.
574 1616 826 1672 Recitato
875 1616 996 1669 loco
1037 1614 1285 1669 Mattbaei
1331 1630 1457 1681 xxv,
1515 1618 1601 1669 33.
1642 1618 1778 1681 Hac,
1836 1614 2049 1685 inquit,

352 1722 576 1773 regnum
603 1707 864 1771 nominat,
887 1706 985 1758 hac
1014 1720 1134 1757 cum
1162 1703 1378 1757 diabolo
1404 1703 1826 1757 damnationem.
1846 1705 2051 1758 Nullus

351 1795 576 1848 relictus
605 1798 683 1848 est
705 1793 914 1847 medius
944 1794 1087 1847 locus
1110 1792 1206 1845 ubi
1227 1808 1427 1861 ponere
1466 1808 1631 1860 queas
1661 1794 1924 1858 infantes.
1969 1793 2054 1847 De

352 1882 496 1935 vivis
525 1886 574 1934 et
603 1881 830 1934 mortuis
862 1879 1228 1948 judicabitur,
1262 1880 1363 1932 alii
1381 1884 1538 1934 erunt
1558 1880 1632 1933 ad
1662 1880 1933 1945 dextram,
1954 1881 2056 1933 alii

351 1969 426 2023 ad
450 1971 754 2035 sinistram,
785 1984 891 2022 non
920 1970 1046 2022 novi
1073 1967 1248 2021 aliud.
1282 1968 1387 2033 Qui
1414 1968 1630 2022 inducis
1671 1968 1929 2033 medium,
1960 1983 2052 2021 re-

353 2059 476 2112 cede
505 2058 570 2112 de
598 2059 804 2125 medio;
834 2073 941 2111 non
972 2062 1019 2111 te
1047 2056 1289 2125 offendat
1323 2059 1420 2126 qui
1449 2057 1699 2111 dextram
1725 2060 1939 2125 quwrit.
1973 2058 2054 2110 Et

353 2153 403 2201 te
432 2149 612 2216 ipsum
637 2146 917 2212 admoneo,
964 2145 1148 2200 recede
1190 2146 1256 2199 de
1300 2146 1511 2211 medio;
1545 2146 1639 2200 sed
1666 2147 1780 2201 noli
1810 2148 1870 2199 in
1907 2147 2052 2200 sini-

352 2240 548 2302 strum,
578 2233 713 2307 etc.]
750 2236 877 2288 Haec
899 2234 1187 2305 quomodo
1211 2234 1568 2287 consentiant
1589 2250 1720 2288 cum
1743 2234 1813 2287 iis
1835 2250 1963 2304 quas
1985 2234 2053 2288 de

352 2323 532 2378 limbo
564 2322 977 2378 a’scholasticis
1006 2325 1205 2393 postea
1232 2322 1442 2392 scripta
1470 2326 1603 2376 sunt
1622 2338 1739 2376 non
1770 2321 2049 2392 intelligo.

353 2412 464 2467 Sed
484 2428 589 2466 nec
609 2412 771 2483 capio
796 2428 911 2483 qua
930 2411 1147 2466 ratione
1167 2410 1354 2482 redigi
1371 2410 1433 2464 in
1458 2410 1823 2465 concordiam
1841 2414 2055 2481 queant

357 2517 487 2555 cum
531 2500 602 2554 iis
648 2516 779 2571 quas
827 2499 964 2554 alibi
1017 2500 1184 2554 docet
1230 2499 1300 2554 de
1345 2498 1695 2570 purgatoriis
1731 2497 1938 2570 poenis,
1990 2504 2054 2552 ut

355 2589 517 2646 Civit.
552 2588 653 2644 Dei
680 2588 778 2643 lib.
809 2605 919 2654 XXI,
950 2604 1074 2659 cap.
1113 2591 1196 2643 l3.

425 2681 529 2745 §6.
564 2680 668 2733 Vos
700 2676 1040 2747 (Pelagiani)
1070 2676 1259 2732 dicitis
1290 2695 1307 2730 :
1342 2680 1531 2732 Vitam
1574 2676 1792 2745 quidem
1837 2676 2053 2731 habebit

352 2772 453 2823 iste
482 2783 591 2822 non
627 2766 938 2836 baptizatus
976 2770 1254 2833 zternam,
1287 2766 1382 2819 sed
1429 2781 1536 2819 non
1568 2766 1784 2819 habebit
1826 2781 2052 2833 regnum

353 2858 622 2912 calorum.
656 2857 763 2911 Ille
787 2859 975 2910 contra
1008 2874 1025 2909 :
1075 2856 1187 2910 Imo
1234 2859 1285 2909 et
1322 2858 1495 2909 vitam
1531 2858 1581 2908 et
1617 2870 1843 2923 regnum
1890 2855 2047 2908 cozlo-

2161 467 2509 539 Pelagianis;
2543 483 2644 521 nec
2665 483 2732 523 ea
2748 465 2943 538 magni
2968 466 3115 519 facta
3142 466 3357 531 fuisset,
3386 470 3486 525 nisi
3513 475 3783 535 rationibus

2160 555 2445 609 destitutae
2496 555 2679 610 edicta
2734 554 3153 624 imperatorum
3208 557 3480 626 suppetias
3534 563 3780 635 tulissent;

2161 644 2314 715 quod
2345 643 2595 698 odiosius
2625 644 2835 697 factum
2879 641 2941 696 in
2985 658 3153 697 causa
3200 644 3613 714 Pelagianorum
3644 667 3792 722 quam

2162 733 2221 787 in
2248 732 2689 787 Donatistarum.

2234 826 2261 889 §
2299 826 2382 877 19.
2418 823 2478 877 Si
2506 824 2669 875 etiam
2710 822 3055 888 gravissimis
3102 821 3441 877 delictoribus
3468 830 3513 879 et
3551 828 3602 879 in
3636 832 3790 885 Domi-

2161 926 2291 965 num
2318 910 2546 963 multum
2588 914 2713 962 ante
2747 909 3114 979 peccantibus,
3148 925 3267 963 cum
3293 915 3469 978 postea
3513 915 3791 972 crediderint

2160 1002 2388 1055 remissa
2422 1003 2764 1067 peccatorum
2797 998 2964 1051 datur
2992 1003 3042 1052 et
3072 1013 3106 1051 a
3136 998 3397 1067 baptismo
3445 1006 3593 1069 atque
3634 1009 3794 1068 gratia

2162 1103 2311 1143 nemo
2357 1088 2707 1156 prohibetur;
2749 1091 2951 1155 quanto
2999 1089 3177 1154 magis
3212 1087 3484 1155 prohiberi
3529 1104 3625 1143 non
3672 1091 3793 1147 debet

2161 1181 2373 1248 infans,
2402 1181 2497 1247 qui
2526 1192 2704 1232 recens
2742 1182 2905 1231 natus
2947 1177 3089 1231 nihil
3129 1178 3391 1247 peccavit,
3433 1178 3537 1231 nisi
3575 1179 3699 1247 quod
3730 1195 3793 1233 se-

2161 1267 2396 1322 cundum
2416 1266 2602 1320 Adam
2631 1267 2926 1320 carnaliter
2950 1270 3111 1319 natus
3145 1262 3447 1331 contagium
3478 1269 3649 1320 mortis
3678 1270 3794 1321 anti-

2163 1372 2299 1425 quw,
2326 1358 2513 1426 prima
2527 1356 2817 1408 nativitate
2844 1356 3160 1408 contraxit?
3189 1354 3286 1421 qui
3313 1352 3387 1406 ad
3412 1355 3670 1409 remissam
3696 1371 3794 1423 pec-

2161 1450 2401 1499 catorum
2428 1443 2797 1512 accipiendam
2820 1443 2915 1495 hoc
2937 1444 3055 1511 ipso
3083 1442 3305 1507 facilius
3334 1441 3552 1509 accedit,
3578 1441 3703 1510 quod
3733 1445 3799 1497 illi

2162 1534 2513 1588 dimittuntur
2556 1547 2662 1585 non
2714 1532 2963 1599 propria,
3018 1528 3114 1583 sed
3161 1530 3344 1582 aliena
3394 1530 3640 1597 peccata]
3687 1529 3800 1584 Sunt

2165 1621 2337 1675 verba
2365 1620 2651 1692 Cypriani,
2698 1635 2829 1689 quae
2872 1618 3246 1688 proferuntur
3297 1617 3365 1671 ab
3406 1618 3715 1687 Augustino,
3747 1635 3798 1671 ex

2166 1711 2335 1782 epist.
2376 1712 2443 1764 64
2472 1710 2542 1764 ad
2574 1708 2807 1774 Fadum,
2841 1712 2904 1761 ut
2932 1707 3135 1777 probet
3171 1706 3295 1777 ejus
3337 1706 3653 1760 auctoritate
3693 1720 3799 1775 pec-

2160 1799 2351 1848 catum
2380 1795 2680 1864 originale.
2711 1797 2783 1849 At
2812 1794 3017 1866 quidni
3058 1793 3219 1848 licuit
3259 1794 3571 1864 Pelagianis
3609 1795 3799 1864 rejicere

2161 1882 2284 1952 ejus
2308 1883 2727 1951 auctoritatem,
2766 1883 2826 1937 in
2856 1883 2964 1937 hoc
3009 1881 3265 1953 negotio,
3321 1887 3381 1936 ut
3422 1882 3712 1951 Augustino
3742 1882 3797 1935 li-

2160 1971 2278 2026 cuit
2307 1972 2463 2042 quod
2492 1972 2695 2049 attinet
2726 1973 2796 2027 ad
2822 1971 3175 2042 baptismum
3222 1971 3655 2025 haereticorum?
3694 1971 3799 2024 Pro-

2159 2060 2303 2114 fecto
2334 2061 2513 2115 multo
2538 2061 2767 2127 clarius,
2790 2060 3018 2131 plenius
3038 2076 3101 2114 ac
3115 2059 3466 2114 constantius
3488 2057 3802 2129 baptizandus

2161 2164 2280 2203 esse
2311 2149 2381 2203 ab
2412 2148 2691 2204 haereticis
2722 2149 2792 2202 ad
2824 2147 3129 2202 Ecclesium
3174 2147 3509 2202 catholicam
3552 2146 3798 2200 venientes

2162 2237 2487 2304 affirmavit,
2506 2254 2676 2309 quam
2697 2237 2850 2308 quod
2874 2238 2993 2290 vult
3012 2236 3106 2290 hic
3130 2235 3508 2306 Hipponensis
3531 2234 3797 2305 episcopus.

2164 2324 2377 2379 Deinde
2408 2340 2523 2379 non
2553 2324 2690 2379 dicit
2719 2324 2779 2378 in
2810 2324 3058 2378 infantes
3084 2321 3327 2377 transire
3355 2321 3528 2377 ullam
3551 2321 3716 2375 labem
3733 2320 3799 2373 in-

2160 2416 2406 2480 ternam,
2438 2430 2553 2484 qua
2575 2429 2775 2467 eorum
2799 2413 3094 2467 facultates
3109 2411 3223 2466 sint
3246 2411 3487 2479 vitiatae;
3513 2410 3605 2464 sed
3619 2415 3799 2463 tantum

2159 2502 2386 2556 trahere
2400 2518 2498 2556 eos
2509 2504 2876 2570 contagionem
2892 2502 3080 2555 mortis
3103 2500 3171 2554 ab
3192 2500 3433 2566 Adamo,
3456 2499 3584 2571 quia
3597 2515 3657 2552 ex
3676 2502 3801 2568 patre

2160 2589 2388 2644 mortali
2415 2606 2532 2643 non
2556 2589 2668 2642 nisi
2698 2589 2968 2643 mortales
3008 2591 3361 2655 nascuntur;
3405 2586 3550 2658 quod
3599 2586 3800 2639 multum

2160 2680 2319 2734 abest
2346 2695 2380 2732 a
2409 2678 2690 2732 sententia
2717 2676 3041 2746 Augustini.
3080 2676 3342 2747 Denique
3374 2674 3635 2729 rhetorice
3652 2673 3802 2745 potius

2160 2768 2394 2823 fortasse
2427 2766 2568 2822 dixit
2598 2766 2813 2820 remitti
2841 2765 3024 2820 aliena
3057 2770 3309 2836 peccata,
3340 2781 3511 2835 quam
3546 2761 3800 2825 didactice;

2160 2871 2224 2909 ac
2253 2869 2389 2908 sane
2418 2869 2524 2908 nec
2561 2852 2853 2924 imputari,
2885 2868 2989 2907 nec
3030 2852 3251 2906 remitti
3298 2853 3483 2906 aliena
3521 2841 3741 2922 peccata,
3766 2845 3800 2898 si

348 2962 495 3001 rum.
528 2945 710 3010 Quare
737 2946 879 2999 enim
920 2946 1319 3014 patrimonium
1357 2946 1514 3011 regni
1550 2944 1798 2997 caelorum
1843 2943 2055 3012 abripis
2091 2952 2130 3008 ο
2163 2942 2393 3015 proprie
2420 2942 2747 3013 loquamur,
2782 2958 2815 2995 a
2835 2941 2991 3011 justo
3032 2940 3228 3011 judice
3278 2945 3533 3011 possunt.
3578 2936 3706 2992 Satis
3741 2938 3803 2988 est

352 3032 667 3088 innocenti?
694 3031 821 3104 etc.]
859 3032 1027 3086 Recte
1074 3036 1512 3103 argumentatur
1540 3031 1909 3102 Augustinus,
1944 3047 2050 3085 nec

356 3125 478 3177 erat
530 3122 648 3175 ulla
702 3120 848 3175 ratio
906 3120 1297 3190 distinguendi
1351 3120 1518 3191 regni
1564 3120 1809 3175 ccelestis
1854 3137 1888 3174 a
1935 3120 2051 3175 vita

356 3214 589 3265 aeterna.
622 3209 734 3266 Sed
778 3224 844 3262 eo
874 3208 1140 3262 devenire
1182 3209 1361 3262 coacti
1406 3214 1539 3263 sunt
1578 3208 1871 3279 Pelagiani
1924 3210 2049 3263 loco

351 3301 515 3354 Joan.
548 3315 630 3367 In,
656 3301 710 3365 5,
738 3313 911 3368 quem
956 3296 1024 3351 de
1054 3296 1503 3366 pmdebaptismo
1534 3296 1958 3367 intelligebant,
1988 3301 2053 3351 ut

355 3387 453 3442 alii
483 3404 496 3441 :
526 3388 650 3442 Nisi
673 3388 796 3455 quis
824 3390 1046 3439 renatus
1065 3386 1237 3451 fuerit
1266 3402 1333 3439 ea:
1363 3401 1509 3454 aqua
1528 3390 1579 3439 et
1606 3387 1826 3455 Spiritu
1844 3391 2050 3456 sancto,

354 3491 461 3529 non
498 3473 731 3528 intrabit
758 3474 817 3526 in
844 3487 1076 3539 regnum
1106 3474 1239 3537 Dei;
1269 3487 1402 3525 cum
1434 3471 1569 3525 satis
1616 3471 1832 3542 liqueat
1881 3471 1942 3526 in
1985 3489 2051 3527 eo

345 3563 481 3617 loco
505 3561 574 3616 de
603 3559 812 3615 adultis
842 3564 1066 3613 tantum
1098 3559 1387 3614 Christum
1412 3575 1599 3629 agere,
1629 3564 1696 3613 ut
1721 3564 1778 3613 et
1802 3559 1860 3612 iu
1890 3564 2053 3614 caete-

355 3651 435 3705 ris
464 3650 731 3706 omnibus
762 3648 823 3701 in
848 3648 1056 3718 quibus
1085 3648 1291 3703 coelum
1335 3648 1639 3717 pollicetur
1668 3648 1738 3701 iis
1767 3648 2052 3702 conditio-

357 3739 528 3794 nibus
557 3755 686 3810 quaa
715 3753 829 3791 non
860 3735 972 3790 nisi
1002 3737 1072 3791 ab
1098 3736 1305 3791 adultis
1343 3736 1573 3807 impleri
1600 3739 1863 3806 possunt.

426 3831 455 3893 §
490 3832 574 3883 12.
608 3826 751 3894 Quid
795 3829 844 3880 ei
880 3826 1018 3880 dicis
1060 3830 1121 3880 ut
1166 3826 1402 3880 credat?
1429 3825 1555 3879 Hoc
1585 3827 1725 3879 enim
1754 3824 2051 3893 responde-

360 3924 449 3973 tur
478 3934 513 3972 a
540 3920 789 3987 portante
814 3916 1126 3985 parvulum.
1159 3914 1252 3970 Ad
1278 3914 1443 3969 verba
1459 3916 1640 3968 aliena
1664 3915 1930 3981 solvatur,
1954 3915 2053 3983 qui

352 4007 428 4063 ad
463 4009 673 4075 factum
700 4005 937 4059 alienum
964 4005 1301 4058 vulneratur.
1353 4002 1538 4059 Credit
1574 4005 1634 4056 in
1661 4004 1843 4056 Iesum
1883 4003 2050 4058 Chri—

351 4096 533 4152 stum?
563 4097 645 4150 Fit
688 4094 1060 4161 interrogatio,
1108 4090 1463 4160 respondetur
1504 4088 1721 4162 credit.]
1760 4091 1881 4144 Imo
1912 4106 2046 4144 vero

352 4186 528 4251 credo,
556 4184 618 4237 in
646 4182 833 4253 prima
863 4197 1127 4252 persona,
1160 4180 1296 4252 quia
1322 4179 1572 4234 formula
1599 4178 1867 4250 baptismi
1891 4178 2050 4232 adul-

2162 3032 2340 3087 multa
2369 3035 2665 3086 oratorum
2695 3028 3203 3084 ecclesiasticorum
3230 3030 3383 3084 dicta
3411 3044 3527 3083 esse
3554 3027 3633 3080 vel
3658 3025 3801 3079 diluto

2160 3138 2332 3177 sensu
2361 3136 2516 3187 vera,
2546 3135 2679 3174 cum
2720 3118 2854 3174 satis
2900 3122 3120 3174 constet
3167 3134 3269 3173 eos
3308 3118 3543 3173 minime
3592 3117 3803 3170 accurate

2160 3211 2321 3281 loqui
2351 3209 2568 3265 solitos.

2234 3298 2261 3369 ς
2315 3301 2405 3352 20.
2464 3300 2811 3366 Impetremus
2866 3311 3010 3365 ergo,
3066 3300 3117 3351 si
3153 3310 3462 3368 possumus,
3507 3312 3540 3349 a
3580 3291 3802 3360 fratribus

2160 3388 2377 3453 nostris,
2412 3401 2477 3439 ne
2504 3400 2602 3439 nos
2648 3387 2872 3454 insuper
2916 3385 3188 3453 appellent
3237 3386 3528 3450 haereticos,
3576 3378 3703 3450 quod
3738 3390 3801 3429 eos

2163 3475 2299 3527 talia
2319 3475 2658 3542 disputantes
2688 3488 2783 3527 nos
2813 3474 3091 3543 appellare
3117 3476 3391 3541 possimus
3419 3473 3661 3538 forsitan,
3680 3468 3802 3521 sire-

2162 3563 2341 3628 limus,
2372 3578 2466 3616 nec
2497 3567 2674 3616 tamen
2702 3561 3083 3631 appellamus.]
3127 3562 3259 3616 Haec
3280 3561 3559 3615 scribebat
3583 3552 3800 3625 Augusti-

2161 3666 2270 3704 nus
2307 3665 2458 3704 anno
2512 3651 2638 3716 413,
2685 3648 2855 3703 initio
2902 3649 3081 3703 ferme
3130 3648 3652 3713 controversiarum,
3700 3654 3798 3694 cum

2162 3738 2419 3792 nondum
2450 3736 2855 3807 scriptionibus
2901 3736 3203 3790 contrariis
3237 3741 3295 3790 et
3322 3735 3467 3790 odiis
3514 3729 3706 3787 incensi
3737 3742 3800 3780 es-

2163 3825 2289 3875 sent
2318 3821 2515 3875 animi.
2560 3823 2765 3875 Postea
2810 3821 2981 3892 pleno
3028 3837 3126 3874 ore
3170 3820 3470 3875 haereticos
3514 3813 3725 3875 vocavit,
3761 3814 3803 3862 et

2161 3909 2423 3963 conviciis
2454 3909 2724 3964 omnibus
2749 3908 3037 3979 proscidit,
3071 3913 3134 3963 ut
3163 3909 3314 3964 solet
3341 3908 3484 3963 ﬁeri.

2230 4000 2527 4062 Sustineat,
2558 3998 2768 4068 inquit,
2796 4013 2879 4053 eos
2908 4002 3081 4052 mater
3107 4000 3222 4067 piis
3258 3996 3550 4052 visceribus
3578 3987 3799 4048 sanandos

2157 4090 2335 4156 portet
2354 4086 2633 4151 docendos,
2669 4102 2734 4140 ne
2771 4088 3005 4155 plangat
3050 4091 3310 4141 mortuos.
3352 4086 3587 4143 Nimium
3628 4084 3696 4135 est
3724 4090 3800 4144 quo

2155 4175 2601 4244 progrediuntur,
2633 4176 2861 4229 multum
2890 4180 2987 4243 est,
3036 4177 3130 4229 via:
3163 4175 3453 4243 ferendum
3502 4176 3593 4237 est,
3636 4177 3800 4232 Μαρία

585 4237 667 4325 ad
712 4237 957 4324 infantes
1012 4237 1137 4322 sine
1175 4237 1508 4322 ‘mutatione
1538 4237 1726 4322 fuerat
1752 4267 2045 4321 translata.
2086 4237 2132 4294 θ
2152 4237 2437 4333 patientia
2465 4237 2643 4318 adhuc
2673 4266 2829 4331 ferri,
2862 4237 2991 4333 etcj
3025 4237 3235 4319 Mellita
3261 4264 3387 4318 haec
3413 4266 3558 4321 sunt,
3599 4256 3685 4312 sed
3721 4252 3799 4306 de-

353 4361 493 4416 Vide
515 4360 665 4415 dicta
692 4358 765 4412 ad
794 4363 933 4412 tom.
969 4358 1040 4421 Il,
1073 4356 1240 4426 epist.
1275 4359 1363 4423 98,
1420 4355 1447 4425 ἓ
1477 4359 1531 4411 9.

423 4449 452 4514 §
493 4450 577 4500 17.
612 4446 716 4499 Dic
744 4447 903 4510 mihi,
936 4444 1147 4499 obsecro
1180 4447 1248 4509 te,
1275 4446 1527 4512 parvulis
1559 4444 1854 4513 baptizatis
1884 4445 2048 4501 Chri-

349 4539 466 4591 stus
503 4533 736 4602 aliquid,
786 4549 858 4588 an
902 4534 1047 4586 nihil
1090 4531 1357 4602 prodest?
1399 4534 1619 4588 Necesse
1665 4537 1744 4586 est
1790 4536 1851 4585 ut
1899 4532 2048 4586 dicat

348 4622 620 4694 prodesse,
652 4624 920 4690 premitur
943 4623 1078 4675 mole
1113 4622 1304 4675 matris
1338 4622 1605 4675 Ecclesia.
1646 4622 1803 4674 Forte
1832 4620 2048 4688 quidem

349 4713 544 4767 vellent
578 4712 674 4765 hoc
721 4710 916 4776 dicere,
956 4726 1086 4765 nam
1127 4711 1567 4764 ratiocinationes
1604 4724 1786 4764 eorum
1830 4709 1906 4763 ad
1953 4709 2047 4763 hoc

351 4801 609 4857 videntur
636 4801 965 4869 compellere,
995 4799 1090 4853 sed
1113 4800 1436 4854 auctoritate
1462 4800 1836 4868 reprimuntur
1861 4798 2045 4853 Eccle-

351 4891 466 4958 siae,
498 4904 565 4943 ne
586 4903 694 4943 non
725 4887 906 4942 dicam
934 4889 1112 4956 sputis
1143 4888 1419 4941 hominum
1457 4886 1776 4951 obruantur,
1826 4884 1923 4939 sed
1950 4887 2044 4953 ip-

350 4994 532 5034 sorum
560 4979 862 5045 infantium
886 4977 1161 5044 lacrymis,
1205 4980 1466 5045 tanquam
1510 4976 1673 5043 ﬂuvio
1716 4975 2045 5043 pertrahun-

346 5066 481 5135 tur.]
514 5064 883 5121 Rhetoricum
906 5065 1015 5118 hoc
1030 5063 1311 5135 posterius
1337 5067 1421 5117 est
1439 5062 2047 5133 argumentum,prius

351 5172 385 5209 a
414 5159 629 5208 terrore
658 5153 924 5225 petitum,
956 5169 1073 5207 non
1103 5170 1136 5206 a
1164 5152 1421 5206 veritate.
1454 5151 1560 5206 Ubi
1588 5151 1744 5206 enim
1782 5151 2048 5220 promisit

354 5242 502 5297 Deus
530 5242 649 5296 fore
676 5244 740 5296 ut
769 5242 928 5296 nulla
956 5241 1019 5295 in
1047 5257 1108 5295 re
1138 5240 1389 5294 maxima
1431 5239 1884 5294 Christianorum
1913 5255 2045 5309 pars

350 5330 607 5385 erraret?
656 5330 970 5400 Nusquam.
1024 5329 1128 5385 Ubi
1176 5326 1446 5383 revelavit
1491 5327 1808 5381 necessario
1855 5327 2043 5396 bapti-

351 5416 561 5473 zandos
581 5417 844 5486 infantes,
870 5416 1359 5473 autmorientibus
1379 5414 1440 5469 in
1461 5414 1711 5469 infantili
1731 5418 1895 5469 aetate
1916 5430 2045 5485 pro-

347 5506 512 5562 desse
538 5504 887 5575 baptismum
908 5507 936 5560 ?
979 5507 1271 5578 Nusquam
1299 5504 1494 5560 etiam.
1527 5504 1724 5575 Itaque
1765 5503 2042 5575 Augusti-

2158 4352 2455 4406 honestata
2484 4352 2721 4406 fuerunt
2746 4351 3109 4422 sequentium
3153 4356 3486 4423 temporum
3530 4337 3801 4402 incredibili

2158 4440 2465 4495 acerbitate
2488 4467 2500 4507 ε
2526 4445 2586 4493 ut
2606 4439 3026 4510 propemodum
3048 4440 3329 4509 suspicari
3352 4438 3480 4510 quis
3499 4432 3661 4507 possit
3679 4440 3799 4483 man-

2158 4529 2520 4584 suetudinem
2549 4529 2695 4582 hanc
2724 4529 2854 4582 data
2874 4544 3050 4599 opera
3080 4528 3431 4594 simulatam,
3463 4528 3525 4579 ut
3549 4521 3710 4590 major
3731 4516 3797 4567 in-

2157 4617 2309 4673 vidia
2349 4617 2573 4671 miseris
2610 4616 2941 4671 hominibus
2989 4616 3361 4682 conflaretur,
3408 4613 3516 4669 nisi
3556 4604 3796 4665 cederent.

2158 4712 2332 4779 utque
2358 4706 2622 4761 homines
2652 4705 2907 4775 imperiti
2936 4706 3122 4776 magis
3163 4705 3226 4760 in
3264 4706 3395 4760 illos
3443 4707 3629 4773 postea
3669 4704 3794 4748 exar-

2157 4797 2472 4851 descerent.
2523 4796 2633 4849 Has
2688 4798 2840 4848 artes
2884 4810 2919 4847 a
2962 4809 3257 4849 sacrorum
3312 4788 3638 4864 praesidibus
3678 4791 3796 4849 saepe

2156 4884 2439 4940 adhibitus
2474 4900 2644 4937 nemo
2677 4883 2874 4951 nescit,
2895 4883 3135 4954 ejusque
3164 4882 3249 4937 rei
3280 4882 3505 4952 insigne
3525 4870 3798 4942 exemplum

2156 4972 2414 5027 videmus
2439 4970 2501 5026 in
2531 4970 2901 5026 damnatione
2933 4972 3386 5026 Donatistarum.
3425 4966 3663 5023 Profecto
3697 4966 3797 5011 cum

2156 5060 2438 5132 ejusmodi
2463 5060 2641 5115 initiis
2667 5060 2905 5114 minime
2931 5061 3303 5115 consentiunt
3325 5055 3525 5129 viginti
3545 5049 3799 5109 minimum

2154 5149 2495 5220 synodorum
2512 5150 2663 5203 intra
2677 5166 2889 5220 paucos
2904 5165 3092 5205 annos
3107 5150 3392 5204 festinatas
3411 5142 3796 5214 Pelagianorum

2153 5239 2488 5309 dogmatum
2516 5238 2931 5305 damnationes,
2965 5242 3031 5292 ut
3059 5236 3338 5309 episcopis
3370 5233 3572 5305 saepius
3590 5228 3653 5282 ad
3669 5223 3800 5278 dam-

2154 5327 2370 5382 nandos
2397 5327 2729 5398 Pelagianos
2758 5327 3036 5393 adductis,
3059 5327 3216 5380 nulla
3239 5324 3375 5378 iniri
3396 5323 3578 5393 posset
3592 5309 3798 5382 ampli“!l

2152 5416 2298 5471 ratio
2330 5415 2747 5471 audiendarum
2773 5416 3026 5487 partium
3055 5421 3171 5469 tam
3215 5429 3366 5483 saepe
3414 5406 3796 5466 damnatarum;

2152 5518 2283 5557 cum
2314 5502 2470 5557 enim
2492 5503 2695 5575 synodi
2723 5502 3056 5575 quempiam
3075 5502 3439 5566 damnarunt,
3469 5489 3684 5552 honoris
3701 5495 3797 5538 esse
