  <div class='ocr_page' id='page_1' title='image "/cluster/home/n/w/nwhite01/storage/ocr_20150623/47/hvd.32044096580683/204.png"; bbox 0 0 3920 6180; ppageno 0'>
   <div class='ocr_carea' id='block_1_1' title="bbox 110 285 2731 367">
    <p class='ocr_par' dir='ltr' id='par_1_1' title="bbox 110 285 2731 367">
     <span class='ocr_line' id='line_1_1' title="bbox 110 285 2731 367; baseline 0.001 -21"><span class='ocrx_word' id='word_1_1' title='bbox 110 296 187 346; x_wconf 78' lang='grc'>397</span> <span class='ocrx_word' id='word_1_2' title='bbox 796 366 799 367; x_wconf 13' lang='grc' dir='ltr'><em>ν</em></span> <span class='ocrx_word' id='word_1_3' title='bbox 834 285 1194 343; x_wconf 80' lang='lat' dir='ltr'>VARIORUM</span> <span class='ocrx_word' id='word_1_4' title='bbox 1235 289 1832 346; x_wconf 84' lang='lat' dir='ltr'>EXERCITATIONES</span> <span class='ocrx_word' id='word_1_5' title='bbox 1869 293 1940 347; x_wconf 89' lang='lat' dir='ltr'>IN</span> <span class='ocrx_word' id='word_1_6' title='bbox 1979 295 2033 347; x_wconf 99' lang='grc'>8.</span> <span class='ocrx_word' id='word_1_7' title='bbox 2076 294 2441 351; x_wconf 81' lang='lat' dir='ltr'>AUGUSTINI</span> <span class='ocrx_word' id='word_1_8' title='bbox 2482 296 2731 353; x_wconf 84' lang='lat' dir='ltr'>OPERA.</span> 
     </span>
    </p>
   </div>
   <div class='ocr_carea' id='block_1_2' title="bbox 3432 310 3535 361">
    <p class='ocr_par' dir='ltr' id='par_1_2' title="bbox 3432 310 3535 361">
     <span class='ocr_line' id='line_1_2' title="bbox 3432 310 3535 361; baseline 0.019 -2"><span class='ocrx_word' id='word_1_9' title='bbox 3432 310 3535 361; x_wconf 91' lang='lat'>398</span> 
     </span>
    </p>
   </div>
   <div class='ocr_carea' id='block_1_3' title="bbox 111 408 3532 497">
    <p class='ocr_par' dir='ltr' id='par_1_3' title="bbox 111 408 3532 497">
     <span class='ocr_line' id='line_1_3' title="bbox 111 408 3532 497; baseline 0.005 -31"><span class='ocrx_word' id='word_1_10' title='bbox 111 416 177 469; x_wconf 86' lang='lat' dir='ltr'>sui</span> <span class='ocrx_word' id='word_1_11' title='bbox 199 416 371 483; x_wconf 86' lang='lat' dir='ltr'>putant</span> <span class='ocrx_word' id='word_1_12' title='bbox 396 408 676 462; x_wconf 87' lang='lat' dir='ltr'>hominem</span> <span class='ocrx_word' id='word_1_13' title='bbox 726 408 904 463; x_wconf 91' lang='lat' dir='ltr'>videri</span> <span class='ocrx_word' id='word_1_14' title='bbox 932 411 1063 481; x_wconf 83' lang='lat' dir='ltr'>jure</span> <span class='ocrx_word' id='word_1_15' title='bbox 1099 411 1452 481; x_wconf 89' lang='lat' dir='ltr'>damnatum,</span> <span class='ocrx_word' id='word_1_16' title='bbox 1488 430 1591 467; x_wconf 91' lang='lat' dir='ltr'>nec</span> <span class='ocrx_word' id='word_1_17' title='bbox 1618 431 1725 484; x_wconf 86' lang='lat' dir='ltr'>pa-</span> <span class='ocrx_word' id='word_1_18' title='bbox 1754 422 1800 474; x_wconf 83' lang='grc' dir='ltr'><strong>Α</strong></span> <span class='ocrx_word' id='word_1_19' title='bbox 1840 432 2136 487; x_wconf 89' lang='lat' dir='ltr'>nunquam</span> <span class='ocrx_word' id='word_1_20' title='bbox 2165 419 2356 473; x_wconf 87' lang='lat' dir='ltr'>audita</span> <span class='ocrx_word' id='word_1_21' title='bbox 2383 420 2626 485; x_wconf 89' lang='lat' dir='ltr'>fuerant.</span> <span class='ocrx_word' id='word_1_22' title='bbox 2663 422 2767 477; x_wconf 89' lang='lat' dir='ltr'>Sed</span> <span class='ocrx_word' id='word_1_23' title='bbox 2789 425 2949 495; x_wconf 84' lang='lat' dir='ltr'>quid,</span> <span class='ocrx_word' id='word_1_24' title='bbox 2983 426 3227 497; x_wconf 86' lang='lat' dir='ltr'>inquies,</span> <span class='ocrx_word' id='word_1_25' title='bbox 3263 445 3332 482; x_wconf 90' lang='lat' dir='ltr'>an</span> <span class='ocrx_word' id='word_1_26' title='bbox 3364 446 3532 484; x_wconf 90' lang='lat' dir='ltr'>nemo</span> 
     </span>
    </p>
   </div>
   <div class='ocr_carea' id='block_1_4' title="bbox 112 500 1733 573">
    <p class='ocr_par' dir='ltr' id='par_1_4' title="bbox 112 500 1733 573">
     <span class='ocr_line' id='line_1_4' title="bbox 112 500 1733 573; baseline -0.002 -14"><span class='ocrx_word' id='word_1_27' title='bbox 112 507 283 573; x_wconf 76' lang='lat' dir='ltr'>tiuntur</span> <span class='ocrx_word' id='word_1_28' title='bbox 318 501 533 567; x_wconf 87' lang='lat' dir='ltr'>decreta.</span> <span class='ocrx_word' id='word_1_29' title='bbox 591 516 692 553; x_wconf 89' lang='lat' dir='ltr'>sua</span> <span class='ocrx_word' id='word_1_30' title='bbox 747 500 957 554; x_wconf 86' lang='lat' dir='ltr'>iterum</span> <span class='ocrx_word' id='word_1_31' title='bbox 1016 501 1279 571; x_wconf 83' lang='lat' dir='ltr'>expendi.</span> <span class='ocrx_word' id='word_1_32' title='bbox 1317 502 1422 556; x_wconf 88' lang='lat' dir='ltr'>Sed</span> <span class='ocrx_word' id='word_1_33' title='bbox 1471 503 1733 573; x_wconf 88' lang='lat' dir='ltr'>legantur</span> 
     </span>
    </p>
   </div>
   <div class='ocr_carea' id='block_1_5' title="bbox 115 588 1730 661">
    <p class='ocr_par' dir='ltr' id='par_1_5' title="bbox 115 588 1730 661">
     <span class='ocr_line' id='line_1_5' title="bbox 115 588 1730 661; baseline 0 -16"><span class='ocrx_word' id='word_1_34' title='bbox 115 594 250 645; x_wconf 84' lang='lat' dir='ltr'>edicta</span> <span class='ocrx_word' id='word_1_35' title='bbox 283 588 503 642; x_wconf 83' lang='lat' dir='ltr'>Honorii</span> <span class='ocrx_word' id='word_1_36' title='bbox 532 593 585 641; x_wconf 91' lang='lat' dir='ltr'>et</span> <span class='ocrx_word' id='word_1_37' title='bbox 613 588 949 650; x_wconf 83' lang='lat' dir='ltr'>Constantii,</span> <span class='ocrx_word' id='word_1_38' title='bbox 985 594 1183 643; x_wconf 87' lang='lat' dir='ltr'>contra</span> <span class='ocrx_word' id='word_1_39' title='bbox 1213 591 1566 660; x_wconf 83' lang='lat' dir='ltr'>Pelagianos,</span> <span class='ocrx_word' id='word_1_40' title='bbox 1602 608 1730 661; x_wconf 81' lang='lat' dir='ltr'>quae</span> 
     </span>
    </p>
   </div>
   <div class='ocr_carea' id='block_1_6' title="bbox 113 677 1729 750">
    <p class='ocr_par' dir='ltr' id='par_1_6' title="bbox 113 677 1729 750">
     <span class='ocr_line' id='line_1_6' title="bbox 113 677 1729 750; baseline 0.001 -17"><span class='ocrx_word' id='word_1_41' title='bbox 113 685 209 733; x_wconf 86' lang='lat' dir='ltr'>sunt</span> <span class='ocrx_word' id='word_1_42' title='bbox 240 678 297 731; x_wconf 87' lang='lat' dir='ltr'>ad</span> <span class='ocrx_word' id='word_1_43' title='bbox 326 677 527 730; x_wconf 85' lang='lat' dir='ltr'>calcem</span> <span class='ocrx_word' id='word_1_44' title='bbox 555 678 694 730; x_wconf 90' lang='lat' dir='ltr'>tomi</span> <span class='ocrx_word' id='word_1_45' title='bbox 726 679 786 745; x_wconf 80' lang='grc' dir='ltr'>Χ,</span> <span class='ocrx_word' id='word_1_46' title='bbox 826 682 881 731; x_wconf 91' lang='lat' dir='ltr'>et</span> <span class='ocrx_word' id='word_1_47' title='bbox 911 694 1059 748; x_wconf 65' lang='lat' dir='ltr'>saepe</span> <span class='ocrx_word' id='word_1_48' title='bbox 1094 679 1229 733; x_wconf 85' lang='lat' dir='ltr'>alibi</span> <span class='ocrx_word' id='word_1_49' title='bbox 1260 680 1429 745; x_wconf 88' lang='lat' dir='ltr'>edita,</span> <span class='ocrx_word' id='word_1_50' title='bbox 1463 686 1520 734; x_wconf 91' lang='lat' dir='ltr'>et</span> <span class='ocrx_word' id='word_1_51' title='bbox 1547 680 1729 750; x_wconf 89' lang='lat' dir='ltr'>lique-</span> 
     </span>
    </p>
   </div>
   <div class='ocr_carea' id='block_1_7' title="bbox 108 765 1729 839">
    <p class='ocr_par' dir='ltr' id='par_1_7' title="bbox 108 765 1729 839">
     <span class='ocr_line' id='line_1_7' title="bbox 108 765 1729 839; baseline 0.001 -17"><span class='ocrx_word' id='word_1_52' title='bbox 108 770 169 823; x_wconf 86' lang='lat' dir='ltr'>bit</span> <span class='ocrx_word' id='word_1_53' title='bbox 192 766 341 820; x_wconf 87' lang='lat' dir='ltr'>multo</span> <span class='ocrx_word' id='word_1_54' title='bbox 366 765 749 819; x_wconf 76' lang='lat' dir='ltr'>vehementius</span> <span class='ocrx_word' id='word_1_55' title='bbox 778 765 892 819; x_wconf 89' lang='lat' dir='ltr'>illis</span> <span class='ocrx_word' id='word_1_56' title='bbox 923 783 1098 837; x_wconf 88' lang='lat' dir='ltr'>quam</span> <span class='ocrx_word' id='word_1_57' title='bbox 1128 767 1444 823; x_wconf 76' lang='lat' dir='ltr'>rationibus</span> <span class='ocrx_word' id='word_1_58' title='bbox 1474 785 1592 822; x_wconf 90' lang='lat' dir='ltr'>esse</span> <span class='ocrx_word' id='word_1_59' title='bbox 1615 786 1729 839; x_wconf 90' lang='lat' dir='ltr'>pu-</span> 
     </span>
    </p>
   </div>
   <div class='ocr_carea' id='block_1_8' title="bbox 102 862 1727 991">
    <p class='ocr_par' dir='ltr' id='par_1_8' title="bbox 102 862 1727 991">
     <span class='ocr_line' id='line_1_8' title="bbox 102 862 1727 991; baseline 0.001 -11"><span class='ocrx_word' id='word_1_60' title='bbox 102 862 379 981; x_wconf 52' lang='lat' dir='ltr'>gnggi&#39;llllrlldne</span> <span class='ocrx_word' id='word_1_61' title='bbox 426 928 547 991; x_wconf 75' lang='lat'>305,</span> <span class='ocrx_word' id='word_1_62' title='bbox 601 924 661 978; x_wconf 91' lang='lat' dir='ltr'>in</span> <span class='ocrx_word' id='word_1_63' title='bbox 706 925 917 980; x_wconf 89' lang='lat' dir='ltr'>titulo:</span> <span class='ocrx_word' id='word_1_64' title='bbox 982 928 1214 982; x_wconf 78' lang='lat' dir='ltr'>Habitus</span> <span class='ocrx_word' id='word_1_65' title='bbox 1267 929 1342 982; x_wconf 91' lang='lat' dir='ltr'>ad</span> <span class='ocrx_word' id='word_1_66' title='bbox 1390 944 1626 982; x_wconf 88' lang='lat' dir='ltr'>mensam</span> <span class='ocrx_word' id='word_1_67' title='bbox 1673 930 1727 983; x_wconf 92' lang='lat' dir='ltr'>S.</span> 
     </span>
    </p>
   </div>
   <div class='ocr_carea' id='block_1_9' title="bbox 98 1013 1732 1086">
    <p class='ocr_par' dir='ltr' id='par_1_9' title="bbox 98 1013 1732 1086">
     <span class='ocr_line' id='line_1_9' title="bbox 98 1013 1732 1086; baseline -0.002 -14"><span class='ocrx_word' id='word_1_68' title='bbox 98 1014 351 1086; x_wconf 65' lang='lat' dir='ltr'>Cypriani]</span> <span class='ocrx_word' id='word_1_69' title='bbox 380 1015 460 1068; x_wconf 83' lang='lat' dir='ltr'>Ad</span> <span class='ocrx_word' id='word_1_70' title='bbox 488 1016 663 1068; x_wconf 88' lang='lat' dir='ltr'>altare</span> <span class='ocrx_word' id='word_1_71' title='bbox 687 1013 737 1068; x_wconf 93' lang='lat' dir='ltr'>S.</span> <span class='ocrx_word' id='word_1_72' title='bbox 777 1015 1063 1085; x_wconf 86' lang='lat' dir='ltr'>Cypriani.</span> <span class='ocrx_word' id='word_1_73' title='bbox 1100 1017 1349 1070; x_wconf 84' lang='lat' dir='ltr'>Mensam</span> <span class='ocrx_word' id='word_1_74' title='bbox 1371 1017 1525 1071; x_wconf 91' lang='lat' dir='ltr'>enim</span> <span class='ocrx_word' id='word_1_75' title='bbox 1557 1018 1732 1071; x_wconf 84' lang='lat' dir='ltr'>altare</span> 
     </span>
    </p>
   </div>
   <div class='ocr_carea' id='block_1_10' title="bbox 96 1103 1731 1175">
    <p class='ocr_par' dir='ltr' id='par_1_10' title="bbox 96 1103 1731 1175">
     <span class='ocr_line' id='line_1_10' title="bbox 96 1103 1731 1175; baseline 0.001 -17"><span class='ocrx_word' id='word_1_76' title='bbox 96 1105 325 1167; x_wconf 85' lang='lat' dir='ltr'>dicebant,</span> <span class='ocrx_word' id='word_1_77' title='bbox 368 1108 429 1155; x_wconf 89' lang='lat' dir='ltr'>ut</span> <span class='ocrx_word' id='word_1_78' title='bbox 493 1103 669 1157; x_wconf 63' lang='lat' dir='ltr'>Graeci</span> <span class='ocrx_word' id='word_1_79' title='bbox 719 1110 853 1175; x_wconf 69' lang='grc' dir='ltr'>ἱερὰν</span> <span class='ocrx_word' id='word_1_80' title='bbox 908 1113 1172 1175; x_wconf 67' lang='grc' dir='ltr'>τράπεζαν.</span> <span class='ocrx_word' id='word_1_81' title='bbox 1238 1106 1316 1160; x_wconf 91' lang='lat' dir='ltr'>De</span> <span class='ocrx_word' id='word_1_82' title='bbox 1371 1106 1476 1159; x_wconf 91' lang='lat' dir='ltr'>hac</span> <span class='ocrx_word' id='word_1_83' title='bbox 1539 1110 1731 1159; x_wconf 88' lang='lat' dir='ltr'>autem</span> 
     </span>
    </p>
   </div>
   <div class='ocr_carea' id='block_1_11' title="bbox 94 1192 1732 1264">
    <p class='ocr_par' dir='ltr' id='par_1_11' title="bbox 94 1192 1732 1264">
     <span class='ocr_line' id='line_1_11' title="bbox 94 1192 1732 1264; baseline 0.001 -17"><span class='ocrx_word' id='word_1_84' title='bbox 94 1194 207 1264; x_wconf 84' lang='lat' dir='ltr'>apud</span> <span class='ocrx_word' id='word_1_85' title='bbox 237 1192 618 1262; x_wconf 82' lang='lat' dir='ltr'>Carthaginem</span> <span class='ocrx_word' id='word_1_86' title='bbox 657 1210 854 1247; x_wconf 90' lang='lat' dir='ltr'>mensa</span> <span class='ocrx_word' id='word_1_87' title='bbox 884 1194 936 1247; x_wconf 93' lang='grc'>8.</span> <span class='ocrx_word' id='word_1_88' title='bbox 980 1194 1249 1264; x_wconf 86' lang='lat' dir='ltr'>Cypriani</span> <span class='ocrx_word' id='word_1_89' title='bbox 1279 1210 1452 1264; x_wconf 83' lang='lat' dir='ltr'>agens</span> <span class='ocrx_word' id='word_1_90' title='bbox 1471 1210 1732 1248; x_wconf 87' lang='lat' dir='ltr'>sermone</span> 
     </span>
    </p>
   </div>
   <div class='ocr_carea' id='block_1_12' title="bbox 98 1281 1730 1353">
    <p class='ocr_par' dir='ltr' id='par_1_12' title="bbox 98 1281 1730 1353">
     <span class='ocr_line' id='line_1_12' title="bbox 98 1281 1730 1353; baseline 0 -18"><span class='ocrx_word' id='word_1_91' title='bbox 98 1288 167 1336; x_wconf 83' lang='lat' dir='ltr'>H3</span> <span class='ocrx_word' id='word_1_92' title='bbox 193 1282 251 1335; x_wconf 88' lang='lat' dir='ltr'>de</span> <span class='ocrx_word' id='word_1_93' title='bbox 281 1281 512 1334; x_wconf 76' lang='lat' dir='ltr'>Diversis</span> <span class='ocrx_word' id='word_1_94' title='bbox 545 1298 555 1334; x_wconf 93' lang='lat'>:</span> <span class='ocrx_word' id='word_1_95' title='bbox 597 1281 751 1336; x_wconf 86' lang='lat' dir='ltr'>Sicut</span> <span class='ocrx_word' id='word_1_96' title='bbox 786 1284 975 1350; x_wconf 78' lang='lat' dir='ltr'>nostis,</span> <span class='ocrx_word' id='word_1_97' title='bbox 1004 1282 1213 1353; x_wconf 84' lang='lat' dir='ltr'>inquit,</span> <span class='ocrx_word' id='word_1_98' title='bbox 1248 1284 1567 1352; x_wconf 78' lang='lat' dir='ltr'>quicumque</span> <span class='ocrx_word' id='word_1_99' title='bbox 1596 1286 1730 1340; x_wconf 87' lang='lat' dir='ltr'>Car-</span> 
     </span>
    </p>
   </div>
   <div class='ocr_carea' id='block_1_13' title="bbox 94 1371 1731 1441">
    <p class='ocr_par' dir='ltr' id='par_1_13' title="bbox 94 1371 1731 1441">
     <span class='ocr_line' id='line_1_13' title="bbox 94 1371 1731 1441; baseline 0 -16"><span class='ocrx_word' id='word_1_100' title='bbox 94 1374 312 1437; x_wconf 77' lang='lat' dir='ltr'>thaginem</span> <span class='ocrx_word' id='word_1_101' title='bbox 355 1373 545 1435; x_wconf 77' lang='lat' dir='ltr'>nostis,</span> <span class='ocrx_word' id='word_1_102' title='bbox 594 1373 653 1424; x_wconf 87' lang='lat' dir='ltr'>in</span> <span class='ocrx_word' id='word_1_103' title='bbox 684 1371 861 1425; x_wconf 86' lang='lat' dir='ltr'>eodem</span> <span class='ocrx_word' id='word_1_104' title='bbox 908 1372 1015 1425; x_wconf 86' lang='lat' dir='ltr'>loco</span> <span class='ocrx_word' id='word_1_105' title='bbox 1048 1373 1105 1424; x_wconf 89' lang='lat' dir='ltr'>in</span> <span class='ocrx_word' id='word_1_106' title='bbox 1144 1388 1247 1440; x_wconf 88' lang='lat' dir='ltr'>quo</span> <span class='ocrx_word' id='word_1_107' title='bbox 1288 1379 1515 1441; x_wconf 80' lang='lat' dir='ltr'>propter</span> <span class='ocrx_word' id='word_1_108' title='bbox 1542 1388 1731 1426; x_wconf 81' lang='lat' dir='ltr'>nomen</span> 
     </span>
    </p>
   </div>
   <div class='ocr_carea' id='block_1_14' title="bbox 92 1461 1729 1529">
    <p class='ocr_par' dir='ltr' id='par_1_14' title="bbox 92 1461 1729 1529">
     <span class='ocr_line' id='line_1_14' title="bbox 92 1461 1729 1529; baseline -0.001 -14"><span class='ocrx_word' id='word_1_109' title='bbox 92 1461 253 1515; x_wconf 76' lang='lat' dir='ltr'>Christi</span> <span class='ocrx_word' id='word_1_110' title='bbox 274 1461 489 1526; x_wconf 83' lang='lat' dir='ltr'>sanguis</span> <span class='ocrx_word' id='word_1_111' title='bbox 546 1462 706 1525; x_wconf 89' lang='lat' dir='ltr'>fusus</span> <span class='ocrx_word' id='word_1_112' title='bbox 754 1465 830 1513; x_wconf 87' lang='lat' dir='ltr'>est</span> <span class='ocrx_word' id='word_1_113' title='bbox 876 1462 1175 1529; x_wconf 75' lang='lat' dir='ltr'>Cypriani,</span> <span class='ocrx_word' id='word_1_114' title='bbox 1227 1476 1411 1515; x_wconf 87' lang='lat' dir='ltr'>mensa</span> <span class='ocrx_word' id='word_1_115' title='bbox 1465 1462 1577 1514; x_wconf 86' lang='lat' dir='ltr'>Deo</span> <span class='ocrx_word' id='word_1_116' title='bbox 1608 1476 1729 1513; x_wconf 88' lang='lat' dir='ltr'>con-</span> 
     </span>
    </p>
   </div>
   <div class='ocr_carea' id='block_1_15' title="bbox 90 1548 1731 1618">
    <p class='ocr_par' dir='ltr' id='par_1_15' title="bbox 90 1548 1731 1618">
     <span class='ocr_line' id='line_1_15' title="bbox 90 1548 1731 1618; baseline -0.001 -17"><span class='ocrx_word' id='word_1_117' title='bbox 90 1553 247 1601; x_wconf 80' lang='lat' dir='ltr'>structa</span> <span class='ocrx_word' id='word_1_118' title='bbox 286 1552 376 1600; x_wconf 85' lang='lat' dir='ltr'>est.</span> <span class='ocrx_word' id='word_1_119' title='bbox 429 1550 627 1601; x_wconf 87' lang='lat' dir='ltr'>Tamen</span> <span class='ocrx_word' id='word_1_120' title='bbox 657 1563 841 1601; x_wconf 85' lang='lat' dir='ltr'>mensa</span> <span class='ocrx_word' id='word_1_121' title='bbox 877 1548 1081 1602; x_wconf 84' lang='lat' dir='ltr'>dicitur</span> <span class='ocrx_word' id='word_1_122' title='bbox 1109 1550 1401 1618; x_wconf 77' lang='lat' dir='ltr'>Cypriani,</span> <span class='ocrx_word' id='word_1_123' title='bbox 1455 1564 1565 1604; x_wconf 86' lang='lat' dir='ltr'>non</span> <span class='ocrx_word' id='word_1_124' title='bbox 1600 1550 1731 1616; x_wconf 87' lang='lat' dir='ltr'>quia</span> 
     </span>
    </p>
   </div>
   <div class='ocr_carea' id='block_1_16' title="bbox 90 1637 1729 1705">
    <p class='ocr_par' dir='ltr' id='par_1_16' title="bbox 90 1637 1729 1705">
     <span class='ocr_line' id='line_1_16' title="bbox 90 1637 1729 1705; baseline 0.001 -17"><span class='ocrx_word' id='word_1_125' title='bbox 90 1637 144 1688; x_wconf 76' lang='lat' dir='ltr'>ibi</span> <span class='ocrx_word' id='word_1_126' title='bbox 164 1641 227 1688; x_wconf 81' lang='lat' dir='ltr'>est</span> <span class='ocrx_word' id='word_1_127' title='bbox 247 1651 473 1703; x_wconf 87' lang='lat' dir='ltr'>unquam</span> <span class='ocrx_word' id='word_1_128' title='bbox 496 1637 808 1705; x_wconf 74' lang='lat' dir='ltr'>Cyprianus</span> <span class='ocrx_word' id='word_1_129' title='bbox 834 1639 1103 1705; x_wconf 87' lang='lat' dir='ltr'>epulatus,</span> <span class='ocrx_word' id='word_1_130' title='bbox 1139 1637 1232 1691; x_wconf 88' lang='lat' dir='ltr'>sed</span> <span class='ocrx_word' id='word_1_131' title='bbox 1264 1640 1395 1705; x_wconf 84' lang='lat' dir='ltr'>quia</span> <span class='ocrx_word' id='word_1_132' title='bbox 1424 1639 1503 1691; x_wconf 90' lang='lat' dir='ltr'>ibi</span> <span class='ocrx_word' id='word_1_133' title='bbox 1526 1643 1601 1692; x_wconf 85' lang='lat' dir='ltr'>est</span> <span class='ocrx_word' id='word_1_134' title='bbox 1628 1641 1729 1690; x_wconf 88' lang='lat' dir='ltr'>im-</span> 
     </span>
    </p>
   </div>
   <div class='ocr_carea' id='block_1_17' title="bbox 86 1726 1726 1796">
    <p class='ocr_par' dir='ltr' id='par_1_17' title="bbox 86 1726 1726 1796">
     <span class='ocr_line' id='line_1_17' title="bbox 86 1726 1726 1796; baseline 0.001 -19"><span class='ocrx_word' id='word_1_135' title='bbox 86 1726 283 1791; x_wconf 79' lang='lat' dir='ltr'>molatus,</span> <span class='ocrx_word' id='word_1_136' title='bbox 339 1730 387 1778; x_wconf 85' lang='lat' dir='ltr'>et</span> <span class='ocrx_word' id='word_1_137' title='bbox 426 1728 562 1792; x_wconf 86' lang='lat' dir='ltr'>quia</span> <span class='ocrx_word' id='word_1_138' title='bbox 609 1728 733 1793; x_wconf 86' lang='lat' dir='ltr'>ipsa</span> <span class='ocrx_word' id='word_1_139' title='bbox 777 1727 1139 1780; x_wconf 81' lang='lat' dir='ltr'>immolatione</span> <span class='ocrx_word' id='word_1_140' title='bbox 1195 1743 1296 1780; x_wconf 89' lang='lat' dir='ltr'>sua</span> <span class='ocrx_word' id='word_1_141' title='bbox 1333 1730 1557 1796; x_wconf 74' lang='lat' dir='ltr'>paravit</span> <span class='ocrx_word' id='word_1_142' title='bbox 1589 1728 1726 1780; x_wconf 89' lang='lat' dir='ltr'>hanc</span> 
     </span>
    </p>
   </div>
   <div class='ocr_carea' id='block_1_18' title="bbox 86 1816 1728 1885">
    <p class='ocr_par' dir='ltr' id='par_1_18' title="bbox 86 1816 1728 1885">
     <span class='ocr_line' id='line_1_18' title="bbox 86 1816 1728 1885; baseline 0.001 -18"><span class='ocrx_word' id='word_1_143' title='bbox 86 1831 289 1881; x_wconf 59' lang='lat' dir='ltr'>animum,</span> <span class='ocrx_word' id='word_1_144' title='bbox 336 1830 437 1868; x_wconf 88' lang='lat' dir='ltr'>non</span> <span class='ocrx_word' id='word_1_145' title='bbox 475 1817 535 1868; x_wconf 87' lang='lat' dir='ltr'>in</span> <span class='ocrx_word' id='word_1_146' title='bbox 558 1831 669 1884; x_wconf 85' lang='lat' dir='ltr'>qua</span> <span class='ocrx_word' id='word_1_147' title='bbox 696 1820 886 1883; x_wconf 86' lang='lat' dir='ltr'>pascat</span> <span class='ocrx_word' id='word_1_148' title='bbox 915 1818 1030 1870; x_wconf 82' lang='lat' dir='ltr'>sive</span> <span class='ocrx_word' id='word_1_149' title='bbox 1055 1820 1337 1885; x_wconf 85' lang='lat' dir='ltr'>pascatur,</span> <span class='ocrx_word' id='word_1_150' title='bbox 1390 1816 1484 1870; x_wconf 90' lang='lat' dir='ltr'>sed</span> <span class='ocrx_word' id='word_1_151' title='bbox 1530 1819 1588 1870; x_wconf 91' lang='lat' dir='ltr'>in</span> <span class='ocrx_word' id='word_1_152' title='bbox 1619 1831 1728 1885; x_wconf 88' lang='lat' dir='ltr'>qua</span> 
     </span>
    </p>
   </div>
   <div class='ocr_carea' id='block_1_19' title="bbox 85 1903 1726 1971">
    <p class='ocr_par' dir='ltr' id='par_1_19' title="bbox 85 1903 1726 1971">
     <span class='ocr_line' id='line_1_19' title="bbox 85 1903 1726 1971; baseline 0.001 -17"><span class='ocrx_word' id='word_1_153' title='bbox 85 1903 355 1969; x_wconf 72' lang='lat' dir='ltr'>sacriﬁcium</span> <span class='ocrx_word' id='word_1_154' title='bbox 384 1905 507 1968; x_wconf 90' lang='lat' dir='ltr'>Deo,</span> <span class='ocrx_word' id='word_1_155' title='bbox 556 1904 647 1956; x_wconf 87' lang='lat' dir='ltr'>cui</span> <span class='ocrx_word' id='word_1_156' title='bbox 689 1907 739 1955; x_wconf 87' lang='lat' dir='ltr'>et</span> <span class='ocrx_word' id='word_1_157' title='bbox 782 1904 896 1971; x_wconf 88' lang='lat' dir='ltr'>ipse</span> <span class='ocrx_word' id='word_1_158' title='bbox 939 1903 1147 1957; x_wconf 87' lang='lat' dir='ltr'>oblatus</span> <span class='ocrx_word' id='word_1_159' title='bbox 1190 1908 1285 1970; x_wconf 89' lang='lat' dir='ltr'>est,</span> <span class='ocrx_word' id='word_1_160' title='bbox 1329 1903 1608 1971; x_wconf 75' lang='lat' dir='ltr'>offeratur.</span> <span class='ocrx_word' id='word_1_161' title='bbox 1640 1903 1726 1957; x_wconf 91' lang='lat' dir='ltr'>Ad</span> 
     </span>
    </p>
   </div>
   <div class='ocr_carea' id='block_1_20' title="bbox 85 1990 1726 2063">
    <p class='ocr_par' dir='ltr' id='par_1_20' title="bbox 85 1990 1726 2063">
     <span class='ocr_line' id='line_1_20' title="bbox 85 1990 1726 2063; baseline 0.001 -20"><span class='ocrx_word' id='word_1_162' title='bbox 85 1990 292 2044; x_wconf 81' lang='lat' dir='ltr'>eamdem</span> <span class='ocrx_word' id='word_1_163' title='bbox 322 2007 489 2061; x_wconf 90' lang='lat' dir='ltr'>porro</span> <span class='ocrx_word' id='word_1_164' title='bbox 519 2007 781 2044; x_wconf 88' lang='lat' dir='ltr'>mensam</span> <span class='ocrx_word' id='word_1_165' title='bbox 800 1991 853 2045; x_wconf 89' lang='lat' dir='ltr'>S.</span> <span class='ocrx_word' id='word_1_166' title='bbox 880 1991 1146 2061; x_wconf 81' lang='lat' dir='ltr'>Cypriani</span> <span class='ocrx_word' id='word_1_167' title='bbox 1173 1991 1513 2063; x_wconf 78' lang='lat' dir='ltr'>Carthagine</span> <span class='ocrx_word' id='word_1_168' title='bbox 1544 1991 1726 2045; x_wconf 86' lang='lat' dir='ltr'>habiti</span> 
     </span>
    </p>
   </div>
   <div class='ocr_carea' id='block_1_21' title="bbox 84 2079 1724 2152">
    <p class='ocr_par' dir='ltr' id='par_1_21' title="bbox 84 2079 1724 2152">
     <span class='ocr_line' id='line_1_21' title="bbox 84 2079 1724 2152; baseline 0.002 -21"><span class='ocrx_word' id='word_1_169' title='bbox 84 2079 215 2132; x_wconf 80' lang='lat' dir='ltr'>etiam</span> <span class='ocrx_word' id='word_1_170' title='bbox 241 2094 520 2133; x_wconf 87' lang='lat' dir='ltr'>sermones</span> <span class='ocrx_word' id='word_1_171' title='bbox 573 2082 642 2133; x_wconf 77' lang='grc'>94</span> <span class='ocrx_word' id='word_1_172' title='bbox 681 2082 737 2133; x_wconf 89' lang='lat' dir='ltr'>et</span> <span class='ocrx_word' id='word_1_173' title='bbox 781 2082 877 2133; x_wconf 69' lang='lat' dir='ltr'>l3?</span> <span class='ocrx_word' id='word_1_174' title='bbox 925 2080 993 2133; x_wconf 90' lang='lat' dir='ltr'>de</span> <span class='ocrx_word' id='word_1_175' title='bbox 1034 2081 1333 2152; x_wconf 77' lang='lat' dir='ltr'>Tempore,</span> <span class='ocrx_word' id='word_1_176' title='bbox 1368 2086 1425 2135; x_wconf 93' lang='lat' dir='ltr'>et</span> <span class='ocrx_word' id='word_1_177' title='bbox 1453 2085 1724 2136; x_wconf 90' lang='lat' dir='ltr'>tractatus</span> 
     </span>
    </p>
   </div>
   <div class='ocr_carea' id='block_1_22' title="bbox 84 2169 1011 2238">
    <p class='ocr_par' dir='ltr' id='par_1_22' title="bbox 84 2169 1011 2238">
     <span class='ocr_line' id='line_1_22' title="bbox 84 2169 1011 2238; baseline 0.003 -18"><span class='ocrx_word' id='word_1_178' title='bbox 84 2169 121 2220; x_wconf 88' lang='lat' dir='ltr'>in</span> <span class='ocrx_word' id='word_1_179' title='bbox 146 2169 396 2238; x_wconf 85' lang='lat' dir='ltr'>psalmum</span> <span class='ocrx_word' id='word_1_180' title='bbox 420 2186 649 2223; x_wconf 80' lang='lat' dir='ltr'>xxxvnr.</span> <span class='ocrx_word' id='word_1_181' title='bbox 675 2170 1011 2223; x_wconf 74' lang='lat' dir='ltr'>Sinuoxnus.</span> 
     </span>
    </p>
   </div>
   <div class='ocr_carea' id='block_1_23' title="bbox 132 2257 1723 2328">
    <p class='ocr_par' dir='ltr' id='par_1_23' title="bbox 132 2257 1723 2328">
     <span class='ocr_line' id='line_1_23' title="bbox 132 2257 1723 2328; baseline 0.002 -18"><span class='ocrx_word' id='word_1_182' title='bbox 132 2258 364 2311; x_wconf 80' lang='lat' dir='ltr'>Sermone</span> <span class='ocrx_word' id='word_1_183' title='bbox 420 2261 544 2325; x_wconf 80' lang='grc'>318,</span> <span class='ocrx_word' id='word_1_184' title='bbox 581 2257 643 2310; x_wconf 92' lang='lat' dir='ltr'>in</span> <span class='ocrx_word' id='word_1_185' title='bbox 695 2257 861 2311; x_wconf 80' lang='lat' dir='ltr'>titulo</span> <span class='ocrx_word' id='word_1_186' title='bbox 919 2275 931 2312; x_wconf 90' lang='lat'><strong>:</strong></span> <span class='ocrx_word' id='word_1_187' title='bbox 994 2261 1068 2312; x_wconf 88' lang='lat' dir='ltr'>De</span> <span class='ocrx_word' id='word_1_188' title='bbox 1121 2263 1364 2326; x_wconf 84' lang='lat' dir='ltr'>martyre</span> <span class='ocrx_word' id='word_1_189' title='bbox 1406 2259 1723 2328; x_wconf 83' lang='lat' dir='ltr'>Stephano.]</span> 
     </span>
    </p>
   </div>
   <div class='ocr_carea' id='block_1_24' title="bbox 84 2346 1726 2417">
    <p class='ocr_par' dir='ltr' id='par_1_24' title="bbox 84 2346 1726 2417">
     <span class='ocr_line' id='line_1_24' title="bbox 84 2346 1726 2417; baseline 0.001 -17"><span class='ocrx_word' id='word_1_190' title='bbox 84 2347 291 2415; x_wconf 83' lang='lat' dir='ltr'>Ejusdem</span> <span class='ocrx_word' id='word_1_191' title='bbox 329 2346 656 2417; x_wconf 82' lang='lat' dir='ltr'>argumenti</span> <span class='ocrx_word' id='word_1_192' title='bbox 686 2350 771 2399; x_wconf 89' lang='lat' dir='ltr'>est</span> <span class='ocrx_word' id='word_1_193' title='bbox 801 2347 953 2416; x_wconf 89' lang='lat' dir='ltr'>apud</span> <span class='ocrx_word' id='word_1_194' title='bbox 983 2363 1086 2400; x_wconf 90' lang='lat' dir='ltr'>nos</span> <span class='ocrx_word' id='word_1_195' title='bbox 1109 2363 1296 2401; x_wconf 90' lang='lat' dir='ltr'>sermo</span> <span class='ocrx_word' id='word_1_196' title='bbox 1318 2348 1575 2401; x_wconf 92' lang='lat' dir='ltr'>nondum</span> <span class='ocrx_word' id='word_1_197' title='bbox 1610 2347 1726 2401; x_wconf 87' lang='lat' dir='ltr'>edi—</span> 
     </span>
    </p>
   </div>
   <div class='ocr_carea' id='block_1_25' title="bbox 83 2434 1724 2506">
    <p class='ocr_par' dir='ltr' id='par_1_25' title="bbox 83 2434 1724 2506">
     <span class='ocr_line' id='line_1_25' title="bbox 83 2434 1724 2506; baseline 0.002 -19"><span class='ocrx_word' id='word_1_198' title='bbox 83 2444 145 2488; x_wconf 83' lang='lat' dir='ltr'>tus</span> <span class='ocrx_word' id='word_1_199' title='bbox 162 2435 324 2489; x_wconf 78' lang='lat' dir='ltr'>Fausti</span> <span class='ocrx_word' id='word_1_200' title='bbox 340 2434 618 2506; x_wconf 89' lang='lat' dir='ltr'>episcopi,</span> <span class='ocrx_word' id='word_1_201' title='bbox 652 2435 890 2488; x_wconf 82' lang='lat' dir='ltr'>fortasse</span> <span class='ocrx_word' id='word_1_202' title='bbox 912 2434 1189 2499; x_wconf 85' lang='lat' dir='ltr'>Reiensis,</span> <span class='ocrx_word' id='word_1_203' title='bbox 1223 2436 1386 2505; x_wconf 87' lang='lat' dir='ltr'>cujus</span> <span class='ocrx_word' id='word_1_204' title='bbox 1422 2435 1724 2492; x_wconf 84' lang='lat' dir='ltr'>exordium</span> 
     </span>
    </p>
   </div>
   <div class='ocr_carea' id='block_1_26' title="bbox 84 2524 1725 2592">
    <p class='ocr_par' dir='ltr' id='par_1_26' title="bbox 84 2524 1725 2592">
     <span class='ocr_line' id='line_1_26' title="bbox 84 2524 1725 2592; baseline 0.002 -17"><span class='ocrx_word' id='word_1_205' title='bbox 84 2525 137 2576; x_wconf 75' lang='lat' dir='ltr'>sic</span> <span class='ocrx_word' id='word_1_206' title='bbox 177 2541 223 2578; x_wconf 88' lang='lat' dir='ltr'>se</span> <span class='ocrx_word' id='word_1_207' title='bbox 268 2525 432 2579; x_wconf 85' lang='lat' dir='ltr'>habet</span> <span class='ocrx_word' id='word_1_208' title='bbox 483 2541 495 2577; x_wconf 93' lang='lat'><strong>:</strong></span> <span class='ocrx_word' id='word_1_209' title='bbox 535 2526 802 2578; x_wconf 63' lang='lat' dir='ltr'>Przsente</span> <span class='ocrx_word' id='word_1_210' title='bbox 850 2524 1065 2577; x_wconf 84' lang='lat' dir='ltr'>lectione</span> <span class='ocrx_word' id='word_1_211' title='bbox 1100 2526 1437 2592; x_wconf 82' lang='lat' dir='ltr'>percepimus</span> <span class='ocrx_word' id='word_1_212' title='bbox 1466 2526 1725 2578; x_wconf 78' lang='lat' dir='ltr'>visionem</span> 
     </span>
    </p>
   </div>
   <div class='ocr_carea' id='block_1_27' title="bbox 83 2612 1724 2667">
    <p class='ocr_par' dir='ltr' id='par_1_27' title="bbox 83 2612 1724 2667">
     <span class='ocr_line' id='line_1_27' title="bbox 83 2612 1724 2667; baseline 0.002 -4"><span class='ocrx_word' id='word_1_213' title='bbox 83 2613 268 2667; x_wconf 72' lang='lat' dir='ltr'>omnibus</span> <span class='ocrx_word' id='word_1_214' title='bbox 306 2614 562 2667; x_wconf 88' lang='lat' dir='ltr'>Ecclesiis</span> <span class='ocrx_word' id='word_1_215' title='bbox 602 2612 943 2666; x_wconf 87' lang='lat' dir='ltr'>celebratam.</span> <span class='ocrx_word' id='word_1_216' title='bbox 997 2612 1325 2667; x_wconf 76' lang='lat' dir='ltr'>Audiuimus</span> <span class='ocrx_word' id='word_1_217' title='bbox 1354 2629 1461 2667; x_wconf 90' lang='lat' dir='ltr'>non</span> <span class='ocrx_word' id='word_1_218' title='bbox 1514 2617 1724 2667; x_wconf 83' lang='lat' dir='ltr'>somnia</span> 
     </span>
    </p>
   </div>
   <div class='ocr_carea' id='block_1_28' title="bbox 84 2701 1722 2769">
    <p class='ocr_par' dir='ltr' id='par_1_28' title="bbox 84 2701 1722 2769">
     <span class='ocr_line' id='line_1_28' title="bbox 84 2701 1722 2769; baseline 0.001 -17"><span class='ocrx_word' id='word_1_219' title='bbox 84 2716 271 2755; x_wconf 75' lang='lat' dir='ltr'>sensuum</span> <span class='ocrx_word' id='word_1_220' title='bbox 314 2718 492 2755; x_wconf 84' lang='lat' dir='ltr'>errore</span> <span class='ocrx_word' id='word_1_221' title='bbox 546 2701 755 2769; x_wconf 89' lang='lat' dir='ltr'>delusa,</span> <span class='ocrx_word' id='word_1_222' title='bbox 808 2701 902 2754; x_wconf 88' lang='lat' dir='ltr'>sed</span> <span class='ocrx_word' id='word_1_223' title='bbox 943 2702 1163 2755; x_wconf 88' lang='lat' dir='ltr'>oracula</span> <span class='ocrx_word' id='word_1_224' title='bbox 1216 2717 1396 2755; x_wconf 87' lang='lat' dir='ltr'>rerum</span> <span class='ocrx_word' id='word_1_225' title='bbox 1450 2701 1722 2769; x_wconf 74' lang='lat' dir='ltr'>effectibus</span> 
     </span>
    </p>
   </div>
   <div class='ocr_carea' id='block_1_29' title="bbox 86 2790 1723 2859">
    <p class='ocr_par' dir='ltr' id='par_1_29' title="bbox 86 2790 1723 2859">
     <span class='ocr_line' id='line_1_29' title="bbox 86 2790 1723 2859; baseline 0.001 -16"><span class='ocrx_word' id='word_1_226' title='bbox 86 2791 338 2857; x_wconf 77' lang='lat' dir='ltr'>approbata.</span> <span class='ocrx_word' id='word_1_227' title='bbox 375 2792 579 2844; x_wconf 79' lang='lat' dir='ltr'>Merito</span> <span class='ocrx_word' id='word_1_228' title='bbox 609 2791 926 2844; x_wconf 80' lang='lat' dir='ltr'>reuelationi</span> <span class='ocrx_word' id='word_1_229' title='bbox 958 2790 1223 2844; x_wconf 88' lang='lat' dir='ltr'>credimus</span> <span class='ocrx_word' id='word_1_230' title='bbox 1252 2793 1307 2843; x_wconf 89' lang='lat' dir='ltr'>in</span> <span class='ocrx_word' id='word_1_231' title='bbox 1334 2806 1592 2855; x_wconf 86' lang='lat' dir='ltr'>sermone,</span> <span class='ocrx_word' id='word_1_232' title='bbox 1627 2792 1723 2859; x_wconf 88' lang='lat' dir='ltr'>qui</span> 
     </span>
    </p>
   </div>
   <div class='ocr_carea' id='block_1_30' title="bbox 92 2879 1720 2948">
    <p class='ocr_par' dir='ltr' id='par_1_30' title="bbox 92 2879 1720 2948">
     <span class='ocr_line' id='line_1_30' title="bbox 92 2879 1720 2948; baseline 0.003 -22"><span class='ocrx_word' id='word_1_233' title='bbox 92 2882 259 2939; x_wconf 70' lang='lat' dir='ltr'>fructum</span> <span class='ocrx_word' id='word_1_234' title='bbox 294 2884 529 2934; x_wconf 85' lang='lat' dir='ltr'>tenemus</span> <span class='ocrx_word' id='word_1_235' title='bbox 579 2882 639 2931; x_wconf 85' lang='lat' dir='ltr'>in</span> <span class='ocrx_word' id='word_1_236' title='bbox 678 2894 911 2932; x_wconf 88' lang='lat' dir='ltr'>munere.</span> <span class='ocrx_word' id='word_1_237' title='bbox 963 2879 1064 2933; x_wconf 87' lang='lat' dir='ltr'>Ubi</span> <span class='ocrx_word' id='word_1_238' title='bbox 1099 2882 1226 2933; x_wconf 88' lang='lat' dir='ltr'>sunt</span> <span class='ocrx_word' id='word_1_239' title='bbox 1255 2881 1351 2946; x_wconf 88' lang='lat' dir='ltr'>qui</span> <span class='ocrx_word' id='word_1_240' title='bbox 1382 2879 1577 2933; x_wconf 88' lang='lat' dir='ltr'>dicunt</span> <span class='ocrx_word' id='word_1_241' title='bbox 1598 2882 1720 2948; x_wconf 89' lang='lat' dir='ltr'>pios</span> 
     </span>
    </p>
   </div>
   <div class='ocr_carea' id='block_1_31' title="bbox 1840 506 3536 585">
    <p class='ocr_par' dir='ltr' id='par_1_31' title="bbox 1840 506 3536 585">
     <span class='ocr_line' id='line_1_31' title="bbox 1840 506 3536 585; baseline 0.008 -27"><span class='ocrx_word' id='word_1_242' title='bbox 1840 509 1977 559; x_wconf 91' lang='lat' dir='ltr'>tunc</span> <span class='ocrx_word' id='word_1_243' title='bbox 2006 506 2115 560; x_wconf 88' lang='lat' dir='ltr'>fuit</span> <span class='ocrx_word' id='word_1_244' title='bbox 2145 508 2237 561; x_wconf 90' lang='lat' dir='ltr'>cui</span> <span class='ocrx_word' id='word_1_245' title='bbox 2266 510 2469 563; x_wconf 83' lang='lat' dir='ltr'>veritas</span> <span class='ocrx_word' id='word_1_246' title='bbox 2513 512 2803 582; x_wconf 89' lang='lat' dir='ltr'>antiquior</span> <span class='ocrx_word' id='word_1_247' title='bbox 2850 519 2997 568; x_wconf 87' lang='lat' dir='ltr'>esset</span> <span class='ocrx_word' id='word_1_248' title='bbox 3044 531 3217 585; x_wconf 89' lang='lat' dir='ltr'>quam</span> <span class='ocrx_word' id='word_1_249' title='bbox 3264 516 3536 572; x_wconf 86' lang='lat' dir='ltr'>utilitates</span> 
     </span>
    </p>
   </div>
   <div class='ocr_carea' id='block_1_32' title="bbox 1842 592 3537 674">
    <p class='ocr_par' dir='ltr' id='par_1_32' title="bbox 1842 592 3537 674">
     <span class='ocr_line' id='line_1_32' title="bbox 1842 592 3537 674; baseline 0.008 -30"><span class='ocrx_word' id='word_1_250' title='bbox 1842 592 2217 660; x_wconf 85' lang='lat' dir='ltr'>sacerdotum,</span> <span class='ocrx_word' id='word_1_251' title='bbox 2260 600 2316 648; x_wconf 92' lang='lat' dir='ltr'>et</span> <span class='ocrx_word' id='word_1_252' title='bbox 2364 596 2464 665; x_wconf 90' lang='lat' dir='ltr'>qui</span> <span class='ocrx_word' id='word_1_253' title='bbox 2514 598 2739 652; x_wconf 82' lang='lat' dir='ltr'>fraudes</span> <span class='ocrx_word' id='word_1_254' title='bbox 2768 600 2893 654; x_wconf 88' lang='lat' dir='ltr'>illas</span> <span class='ocrx_word' id='word_1_255' title='bbox 2922 603 3163 656; x_wconf 90' lang='lat' dir='ltr'>candide</span> <span class='ocrx_word' id='word_1_256' title='bbox 3206 608 3537 674; x_wconf 87' lang='lat' dir='ltr'>retegeret?</span> 
     </span>
    </p>
   </div>
   <div class='ocr_carea' id='block_1_33' title="bbox 1843 680 3539 761">
    <p class='ocr_par' dir='ltr' id='par_1_33' title="bbox 1843 680 3539 761">
     <span class='ocr_line' id='line_1_33' title="bbox 1843 680 3539 761; baseline 0.008 -29"><span class='ocrx_word' id='word_1_257' title='bbox 1843 681 1968 733; x_wconf 87' lang='lat' dir='ltr'>Non</span> <span class='ocrx_word' id='word_1_258' title='bbox 1998 680 2193 734; x_wconf 91' lang='lat' dir='ltr'>dubito</span> <span class='ocrx_word' id='word_1_259' title='bbox 2225 682 2366 751; x_wconf 91' lang='lat' dir='ltr'>quin</span> <span class='ocrx_word' id='word_1_260' title='bbox 2407 701 2436 736; x_wconf 86' lang='lat' dir='ltr'>a</span> <span class='ocrx_word' id='word_1_261' title='bbox 2466 686 2662 739; x_wconf 85' lang='lat' dir='ltr'>multis</span> <span class='ocrx_word' id='word_1_262' title='bbox 2700 703 2765 741; x_wconf 91' lang='lat' dir='ltr'>eo</span> <span class='ocrx_word' id='word_1_263' title='bbox 2797 692 3052 759; x_wconf 89' lang='lat' dir='ltr'>tempore</span> <span class='ocrx_word' id='word_1_264' title='bbox 3084 690 3299 744; x_wconf 86' lang='lat' dir='ltr'>fuerint</span> <span class='ocrx_word' id='word_1_265' title='bbox 3328 692 3539 761; x_wconf 84' lang='lat' dir='ltr'>agnitae</span> 
     </span>
    </p>
   </div>
   <div class='ocr_carea' id='block_1_34' title="bbox 1842 770 3534 847">
    <p class='ocr_par' dir='ltr' id='par_1_34' title="bbox 1842 770 3534 847">
     <span class='ocr_line' id='line_1_34' title="bbox 1842 770 3534 847; baseline 0.007 -25"><span class='ocrx_word' id='word_1_266' title='bbox 1842 774 1898 823; x_wconf 92' lang='lat' dir='ltr'>et</span> <span class='ocrx_word' id='word_1_267' title='bbox 1926 770 2134 836; x_wconf 88' lang='lat' dir='ltr'>irrisae;</span> <span class='ocrx_word' id='word_1_268' title='bbox 2160 771 2259 824; x_wconf 88' lang='lat' dir='ltr'>sed</span> <span class='ocrx_word' id='word_1_269' title='bbox 2290 775 2448 825; x_wconf 90' lang='lat' dir='ltr'>tanta</span> <span class='ocrx_word' id='word_1_270' title='bbox 2486 778 2605 827; x_wconf 89' lang='lat' dir='ltr'>erat</span> <span class='ocrx_word' id='word_1_271' title='bbox 2637 776 2897 842; x_wconf 89' lang='lat' dir='ltr'>potentia</span> <span class='ocrx_word' id='word_1_272' title='bbox 2935 793 3137 829; x_wconf 90' lang='lat' dir='ltr'>eorum</span> <span class='ocrx_word' id='word_1_273' title='bbox 3166 779 3265 847; x_wconf 90' lang='lat' dir='ltr'>qui</span> <span class='ocrx_word' id='word_1_274' title='bbox 3301 779 3414 832; x_wconf 91' lang='lat' dir='ltr'>illis</span> <span class='ocrx_word' id='word_1_275' title='bbox 3444 797 3534 833; x_wconf 87' lang='lat' dir='ltr'>ar-</span> 
     </span>
    </p>
   </div>
   <div class='ocr_carea' id='block_1_35' title="bbox 1839 858 3535 935">
    <p class='ocr_par' dir='ltr' id='par_1_35' title="bbox 1839 858 3535 935">
     <span class='ocr_line' id='line_1_35' title="bbox 1839 858 3535 935; baseline 0.006 -25"><span class='ocrx_word' id='word_1_276' title='bbox 1839 858 1989 911; x_wconf 91' lang='lat' dir='ltr'>tibus</span> <span class='ocrx_word' id='word_1_277' title='bbox 2017 859 2348 926; x_wconf 86' lang='lat' dir='ltr'>utebantur,</span> <span class='ocrx_word' id='word_1_278' title='bbox 2378 865 2537 914; x_wconf 89' lang='lat' dir='ltr'>tanta</span> <span class='ocrx_word' id='word_1_279' title='bbox 2564 864 2714 931; x_wconf 90' lang='lat' dir='ltr'>apud</span> <span class='ocrx_word' id='word_1_280' title='bbox 2737 864 3086 932; x_wconf 83' lang='lat' dir='ltr'>plebeculam</span> <span class='ocrx_word' id='word_1_281' title='bbox 3111 866 3314 935; x_wconf 87' lang='lat' dir='ltr'>gratia,</span> <span class='ocrx_word' id='word_1_282' title='bbox 3343 871 3535 922; x_wconf 88' lang='lat' dir='ltr'>tantus</span> 
     </span>
    </p>
   </div>
   <div class='ocr_carea' id='block_1_36' title="bbox 1841 946 3536 1025">
    <p class='ocr_par' dir='ltr' id='par_1_36' title="bbox 1841 946 3536 1025">
     <span class='ocr_line' id='line_1_36' title="bbox 1841 946 3536 1025; baseline 0.006 -26"><span class='ocrx_word' id='word_1_283' title='bbox 1841 946 2087 1016; x_wconf 91' lang='lat' dir='ltr'>denique</span> <span class='ocrx_word' id='word_1_284' title='bbox 2116 947 2276 1001; x_wconf 88' lang='lat' dir='ltr'>furor</span> <span class='ocrx_word' id='word_1_285' title='bbox 2304 950 2713 1018; x_wconf 86' lang='lat' dir='ltr'>superstitiosae</span> <span class='ocrx_word' id='word_1_286' title='bbox 2744 953 2927 1020; x_wconf 87' lang='lat' dir='ltr'>plebis</span> <span class='ocrx_word' id='word_1_287' title='bbox 2958 954 3133 1007; x_wconf 87' lang='lat' dir='ltr'>semel</span> <span class='ocrx_word' id='word_1_288' title='bbox 3160 955 3432 1025; x_wconf 76' lang='lat' dir='ltr'>deceptae,</span> <span class='ocrx_word' id='word_1_289' title='bbox 3468 962 3536 1010; x_wconf 91' lang='lat' dir='ltr'>ut</span> 
     </span>
    </p>
   </div>
   <div class='ocr_carea' id='block_1_37' title="bbox 1839 1039 3534 1113">
    <p class='ocr_par' dir='ltr' id='par_1_37' title="bbox 1839 1039 3534 1113">
     <span class='ocr_line' id='line_1_37' title="bbox 1839 1039 3534 1113; baseline 0.006 -26"><span class='ocrx_word' id='word_1_290' title='bbox 1839 1039 2026 1088; x_wconf 92' lang='lat' dir='ltr'>tutum</span> <span class='ocrx_word' id='word_1_291' title='bbox 2065 1052 2185 1089; x_wconf 91' lang='lat' dir='ltr'>non</span> <span class='ocrx_word' id='word_1_292' title='bbox 2226 1042 2372 1091; x_wconf 87' lang='lat' dir='ltr'>esset</span> <span class='ocrx_word' id='word_1_293' title='bbox 2401 1042 2599 1092; x_wconf 90' lang='lat' dir='ltr'>contra</span> <span class='ocrx_word' id='word_1_294' title='bbox 2646 1055 2739 1092; x_wconf 90' lang='lat' dir='ltr'>eas</span> <span class='ocrx_word' id='word_1_295' title='bbox 2783 1044 2930 1094; x_wconf 87' lang='lat' dir='ltr'>artes</span> <span class='ocrx_word' id='word_1_296' title='bbox 2986 1043 3176 1111; x_wconf 90' lang='lat' dir='ltr'>palam</span> <span class='ocrx_word' id='word_1_297' title='bbox 3221 1043 3534 1113; x_wconf 88' lang='lat' dir='ltr'>quidquam</span> 
     </span>
    </p>
   </div>
   <div class='ocr_carea' id='block_1_38' title="bbox 1837 1124 3533 1200">
    <p class='ocr_par' dir='ltr' id='par_1_38' title="bbox 1837 1124 3533 1200">
     <span class='ocr_line' id='line_1_38' title="bbox 1837 1124 3533 1200; baseline 0.006 -27"><span class='ocrx_word' id='word_1_298' title='bbox 1837 1124 2060 1175; x_wconf 89' lang='lat' dir='ltr'>tentare</span> <span class='ocrx_word' id='word_1_299' title='bbox 2090 1126 2188 1176; x_wconf 89' lang='lat' dir='ltr'>aut</span> <span class='ocrx_word' id='word_1_300' title='bbox 2224 1124 2487 1177; x_wconf 88' lang='lat' dir='ltr'>scribere.</span> <span class='ocrx_word' id='word_1_301' title='bbox 2539 1125 2703 1188; x_wconf 86' lang='lat' dir='ltr'>Quod</span> <span class='ocrx_word' id='word_1_302' title='bbox 2742 1126 2876 1180; x_wconf 89' lang='lat' dir='ltr'>satis</span> <span class='ocrx_word' id='word_1_303' title='bbox 2911 1128 3091 1197; x_wconf 87' lang='lat' dir='ltr'>liquet</span> <span class='ocrx_word' id='word_1_304' title='bbox 3136 1130 3411 1200; x_wconf 86' lang='lat' dir='ltr'>exemplis</span> <span class='ocrx_word' id='word_1_305' title='bbox 3441 1130 3533 1183; x_wconf 84' lang='lat' dir='ltr'>Vi-</span> 
     </span>
    </p>
   </div>
   <div class='ocr_carea' id='block_1_39' title="bbox 1839 1210 3534 1283">
    <p class='ocr_par' dir='ltr' id='par_1_39' title="bbox 1839 1210 3534 1283">
     <span class='ocr_line' id='line_1_39' title="bbox 1839 1210 3534 1283; baseline 0.006 -21"><span class='ocrx_word' id='word_1_306' title='bbox 1839 1210 2063 1279; x_wconf 88' lang='lat' dir='ltr'>gilantii</span> <span class='ocrx_word' id='word_1_307' title='bbox 2095 1216 2150 1263; x_wconf 90' lang='lat' dir='ltr'>et</span> <span class='ocrx_word' id='word_1_308' title='bbox 2179 1211 2461 1265; x_wconf 88' lang='lat' dir='ltr'>Joviniani</span> <span class='ocrx_word' id='word_1_309' title='bbox 2493 1212 2561 1265; x_wconf 89' lang='lat' dir='ltr'>ab</span> <span class='ocrx_word' id='word_1_310' title='bbox 2602 1213 2948 1283; x_wconf 85' lang='lat' dir='ltr'>Hieronymo</span> <span class='ocrx_word' id='word_1_311' title='bbox 2981 1220 3038 1268; x_wconf 91' lang='lat' dir='ltr'>et</span> <span class='ocrx_word' id='word_1_312' title='bbox 3074 1216 3197 1268; x_wconf 89' lang='lat' dir='ltr'>aliis</span> <span class='ocrx_word' id='word_1_313' title='bbox 3237 1221 3355 1269; x_wconf 88' lang='lat' dir='ltr'>tam</span> <span class='ocrx_word' id='word_1_314' title='bbox 3384 1219 3534 1271; x_wconf 88' lang='lat' dir='ltr'>male</span> 
     </span>
    </p>
   </div>
   <div class='ocr_carea' id='block_1_40' title="bbox 1837 1294 3603 1371">
    <p class='ocr_par' dir='ltr' id='par_1_40' title="bbox 1837 1294 3603 1371">
     <span class='ocr_line' id='line_1_40' title="bbox 1837 1294 3603 1371; baseline 0.007 -24"><span class='ocrx_word' id='word_1_315' title='bbox 1837 1294 2185 1362; x_wconf 89' lang='lat' dir='ltr'>habitorum,</span> <span class='ocrx_word' id='word_1_316' title='bbox 2220 1301 2373 1369; x_wconf 91' lang='lat' dir='ltr'>quod</span> <span class='ocrx_word' id='word_1_317' title='bbox 2421 1301 2639 1370; x_wconf 85' lang='lat' dir='ltr'>negatis</span> <span class='ocrx_word' id='word_1_318' title='bbox 2670 1302 3004 1371; x_wconf 89' lang='lat' dir='ltr'>hujusmodi</span> <span class='ocrx_word' id='word_1_319' title='bbox 3052 1303 3362 1357; x_wconf 89' lang='lat' dir='ltr'>historiolis</span> <span class='ocrx_word' id='word_1_320' title='bbox 3390 1306 3534 1360; x_wconf 84' lang='lat' dir='ltr'>sacri</span> <span class='ocrx_word' id='word_1_321' title='bbox 3598 1362 3603 1367; x_wconf 72' lang='grc'>,</span> 
     </span>
    </p>
   </div>
   <div class='ocr_carea' id='block_1_41' title="bbox 1839 1384 3102 1445">
    <p class='ocr_par' dir='ltr' id='par_1_41' title="bbox 1839 1384 3102 1445">
     <span class='ocr_line' id='line_1_41' title="bbox 1839 1384 3102 1445; baseline 0.006 -9"><span class='ocrx_word' id='word_1_322' title='bbox 1839 1384 2053 1438; x_wconf 89' lang='lat' dir='ltr'>ordinis</span> <span class='ocrx_word' id='word_1_323' title='bbox 2080 1388 2417 1442; x_wconf 86' lang='lat' dir='ltr'>utilitatibus</span> <span class='ocrx_word' id='word_1_324' title='bbox 2448 1390 2730 1443; x_wconf 89' lang='lat' dir='ltr'>adversari</span> <span class='ocrx_word' id='word_1_325' title='bbox 2751 1390 3102 1445; x_wconf 85' lang='lat' dir='ltr'>viderentur.</span> 
     </span>
    </p>
   </div>
   <div class='ocr_carea' id='block_1_42' title="bbox 1912 1475 3531 1551">
    <p class='ocr_par' dir='ltr' id='par_1_42' title="bbox 1912 1475 3531 1551">
     <span class='ocr_line' id='line_1_42' title="bbox 1912 1475 3531 1551; baseline 0.007 -25"><span class='ocrx_word' id='word_1_326' title='bbox 1912 1475 1938 1540; x_wconf 65' lang='grc' dir='ltr'><strong>ἓ</strong></span> <span class='ocrx_word' id='word_1_327' title='bbox 1973 1477 2025 1526; x_wconf 83' lang='grc'>1.</span> <span class='ocrx_word' id='word_1_328' title='bbox 2066 1478 2213 1529; x_wconf 83' lang='lat' dir='ltr'>Ante</span> <span class='ocrx_word' id='word_1_329' title='bbox 2250 1478 2458 1545; x_wconf 81' lang='lat' dir='ltr'>aliquot</span> <span class='ocrx_word' id='word_1_330' title='bbox 2490 1494 2677 1545; x_wconf 88' lang='lat' dir='ltr'>annos,</span> <span class='ocrx_word' id='word_1_331' title='bbox 2717 1480 2871 1533; x_wconf 86' lang='lat' dir='ltr'>nobis</span> <span class='ocrx_word' id='word_1_332' title='bbox 2898 1480 3203 1535; x_wconf 81' lang='lat' dir='ltr'>videntibus</span> <span class='ocrx_word' id='word_1_333' title='bbox 3249 1483 3400 1551; x_wconf 86' lang='lat' dir='ltr'>apud</span> <span class='ocrx_word' id='word_1_334' title='bbox 3423 1485 3531 1538; x_wconf 87' lang='lat' dir='ltr'>Me-</span> 
     </span>
    </p>
   </div>
   <div class='ocr_carea' id='block_1_43' title="bbox 1840 1561 3531 1638">
    <p class='ocr_par' dir='ltr' id='par_1_43' title="bbox 1840 1561 3531 1638">
     <span class='ocr_line' id='line_1_43' title="bbox 1840 1561 3531 1638; baseline 0.007 -24"><span class='ocrx_word' id='word_1_335' title='bbox 1840 1561 2117 1617; x_wconf 88' lang='lat' dir='ltr'>diolanum</span> <span class='ocrx_word' id='word_1_336' title='bbox 2155 1569 2480 1627; x_wconf 82' lang='lat' dir='ltr'>constitutis,</span> <span class='ocrx_word' id='word_1_337' title='bbox 2528 1573 2902 1636; x_wconf 87' lang='lat' dir='ltr'>apparuerunt</span> <span class='ocrx_word' id='word_1_338' title='bbox 2948 1585 3175 1638; x_wconf 88' lang='lat' dir='ltr'>corpora</span> <span class='ocrx_word' id='word_1_339' title='bbox 3223 1576 3531 1627; x_wconf 87' lang='lat' dir='ltr'>sanctorum</span> 
     </span>
    </p>
   </div>
   <div class='ocr_carea' id='block_1_44' title="bbox 1838 1656 3533 1725">
    <p class='ocr_par' dir='ltr' id='par_1_44' title="bbox 1838 1656 3533 1725">
     <span class='ocr_line' id='line_1_44' title="bbox 1838 1656 3533 1725; baseline 0.007 -23"><span class='ocrx_word' id='word_1_340' title='bbox 1838 1656 2141 1719; x_wconf 83' lang='lat' dir='ltr'>martyrum</span> <span class='ocrx_word' id='word_1_341' title='bbox 2188 1657 2440 1708; x_wconf 83' lang='lat' dir='ltr'>Gervasii</span> <span class='ocrx_word' id='word_1_342' title='bbox 2485 1660 2535 1709; x_wconf 89' lang='lat' dir='ltr'>et</span> <span class='ocrx_word' id='word_1_343' title='bbox 2589 1657 2877 1725; x_wconf 80' lang='lat' dir='ltr'>Protasii.]</span> <span class='ocrx_word' id='word_1_344' title='bbox 2932 1659 2994 1711; x_wconf 91' lang='lat' dir='ltr'>In</span> <span class='ocrx_word' id='word_1_345' title='bbox 3033 1658 3337 1712; x_wconf 88' lang='lat' dir='ltr'>Victorino.</span> <span class='ocrx_word' id='word_1_346' title='bbox 3379 1661 3533 1715; x_wconf 84' lang='lat' dir='ltr'>nobis</span> 
     </span>
    </p>
   </div>
   <div class='ocr_carea' id='block_1_45' title="bbox 1832 1738 3533 1804">
    <p class='ocr_par' dir='ltr' id='par_1_45' title="bbox 1832 1738 3533 1804">
     <span class='ocr_line' id='line_1_45' title="bbox 1832 1738 3533 1804; baseline 0.006 -14"><span class='ocrx_word' id='word_1_347' title='bbox 1832 1738 2142 1804; x_wconf 83' lang='lat' dir='ltr'>juvenibus.</span> <span class='ocrx_word' id='word_1_348' title='bbox 2179 1741 2256 1793; x_wconf 92' lang='lat' dir='ltr'>De</span> <span class='ocrx_word' id='word_1_349' title='bbox 2285 1741 2528 1795; x_wconf 86' lang='lat' dir='ltr'>inventis</span> <span class='ocrx_word' id='word_1_350' title='bbox 2560 1743 2861 1797; x_wconf 85' lang='lat' dir='ltr'>Mediolani</span> <span class='ocrx_word' id='word_1_351' title='bbox 2889 1760 2920 1796; x_wconf 90' lang='lat' dir='ltr'>a</span> <span class='ocrx_word' id='word_1_352' title='bbox 2968 1744 3027 1798; x_wconf 93' lang='lat' dir='ltr'>S.</span> <span class='ocrx_word' id='word_1_353' title='bbox 3066 1745 3368 1798; x_wconf 81' lang='lat' dir='ltr'>Ambrosio</span> <span class='ocrx_word' id='word_1_354' title='bbox 3396 1746 3533 1799; x_wconf 89' lang='lat' dir='ltr'>reli-</span> 
     </span>
    </p>
   </div>
   <div class='ocr_carea' id='block_1_46' title="bbox 1836 1825 3531 1895">
    <p class='ocr_par' dir='ltr' id='par_1_46' title="bbox 1836 1825 3531 1895">
     <span class='ocr_line' id='line_1_46' title="bbox 1836 1825 3531 1895; baseline 0.006 -18"><span class='ocrx_word' id='word_1_355' title='bbox 1836 1825 1981 1895; x_wconf 92' lang='lat' dir='ltr'>quiis</span> <span class='ocrx_word' id='word_1_356' title='bbox 2012 1827 2105 1881; x_wconf 91' lang='lat' dir='ltr'>SS.</span> <span class='ocrx_word' id='word_1_357' title='bbox 2141 1828 2388 1881; x_wconf 79' lang='lat' dir='ltr'>Gervasii</span> <span class='ocrx_word' id='word_1_358' title='bbox 2418 1833 2473 1883; x_wconf 91' lang='lat' dir='ltr'>et</span> <span class='ocrx_word' id='word_1_359' title='bbox 2512 1830 2769 1895; x_wconf 87' lang='lat' dir='ltr'>Protasii,</span> <span class='ocrx_word' id='word_1_360' title='bbox 2803 1846 2930 1884; x_wconf 92' lang='lat' dir='ltr'>cum</span> <span class='ocrx_word' id='word_1_361' title='bbox 2963 1831 3021 1884; x_wconf 92' lang='lat' dir='ltr'>in</span> <span class='ocrx_word' id='word_1_362' title='bbox 3052 1848 3118 1885; x_wconf 89' lang='lat' dir='ltr'>ea</span> <span class='ocrx_word' id='word_1_363' title='bbox 3168 1834 3311 1887; x_wconf 90' lang='lat' dir='ltr'>urbe</span> <span class='ocrx_word' id='word_1_364' title='bbox 3341 1850 3531 1887; x_wconf 83' lang='lat' dir='ltr'>versa-</span> 
     </span>
    </p>
   </div>
   <div class='ocr_carea' id='block_1_47' title="bbox 1833 1913 3528 1989">
    <p class='ocr_par' dir='ltr' id='par_1_47' title="bbox 1833 1913 3528 1989">
     <span class='ocr_line' id='line_1_47' title="bbox 1833 1913 3528 1989; baseline 0.005 -24"><span class='ocrx_word' id='word_1_365' title='bbox 1833 1917 1993 1965; x_wconf 91' lang='lat' dir='ltr'>retur</span> <span class='ocrx_word' id='word_1_366' title='bbox 2031 1913 2084 1967; x_wconf 89' lang='lat' dir='ltr'>S.</span> <span class='ocrx_word' id='word_1_367' title='bbox 2125 1914 2493 1985; x_wconf 80' lang='lat' dir='ltr'>Augustinus,</span> <span class='ocrx_word' id='word_1_368' title='bbox 2548 1932 2696 1969; x_wconf 89' lang='lat' dir='ltr'>anno</span> <span class='ocrx_word' id='word_1_369' title='bbox 2739 1916 2945 1971; x_wconf 85' lang='lat' dir='ltr'>Christi</span> <span class='ocrx_word' id='word_1_370' title='bbox 2990 1921 3113 1985; x_wconf 81' lang='lat'>387,</span> <span class='ocrx_word' id='word_1_371' title='bbox 3166 1919 3287 1989; x_wconf 90' lang='lat' dir='ltr'>ipse</span> <span class='ocrx_word' id='word_1_372' title='bbox 3332 1920 3528 1974; x_wconf 86' lang='lat' dir='ltr'>itidem</span> 
     </span>
    </p>
   </div>
   <div class='ocr_carea' id='block_1_48' title="bbox 1834 2000 3533 2076">
    <p class='ocr_par' dir='ltr' id='par_1_48' title="bbox 1834 2000 3533 2076">
     <span class='ocr_line' id='line_1_48' title="bbox 1834 2000 3533 2076; baseline 0.005 -24"><span class='ocrx_word' id='word_1_373' title='bbox 1834 2000 2028 2054; x_wconf 86' lang='lat' dir='ltr'>scribit</span> <span class='ocrx_word' id='word_1_374' title='bbox 2066 2000 2163 2056; x_wconf 90' lang='lat' dir='ltr'>lib.</span> <span class='ocrx_word' id='word_1_375' title='bbox 2199 2019 2252 2056; x_wconf 80' lang='lat' dir='ltr'>ix</span> <span class='ocrx_word' id='word_1_376' title='bbox 2293 2004 2723 2058; x_wconf 87' lang='lat' dir='ltr'>Confessionum</span> <span class='ocrx_word' id='word_1_377' title='bbox 2758 2022 2884 2076; x_wconf 89' lang='lat' dir='ltr'>cap.</span> <span class='ocrx_word' id='word_1_378' title='bbox 2916 2011 2972 2072; x_wconf 86' lang='grc'>7,</span> <span class='ocrx_word' id='word_1_379' title='bbox 3011 2010 3065 2060; x_wconf 91' lang='lat' dir='ltr'>et</span> <span class='ocrx_word' id='word_1_380' title='bbox 3102 2007 3223 2061; x_wconf 92' lang='lat' dir='ltr'>loco</span> <span class='ocrx_word' id='word_1_381' title='bbox 3251 2008 3419 2061; x_wconf 85' lang='lat' dir='ltr'>citato</span> <span class='ocrx_word' id='word_1_382' title='bbox 3463 2009 3533 2063; x_wconf 81' lang='lat' dir='ltr'>de</span> 
     </span>
    </p>
   </div>
   <div class='ocr_carea' id='block_1_49' title="bbox 1835 2088 3534 2164">
    <p class='ocr_par' dir='ltr' id='par_1_49' title="bbox 1835 2088 3534 2164">
     <span class='ocr_line' id='line_1_49' title="bbox 1835 2088 3534 2164; baseline 0.005 -23"><span class='ocrx_word' id='word_1_383' title='bbox 1835 2088 2069 2143; x_wconf 86' lang='lat' dir='ltr'>Civitate</span> <span class='ocrx_word' id='word_1_384' title='bbox 2100 2091 2244 2144; x_wconf 91' lang='lat' dir='ltr'>Dei:</span> <span class='ocrx_word' id='word_1_385' title='bbox 2285 2095 2487 2159; x_wconf 72' lang='lat' dir='ltr'>Tantae,</span> <span class='ocrx_word' id='word_1_386' title='bbox 2534 2093 2742 2164; x_wconf 85' lang='lat' dir='ltr'>inquit,</span> <span class='ocrx_word' id='word_1_387' title='bbox 2792 2096 2978 2160; x_wconf 68' lang='lat' dir='ltr'>gloriae</span> <span class='ocrx_word' id='word_1_388' title='bbox 3015 2100 3319 2162; x_wconf 82' lang='lat' dir='ltr'>martyrum</span> <span class='ocrx_word' id='word_1_389' title='bbox 3370 2097 3534 2149; x_wconf 89' lang='lat' dir='ltr'>etiam</span> 
     </span>
    </p>
   </div>
   <div class='ocr_carea' id='block_1_50' title="bbox 1833 2181 3528 2252">
    <p class='ocr_par' dir='ltr' id='par_1_50' title="bbox 1833 2181 3528 2252">
     <span class='ocr_line' id='line_1_50' title="bbox 1833 2181 3528 2252; baseline 0.004 -21"><span class='ocrx_word' id='word_1_390' title='bbox 1833 2194 1926 2245; x_wconf 73' lang='lat' dir='ltr'>ego</span> <span class='ocrx_word' id='word_1_391' title='bbox 1955 2181 2105 2233; x_wconf 84' lang='lat' dir='ltr'>testis</span> <span class='ocrx_word' id='word_1_392' title='bbox 2148 2182 2254 2247; x_wconf 82' lang='lat' dir='ltr'>fui,</span> <span class='ocrx_word' id='word_1_393' title='bbox 2287 2182 2382 2234; x_wconf 91' lang='lat' dir='ltr'>ubi</span> <span class='ocrx_word' id='word_1_394' title='bbox 2408 2182 2702 2237; x_wconf 84' lang='lat' dir='ltr'>Mediolani</span> <span class='ocrx_word' id='word_1_395' title='bbox 2729 2200 2876 2238; x_wconf 88' lang='lat' dir='ltr'>eram</span> <span class='ocrx_word' id='word_1_396' title='bbox 2903 2185 3058 2250; x_wconf 83' lang='lat' dir='ltr'>facta</span> <span class='ocrx_word' id='word_1_397' title='bbox 3087 2186 3356 2238; x_wconf 85' lang='lat' dir='ltr'>miracula</span> <span class='ocrx_word' id='word_1_398' title='bbox 3382 2187 3528 2252; x_wconf 87' lang='lat' dir='ltr'>novi,</span> 
     </span>
    </p>
   </div>
   <div class='ocr_carea' id='block_1_51' title="bbox 1834 2267 2307 2323">
    <p class='ocr_par' dir='ltr' id='par_1_51' title="bbox 1834 2267 2307 2323">
     <span class='ocr_line' id='line_1_51' title="bbox 1834 2267 2307 2323; baseline 0.008 -4"><span class='ocrx_word' id='word_1_399' title='bbox 1834 2270 1938 2320; x_wconf 90' lang='lat' dir='ltr'>etc.</span> <span class='ocrx_word' id='word_1_400' title='bbox 1974 2267 2307 2323; x_wconf 72' lang='lat' dir='ltr'>SIRMONDUS.</span> 
     </span>
    </p>
   </div>
   <div class='ocr_carea' id='block_1_52' title="bbox 1904 2354 3533 2430">
    <p class='ocr_par' dir='ltr' id='par_1_52' title="bbox 1904 2354 3533 2430">
     <span class='ocr_line' id='line_1_52' title="bbox 1904 2354 3533 2430; baseline 0.004 -22"><span class='ocrx_word' id='word_1_401' title='bbox 1904 2354 2046 2410; x_wconf 85' lang='lat' dir='ltr'>Ibid.</span> <span class='ocrx_word' id='word_1_402' title='bbox 2097 2360 2362 2411; x_wconf 85' lang='lat' dir='ltr'>Attamen</span> <span class='ocrx_word' id='word_1_403' title='bbox 2414 2374 2516 2412; x_wconf 87' lang='lat' dir='ltr'>vox</span> <span class='ocrx_word' id='word_1_404' title='bbox 2552 2361 2881 2428; x_wconf 85' lang='lat' dir='ltr'>constitutis,</span> <span class='ocrx_word' id='word_1_405' title='bbox 2930 2375 3059 2429; x_wconf 75' lang='lat' dir='ltr'>quae</span> <span class='ocrx_word' id='word_1_406' title='bbox 3117 2360 3392 2430; x_wconf 84' lang='lat' dir='ltr'>sequitur,</span> <span class='ocrx_word' id='word_1_407' title='bbox 3442 2377 3533 2414; x_wconf 93' lang='lat' dir='ltr'>os-</span> 
     </span>
    </p>
   </div>
   <div class='ocr_carea' id='block_1_53' title="bbox 1833 2444 3536 2518">
    <p class='ocr_par' dir='ltr' id='par_1_53' title="bbox 1833 2444 3536 2518">
     <span class='ocr_line' id='line_1_53' title="bbox 1833 2444 3536 2518; baseline 0.004 -22"><span class='ocrx_word' id='word_1_408' title='bbox 1833 2444 2019 2498; x_wconf 90' lang='lat' dir='ltr'>tendit</span> <span class='ocrx_word' id='word_1_409' title='bbox 2054 2445 2166 2515; x_wconf 88' lang='lat' dir='ltr'>legi</span> <span class='ocrx_word' id='word_1_410' title='bbox 2215 2463 2331 2500; x_wconf 92' lang='lat' dir='ltr'>non</span> <span class='ocrx_word' id='word_1_411' title='bbox 2375 2463 2541 2516; x_wconf 90' lang='lat' dir='ltr'>posse</span> <span class='ocrx_word' id='word_1_412' title='bbox 2588 2447 2917 2509; x_wconf 82' lang='lat' dir='ltr'>videntibus,</span> <span class='ocrx_word' id='word_1_413' title='bbox 2984 2449 3141 2518; x_wconf 91' lang='lat' dir='ltr'>quod</span> <span class='ocrx_word' id='word_1_414' title='bbox 3193 2448 3536 2503; x_wconf 85' lang='lat' dir='ltr'>addiderunt</span> 
     </span>
    </p>
   </div>
   <div class='ocr_carea' id='block_1_54' title="bbox 1832 2530 3534 2604">
    <p class='ocr_par' dir='ltr' id='par_1_54' title="bbox 1832 2530 3534 2604">
     <span class='ocr_line' id='line_1_54' title="bbox 1832 2530 3534 2604; baseline 0.004 -20"><span class='ocrx_word' id='word_1_415' title='bbox 1832 2530 2096 2585; x_wconf 89' lang='lat' dir='ltr'>homines</span> <span class='ocrx_word' id='word_1_416' title='bbox 2120 2534 2269 2586; x_wconf 90' lang='lat' dir='ltr'>male</span> <span class='ocrx_word' id='word_1_417' title='bbox 2312 2533 2455 2602; x_wconf 88' lang='lat' dir='ltr'>sani,</span> <span class='ocrx_word' id='word_1_418' title='bbox 2496 2539 2561 2588; x_wconf 90' lang='lat' dir='ltr'>ut</span> <span class='ocrx_word' id='word_1_419' title='bbox 2594 2535 2873 2604; x_wconf 87' lang='lat' dir='ltr'>majorem</span> <span class='ocrx_word' id='word_1_420' title='bbox 2920 2535 3316 2589; x_wconf 56' lang='lat' dir='ltr'>Ambrosianus</span> <span class='ocrx_word' id='word_1_421' title='bbox 3348 2552 3534 2590; x_wconf 74' lang='lat' dir='ltr'>scenae</span> 
     </span>
    </p>
   </div>
   <div class='ocr_carea' id='block_1_55' title="bbox 1831 2618 3532 2693">
    <p class='ocr_par' dir='ltr' id='par_1_55' title="bbox 1831 2618 3532 2693">
     <span class='ocr_line' id='line_1_55' title="bbox 1831 2618 3532 2693; baseline 0.004 -21"><span class='ocrx_word' id='word_1_422' title='bbox 1831 2618 2004 2672; x_wconf 85' lang='lat' dir='ltr'>ﬁdem</span> <span class='ocrx_word' id='word_1_423' title='bbox 2028 2620 2295 2675; x_wconf 89' lang='lat' dir='ltr'>facerent.</span> <span class='ocrx_word' id='word_1_424' title='bbox 2328 2622 2507 2691; x_wconf 87' lang='lat' dir='ltr'>Igitur</span> <span class='ocrx_word' id='word_1_425' title='bbox 2535 2623 2746 2676; x_wconf 89' lang='lat' dir='ltr'>rectius</span> <span class='ocrx_word' id='word_1_426' title='bbox 2786 2624 2978 2693; x_wconf 89' lang='lat' dir='ltr'>plures</span> <span class='ocrx_word' id='word_1_427' title='bbox 3008 2639 3168 2690; x_wconf 90' lang='lat' dir='ltr'>mss.,</span> <span class='ocrx_word' id='word_1_428' title='bbox 3196 2629 3261 2678; x_wconf 89' lang='lat' dir='ltr'>ut</span> <span class='ocrx_word' id='word_1_429' title='bbox 3293 2625 3532 2679; x_wconf 88' lang='lat' dir='ltr'>Benedi-</span> 
     </span>
    </p>
   </div>
   <div class='ocr_carea' id='block_1_56' title="bbox 1832 2707 2874 2779">
    <p class='ocr_par' dir='ltr' id='par_1_56' title="bbox 1832 2707 2874 2779">
     <span class='ocr_line' id='line_1_56' title="bbox 1832 2707 2874 2779; baseline 0.006 -20"><span class='ocrx_word' id='word_1_430' title='bbox 1832 2707 1970 2761; x_wconf 89' lang='lat' dir='ltr'>ctini</span> <span class='ocrx_word' id='word_1_431' title='bbox 1998 2712 2301 2775; x_wconf 87' lang='lat' dir='ltr'>testantur,</span> <span class='ocrx_word' id='word_1_432' title='bbox 2334 2710 2547 2764; x_wconf 89' lang='lat' dir='ltr'>habent</span> <span class='ocrx_word' id='word_1_433' title='bbox 2562 2712 2874 2779; x_wconf 87' lang='lat' dir='ltr'>juvenibus.</span> 
     </span>
    </p>
   </div>
   <div class='ocr_carea' id='block_1_57' title="bbox 1902 2796 3533 2869">
    <p class='ocr_par' dir='ltr' id='par_1_57' title="bbox 1902 2796 3533 2869">
     <span class='ocr_line' id='line_1_57' title="bbox 1902 2796 3533 2869; baseline 0.001 -20"><span class='ocrx_word' id='word_1_434' title='bbox 1902 2796 2177 2851; x_wconf 92' lang='lat' dir='ltr'>Sermone</span> <span class='ocrx_word' id='word_1_435' title='bbox 2214 2802 2337 2866; x_wconf 90' lang='grc'>322,</span> <span class='ocrx_word' id='word_1_436' title='bbox 2370 2798 2483 2869; x_wconf 86' lang='lat' dir='ltr'>legi</span> <span class='ocrx_word' id='word_1_437' title='bbox 2533 2804 2724 2868; x_wconf 91' lang='lat' dir='ltr'>potest</span> <span class='ocrx_word' id='word_1_438' title='bbox 2754 2805 2811 2853; x_wconf 89' lang='lat' dir='ltr'>et</span> <span class='ocrx_word' id='word_1_439' title='bbox 2840 2816 2976 2852; x_wconf 90' lang='lat' dir='ltr'>sane</span> <span class='ocrx_word' id='word_1_440' title='bbox 3016 2799 3186 2853; x_wconf 88' lang='lat' dir='ltr'>debet</span> <span class='ocrx_word' id='word_1_441' title='bbox 3226 2798 3418 2851; x_wconf 89' lang='lat' dir='ltr'>fabula</span> <span class='ocrx_word' id='word_1_442' title='bbox 3464 2814 3533 2851; x_wconf 81' lang='lat' dir='ltr'>ex</span> 
     </span>
    </p>
   </div>
   <div class='ocr_carea' id='block_1_58' title="bbox 1831 2884 3533 2958">
    <p class='ocr_par' dir='ltr' id='par_1_58' title="bbox 1831 2884 3533 2958">
     <span class='ocr_line' id='line_1_58' title="bbox 1831 2884 3533 2958; baseline 0.002 -23"><span class='ocrx_word' id='word_1_443' title='bbox 1831 2899 1945 2952; x_wconf 89' lang='lat' dir='ltr'>qua</span> <span class='ocrx_word' id='word_1_444' title='bbox 1963 2884 2031 2936; x_wconf 90' lang='lat' dir='ltr'>de</span> <span class='ocrx_word' id='word_1_445' title='bbox 2051 2889 2171 2937; x_wconf 90' lang='lat' dir='ltr'>tota</span> <span class='ocrx_word' id='word_1_446' title='bbox 2196 2885 2347 2937; x_wconf 91' lang='lat' dir='ltr'>illius</span> <span class='ocrx_word' id='word_1_447' title='bbox 2374 2886 2480 2938; x_wconf 76' lang='lat' dir='ltr'>aevi</span> <span class='ocrx_word' id='word_1_448' title='bbox 2508 2886 2812 2940; x_wconf 85' lang='lat' dir='ltr'>histrionia</span> <span class='ocrx_word' id='word_1_449' title='bbox 2843 2893 3061 2940; x_wconf 87' lang='lat' dir='ltr'>certum</span> <span class='ocrx_word' id='word_1_450' title='bbox 3082 2887 3362 2958; x_wconf 90' lang='lat' dir='ltr'>judicium</span> <span class='ocrx_word' id='word_1_451' title='bbox 3394 2886 3533 2940; x_wconf 89' lang='lat' dir='ltr'>ferri</span> 
     </span>
    </p>
   </div>
   <div class='ocr_carea' id='block_1_59' title="bbox 98 2967 3529 3043">
    <p class='ocr_par' dir='ltr' id='par_1_59' title="bbox 98 2967 3529 3043">
     <span class='ocr_line' id='line_1_59' title="bbox 98 2967 3529 3043; baseline 0.003 -27"><span class='ocrx_word' id='word_1_452' title='bbox 98 2971 346 3035; x_wconf 70' lang='lat' dir='ltr'>mrtyribus</span> <span class='ocrx_word' id='word_1_453' title='bbox 370 2970 600 3023; x_wconf 85' lang='lat' dir='ltr'>honores</span> <span class='ocrx_word' id='word_1_454' title='bbox 629 2983 735 3022; x_wconf 90' lang='lat' dir='ltr'>non</span> <span class='ocrx_word' id='word_1_455' title='bbox 765 2983 874 3023; x_wconf 90' lang='lat' dir='ltr'>esse</span> <span class='ocrx_word' id='word_1_456' title='bbox 907 2967 1270 3033; x_wconf 81' lang='lat' dir='ltr'>deferendos?</span> <span class='ocrx_word' id='word_1_457' title='bbox 1300 2971 1432 3021; x_wconf 89' lang='lat' dir='ltr'>Ecce</span> <span class='ocrx_word' id='word_1_458' title='bbox 1470 2970 1591 3036; x_wconf 87' lang='lat' dir='ltr'>iste,</span> <span class='ocrx_word' id='word_1_459' title='bbox 1627 2969 1723 3036; x_wconf 88' lang='lat' dir='ltr'>qui</span> <span class='ocrx_word' id='word_1_460' title='bbox 1759 2988 1798 3042; x_wconf 73' lang='grc' dir='ltr'><strong>ρ</strong></span> <span class='ocrx_word' id='word_1_461' title='bbox 1834 2976 2024 3042; x_wconf 89' lang='lat' dir='ltr'>queat.</span> <span class='ocrx_word' id='word_1_462' title='bbox 2062 2972 2255 3025; x_wconf 90' lang='lat' dir='ltr'>Primo</span> <span class='ocrx_word' id='word_1_463' title='bbox 2308 2972 2399 3026; x_wconf 90' lang='lat' dir='ltr'>die</span> <span class='ocrx_word' id='word_1_464' title='bbox 2456 2974 2682 3027; x_wconf 80' lang='lat' dir='ltr'>Paschae</span> <span class='ocrx_word' id='word_1_465' title='bbox 2727 2974 3067 3043; x_wconf 89' lang='lat' dir='ltr'>producitur</span> <span class='ocrx_word' id='word_1_466' title='bbox 3106 2976 3313 3028; x_wconf 89' lang='lat' dir='ltr'>Paulus</span> <span class='ocrx_word' id='word_1_467' title='bbox 3338 2974 3529 3028; x_wconf 89' lang='lat' dir='ltr'>nescio</span> 
     </span>
    </p>
   </div>
   <div class='ocr_carea' id='block_1_60' title="bbox 84 3053 1718 3125">
    <p class='ocr_par' dir='ltr' id='par_1_60' title="bbox 84 3053 1718 3125">
     <span class='ocr_line' id='line_1_60' title="bbox 84 3053 1718 3125; baseline 0.002 -19"><span class='ocrx_word' id='word_1_468' title='bbox 84 3053 161 3117; x_wconf 69' lang='lat' dir='ltr'>jam</span> <span class='ocrx_word' id='word_1_469' title='bbox 181 3056 362 3110; x_wconf 80' lang='lat' dir='ltr'>dudum</span> <span class='ocrx_word' id='word_1_470' title='bbox 403 3057 559 3110; x_wconf 87' lang='lat' dir='ltr'>beato</span> <span class='ocrx_word' id='word_1_471' title='bbox 608 3056 865 3123; x_wconf 78' lang='lat' dir='ltr'>paradisi</span> <span class='ocrx_word' id='word_1_472' title='bbox 893 3056 1176 3125; x_wconf 82' lang='lat' dir='ltr'>splendore</span> <span class='ocrx_word' id='word_1_473' title='bbox 1205 3057 1536 3124; x_wconf 81' lang='lat' dir='ltr'>perfruitur,</span> <span class='ocrx_word' id='word_1_474' title='bbox 1577 3071 1718 3109; x_wconf 85' lang='lat' dir='ltr'>nunc</span> 
     </span>
    </p>
   </div>
   <div class='ocr_carea' id='block_1_61' title="bbox 85 3143 1720 3211">
    <p class='ocr_par' dir='ltr' id='par_1_61' title="bbox 85 3143 1720 3211">
     <span class='ocr_line' id='line_1_61' title="bbox 85 3143 1720 3211; baseline 0.002 -18"><span class='ocrx_word' id='word_1_475' title='bbox 85 3145 223 3198; x_wconf 64' lang='lat' dir='ltr'>muizdo</span> <span class='ocrx_word' id='word_1_476' title='bbox 263 3147 331 3199; x_wconf 85' lang='lat' dir='ltr'>ad</span> <span class='ocrx_word' id='word_1_477' title='bbox 352 3147 447 3199; x_wconf 83' lang='lat' dir='ltr'>hoc</span> <span class='ocrx_word' id='word_1_478' title='bbox 486 3143 798 3199; x_wconf 88' lang='lat' dir='ltr'>ostenditur</span> <span class='ocrx_word' id='word_1_479' title='bbox 826 3148 886 3197; x_wconf 89' lang='lat' dir='ltr'>ut</span> <span class='ocrx_word' id='word_1_480' title='bbox 915 3145 1140 3197; x_wconf 88' lang='lat' dir='ltr'>colatur.</span> <span class='ocrx_word' id='word_1_481' title='bbox 1200 3144 1348 3198; x_wconf 87' lang='lat' dir='ltr'>Unde</span> <span class='ocrx_word' id='word_1_482' title='bbox 1377 3144 1720 3211; x_wconf 86' lang='lat' dir='ltr'>dispensator</span> 
     </span>
    </p>
   </div>
   <div class='ocr_carea' id='block_1_62' title="bbox 80 3233 1716 3302">
    <p class='ocr_par' dir='ltr' id='par_1_62' title="bbox 80 3233 1716 3302">
     <span class='ocr_line' id='line_1_62' title="bbox 80 3233 1716 3302; baseline 0.004 -22"><span class='ocrx_word' id='word_1_483' title='bbox 80 3234 315 3288; x_wconf 71' lang='lat' dir='ltr'>utilitatum</span> <span class='ocrx_word' id='word_1_484' title='bbox 344 3240 663 3289; x_wconf 84' lang='lat' dir='ltr'>nostrarum</span> <span class='ocrx_word' id='word_1_485' title='bbox 693 3236 829 3287; x_wconf 88' lang='lat' dir='ltr'>Deus</span> <span class='ocrx_word' id='word_1_486' title='bbox 866 3233 1139 3287; x_wconf 85' lang='lat' dir='ltr'>evidenter</span> <span class='ocrx_word' id='word_1_487' title='bbox 1165 3247 1283 3286; x_wconf 89' lang='lat' dir='ltr'>eum</span> <span class='ocrx_word' id='word_1_488' title='bbox 1324 3235 1582 3302; x_wconf 62' lang='lat' dir='ltr'>praecepit</span> <span class='ocrx_word' id='word_1_489' title='bbox 1623 3234 1716 3287; x_wconf 85' lang='lat' dir='ltr'>ho-</span> 
     </span>
    </p>
   </div>
   <div class='ocr_carea' id='block_1_63' title="bbox 78 3322 1714 3393">
    <p class='ocr_par' dir='ltr' id='par_1_63' title="bbox 78 3322 1714 3393">
     <span class='ocr_line' id='line_1_63' title="bbox 78 3322 1714 3393; baseline 0.002 -22"><span class='ocrx_word' id='word_1_490' title='bbox 78 3325 230 3387; x_wconf 70' lang='lat' dir='ltr'>nerari,</span> <span class='ocrx_word' id='word_1_491' title='bbox 259 3339 413 3393; x_wconf 87' lang='lat' dir='ltr'>quem</span> <span class='ocrx_word' id='word_1_492' title='bbox 440 3324 707 3392; x_wconf 68' lang='lat' dir='ltr'>praestitit</span> <span class='ocrx_word' id='word_1_493' title='bbox 732 3323 987 3376; x_wconf 85' lang='lat' dir='ltr'>inveniri.</span> <span class='ocrx_word' id='word_1_494' title='bbox 1018 3322 1116 3375; x_wconf 84' lang='lat' dir='ltr'>Ait</span> <span class='ocrx_word' id='word_1_495' title='bbox 1154 3337 1278 3389; x_wconf 87' lang='lat' dir='ltr'>ergo</span> <span class='ocrx_word' id='word_1_496' title='bbox 1305 3337 1475 3376; x_wconf 88' lang='lat' dir='ltr'>sermo</span> <span class='ocrx_word' id='word_1_497' title='bbox 1504 3324 1714 3376; x_wconf 74' lang='lat' dir='ltr'>revela-</span> 
     </span>
    </p>
   </div>
   <div class='ocr_carea' id='block_1_64' title="bbox 78 3409 1719 3475">
    <p class='ocr_par' dir='ltr' id='par_1_64' title="bbox 78 3409 1719 3475">
     <span class='ocr_line' id='line_1_64' title="bbox 78 3409 1719 3475; baseline 0.004 -19"><span class='ocrx_word' id='word_1_498' title='bbox 78 3412 207 3475; x_wconf 72' lang='lat' dir='ltr'>tionis,</span> <span class='ocrx_word' id='word_1_499' title='bbox 233 3416 331 3466; x_wconf 91' lang='lat' dir='ltr'>etc.</span> <span class='ocrx_word' id='word_1_500' title='bbox 381 3414 460 3466; x_wconf 89' lang='lat' dir='ltr'>De</span> <span class='ocrx_word' id='word_1_501' title='bbox 500 3410 752 3465; x_wconf 83' lang='lat' dir='ltr'>revelato</span> <span class='ocrx_word' id='word_1_502' title='bbox 793 3410 852 3462; x_wconf 91' lang='lat' dir='ltr'>in</span> <span class='ocrx_word' id='word_1_503' title='bbox 892 3410 1192 3463; x_wconf 72' lang='lat' dir='ltr'>Palaestina</span> <span class='ocrx_word' id='word_1_504' title='bbox 1224 3410 1328 3464; x_wconf 89' lang='lat' dir='ltr'>sub</span> <span class='ocrx_word' id='word_1_505' title='bbox 1360 3410 1536 3464; x_wconf 85' lang='lat' dir='ltr'>finem</span> <span class='ocrx_word' id='word_1_506' title='bbox 1581 3409 1719 3463; x_wconf 87' lang='lat' dir='ltr'>anni</span> 
     </span>
    </p>
   </div>
   <div class='ocr_carea' id='block_1_65' title="bbox 76 3496 1718 3570">
    <p class='ocr_par' dir='ltr' id='par_1_65' title="bbox 76 3496 1718 3570">
     <span class='ocr_line' id='line_1_65' title="bbox 76 3496 1718 3570; baseline 0.002 -23"><span class='ocrx_word' id='word_1_507' title='bbox 76 3496 146 3549; x_wconf 74' lang='grc'>415</span> <span class='ocrx_word' id='word_1_508' title='bbox 170 3514 380 3570; x_wconf 85' lang='lat' dir='ltr'>corpore</span> <span class='ocrx_word' id='word_1_509' title='bbox 415 3501 472 3554; x_wconf 90' lang='lat' dir='ltr'>S.</span> <span class='ocrx_word' id='word_1_510' title='bbox 515 3498 817 3568; x_wconf 88' lang='lat' dir='ltr'>Stephani,</span> <span class='ocrx_word' id='word_1_511' title='bbox 851 3498 1087 3568; x_wconf 89' lang='lat' dir='ltr'>ejusque</span> <span class='ocrx_word' id='word_1_512' title='bbox 1117 3498 1375 3569; x_wconf 90' lang='lat' dir='ltr'>reliquiis</span> <span class='ocrx_word' id='word_1_513' title='bbox 1405 3498 1540 3551; x_wconf 91' lang='lat' dir='ltr'>inde</span> <span class='ocrx_word' id='word_1_514' title='bbox 1577 3499 1718 3551; x_wconf 89' lang='lat' dir='ltr'>alla-</span> 
     </span>
    </p>
   </div>
   <div class='ocr_carea' id='block_1_66' title="bbox 75 3585 1717 3657">
    <p class='ocr_par' dir='ltr' id='par_1_66' title="bbox 75 3585 1717 3657">
     <span class='ocr_line' id='line_1_66' title="bbox 75 3585 1717 3657; baseline 0.004 -24"><span class='ocrx_word' id='word_1_515' title='bbox 75 3585 123 3635; x_wconf 81' lang='lat' dir='ltr'>tis</span> <span class='ocrx_word' id='word_1_516' title='bbox 146 3586 193 3639; x_wconf 88' lang='lat' dir='ltr'>in</span> <span class='ocrx_word' id='word_1_517' title='bbox 232 3588 494 3654; x_wconf 85' lang='lat' dir='ltr'>Africam,</span> <span class='ocrx_word' id='word_1_518' title='bbox 554 3591 612 3641; x_wconf 90' lang='lat' dir='ltr'>et</span> <span class='ocrx_word' id='word_1_519' title='bbox 648 3589 718 3641; x_wconf 92' lang='lat' dir='ltr'>de</span> <span class='ocrx_word' id='word_1_520' title='bbox 776 3586 1073 3640; x_wconf 92' lang='lat' dir='ltr'>memoriis</span> <span class='ocrx_word' id='word_1_521' title='bbox 1122 3586 1183 3639; x_wconf 92' lang='lat' dir='ltr'>in</span> <span class='ocrx_word' id='word_1_522' title='bbox 1226 3603 1423 3641; x_wconf 87' lang='lat' dir='ltr'>earum</span> <span class='ocrx_word' id='word_1_523' title='bbox 1472 3586 1717 3657; x_wconf 85' lang='lat' dir='ltr'>gratiam</span> 
     </span>
    </p>
   </div>
   <div class='ocr_carea' id='block_1_67' title="bbox 77 3672 1717 3745">
    <p class='ocr_par' dir='ltr' id='par_1_67' title="bbox 77 3672 1717 3745">
     <span class='ocr_line' id='line_1_67' title="bbox 77 3672 1717 3745; baseline 0.003 -21"><span class='ocrx_word' id='word_1_524' title='bbox 77 3672 187 3727; x_wconf 75' lang='lat' dir='ltr'>l&#39;zali</span> <span class='ocrx_word' id='word_1_525' title='bbox 220 3676 283 3730; x_wconf 89' lang='lat' dir='ltr'>ab</span> <span class='ocrx_word' id='word_1_526' title='bbox 312 3676 524 3731; x_wconf 86' lang='lat' dir='ltr'>Evodio</span> <span class='ocrx_word' id='word_1_527' title='bbox 577 3675 865 3745; x_wconf 89' lang='lat' dir='ltr'>episcopo,</span> <span class='ocrx_word' id='word_1_528' title='bbox 915 3677 1156 3730; x_wconf 76' lang='lat' dir='ltr'>Calamae</span> <span class='ocrx_word' id='word_1_529' title='bbox 1186 3694 1219 3730; x_wconf 89' lang='lat' dir='ltr'>a</span> <span class='ocrx_word' id='word_1_530' title='bbox 1249 3676 1522 3737; x_wconf 90' lang='lat' dir='ltr'>Possidio,</span> <span class='ocrx_word' id='word_1_531' title='bbox 1574 3676 1717 3745; x_wconf 87' lang='lat' dir='ltr'>Hip—</span> 
     </span>
    </p>
   </div>
   <div class='ocr_carea' id='block_1_68' title="bbox 73 3764 1716 3836">
    <p class='ocr_par' dir='ltr' id='par_1_68' title="bbox 73 3764 1716 3836">
     <span class='ocr_line' id='line_1_68' title="bbox 73 3764 1716 3836; baseline 0.001 -22"><span class='ocrx_word' id='word_1_532' title='bbox 73 3777 181 3828; x_wconf 88' lang='lat' dir='ltr'>pone</span> <span class='ocrx_word' id='word_1_533' title='bbox 206 3764 268 3818; x_wconf 88' lang='lat' dir='ltr'>ab</span> <span class='ocrx_word' id='word_1_534' title='bbox 296 3765 623 3836; x_wconf 81' lang='lat' dir='ltr'>Augustino</span> <span class='ocrx_word' id='word_1_535' title='bbox 645 3764 919 3830; x_wconf 83' lang='lat' dir='ltr'>excitatis,</span> <span class='ocrx_word' id='word_1_536' title='bbox 943 3764 1429 3835; x_wconf 83' lang='lat' dir='ltr'>Augustinusipse</span> <span class='ocrx_word' id='word_1_537' title='bbox 1457 3764 1716 3818; x_wconf 89' lang='lat' dir='ltr'>omnium</span> 
     </span>
    </p>
   </div>
   <div class='ocr_carea' id='block_1_69' title="bbox 72 3850 1641 3922">
    <p class='ocr_par' dir='ltr' id='par_1_69' title="bbox 72 3850 1641 3922">
     <span class='ocr_line' id='line_1_69' title="bbox 72 3850 1641 3922; baseline 0.003 -21"><span class='ocrx_word' id='word_1_538' title='bbox 72 3850 205 3905; x_wconf 86' lang='lat' dir='ltr'>instar</span> <span class='ocrx_word' id='word_1_539' title='bbox 230 3861 414 3908; x_wconf 87' lang='lat' dir='ltr'>narrat</span> <span class='ocrx_word' id='word_1_540' title='bbox 443 3855 547 3908; x_wconf 90' lang='lat' dir='ltr'>lib.</span> <span class='ocrx_word' id='word_1_541' title='bbox 587 3871 700 3907; x_wconf 76' lang='lat' dir='ltr'>xm</span> <span class='ocrx_word' id='word_1_542' title='bbox 732 3854 801 3907; x_wconf 92' lang='lat' dir='ltr'>de</span> <span class='ocrx_word' id='word_1_543' title='bbox 833 3852 1066 3907; x_wconf 88' lang='lat' dir='ltr'>Civitate</span> <span class='ocrx_word' id='word_1_544' title='bbox 1097 3853 1220 3921; x_wconf 80' lang='lat' dir='ltr'>Dei,</span> <span class='ocrx_word' id='word_1_545' title='bbox 1251 3869 1373 3922; x_wconf 91' lang='lat' dir='ltr'>cap.</span> <span class='ocrx_word' id='word_1_546' title='bbox 1400 3855 1450 3906; x_wconf 90' lang='lat'>8.</span> <span class='ocrx_word' id='word_1_547' title='bbox 1486 3854 1641 3905; x_wconf 76' lang='lat' dir='ltr'>IDEM.</span> 
     </span>
    </p>
   </div>
   <div class='ocr_carea' id='block_1_70' title="bbox 119 3940 1713 4013">
    <p class='ocr_par' dir='ltr' id='par_1_70' title="bbox 119 3940 1713 4013">
     <span class='ocr_line' id='line_1_70' title="bbox 119 3940 1713 4013; baseline 0.001 -22"><span class='ocrx_word' id='word_1_548' title='bbox 119 3940 237 3995; x_wconf 88' lang='lat' dir='ltr'>Ibid.</span> <span class='ocrx_word' id='word_1_549' title='bbox 277 3944 677 3998; x_wconf 87' lang='lat' dir='ltr'>Inventionem</span> <span class='ocrx_word' id='word_1_550' title='bbox 726 3942 1105 4012; x_wconf 88' lang='lat' dir='ltr'>reliquiarum</span> <span class='ocrx_word' id='word_1_551' title='bbox 1148 3941 1204 3996; x_wconf 91' lang='lat' dir='ltr'>S.</span> <span class='ocrx_word' id='word_1_552' title='bbox 1268 3941 1539 4013; x_wconf 89' lang='lat' dir='ltr'>Stephani</span> <span class='ocrx_word' id='word_1_553' title='bbox 1586 3940 1713 3994; x_wconf 88' lang='lat' dir='ltr'>vide</span> 
     </span>
    </p>
   </div>
   <div class='ocr_carea' id='block_1_71' title="bbox 70 4028 1711 4101">
    <p class='ocr_par' dir='ltr' id='par_1_71' title="bbox 70 4028 1711 4101">
     <span class='ocr_line' id='line_1_71' title="bbox 70 4028 1711 4101; baseline 0.002 -22"><span class='ocrx_word' id='word_1_554' title='bbox 70 4028 110 4079; x_wconf 87' lang='lat' dir='ltr'>in</span> <span class='ocrx_word' id='word_1_555' title='bbox 147 4032 449 4086; x_wconf 86' lang='lat' dir='ltr'>narratione</span> <span class='ocrx_word' id='word_1_556' title='bbox 495 4030 733 4086; x_wconf 90' lang='lat' dir='ltr'>Luciani</span> <span class='ocrx_word' id='word_1_557' title='bbox 769 4030 1083 4101; x_wconf 81' lang='lat' dir='ltr'>presbyteri</span> <span class='ocrx_word' id='word_1_558' title='bbox 1123 4030 1711 4099; x_wconf 84' lang='lat' dir='ltr'>Caphargamalensis,</span> 
     </span>
    </p>
   </div>
   <div class='ocr_carea' id='block_1_72' title="bbox 66 4117 1711 4189">
    <p class='ocr_par' dir='ltr' id='par_1_72' title="bbox 66 4117 1711 4189">
     <span class='ocr_line' id='line_1_72' title="bbox 66 4117 1711 4189; baseline 0.001 -20"><span class='ocrx_word' id='word_1_559' title='bbox 66 4119 180 4185; x_wconf 84' lang='lat' dir='ltr'>apud</span> <span class='ocrx_word' id='word_1_560' title='bbox 199 4120 450 4175; x_wconf 89' lang='lat' dir='ltr'>Photium</span> <span class='ocrx_word' id='word_1_561' title='bbox 481 4120 612 4174; x_wconf 92' lang='lat' dir='ltr'>cod.</span> <span class='ocrx_word' id='word_1_562' title='bbox 637 4136 815 4173; x_wconf 78' lang='lat' dir='ltr'>CLXXI.</span> <span class='ocrx_word' id='word_1_563' title='bbox 854 4118 1023 4173; x_wconf 85' lang='lat' dir='ltr'>Miror</span> <span class='ocrx_word' id='word_1_564' title='bbox 1050 4118 1205 4173; x_wconf 87' lang='lat' dir='ltr'>hisce</span> <span class='ocrx_word' id='word_1_565' title='bbox 1229 4119 1448 4173; x_wconf 80' lang='lat' dir='ltr'>saeculis</span> <span class='ocrx_word' id='word_1_566' title='bbox 1480 4117 1711 4189; x_wconf 88' lang='lat' dir='ltr'>quibus,</span> 
     </span>
    </p>
   </div>
   <div class='ocr_carea' id='block_1_73' title="bbox 67 4207 319 4276">
    <p class='ocr_par' dir='ltr' id='par_1_73' title="bbox 67 4207 319 4276">
     <span class='ocr_line' id='line_1_73' title="bbox 67 4207 319 4276; baseline 0.032 -22"><span class='ocrx_word' id='word_1_567' title='bbox 67 4208 110 4256; x_wconf 85' lang='lat' dir='ltr'>ut</span> <span class='ocrx_word' id='word_1_568' title='bbox 132 4207 197 4259; x_wconf 86' lang='lat' dir='ltr'>ait</span> <span class='ocrx_word' id='word_1_569' title='bbox 213 4208 319 4276; x_wconf 87' lang='lat' dir='ltr'>ille,</span> 
     </span>
    </p>
   </div>
   <div class='ocr_carea' id='block_1_74' title="bbox 238 4297 1338 4363">
    <p class='ocr_par' dir='ltr' id='par_1_74' title="bbox 238 4297 1338 4363">
     <span class='ocr_line' id='line_1_74' title="bbox 238 4297 1338 4363; baseline -0.002 -16"><span class='ocrx_word' id='word_1_570' title='bbox 238 4299 325 4347; x_wconf 77' lang='lat' dir='ltr'>Vel</span> <span class='ocrx_word' id='word_1_571' title='bbox 353 4300 505 4363; x_wconf 89' lang='lat' dir='ltr'>pueri</span> <span class='ocrx_word' id='word_1_572' title='bbox 534 4312 723 4348; x_wconf 87' lang='lat' dir='ltr'>nasum</span> <span class='ocrx_word' id='word_1_573' title='bbox 746 4298 1094 4347; x_wconf 87' lang='lat' dir='ltr'>rhinocerotis</span> <span class='ocrx_word' id='word_1_574' title='bbox 1122 4297 1338 4346; x_wconf 89' lang='lat' dir='ltr'>habent.</span> 
     </span>
    </p>
   </div>
   <div class='ocr_carea' id='block_1_75' title="bbox 66 4385 1716 4459">
    <p class='ocr_par' dir='ltr' id='par_1_75' title="bbox 66 4385 1716 4459">
     <span class='ocr_line' id='line_1_75' title="bbox 66 4385 1716 4459; baseline 0.002 -24"><span class='ocrx_word' id='word_1_575' title='bbox 66 4386 295 4451; x_wconf 78' lang='lat' dir='ltr'>ejusmodi</span> <span class='ocrx_word' id='word_1_576' title='bbox 326 4388 619 4459; x_wconf 83' lang='lat' dir='ltr'>ﬁgmentis</span> <span class='ocrx_word' id='word_1_577' title='bbox 647 4388 820 4442; x_wconf 86' lang='lat' dir='ltr'>ﬁdem</span> <span class='ocrx_word' id='word_1_578' title='bbox 850 4386 1068 4449; x_wconf 89' lang='lat' dir='ltr'>haberi,</span> <span class='ocrx_word' id='word_1_579' title='bbox 1123 4404 1251 4457; x_wconf 64' lang='lat' dir='ltr'>qum</span> <span class='ocrx_word' id='word_1_580' title='bbox 1283 4386 1477 4441; x_wconf 89' lang='lat' dir='ltr'>omnia</span> <span class='ocrx_word' id='word_1_581' title='bbox 1507 4385 1716 4440; x_wconf 88' lang='lat' dir='ltr'>indicia</span> 
     </span>
    </p>
   </div>
   <div class='ocr_carea' id='block_1_76' title="bbox 65 4475 1713 4547">
    <p class='ocr_par' dir='ltr' id='par_1_76' title="bbox 65 4475 1713 4547">
     <span class='ocr_line' id='line_1_76' title="bbox 65 4475 1713 4547; baseline -0.002 -17"><span class='ocrx_word' id='word_1_582' title='bbox 65 4475 247 4541; x_wconf 83' lang='lat' dir='ltr'>piarum</span> <span class='ocrx_word' id='word_1_583' title='bbox 296 4479 511 4532; x_wconf 88' lang='lat' dir='ltr'>scilicet</span> <span class='ocrx_word' id='word_1_584' title='bbox 560 4478 826 4532; x_wconf 84' lang='lat' dir='ltr'>fraudum</span> <span class='ocrx_word' id='word_1_585' title='bbox 873 4493 994 4547; x_wconf 69' lang='lat' dir='ltr'>pra:</span> <span class='ocrx_word' id='word_1_586' title='bbox 1045 4492 1104 4530; x_wconf 89' lang='lat' dir='ltr'>se</span> <span class='ocrx_word' id='word_1_587' title='bbox 1144 4476 1359 4530; x_wconf 88' lang='lat' dir='ltr'>ferunt.</span> <span class='ocrx_word' id='word_1_588' title='bbox 1423 4475 1713 4544; x_wconf 90' lang='lat' dir='ltr'>Plerisque</span> 
     </span>
    </p>
   </div>
   <div class='ocr_carea' id='block_1_77' title="bbox 68 4564 1714 4635">
    <p class='ocr_par' dir='ltr' id='par_1_77' title="bbox 68 4564 1714 4635">
     <span class='ocr_line' id='line_1_77' title="bbox 68 4564 1714 4635; baseline 0.002 -22"><span class='ocrx_word' id='word_1_589' title='bbox 68 4565 381 4621; x_wconf 86' lang='lat' dir='ltr'>ecclesiarum</span> <span class='ocrx_word' id='word_1_590' title='bbox 409 4566 752 4634; x_wconf 88' lang='lat' dir='ltr'>rectoribus,</span> <span class='ocrx_word' id='word_1_591' title='bbox 785 4569 846 4619; x_wconf 87' lang='lat' dir='ltr'>ut</span> <span class='ocrx_word' id='word_1_592' title='bbox 877 4582 943 4619; x_wconf 85' lang='lat' dir='ltr'>ex</span> <span class='ocrx_word' id='word_1_593' title='bbox 987 4566 1155 4619; x_wconf 90' lang='lat' dir='ltr'>rebus</span> <span class='ocrx_word' id='word_1_594' title='bbox 1186 4564 1323 4634; x_wconf 90' lang='lat' dir='ltr'>ipsis</span> <span class='ocrx_word' id='word_1_595' title='bbox 1356 4564 1555 4635; x_wconf 88' lang='lat' dir='ltr'>liquet,</span> <span class='ocrx_word' id='word_1_596' title='bbox 1590 4568 1714 4617; x_wconf 91' lang='lat' dir='ltr'>tum</span> 
     </span>
    </p>
   </div>
   <div class='ocr_carea' id='block_1_78' title="bbox 68 4653 1712 4726">
    <p class='ocr_par' dir='ltr' id='par_1_78' title="bbox 68 4653 1712 4726">
     <span class='ocr_line' id='line_1_78' title="bbox 68 4653 1712 4726; baseline 0.001 -23"><span class='ocrx_word' id='word_1_597' title='bbox 68 4666 354 4717; x_wconf 82' lang='lat' dir='ltr'>persuasum</span> <span class='ocrx_word' id='word_1_598' title='bbox 382 4657 492 4710; x_wconf 88' lang='lat' dir='ltr'>fuit</span> <span class='ocrx_word' id='word_1_599' title='bbox 548 4671 904 4726; x_wconf 71' lang='lat' dir='ltr'>quaecunque</span> <span class='ocrx_word' id='word_1_600' title='bbox 939 4670 1043 4724; x_wconf 92' lang='lat' dir='ltr'>per</span> <span class='ocrx_word' id='word_1_601' title='bbox 1088 4670 1146 4707; x_wconf 90' lang='lat' dir='ltr'>se</span> <span class='ocrx_word' id='word_1_602' title='bbox 1186 4653 1337 4707; x_wconf 89' lang='lat' dir='ltr'>mala</span> <span class='ocrx_word' id='word_1_603' title='bbox 1375 4669 1487 4705; x_wconf 90' lang='lat' dir='ltr'>non</span> <span class='ocrx_word' id='word_1_604' title='bbox 1533 4654 1712 4719; x_wconf 89' lang='lat' dir='ltr'>erant,</span> 
     </span>
    </p>
   </div>
   <div class='ocr_carea' id='block_1_79' title="bbox 70 4740 1714 4813">
    <p class='ocr_par' dir='ltr' id='par_1_79' title="bbox 70 4740 1714 4813">
     <span class='ocr_line' id='line_1_79' title="bbox 70 4740 1714 4813; baseline 0.001 -23"><span class='ocrx_word' id='word_1_605' title='bbox 70 4748 396 4813; x_wconf 70' lang='lat' dir='ltr'>peterentque</span> <span class='ocrx_word' id='word_1_606' title='bbox 452 4748 551 4797; x_wconf 90' lang='lat' dir='ltr'>aut</span> <span class='ocrx_word' id='word_1_607' title='bbox 578 4742 835 4797; x_wconf 89' lang='lat' dir='ltr'>ethnicos</span> <span class='ocrx_word' id='word_1_608' title='bbox 865 4743 935 4796; x_wconf 90' lang='lat' dir='ltr'>ad</span> <span class='ocrx_word' id='word_1_609' title='bbox 964 4743 1137 4797; x_wconf 85' lang='lat' dir='ltr'>ﬁdem</span> <span class='ocrx_word' id='word_1_610' title='bbox 1188 4740 1566 4796; x_wconf 89' lang='lat' dir='ltr'>Christianam</span> <span class='ocrx_word' id='word_1_611' title='bbox 1616 4740 1714 4794; x_wconf 90' lang='lat' dir='ltr'>ad-</span> 
     </span>
    </p>
   </div>
   <div class='ocr_carea' id='block_1_80' title="bbox 68 4822 1715 4899">
    <p class='ocr_par' dir='ltr' id='par_1_80' title="bbox 68 4822 1715 4899">
     <span class='ocr_line' id='line_1_80' title="bbox 68 4822 1715 4899; baseline 0.002 -20"><span class='ocrx_word' id='word_1_612' title='bbox 68 4822 250 4895; x_wconf 83' lang='lat' dir='ltr'>ducere,</span> <span class='ocrx_word' id='word_1_613' title='bbox 284 4836 379 4884; x_wconf 87' lang='lat' dir='ltr'>aut</span> <span class='ocrx_word' id='word_1_614' title='bbox 416 4832 716 4885; x_wconf 63' lang='lat' dir='ltr'>haereticos</span> <span class='ocrx_word' id='word_1_615' title='bbox 760 4847 982 4897; x_wconf 90' lang='lat' dir='ltr'>sanare,</span> <span class='ocrx_word' id='word_1_616' title='bbox 1031 4835 1129 4883; x_wconf 90' lang='lat' dir='ltr'>aut</span> <span class='ocrx_word' id='word_1_617' title='bbox 1170 4833 1321 4885; x_wconf 91' lang='lat' dir='ltr'>certe</span> <span class='ocrx_word' id='word_1_618' title='bbox 1368 4828 1593 4899; x_wconf 91' lang='lat' dir='ltr'>plebem</span> <span class='ocrx_word' id='word_1_619' title='bbox 1623 4844 1715 4882; x_wconf 86' lang='lat' dir='ltr'>ca-</span> 
     </span>
    </p>
   </div>
   <div class='ocr_carea' id='block_1_81' title="bbox 68 4910 1712 4985">
    <p class='ocr_par' dir='ltr' id='par_1_81' title="bbox 68 4910 1712 4985">
     <span class='ocr_line' id='line_1_81' title="bbox 68 4910 1712 4985; baseline 0.004 -23"><span class='ocrx_word' id='word_1_620' title='bbox 68 4910 290 4971; x_wconf 83' lang='lat' dir='ltr'>tholicam</span> <span class='ocrx_word' id='word_1_621' title='bbox 337 4919 397 4972; x_wconf 90' lang='lat' dir='ltr'>in</span> <span class='ocrx_word' id='word_1_622' title='bbox 444 4918 557 4973; x_wconf 88' lang='lat' dir='ltr'>ﬁde</span> <span class='ocrx_word' id='word_1_623' title='bbox 603 4918 961 4985; x_wconf 83' lang='lat' dir='ltr'>confirmare,</span> <span class='ocrx_word' id='word_1_624' title='bbox 1014 4933 1081 4971; x_wconf 90' lang='lat' dir='ltr'>ea</span> <span class='ocrx_word' id='word_1_625' title='bbox 1120 4917 1315 4970; x_wconf 90' lang='lat' dir='ltr'>omnia</span> <span class='ocrx_word' id='word_1_626' title='bbox 1357 4932 1476 4970; x_wconf 87' lang='lat' dir='ltr'>esse</span> <span class='ocrx_word' id='word_1_627' title='bbox 1522 4916 1712 4981; x_wconf 86' lang='lat' dir='ltr'>licita;</span> 
     </span>
    </p>
   </div>
   <div class='ocr_carea' id='block_1_82' title="bbox 68 5005 1714 5077">
    <p class='ocr_par' dir='ltr' id='par_1_82' title="bbox 68 5005 1714 5077">
     <span class='ocr_line' id='line_1_82' title="bbox 68 5005 1714 5077; baseline 0 -21"><span class='ocrx_word' id='word_1_628' title='bbox 68 5012 217 5071; x_wconf 82' lang='lat' dir='ltr'>neque</span> <span class='ocrx_word' id='word_1_629' title='bbox 269 5006 442 5059; x_wconf 91' lang='lat' dir='ltr'>nimis</span> <span class='ocrx_word' id='word_1_630' title='bbox 510 5006 692 5077; x_wconf 89' lang='lat' dir='ltr'>rigide</span> <span class='ocrx_word' id='word_1_631' title='bbox 766 5005 1178 5076; x_wconf 90' lang='lat' dir='ltr'>inquirendum</span> <span class='ocrx_word' id='word_1_632' title='bbox 1240 5020 1448 5058; x_wconf 88' lang='lat' dir='ltr'>verane</span> <span class='ocrx_word' id='word_1_633' title='bbox 1506 5008 1714 5070; x_wconf 87' lang='lat' dir='ltr'>essent,</span> 
     </span>
    </p>
   </div>
   <div class='ocr_carea' id='block_1_83' title="bbox 68 5093 1715 5166">
    <p class='ocr_par' dir='ltr' id='par_1_83' title="bbox 68 5093 1715 5166">
     <span class='ocr_line' id='line_1_83' title="bbox 68 5093 1715 5166; baseline 0.004 -27"><span class='ocrx_word' id='word_1_634' title='bbox 68 5103 227 5147; x_wconf 82' lang='lat' dir='ltr'>necne.</span> <span class='ocrx_word' id='word_1_635' title='bbox 264 5095 422 5148; x_wconf 90' lang='lat' dir='ltr'>Adde</span> <span class='ocrx_word' id='word_1_636' title='bbox 475 5095 625 5165; x_wconf 89' lang='lat' dir='ltr'>quod</span> <span class='ocrx_word' id='word_1_637' title='bbox 676 5094 1003 5166; x_wconf 89' lang='lat' dir='ltr'>quicunque</span> <span class='ocrx_word' id='word_1_638' title='bbox 1042 5096 1308 5163; x_wconf 92' lang='lat' dir='ltr'>poterant</span> <span class='ocrx_word' id='word_1_639' title='bbox 1339 5093 1513 5147; x_wconf 91' lang='lat' dir='ltr'>semel</span> <span class='ocrx_word' id='word_1_640' title='bbox 1544 5093 1715 5163; x_wconf 84' lang='lat' dir='ltr'>vulgo</span> 
     </span>
    </p>
   </div>
   <div class='ocr_carea' id='block_1_84' title="bbox 70 5183 1716 5256">
    <p class='ocr_par' dir='ltr' id='par_1_84' title="bbox 70 5183 1716 5256">
     <span class='ocr_line' id='line_1_84' title="bbox 70 5183 1716 5256; baseline 0.002 -24"><span class='ocrx_word' id='word_1_641' title='bbox 70 5183 368 5243; x_wconf 78' lang='lat' dir='ltr'>persuadere</span> <span class='ocrx_word' id='word_1_642' title='bbox 407 5186 683 5239; x_wconf 87' lang='lat' dir='ltr'>miracula</span> <span class='ocrx_word' id='word_1_643' title='bbox 728 5185 1115 5256; x_wconf 86' lang='lat' dir='ltr'>frequentiora</span> <span class='ocrx_word' id='word_1_644' title='bbox 1160 5184 1310 5255; x_wconf 90' lang='lat' dir='ltr'>apud</span> <span class='ocrx_word' id='word_1_645' title='bbox 1347 5201 1431 5251; x_wconf 90' lang='lat' dir='ltr'>se,</span> <span class='ocrx_word' id='word_1_646' title='bbox 1474 5200 1579 5253; x_wconf 90' lang='lat' dir='ltr'>per</span> <span class='ocrx_word' id='word_1_647' title='bbox 1618 5200 1716 5236; x_wconf 90' lang='lat' dir='ltr'>re-</span> 
     </span>
    </p>
   </div>
   <div class='ocr_carea' id='block_1_85' title="bbox 71 5266 1715 5344">
    <p class='ocr_par' dir='ltr' id='par_1_85' title="bbox 71 5266 1715 5344">
     <span class='ocr_line' id='line_1_85' title="bbox 71 5266 1715 5344; baseline 0 -22"><span class='ocrx_word' id='word_1_648' title='bbox 71 5266 235 5337; x_wconf 72' lang='lat' dir='ltr'>liquias</span> <span class='ocrx_word' id='word_1_649' title='bbox 265 5279 590 5328; x_wconf 87' lang='lat' dir='ltr'>sanctorum</span> <span class='ocrx_word' id='word_1_650' title='bbox 619 5274 744 5328; x_wconf 86' lang='lat' dir='ltr'>ﬁeri</span> <span class='ocrx_word' id='word_1_651' title='bbox 780 5273 819 5327; x_wconf 91' lang='lat' dir='ltr'>ii</span> <span class='ocrx_word' id='word_1_652' title='bbox 848 5274 1145 5344; x_wconf 89' lang='lat' dir='ltr'>ingentem</span> <span class='ocrx_word' id='word_1_653' title='bbox 1173 5272 1355 5343; x_wconf 85' lang='lat' dir='ltr'>plebis</span> <span class='ocrx_word' id='word_1_654' title='bbox 1386 5270 1715 5324; x_wconf 90' lang='lat' dir='ltr'>multitudi—</span> 
     </span>
    </p>
   </div>
   <div class='ocr_carea' id='block_1_86' title="bbox 71 5356 1715 5430">
    <p class='ocr_par' dir='ltr' id='par_1_86' title="bbox 71 5356 1715 5430">
     <span class='ocr_line' id='line_1_86' title="bbox 71 5356 1715 5430; baseline -0.002 -18"><span class='ocrx_word' id='word_1_655' title='bbox 71 5368 169 5411; x_wconf 80' lang='lat' dir='ltr'>nem</span> <span class='ocrx_word' id='word_1_656' title='bbox 208 5361 275 5415; x_wconf 90' lang='lat' dir='ltr'>ad</span> <span class='ocrx_word' id='word_1_657' title='bbox 326 5363 620 5416; x_wconf 87' lang='lat' dir='ltr'>ecclesiam</span> <span class='ocrx_word' id='word_1_658' title='bbox 663 5379 823 5416; x_wconf 88' lang='lat' dir='ltr'>suam</span> <span class='ocrx_word' id='word_1_659' title='bbox 871 5361 1221 5423; x_wconf 83' lang='lat' dir='ltr'>alliciebant,</span> <span class='ocrx_word' id='word_1_660' title='bbox 1269 5360 1505 5430; x_wconf 88' lang='lat' dir='ltr'>ejusque</span> <span class='ocrx_word' id='word_1_661' title='bbox 1550 5356 1715 5410; x_wconf 90' lang='lat' dir='ltr'>donis</span> 
     </span>
    </p>
   </div>
   <div class='ocr_carea' id='block_1_87' title="bbox 70 5442 1715 5517">
    <p class='ocr_par' dir='ltr' id='par_1_87' title="bbox 70 5442 1715 5517">
     <span class='ocr_line' id='line_1_87' title="bbox 70 5442 1715 5517; baseline -0.002 -17"><span class='ocrx_word' id='word_1_662' title='bbox 70 5442 375 5505; x_wconf 69' lang='lat' dir='ltr'>dilabantur.</span> <span class='ocrx_word' id='word_1_663' title='bbox 409 5452 549 5505; x_wconf 82' lang='lat' dir='ltr'>Hinc</span> <span class='ocrx_word' id='word_1_664' title='bbox 569 5452 779 5505; x_wconf 84' lang='lat' dir='ltr'>factum</span> <span class='ocrx_word' id='word_1_665' title='bbox 813 5454 873 5505; x_wconf 90' lang='lat' dir='ltr'>ut</span> <span class='ocrx_word' id='word_1_666' title='bbox 902 5455 985 5504; x_wconf 92' lang='lat' dir='ltr'>tot</span> <span class='ocrx_word' id='word_1_667' title='bbox 1009 5450 1154 5504; x_wconf 68' lang='lat' dir='ltr'>ﬁcta:</span> <span class='ocrx_word' id='word_1_668' title='bbox 1186 5464 1253 5502; x_wconf 92' lang='lat' dir='ltr'>eo</span> <span class='ocrx_word' id='word_1_669' title='bbox 1285 5454 1544 5517; x_wconf 90' lang='lat' dir='ltr'>tempore</span> <span class='ocrx_word' id='word_1_670' title='bbox 1587 5445 1715 5498; x_wconf 82' lang='lat' dir='ltr'>fue-</span> 
     </span>
    </p>
   </div>
   <div class='ocr_carea' id='block_1_88' title="bbox 70 5532 1717 5611">
    <p class='ocr_par' dir='ltr' id='par_1_88' title="bbox 70 5532 1717 5611">
     <span class='ocr_line' id='line_1_88' title="bbox 70 5532 1717 5611; baseline 0.001 -26"><span class='ocrx_word' id='word_1_671' title='bbox 70 5532 157 5587; x_wconf 84' lang='lat' dir='ltr'>rint</span> <span class='ocrx_word' id='word_1_672' title='bbox 180 5539 453 5610; x_wconf 63' lang='lat' dir='ltr'>reliquie,</span> <span class='ocrx_word' id='word_1_673' title='bbox 502 5544 699 5611; x_wconf 90' lang='lat' dir='ltr'>totque</span> <span class='ocrx_word' id='word_1_674' title='bbox 744 5543 973 5594; x_wconf 85' lang='lat' dir='ltr'>narrata</span> <span class='ocrx_word' id='word_1_675' title='bbox 1026 5536 1323 5599; x_wconf 87' lang='lat' dir='ltr'>miracula,</span> <span class='ocrx_word' id='word_1_676' title='bbox 1358 5538 1500 5606; x_wconf 86' lang='lat' dir='ltr'>quot</span> <span class='ocrx_word' id='word_1_677' title='bbox 1549 5538 1717 5588; x_wconf 87' lang='lat' dir='ltr'>antea</span> 
     </span>
    </p>
   </div>
   <div class='ocr_carea' id='block_1_89' title="bbox 1833 3058 3531 3131">
    <p class='ocr_par' dir='ltr' id='par_1_89' title="bbox 1833 3058 3531 3131">
     <span class='ocr_line' id='line_1_89' title="bbox 1833 3058 3531 3131; baseline 0.001 -20"><span class='ocrx_word' id='word_1_678' title='bbox 1833 3058 1959 3129; x_wconf 92' lang='lat' dir='ltr'>quis</span> <span class='ocrx_word' id='word_1_679' title='bbox 1986 3074 2017 3113; x_wconf 91' lang='lat' dir='ltr'>e</span> <span class='ocrx_word' id='word_1_680' title='bbox 2048 3059 2426 3128; x_wconf 88' lang='lat' dir='ltr'>Cappadocia,</span> <span class='ocrx_word' id='word_1_681' title='bbox 2461 3059 2761 3114; x_wconf 88' lang='lat' dir='ltr'>hominum</span> <span class='ocrx_word' id='word_1_682' title='bbox 2804 3077 3055 3131; x_wconf 88' lang='lat' dir='ltr'>nequam</span> <span class='ocrx_word' id='word_1_683' title='bbox 3085 3060 3449 3128; x_wconf 88' lang='lat' dir='ltr'>feracissima,</span> <span class='ocrx_word' id='word_1_684' title='bbox 3484 3059 3531 3113; x_wconf 89' lang='lat' dir='ltr'>si</span> 
     </span>
    </p>
   </div>
   <div class='ocr_carea' id='block_1_90' title="bbox 1830 3147 3531 3215">
    <p class='ocr_par' dir='ltr' id='par_1_90' title="bbox 1830 3147 3531 3215">
     <span class='ocr_line' id='line_1_90' title="bbox 1830 3147 3531 3215; baseline 0.001 -15"><span class='ocrx_word' id='word_1_685' title='bbox 1830 3147 2007 3201; x_wconf 84' lang='lat' dir='ltr'>veteri</span> <span class='ocrx_word' id='word_1_686' title='bbox 2032 3147 2199 3201; x_wconf 63' lang='lat' dir='ltr'>fama;</span> <span class='ocrx_word' id='word_1_687' title='bbox 2236 3152 2291 3201; x_wconf 92' lang='lat' dir='ltr'>et</span> <span class='ocrx_word' id='word_1_688' title='bbox 2320 3148 2538 3203; x_wconf 90' lang='lat' dir='ltr'>Isidoro</span> <span class='ocrx_word' id='word_1_689' title='bbox 2578 3149 2878 3203; x_wconf 67' lang='lat' dir='ltr'>Pelusiotae</span> <span class='ocrx_word' id='word_1_690' title='bbox 2908 3150 3209 3215; x_wconf 89' lang='lat' dir='ltr'>credimus,</span> <span class='ocrx_word' id='word_1_691' title='bbox 3244 3154 3472 3204; x_wconf 90' lang='lat' dir='ltr'>curatus</span> <span class='ocrx_word' id='word_1_692' title='bbox 3496 3165 3531 3202; x_wconf 85' lang='lat' dir='ltr'>a</span> 
     </span>
    </p>
   </div>
   <div class='ocr_carea' id='block_1_91' title="bbox 1829 3236 3531 3307">
    <p class='ocr_par' dir='ltr' id='par_1_91' title="bbox 1829 3236 3531 3307">
     <span class='ocr_line' id='line_1_91' title="bbox 1829 3236 3531 3307; baseline 0.001 -16"><span class='ocrx_word' id='word_1_693' title='bbox 1829 3236 1883 3291; x_wconf 90' lang='lat' dir='ltr'>S.</span> <span class='ocrx_word' id='word_1_694' title='bbox 1947 3236 2268 3306; x_wconf 87' lang='lat' dir='ltr'>Stephano;</span> <span class='ocrx_word' id='word_1_695' title='bbox 2332 3237 2430 3289; x_wconf 91' lang='lat' dir='ltr'>sed</span> <span class='ocrx_word' id='word_1_696' title='bbox 2492 3237 2700 3292; x_wconf 86' lang='lat' dir='ltr'>libellus</span> <span class='ocrx_word' id='word_1_697' title='bbox 2756 3240 2890 3307; x_wconf 85' lang='lat' dir='ltr'>ejus,</span> <span class='ocrx_word' id='word_1_698' title='bbox 2950 3240 3059 3292; x_wconf 92' lang='lat' dir='ltr'>hoc</span> <span class='ocrx_word' id='word_1_699' title='bbox 3130 3243 3229 3303; x_wconf 87' lang='lat' dir='ltr'>est,</span> <span class='ocrx_word' id='word_1_700' title='bbox 3289 3238 3531 3293; x_wconf 85' lang='lat' dir='ltr'>historia</span> 
     </span>
    </p>
   </div>
   <div class='ocr_carea' id='block_1_92' title="bbox 1829 3324 3526 3399">
    <p class='ocr_par' dir='ltr' id='par_1_92' title="bbox 1829 3324 3526 3399">
     <span class='ocr_line' id='line_1_92' title="bbox 1829 3324 3526 3399; baseline 0.002 -22"><span class='ocrx_word' id='word_1_701' title='bbox 1829 3324 2016 3378; x_wconf 91' lang='lat' dir='ltr'>morbi</span> <span class='ocrx_word' id='word_1_702' title='bbox 2046 3330 2102 3379; x_wconf 88' lang='lat' dir='ltr'>et</span> <span class='ocrx_word' id='word_1_703' title='bbox 2133 3325 2442 3379; x_wconf 89' lang='lat' dir='ltr'>curationis</span> <span class='ocrx_word' id='word_1_704' title='bbox 2486 3326 2768 3392; x_wconf 87' lang='lat' dir='ltr'>dilfertur,</span> <span class='ocrx_word' id='word_1_705' title='bbox 2803 3332 2867 3381; x_wconf 92' lang='lat' dir='ltr'>ut</span> <span class='ocrx_word' id='word_1_706' title='bbox 2896 3327 3077 3397; x_wconf 90' lang='lat' dir='ltr'>magis</span> <span class='ocrx_word' id='word_1_707' title='bbox 3121 3328 3281 3398; x_wconf 91' lang='lat' dir='ltr'>plebs</span> <span class='ocrx_word' id='word_1_708' title='bbox 3319 3343 3526 3399; x_wconf 90' lang='lat' dir='ltr'>cogno-</span> 
     </span>
    </p>
   </div>
   <div class='ocr_carea' id='block_1_93' title="bbox 1828 3412 3527 3485">
    <p class='ocr_par' dir='ltr' id='par_1_93' title="bbox 1828 3412 3527 3485">
     <span class='ocr_line' id='line_1_93' title="bbox 1828 3412 3527 3485; baseline 0.001 -20"><span class='ocrx_word' id='word_1_709' title='bbox 1828 3412 2019 3466; x_wconf 85' lang='lat' dir='ltr'>scendi</span> <span class='ocrx_word' id='word_1_710' title='bbox 2040 3412 2305 3483; x_wconf 88' lang='lat' dir='ltr'>cupidine</span> <span class='ocrx_word' id='word_1_711' title='bbox 2338 3414 2747 3467; x_wconf 88' lang='lat' dir='ltr'>inflammetur.</span> <span class='ocrx_word' id='word_1_712' title='bbox 2781 3415 2830 3467; x_wconf 91' lang='lat' dir='ltr'>Is</span> <span class='ocrx_word' id='word_1_713' title='bbox 2861 3419 2945 3467; x_wconf 89' lang='lat' dir='ltr'>est</span> <span class='ocrx_word' id='word_1_714' title='bbox 2977 3414 3197 3485; x_wconf 91' lang='lat' dir='ltr'>primus</span> <span class='ocrx_word' id='word_1_715' title='bbox 3222 3419 3402 3482; x_wconf 89' lang='lat' dir='ltr'>actus,</span> <span class='ocrx_word' id='word_1_716' title='bbox 3426 3413 3527 3484; x_wconf 93' lang='lat' dir='ltr'>qui</span> 
     </span>
    </p>
   </div>
   <div class='ocr_carea' id='block_1_94' title="bbox 1828 3502 3528 3573">
    <p class='ocr_par' dir='ltr' id='par_1_94' title="bbox 1828 3502 3528 3573">
     <span class='ocr_line' id='line_1_94' title="bbox 1828 3502 3528 3573; baseline 0.001 -19"><span class='ocrx_word' id='word_1_717' title='bbox 1828 3505 1909 3554; x_wconf 91' lang='lat' dir='ltr'>est</span> <span class='ocrx_word' id='word_1_718' title='bbox 1939 3516 2203 3554; x_wconf 85' lang='lat' dir='ltr'>sermone</span> <span class='ocrx_word' id='word_1_719' title='bbox 2235 3504 2356 3555; x_wconf 84' lang='grc'>320.</span> <span class='ocrx_word' id='word_1_720' title='bbox 2402 3503 2505 3567; x_wconf 83' lang='lat' dir='ltr'>Qui</span> <span class='ocrx_word' id='word_1_721' title='bbox 2540 3505 2730 3567; x_wconf 86' lang='lat' dir='ltr'>nostis,</span> <span class='ocrx_word' id='word_1_722' title='bbox 2754 3502 2946 3571; x_wconf 91' lang='lat' dir='ltr'>inquit</span> <span class='ocrx_word' id='word_1_723' title='bbox 2983 3502 3357 3573; x_wconf 84' lang='lat' dir='ltr'>Augustinus,</span> <span class='ocrx_word' id='word_1_724' title='bbox 3393 3503 3528 3571; x_wconf 86' lang='lat' dir='ltr'>quid</span> 
     </span>
    </p>
   </div>
   <div class='ocr_carea' id='block_1_95' title="bbox 1825 3589 3527 3659">
    <p class='ocr_par' dir='ltr' id='par_1_95' title="bbox 1825 3589 3527 3659">
     <span class='ocr_line' id='line_1_95' title="bbox 1825 3589 3527 3659; baseline 0.001 -18"><span class='ocrx_word' id='word_1_725' title='bbox 1825 3591 1884 3641; x_wconf 88' lang='lat' dir='ltr'>in</span> <span class='ocrx_word' id='word_1_726' title='bbox 1914 3589 2007 3642; x_wconf 87' lang='lat' dir='ltr'>illo</span> <span class='ocrx_word' id='word_1_727' title='bbox 2035 3589 2218 3643; x_wconf 82' lang='lat' dir='ltr'>videre</span> <span class='ocrx_word' id='word_1_728' title='bbox 2246 3590 2462 3643; x_wconf 83' lang='lat' dir='ltr'>soleatis</span> <span class='ocrx_word' id='word_1_729' title='bbox 2489 3590 2632 3659; x_wconf 90' lang='lat' dir='ltr'>(lege</span> <span class='ocrx_word' id='word_1_730' title='bbox 2652 3590 2926 3655; x_wconf 86' lang='lat' dir='ltr'>solebatis,</span> <span class='ocrx_word' id='word_1_731' title='bbox 2964 3606 3149 3643; x_wconf 90' lang='lat' dir='ltr'>sermo</span> <span class='ocrx_word' id='word_1_732' title='bbox 3171 3590 3326 3642; x_wconf 90' lang='lat' dir='ltr'>enim</span> <span class='ocrx_word' id='word_1_733' title='bbox 3349 3594 3434 3643; x_wconf 89' lang='lat' dir='ltr'>est</span> <span class='ocrx_word' id='word_1_734' title='bbox 3457 3589 3527 3643; x_wconf 90' lang='lat' dir='ltr'>de</span> 
     </span>
    </p>
   </div>
   <div class='ocr_carea' id='block_1_96' title="bbox 1825 3677 3523 3747">
    <p class='ocr_par' dir='ltr' id='par_1_96' title="bbox 1825 3677 3523 3747">
     <span class='ocr_line' id='line_1_96' title="bbox 1825 3677 3523 3747; baseline 0.002 -20"><span class='ocrx_word' id='word_1_735' title='bbox 1825 3689 1886 3728; x_wconf 90' lang='lat' dir='ltr'>re</span> <span class='ocrx_word' id='word_1_736' title='bbox 1916 3677 2250 3745; x_wconf 86' lang='lat' dir='ltr'>praeterita),</span> <span class='ocrx_word' id='word_1_737' title='bbox 2282 3680 2341 3731; x_wconf 87' lang='lat' dir='ltr'>in</span> <span class='ocrx_word' id='word_1_738' title='bbox 2370 3681 2623 3746; x_wconf 69' lang='lat' dir='ltr'>praesenti</span> <span class='ocrx_word' id='word_1_739' title='bbox 2650 3678 2943 3745; x_wconf 87' lang='lat' dir='ltr'>gaudentes</span> <span class='ocrx_word' id='word_1_740' title='bbox 2967 3679 3124 3746; x_wconf 85' lang='lat' dir='ltr'>legite</span> <span class='ocrx_word' id='word_1_741' title='bbox 3142 3678 3286 3747; x_wconf 89' lang='lat' dir='ltr'>quod</span> <span class='ocrx_word' id='word_1_742' title='bbox 3305 3678 3523 3731; x_wconf 74' lang='lat' dir='ltr'>videtis.</span> 
     </span>
    </p>
   </div>
   <div class='ocr_carea' id='block_1_97' title="bbox 1824 3763 3527 3835">
    <p class='ocr_par' dir='ltr' id='par_1_97' title="bbox 1824 3763 3527 3835">
     <span class='ocr_line' id='line_1_97' title="bbox 1824 3763 3527 3835; baseline 0.001 -18"><span class='ocrx_word' id='word_1_743' title='bbox 1824 3766 1996 3818; x_wconf 88' lang='lat' dir='ltr'>Actus</span> <span class='ocrx_word' id='word_1_744' title='bbox 2027 3766 2311 3819; x_wconf 89' lang='lat' dir='ltr'>secundus</span> <span class='ocrx_word' id='word_1_745' title='bbox 2358 3764 2601 3819; x_wconf 90' lang='lat' dir='ltr'>habetur</span> <span class='ocrx_word' id='word_1_746' title='bbox 2649 3780 2911 3818; x_wconf 90' lang='lat' dir='ltr'>sermone</span> <span class='ocrx_word' id='word_1_747' title='bbox 2952 3768 3073 3832; x_wconf 82' lang='grc'>321,</span> <span class='ocrx_word' id='word_1_748' title='bbox 3118 3764 3218 3818; x_wconf 92' lang='lat' dir='ltr'>ubi</span> <span class='ocrx_word' id='word_1_749' title='bbox 3246 3763 3527 3835; x_wconf 88' lang='lat' dir='ltr'>promitti-</span> 
     </span>
    </p>
   </div>
   <div class='ocr_carea' id='block_1_98' title="bbox 1824 3852 3528 3922">
    <p class='ocr_par' dir='ltr' id='par_1_98' title="bbox 1824 3852 3528 3922">
     <span class='ocr_line' id='line_1_98' title="bbox 1824 3852 3528 3922; baseline 0.001 -17"><span class='ocrx_word' id='word_1_750' title='bbox 1824 3855 1919 3906; x_wconf 90' lang='lat' dir='ltr'>tur</span> <span class='ocrx_word' id='word_1_751' title='bbox 1957 3852 2113 3922; x_wconf 89' lang='lat' dir='ltr'>plebi</span> <span class='ocrx_word' id='word_1_752' title='bbox 2153 3853 2376 3907; x_wconf 89' lang='lat' dir='ltr'>libellus</span> <span class='ocrx_word' id='word_1_753' title='bbox 2414 3853 2510 3907; x_wconf 93' lang='lat' dir='ltr'>ille</span> <span class='ocrx_word' id='word_1_754' title='bbox 2550 3853 2826 3906; x_wconf 86' lang='lat' dir='ltr'>miriﬁcus</span> <span class='ocrx_word' id='word_1_755' title='bbox 2858 3854 3037 3918; x_wconf 87' lang='lat' dir='ltr'>Pauli,</span> <span class='ocrx_word' id='word_1_756' title='bbox 3074 3852 3209 3922; x_wconf 89' lang='lat' dir='ltr'>quia</span> <span class='ocrx_word' id='word_1_757' title='bbox 3247 3853 3528 3906; x_wconf 87' lang='lat' dir='ltr'>nonnulla</span> 
     </span>
    </p>
   </div>
   <div class='ocr_carea' id='block_1_99' title="bbox 1823 3940 3524 4012">
    <p class='ocr_par' dir='ltr' id='par_1_99' title="bbox 1823 3940 3524 4012">
     <span class='ocr_line' id='line_1_99' title="bbox 1823 3940 3524 4012; baseline -0.002 -17"><span class='ocrx_word' id='word_1_758' title='bbox 1823 3942 2142 4011; x_wconf 85' lang='lat' dir='ltr'>Augustino</span> <span class='ocrx_word' id='word_1_759' title='bbox 2178 3942 2454 3995; x_wconf 88' lang='lat' dir='ltr'>indicarat</span> <span class='ocrx_word' id='word_1_760' title='bbox 2487 3958 2615 4012; x_wconf 71' lang='lat' dir='ltr'>qum</span> <span class='ocrx_word' id='word_1_761' title='bbox 2645 3958 2813 3995; x_wconf 91' lang='lat' dir='ltr'>nosse</span> <span class='ocrx_word' id='word_1_762' title='bbox 2852 3940 3093 3995; x_wconf 90' lang='lat' dir='ltr'>debebat</span> <span class='ocrx_word' id='word_1_763' title='bbox 3119 3941 3278 4010; x_wconf 85' lang='lat' dir='ltr'>plebs</span> <span class='ocrx_word' id='word_1_764' title='bbox 3309 3940 3383 3993; x_wconf 87' lang='lat' dir='ltr'>ad</span> <span class='ocrx_word' id='word_1_765' title='bbox 3406 3956 3524 3993; x_wconf 89' lang='lat' dir='ltr'>ma-</span> 
     </span>
    </p>
   </div>
   <div class='ocr_carea' id='block_1_100' title="bbox 1813 4027 3524 4098">
    <p class='ocr_par' dir='ltr' id='par_1_100' title="bbox 1813 4027 3524 4098">
     <span class='ocr_line' id='line_1_100' title="bbox 1813 4027 3524 4098; baseline -0.002 -16"><span class='ocrx_word' id='word_1_766' title='bbox 1813 4030 1991 4098; x_wconf 85' lang='lat' dir='ltr'>jorem</span> <span class='ocrx_word' id='word_1_767' title='bbox 2032 4031 2446 4083; x_wconf 84' lang='lat' dir='ltr'>admirationem</span> <span class='ocrx_word' id='word_1_768' title='bbox 2475 4036 2524 4083; x_wconf 89' lang='lat' dir='ltr'>et</span> <span class='ocrx_word' id='word_1_769' title='bbox 2563 4030 2782 4084; x_wconf 88' lang='lat' dir='ltr'>Domini</span> <span class='ocrx_word' id='word_1_770' title='bbox 2823 4032 2996 4083; x_wconf 85' lang='lat' dir='ltr'>nostri</span> <span class='ocrx_word' id='word_1_771' title='bbox 3018 4031 3267 4095; x_wconf 82' lang='lat' dir='ltr'>gloriam.</span> <span class='ocrx_word' id='word_1_772' title='bbox 3301 4027 3524 4081; x_wconf 88' lang='lat' dir='ltr'>Tertius</span> 
     </span>
    </p>
   </div>
   <div class='ocr_carea' id='block_1_101' title="bbox 1826 4114 3523 4188">
    <p class='ocr_par' dir='ltr' id='par_1_101' title="bbox 1826 4114 3523 4188">
     <span class='ocr_line' id='line_1_101' title="bbox 1826 4114 3523 4188; baseline -0.001 -18"><span class='ocrx_word' id='word_1_773' title='bbox 1826 4121 1909 4170; x_wconf 89' lang='lat' dir='ltr'>est</span> <span class='ocrx_word' id='word_1_774' title='bbox 1936 4133 2199 4171; x_wconf 90' lang='lat' dir='ltr'>sermone</span> <span class='ocrx_word' id='word_1_775' title='bbox 2227 4120 2354 4186; x_wconf 85' lang='grc'>322,</span> <span class='ocrx_word' id='word_1_776' title='bbox 2378 4118 2436 4171; x_wconf 91' lang='lat' dir='ltr'>in</span> <span class='ocrx_word' id='word_1_777' title='bbox 2470 4134 2582 4188; x_wconf 91' lang='lat' dir='ltr'>quo</span> <span class='ocrx_word' id='word_1_778' title='bbox 2604 4118 2957 4187; x_wconf 81' lang='lat' dir='ltr'>Augustinus</span> <span class='ocrx_word' id='word_1_779' title='bbox 2984 4117 3277 4187; x_wconf 88' lang='lat' dir='ltr'>praefatur,</span> <span class='ocrx_word' id='word_1_780' title='bbox 3316 4114 3523 4169; x_wconf 91' lang='lat' dir='ltr'>deinde</span> 
     </span>
    </p>
   </div>
   <div class='ocr_carea' id='block_1_102' title="bbox 1823 4203 3519 4274">
    <p class='ocr_par' dir='ltr' id='par_1_102' title="bbox 1823 4203 3519 4274">
     <span class='ocr_line' id='line_1_102' title="bbox 1823 4203 3519 4274; baseline 0 -16"><span class='ocrx_word' id='word_1_781' title='bbox 1823 4205 2118 4259; x_wconf 89' lang='lat' dir='ltr'>historiam</span> <span class='ocrx_word' id='word_1_782' title='bbox 2176 4206 2360 4271; x_wconf 89' lang='lat' dir='ltr'>Pauli,</span> <span class='ocrx_word' id='word_1_783' title='bbox 2412 4205 2503 4259; x_wconf 92' lang='lat' dir='ltr'>die</span> <span class='ocrx_word' id='word_1_784' title='bbox 2554 4207 2785 4259; x_wconf 57' lang='lat' dir='ltr'>Pascha;</span> <span class='ocrx_word' id='word_1_785' title='bbox 2843 4206 3041 4268; x_wconf 90' lang='lat' dir='ltr'>curati,</span> <span class='ocrx_word' id='word_1_786' title='bbox 3073 4204 3240 4274; x_wconf 89' lang='lat' dir='ltr'>jubet</span> <span class='ocrx_word' id='word_1_787' title='bbox 3272 4203 3519 4258; x_wconf 88' lang='lat' dir='ltr'>recitari.</span> 
     </span>
    </p>
   </div>
   <div class='ocr_carea' id='block_1_103' title="bbox 1743 4272 3522 4364">
    <p class='ocr_par' dir='ltr' id='par_1_103' title="bbox 1743 4272 3522 4364">
     <span class='ocr_line' id='line_1_103' title="bbox 1743 4272 3522 4364; baseline -0.002 -16"><span class='ocrx_word' id='word_1_788' title='bbox 1743 4272 1785 4326; x_wconf 82' lang='lat' dir='ltr'><strong>D</strong></span> <span class='ocrx_word' id='word_1_789' title='bbox 1825 4296 2067 4359; x_wconf 88' lang='lat' dir='ltr'>Quartus</span> <span class='ocrx_word' id='word_1_790' title='bbox 2095 4298 2249 4349; x_wconf 89' lang='lat' dir='ltr'>actus</span> <span class='ocrx_word' id='word_1_791' title='bbox 2279 4295 2607 4349; x_wconf 88' lang='lat' dir='ltr'>continetur</span> <span class='ocrx_word' id='word_1_792' title='bbox 2637 4310 2898 4348; x_wconf 90' lang='lat' dir='ltr'>sermone</span> <span class='ocrx_word' id='word_1_793' title='bbox 2927 4297 3050 4360; x_wconf 88' lang='grc'>323,</span> <span class='ocrx_word' id='word_1_794' title='bbox 3070 4272 3169 4347; x_wconf 85' lang='lat' dir='ltr'>ubi</span> <span class='ocrx_word' id='word_1_795' title='bbox 3199 4292 3522 4364; x_wconf 89' lang='lat' dir='ltr'>Augustino</span> 
     </span>
    </p>
   </div>
   <div class='ocr_carea' id='block_1_104' title="bbox 1824 4381 3522 4454">
    <p class='ocr_par' dir='ltr' id='par_1_104' title="bbox 1824 4381 3522 4454">
     <span class='ocr_line' id='line_1_104' title="bbox 1824 4381 3522 4454; baseline -0.002 -17"><span class='ocrx_word' id='word_1_796' title='bbox 1824 4385 1895 4439; x_wconf 89' lang='lat' dir='ltr'>ad</span> <span class='ocrx_word' id='word_1_797' title='bbox 1924 4386 2203 4454; x_wconf 89' lang='lat' dir='ltr'>populum</span> <span class='ocrx_word' id='word_1_798' title='bbox 2246 4384 2490 4449; x_wconf 89' lang='lat' dir='ltr'>dicente,</span> <span class='ocrx_word' id='word_1_799' title='bbox 2526 4384 2714 4437; x_wconf 88' lang='lat' dir='ltr'>subito</span> <span class='ocrx_word' id='word_1_800' title='bbox 2747 4387 2981 4436; x_wconf 88' lang='lat' dir='ltr'>curatur</span> <span class='ocrx_word' id='word_1_801' title='bbox 3018 4381 3181 4435; x_wconf 88' lang='lat' dir='ltr'>Pauli</span> <span class='ocrx_word' id='word_1_802' title='bbox 3212 4398 3396 4450; x_wconf 90' lang='lat' dir='ltr'>soror,</span> <span class='ocrx_word' id='word_1_803' title='bbox 3429 4398 3522 4435; x_wconf 90' lang='lat' dir='ltr'>se-</span> 
     </span>
    </p>
   </div>
   <div class='ocr_carea' id='block_1_105' title="bbox 1825 4471 3520 4544">
    <p class='ocr_par' dir='ltr' id='par_1_105' title="bbox 1825 4471 3520 4544">
     <span class='ocr_line' id='line_1_105' title="bbox 1825 4471 3520 4544; baseline -0.001 -19"><span class='ocrx_word' id='word_1_804' title='bbox 1825 4473 2133 4544; x_wconf 88' lang='lat' dir='ltr'>quiturque</span> <span class='ocrx_word' id='word_1_805' title='bbox 2165 4472 2496 4527; x_wconf 89' lang='lat' dir='ltr'>acclamatio</span> <span class='ocrx_word' id='word_1_806' title='bbox 2527 4473 2727 4542; x_wconf 91' lang='lat' dir='ltr'>plebis.</span> <span class='ocrx_word' id='word_1_807' title='bbox 2758 4471 3037 4535; x_wconf 89' lang='lat' dir='ltr'>Quintum</span> <span class='ocrx_word' id='word_1_808' title='bbox 3063 4471 3310 4542; x_wconf 90' lang='lat' dir='ltr'>denique</span> <span class='ocrx_word' id='word_1_809' title='bbox 3332 4476 3520 4525; x_wconf 89' lang='lat' dir='ltr'>actum</span> 
     </span>
    </p>
   </div>
   <div class='ocr_carea' id='block_1_106' title="bbox 1824 4559 3525 4632">
    <p class='ocr_par' dir='ltr' id='par_1_106' title="bbox 1824 4559 3525 4632">
     <span class='ocr_line' id='line_1_106' title="bbox 1824 4559 3525 4632; baseline -0.001 -18"><span class='ocrx_word' id='word_1_810' title='bbox 1824 4561 2216 4632; x_wconf 89' lang='lat' dir='ltr'>complectitur</span> <span class='ocrx_word' id='word_1_811' title='bbox 2255 4577 2440 4614; x_wconf 92' lang='lat' dir='ltr'>sermo</span> <span class='ocrx_word' id='word_1_812' title='bbox 2489 4562 2612 4625; x_wconf 71' lang='grc'>324,</span> <span class='ocrx_word' id='word_1_813' title='bbox 2644 4560 2744 4613; x_wconf 88' lang='lat' dir='ltr'>ubi</span> <span class='ocrx_word' id='word_1_814' title='bbox 2794 4559 2922 4629; x_wconf 88' lang='lat' dir='ltr'>pius</span> <span class='ocrx_word' id='word_1_815' title='bbox 2963 4560 3197 4613; x_wconf 88' lang='lat' dir='ltr'>antistes</span> <span class='ocrx_word' id='word_1_816' title='bbox 3238 4560 3525 4629; x_wconf 88' lang='lat' dir='ltr'>sapienter</span> 
     </span>
    </p>
   </div>
   <div class='ocr_carea' id='block_1_107' title="bbox 1825 4648 3522 4719">
    <p class='ocr_par' dir='ltr' id='par_1_107' title="bbox 1825 4648 3522 4719">
     <span class='ocr_line' id='line_1_107' title="bbox 1825 4648 3522 4719; baseline -0.002 -16"><span class='ocrx_word' id='word_1_817' title='bbox 1825 4649 2021 4703; x_wconf 86' lang='lat' dir='ltr'>omnia</span> <span class='ocrx_word' id='word_1_818' title='bbox 2046 4650 2107 4703; x_wconf 93' lang='lat' dir='ltr'>in</span> <span class='ocrx_word' id='word_1_819' title='bbox 2128 4666 2251 4704; x_wconf 90' lang='lat' dir='ltr'>rem</span> <span class='ocrx_word' id='word_1_820' title='bbox 2276 4666 2435 4702; x_wconf 91' lang='lat' dir='ltr'>suam</span> <span class='ocrx_word' id='word_1_821' title='bbox 2459 4648 2761 4714; x_wconf 86' lang='lat' dir='ltr'>convertit,</span> <span class='ocrx_word' id='word_1_822' title='bbox 2786 4649 3183 4719; x_wconf 90' lang='lat' dir='ltr'>populumque</span> <span class='ocrx_word' id='word_1_823' title='bbox 3208 4648 3522 4719; x_wconf 89' lang='lat' dir='ltr'>prudenter</span> 
     </span>
    </p>
   </div>
   <div class='ocr_carea' id='block_1_108' title="bbox 1824 4736 3521 4806">
    <p class='ocr_par' dir='ltr' id='par_1_108' title="bbox 1824 4736 3521 4806">
     <span class='ocr_line' id='line_1_108' title="bbox 1824 4736 3521 4806; baseline -0.002 -15"><span class='ocrx_word' id='word_1_824' title='bbox 1824 4743 2019 4791; x_wconf 90' lang='lat' dir='ltr'>monet</span> <span class='ocrx_word' id='word_1_825' title='bbox 2065 4754 2194 4792; x_wconf 92' lang='lat' dir='ltr'>cum</span> <span class='ocrx_word' id='word_1_826' title='bbox 2250 4739 2398 4791; x_wconf 90' lang='lat' dir='ltr'>Deus</span> <span class='ocrx_word' id='word_1_827' title='bbox 2438 4737 2573 4791; x_wconf 90' lang='lat' dir='ltr'>alibi</span> <span class='ocrx_word' id='word_1_828' title='bbox 2625 4736 2905 4806; x_wconf 87' lang='lat' dir='ltr'>potuisset</span> <span class='ocrx_word' id='word_1_829' title='bbox 2949 4738 3072 4791; x_wconf 71' lang='lat' dir='ltr'>ilth</span> <span class='ocrx_word' id='word_1_830' title='bbox 3100 4736 3375 4790; x_wconf 87' lang='lat' dir='ltr'>miracula</span> <span class='ocrx_word' id='word_1_831' title='bbox 3404 4740 3521 4789; x_wconf 90' lang='lat' dir='ltr'>tam</span> 
     </span>
    </p>
   </div>
   <div class='ocr_carea' id='block_1_109' title="bbox 1823 4823 3514 4896">
    <p class='ocr_par' dir='ltr' id='par_1_109' title="bbox 1823 4823 3514 4896">
     <span class='ocr_line' id='line_1_109' title="bbox 1823 4823 3514 4896; baseline -0.002 -17"><span class='ocrx_word' id='word_1_832' title='bbox 1823 4825 2074 4895; x_wconf 90' lang='lat' dir='ltr'>insignia</span> <span class='ocrx_word' id='word_1_833' title='bbox 2102 4826 2304 4891; x_wconf 88' lang='lat' dir='ltr'>facere,</span> <span class='ocrx_word' id='word_1_834' title='bbox 2341 4825 2438 4879; x_wconf 93' lang='lat' dir='ltr'>ubi</span> <span class='ocrx_word' id='word_1_835' title='bbox 2461 4825 2632 4879; x_wconf 88' lang='lat' dir='ltr'>etiam</span> <span class='ocrx_word' id='word_1_836' title='bbox 2663 4830 2826 4878; x_wconf 90' lang='lat' dir='ltr'>erant</span> <span class='ocrx_word' id='word_1_837' title='bbox 2850 4825 3103 4896; x_wconf 67' lang='lat' dir='ltr'>reliquie:</span> <span class='ocrx_word' id='word_1_838' title='bbox 3138 4825 3192 4879; x_wconf 93' lang='lat' dir='ltr'>S.</span> <span class='ocrx_word' id='word_1_839' title='bbox 3225 4823 3514 4895; x_wconf 89' lang='lat' dir='ltr'>Stephani,</span> 
     </span>
    </p>
   </div>
   <div class='ocr_carea' id='block_1_110' title="bbox 1823 4913 3511 4981">
    <p class='ocr_par' dir='ltr' id='par_1_110' title="bbox 1823 4913 3511 4981">
     <span class='ocr_line' id='line_1_110' title="bbox 1823 4913 3511 4981; baseline -0.002 -14"><span class='ocrx_word' id='word_1_840' title='bbox 1823 4919 2018 4967; x_wconf 91' lang='lat' dir='ltr'>tamen</span> <span class='ocrx_word' id='word_1_841' title='bbox 2037 4914 2277 4967; x_wconf 88' lang='lat' dir='ltr'>Paulum</span> <span class='ocrx_word' id='word_1_842' title='bbox 2306 4917 2361 4966; x_wconf 90' lang='lat' dir='ltr'>et</span> <span class='ocrx_word' id='word_1_843' title='bbox 2391 4928 2647 4966; x_wconf 90' lang='lat' dir='ltr'>sororem</span> <span class='ocrx_word' id='word_1_844' title='bbox 2670 4913 2739 4966; x_wconf 90' lang='lat' dir='ltr'>ad</span> <span class='ocrx_word' id='word_1_845' title='bbox 2767 4929 2825 4967; x_wconf 91' lang='lat' dir='ltr'>se</span> <span class='ocrx_word' id='word_1_846' title='bbox 2851 4914 3024 4967; x_wconf 86' lang='lat' dir='ltr'>fuisse</span> <span class='ocrx_word' id='word_1_847' title='bbox 3055 4913 3298 4968; x_wconf 89' lang='lat' dir='ltr'>directos</span> <span class='ocrx_word' id='word_1_848' title='bbox 3332 4929 3345 4965; x_wconf 88' lang='lat'><strong>:</strong></span> <span class='ocrx_word' id='word_1_849' title='bbox 3380 4928 3511 4981; x_wconf 89' lang='lat' dir='ltr'>quo,</span> 
     </span>
    </p>
   </div>
   <div class='ocr_carea' id='block_1_111' title="bbox 1822 5000 3518 5071">
    <p class='ocr_par' dir='ltr' id='par_1_111' title="bbox 1822 5000 3518 5071">
     <span class='ocr_line' id='line_1_111' title="bbox 1822 5000 3518 5071; baseline -0.001 -14"><span class='ocrx_word' id='word_1_850' title='bbox 1822 5002 1934 5057; x_wconf 90' lang='lat' dir='ltr'>nisi</span> <span class='ocrx_word' id='word_1_851' title='bbox 1962 5002 2143 5067; x_wconf 85' lang='lat' dir='ltr'>fallor,</span> <span class='ocrx_word' id='word_1_852' title='bbox 2198 5000 2487 5071; x_wconf 86' lang='lat' dir='ltr'>spectabat</span> <span class='ocrx_word' id='word_1_853' title='bbox 2529 5006 2648 5056; x_wconf 86' lang='lat' dir='ltr'>tota</span> <span class='ocrx_word' id='word_1_854' title='bbox 2692 5002 2906 5057; x_wconf 88' lang='lat' dir='ltr'>fabula.</span> <span class='ocrx_word' id='word_1_855' title='bbox 2951 5002 3092 5066; x_wconf 86' lang='lat' dir='ltr'>Quia</span> <span class='ocrx_word' id='word_1_856' title='bbox 3116 5018 3249 5054; x_wconf 86' lang='lat' dir='ltr'>vero</span> <span class='ocrx_word' id='word_1_857' title='bbox 3280 5002 3518 5055; x_wconf 88' lang='lat' dir='ltr'>fortasse</span> 
     </span>
    </p>
   </div>
   <div class='ocr_carea' id='block_1_112' title="bbox 1823 5087 3519 5157">
    <p class='ocr_par' dir='ltr' id='par_1_112' title="bbox 1823 5087 3519 5157">
     <span class='ocr_line' id='line_1_112' title="bbox 1823 5087 3519 5157; baseline -0.002 -13"><span class='ocrx_word' id='word_1_858' title='bbox 1823 5092 1931 5144; x_wconf 91' lang='lat' dir='ltr'>hoc</span> <span class='ocrx_word' id='word_1_859' title='bbox 1959 5090 2225 5143; x_wconf 89' lang='lat' dir='ltr'>volumen</span> <span class='ocrx_word' id='word_1_860' title='bbox 2250 5088 2465 5143; x_wconf 89' lang='lat' dir='ltr'>incidet</span> <span class='ocrx_word' id='word_1_861' title='bbox 2489 5088 2549 5142; x_wconf 92' lang='lat' dir='ltr'>in</span> <span class='ocrx_word' id='word_1_862' title='bbox 2576 5105 2774 5143; x_wconf 89' lang='lat' dir='ltr'>eorum</span> <span class='ocrx_word' id='word_1_863' title='bbox 2818 5104 3016 5141; x_wconf 84' lang='lat' dir='ltr'>manus</span> <span class='ocrx_word' id='word_1_864' title='bbox 3050 5088 3149 5157; x_wconf 91' lang='lat' dir='ltr'>qui</span> <span class='ocrx_word' id='word_1_865' title='bbox 3195 5104 3310 5140; x_wconf 91' lang='lat' dir='ltr'>non</span> <span class='ocrx_word' id='word_1_866' title='bbox 3344 5087 3519 5141; x_wconf 87' lang='lat' dir='ltr'>habe-</span> 
     </span>
    </p>
   </div>
   <div class='ocr_carea' id='block_1_113' title="bbox 1823 5174 3520 5247">
    <p class='ocr_par' dir='ltr' id='par_1_113' title="bbox 1823 5174 3520 5247">
     <span class='ocr_line' id='line_1_113' title="bbox 1823 5174 3520 5247; baseline -0.003 -15"><span class='ocrx_word' id='word_1_867' title='bbox 1823 5180 1967 5232; x_wconf 90' lang='lat' dir='ltr'>bunt</span> <span class='ocrx_word' id='word_1_868' title='bbox 2010 5177 2206 5231; x_wconf 88' lang='lat' dir='ltr'>omnia</span> <span class='ocrx_word' id='word_1_869' title='bbox 2246 5178 2432 5247; x_wconf 89' lang='lat' dir='ltr'>Opera</span> <span class='ocrx_word' id='word_1_870' title='bbox 2481 5176 2809 5247; x_wconf 87' lang='lat' dir='ltr'>Augustini,</span> <span class='ocrx_word' id='word_1_871' title='bbox 2858 5174 3155 5228; x_wconf 84' lang='lat' dir='ltr'>autetiam</span> <span class='ocrx_word' id='word_1_872' title='bbox 3202 5178 3331 5227; x_wconf 89' lang='lat' dir='ltr'>sunt</span> <span class='ocrx_word' id='word_1_873' title='bbox 3374 5190 3520 5243; x_wconf 91' lang='lat' dir='ltr'>quos</span> 
     </span>
    </p>
   </div>
   <div class='ocr_carea' id='block_1_114' title="bbox 1824 5262 3521 5337">
    <p class='ocr_par' dir='ltr' id='par_1_114' title="bbox 1824 5262 3521 5337">
     <span class='ocr_line' id='line_1_114' title="bbox 1824 5262 3521 5337; baseline -0.001 -18"><span class='ocrx_word' id='word_1_874' title='bbox 1824 5267 2046 5337; x_wconf 88' lang='lat' dir='ltr'>pigeret</span> <span class='ocrx_word' id='word_1_875' title='bbox 2069 5267 2339 5319; x_wconf 87' lang='lat' dir='ltr'>volumen</span> <span class='ocrx_word' id='word_1_876' title='bbox 2370 5266 2491 5335; x_wconf 88' lang='lat' dir='ltr'>ejus</span> <span class='ocrx_word' id='word_1_877' title='bbox 2522 5266 2563 5318; x_wconf 71' lang='grc' dir='ltr'><strong><em>ν</em></strong></span> <span class='ocrx_word' id='word_1_878' title='bbox 2594 5264 2653 5318; x_wconf 92' lang='lat' dir='ltr'>in</span> <span class='ocrx_word' id='word_1_879' title='bbox 2690 5280 2892 5318; x_wconf 88' lang='lat' dir='ltr'>manus</span> <span class='ocrx_word' id='word_1_880' title='bbox 2935 5278 3177 5329; x_wconf 85' lang='lat' dir='ltr'>sumere,</span> <span class='ocrx_word' id='word_1_881' title='bbox 3220 5262 3358 5316; x_wconf 90' lang='lat' dir='ltr'>dum</span> <span class='ocrx_word' id='word_1_882' title='bbox 3397 5263 3521 5317; x_wconf 74' lang='lat' dir='ltr'>haec</span> 
     </span>
    </p>
   </div>
   <div class='ocr_carea' id='block_1_115' title="bbox 1826 5350 3520 5423">
    <p class='ocr_par' dir='ltr' id='par_1_115' title="bbox 1826 5350 3520 5423">
     <span class='ocr_line' id='line_1_115' title="bbox 1826 5350 3520 5423; baseline -0.001 -14"><span class='ocrx_word' id='word_1_883' title='bbox 1826 5357 2111 5423; x_wconf 86' lang='lat' dir='ltr'>evolvunt,</span> <span class='ocrx_word' id='word_1_884' title='bbox 2144 5360 2324 5409; x_wconf 87' lang='lat' dir='ltr'>totam</span> <span class='ocrx_word' id='word_1_885' title='bbox 2353 5354 2689 5409; x_wconf 89' lang='lat' dir='ltr'>comoediam</span> <span class='ocrx_word' id='word_1_886' title='bbox 2740 5352 2832 5406; x_wconf 89' lang='lat' dir='ltr'>hic</span> <span class='ocrx_word' id='word_1_887' title='bbox 2879 5350 3157 5419; x_wconf 89' lang='lat' dir='ltr'>subjicere</span> <span class='ocrx_word' id='word_1_888' title='bbox 3196 5352 3381 5406; x_wconf 91' lang='lat' dir='ltr'>visum</span> <span class='ocrx_word' id='word_1_889' title='bbox 3415 5358 3520 5407; x_wconf 91' lang='lat' dir='ltr'>est.</span> 
     </span>
    </p>
   </div>
   <div class='ocr_carea' id='block_1_116' title="bbox 1824 5438 3521 5514">
    <p class='ocr_par' dir='ltr' id='par_1_116' title="bbox 1824 5438 3521 5514">
     <span class='ocr_line' id='line_1_116' title="bbox 1824 5438 3521 5514; baseline -0.001 -16"><span class='ocrx_word' id='word_1_890' title='bbox 1824 5444 1933 5498; x_wconf 90' lang='lat' dir='ltr'>Sed</span> <span class='ocrx_word' id='word_1_891' title='bbox 1965 5460 2081 5498; x_wconf 92' lang='lat' dir='ltr'>non</span> <span class='ocrx_word' id='word_1_892' title='bbox 2123 5460 2357 5514; x_wconf 88' lang='lat' dir='ltr'>possum</span> <span class='ocrx_word' id='word_1_893' title='bbox 2401 5443 2662 5497; x_wconf 89' lang='lat' dir='ltr'>dolorem</span> <span class='ocrx_word' id='word_1_894' title='bbox 2707 5438 3065 5493; x_wconf 89' lang='lat' dir='ltr'>dissimulare</span> <span class='ocrx_word' id='word_1_895' title='bbox 3114 5440 3215 5509; x_wconf 90' lang='lat' dir='ltr'>qui</span> <span class='ocrx_word' id='word_1_896' title='bbox 3263 5442 3521 5496; x_wconf 88' lang='lat' dir='ltr'>animum</span> 
     </span>
    </p>
   </div>
   <div class='ocr_carea' id='block_1_117' title="bbox 1824 5526 3525 5599">
    <p class='ocr_par' dir='ltr' id='par_1_117' title="bbox 1824 5526 3525 5599">
     <span class='ocr_line' id='line_1_117' title="bbox 1824 5526 3525 5599; baseline -0.002 -14"><span class='ocrx_word' id='word_1_897' title='bbox 1824 5548 2019 5586; x_wconf 89' lang='lat' dir='ltr'>meum</span> <span class='ocrx_word' id='word_1_898' title='bbox 2048 5532 2202 5586; x_wconf 87' lang='lat' dir='ltr'>subit</span> <span class='ocrx_word' id='word_1_899' title='bbox 2244 5548 2375 5587; x_wconf 91' lang='lat' dir='ltr'>cum</span> <span class='ocrx_word' id='word_1_900' title='bbox 2410 5534 2613 5599; x_wconf 91' lang='lat' dir='ltr'>reputo</span> <span class='ocrx_word' id='word_1_901' title='bbox 2647 5528 2781 5581; x_wconf 89' lang='lat' dir='ltr'>dum</span> <span class='ocrx_word' id='word_1_902' title='bbox 2829 5526 3225 5598; x_wconf 88' lang='lat' dir='ltr'>imprudentes</span> <span class='ocrx_word' id='word_1_903' title='bbox 3260 5529 3525 5585; x_wconf 85' lang='lat' dir='ltr'>homines</span> 
     </span>
    </p>
   </div>
  </div>
