3890 6186
355 268 454 319 399
1359 263 1670 318 SUPPLEM
1683 264 1862 319 ENTU
1873 265 1914 317 Μ
1959 263 2047 317 AD

2085 263 2314 320 OPERA
2344 265 2398 318 S.
2444 261 2831 320 AUGUSTINI.
3689 276 3766 331 400

351 388 630 458 majorem
661 386 1055 440 auctoritatem
1100 382 1399 436 conciliare
1456 387 1739 436 conantur
1777 381 2042 451 religioni
2079 391 2121 444 Α
2158 384 2483 452 injuriosum
2518 383 2690 451 ﬁlium
2726 380 3089 434 maledicendo
3135 383 3326 449 punire
3364 386 3627 440 constituit.
3648 391 3769 446 Cum.

353 475 688 532 Christianae
720 473 1003 544 ejusmodi
1051 471 1214 533 dolis,
1276 487 1374 524 eos
1417 471 1651 542 quidem
1710 471 1933 524 lucrum
1961 471 2048 523 fe-

354 565 494 619 cisse
541 564 646 618 sibi
674 563 907 616 fortasse
963 576 1077 613 nou
1115 559 1524 628 spernendum,
1585 560 1682 612 sed
1733 558 1894 612 valde
1941 573 2045 611 no-

353 653 533 708 cuisse
563 651 829 721 religioni
874 648 1021 718 apud
1053 647 1316 700 homines
1360 646 1679 715 suspicaces
1711 650 1766 699 et
1785 646 2042 716 iniquos;

351 744 451 812 qui
496 741 566 794 ob
614 740 744 793 ficta
784 736 1046 790 utilitatis
1101 751 1268 790 causa
1319 734 1698 789 recentiorum
1750 733 2041 801 miracula,

274 823 282 830 ”
353 827 674 901 apostolicis
704 826 876 880 tidem
914 824 1203 878 immerito
1249 824 1579 889 detrahunt,
1625 822 1885 892 quamvis
1926 823 2045 876 haec

351 925 432 973 tot
459 917 708 971 habeant
749 914 868 968 veri
915 914 1125 968 iudicia
1164 918 1303 984 quot
1352 919 1487 967 sunt
1515 913 1576 966 in
1627 913 2044 967 recentioribus

351 1023 468 1061 non
499 1003 767 1059 credendi
803 1002 1072 1056 rationes.
1106 1005 1177 1056 At
1198 1001 1339 1055 faxit
1377 1003 1524 1055 Deus
1548 1004 1611 1054 ut
1636 1000 1944 1071 aliquando
1975 1000 2043 1054 ad

349 1092 765 1150 defendendam
793 1091 1090 1144 veritatem
1138 1091 1259 1143 sola
1306 1089 1515 1143 veritas
1567 1089 1926 1154 adhibeatur,
1960 1087 2046 1141 lu-

351 1199 527 1254 ceque
583 1197 686 1234 sua
729 1180 847 1233 sola
902 1178 1160 1232 omnium
1212 1177 1436 1231 animos
1491 1178 1562 1231 ad
1633 1176 2043 1231 sanctissimam

353 1269 642 1341 Evangelii
700 1266 1022 1322 doctrinam
1067 1266 1409 1320 credendam
1441 1282 1502 1320 ac
1553 1265 1809 1320 moribus
1855 1264 2044 1335 expri-

352 1359 621 1413 mendam
645 1357 903 1410 adducat.

423 1446 620 1500 Sermo
652 1447 773 1500 320.
813 1445 912 1498 Ubi
943 1445 1290 1510 Augustinus
1330 1458 1384 1496 se
1420 1447 1643 1496 emcusat
1672 1442 1816 1512 quod
1845 1457 2044 1496 sermo-

351 1550 472 1588 nem
499 1536 678 1601 facere
704 1549 809 1586 non
853 1533 1052 1601 potuit,
1097 1532 1313 1585 habitus
1356 1533 1474 1599 ipso
1522 1532 1609 1585 die
1655 1529 1920 1602 Pascha]
1966 1531 2045 1584 De

353 1620 642 1674 miraculis
673 1618 773 1672 Dei
799 1635 901 1688 per
929 1618 1217 1671 orationes
1250 1617 1565 1671 beatissimi
1611 1617 1876 1685 martyris
1924 1617 2043 1671 Ste-

354 1709 552 1779 phani,
601 1708 820 1761 libellos
867 1707 1114 1759 solemus
1156 1706 1352 1760 audire
1384 1721 1396 1759 :
1430 1705 1654 1760 libellus
1685 1706 1854 1775 hujus
1881 1721 2043 1775 aspe-

356 1801 476 1850 ctus
505 1801 606 1860 est,
657 1811 760 1864 pro
802 1793 1080 1863 scriptura
1128 1792 1354 1860 notitia,
1390 1809 1495 1863 pro
1526 1793 1723 1848 charta
1751 1793 1919 1848 facies
1950 1795 2046 1848 de-

355 1886 722 1938 monstratur.
756 1882 863 1945 Qui
901 1881 1078 1934 nostis
1117 1881 1257 1951 quid
1306 1881 1366 1935 in
1413 1881 1510 1935 illo
1567 1883 1824 1936 dolentes
1857 1882 2047 1936 videre

354 1971 640 2035 solebatis,
673 1970 734 2023 in
764 1969 1032 2039 praesenti
1070 1970 1381 2039 gaudentes
1411 1969 1582 2040 legite
1613 1970 1770 2036 quod
1797 1969 1997 2024 videtis
2030 1987 2042 2024 :

355 2064 417 2111 ut
446 2057 722 2111 Dominus
760 2059 907 2110 Deus
962 2061 1154 2108 noster
1198 2056 1580 2110 abundantius
1627 2057 1957 2124 honoretur,
1993 2063 2050 2112 et

354 2145 509 2216 quod
556 2145 616 2199 in
660 2145 852 2198 libello
888 2143 1274 2213 conscriptum
1301 2146 1401 2209 est,
1449 2144 1508 2196 in
1553 2151 1797 2199 vestram
1829 2161 2047 2199 memo-

354 2235 500 2288 riam
560 2233 967 2287 conscribatur.
1021 2233 1156 2286 Date
1227 2233 1475 2298 veniam,
1529 2232 1663 2302 quia
1709 2233 2047 2287 diuturnum

356 2337 468 2375 non
518 2319 694 2374 reddo
746 2334 1106 2384 sermonem;
1156 2319 1331 2372 nostis
1387 2319 1599 2373 etenim
1655 2319 2047 2390 fatigationem

357 2426 564 2463 meam.
600 2408 818 2463 Utberi
856 2408 1091 2478 jejunus
1143 2411 1301 2461 tanta
1349 2424 1519 2477 agere
1549 2425 1796 2478 possem,
1830 2413 1886 2462 et
1932 2425 2050 2463 non

355 2499 615 2562 deiicere,
643 2502 706 2550 ut
725 2501 780 2550 et
808 2496 974 2549 hodie
1005 2495 1293 2549 vobiscum
1326 2497 1548 2567 loquar,
1600 2498 1886 2551 orationes
1917 2514 2048 2550 sau-

352 2587 426 2640 cti
460 2585 733 2656 Stephani
762 2584 1167 2655 praestiterunt.
1195 2585 1464 2638 Conversi
1485 2586 1553 2639 ad
1590 2585 1912 2652 Dominum,
1938 2591 2043 2640 etc.

399 2676 620 2729 .Sermo
651 2676 787 2728 32-1.‘
815 2673 914 2727 Ubi
952 2675 1059 2727 alio
1105 2673 1191 2726 die
1220 2688 1511 2728 sermonem
1540 2676 1691 2743 fecit,
1721 2679 1771 2728 et
1813 2674 2048 2728 libellum

350 2765 533 2817 sanati
554 2764 784 2816 hominis
801 2763 1059 2830 promisit
1076 2764 1221 2828 feria
1248 2763 1480 2816 secunda
1495 2760 1767 2834 Pascha]
1792 2762 2048 2816 Diximus

352 2851 609 2922 quidem,
658 2851 928 2904 hesterno
976 2849 1088 2914 die,
1126 2850 1272 2904 sicut
1314 2849 1580 2903 meminit
1609 2850 1812 2903 caritas
1841 2856 2044 2913 vestra,

352 2941 525 3010 hujus
565 2939 791 2992 libellus
845 2943 1106 3007 aspectus
1163 2943 1266 2991 est.
1327 2939 1540 2991 Tamen
1588 2938 1724 3008 quia
1767 2939 2049 2993 nonnulla

353 3027 516 3082 nobis
555 3026 826 3080 indicavit
872 3042 1002 3095 quae
1051 3041 1216 3079 nosse
1248 3025 1488 3089 debetis,
1522 3025 1590 3078 ad
1623 3027 1902 3095 majorem
1947 3027 2048 3081 ad-

355 3116 722 3170 mirationem
772 3118 828 3168 et
880 3115 1108 3166 Domini
1154 3115 1336 3167 nostri
1389 3115 1654 3184 gloriam,
1696 3116 1765 3168 de
1813 3131 2047 3170 suorum

355 3208 683 3258 sanctorum
715 3202 1030 3267 memoriis,
1072 3201 1140 3255 de
1178 3201 1386 3270 quibus
1425 3201 1639 3254 dictum
1671 3205 1771 3265 est,
1809 3204 2049 3255 Pretiosa

355 3296 413 3346 in
443 3296 723 3361 conspectu
752 3293 961 3345 Domini
989 3305 1130 3344 mors
1158 3295 1464 3344 sanctorum
1505 3291 1642 3358 ejus,
1685 3289 1857 3342 etiam
1886 3289 2048 3342 libel-

355 3382 474 3434 lum
505 3381 637 3434 dare
686 3379 866 3444 decet,
910 3378 1008 3448 qui
1057 3376 1229 3430 habet
1274 3376 1466 3429 omnia
1493 3392 1622 3448 quae
1662 3393 1731 3430 ex
1774 3377 1896 3446 ejus
1951 3394 2048 3431 ore

354 3467 747 3537 cognovimus.
799 3467 904 3519 Sed
935 3466 982 3518 si
1013 3463 1289 3518 Dominus
1329 3464 1590 3531 voluerit,
1621 3464 1793 3518 hodie
1822 3466 2047 3534 parabi-

352 3561 466 3619 tur,
497 3561 553 3609 et
577 3555 734 3609 vobis
765 3555 857 3608 die
889 3553 1134 3607 crastino
1167 3553 1516 3607 recitabitur.

422 3645 620 3699 Sermo
673 3645 796 3698 322.
835 3643 935 3696 Ubi
970 3641 1209 3696 libellum
1239 3644 1563 3710 promissum
1607 3644 1792 3696 sanati
1818 3643 2046 3697 hominis

347 3735 720 3802 prasentavit,
749 3733 896 3796 feria
944 3735 1107 3785 tertia
1143 3729 1406 3798 Pascha]
1443 3731 1714 3783 Hesterno
1745 3729 1835 3783 die
1878 3731 2046 3784 libel—

353 3822 472 3874 lum
504 3819 876 3890 promisimus
925 3817 1146 3886 caritati
1190 3822 1411 3881 vestrae,
1449 3817 1550 3870 ubi
1595 3817 1665 3870 de
1717 3817 1814 3870 illo
1848 3823 2044 3871 sanato

349 3909 548 3962 audire
607 3909 777 3962 etiam
827 3907 1052 3977 possitis
1098 3921 1227 3975 quae
1278 3904 1471 3959 videre
1514 3921 1632 3959 non
1673 3905 1955 3976 potuistis.
1989 3905 2043 3960 Si

347 4014 482 4068 ergo
522 3997 705 4067 placet
743 3995 961 4049 caritati
1008 3999 1231 4061 vestrm,
1280 3993 1396 4047 imo
1429 3993 1565 4063 quia
1607 3995 1830 4063 placere
1879 3993 2046 4048 debet

347 4085 503 4154 quod
533 4088 588 4138 et
618 4083 762 4137 mihi
787 4084 990 4153 placet,
1027 4082 1194 4136 ambo
1224 4081 1426 4137 fratres
1454 4085 1604 4136 stent
1632 4081 1692 4134 in
1738 4086 2044 4151 conspectu

344 4177 530 4226 vestro
568 4186 580 4228 :
612 4177 675 4226 ut
726 4171 826 4241 qui
874 4171 1039 4224 illum
1086 4187 1203 4223 non
1251 4170 1498 4237 videant,
1538 4170 1599 4223 in
1656 4170 1761 4222 isto
1812 4169 2042 4223 videant

346 4261 486 4331 quid
513 4261 610 4314 ille
667 4259 1005 4329 patiebatur.
1043 4260 1203 4312 Stent
1249 4274 1386 4327 ergo
1427 4259 1615 4323 ambo,
1648 4273 1797 4311 unus
1826 4258 1917 4310 cui
1945 4257 2040 4312 do-

348 4353 479 4402 nata
509 4353 593 4400 est
620 4346 824 4417 gratia,
851 4351 906 4399 et
934 4346 1077 4398 alter
1115 4345 1208 4398 cui
1236 4345 1476 4415 petenda
1510 4351 1594 4398 est
1625 4345 2034 4400 misericordia.

418 4436 718 4504 Exemplar
761 4433 935 4488 libelli
990 4433 1107 4487 dati
1159 4449 1192 4486 a
1239 4435 1452 4500 PAULO,
1494 4438 1686 4488 sancto
1715 4434 2036 4503 Augustino

353 4522 639 4594 episcopo.

414 4700 578 4765 Rege,
630 4694 842 4748 domine
885 4695 1188 4749 beatissime
1224 4711 1378 4765 papa
1429 4696 1751 4763 Augustine,
1791 4701 1853 4750 ut
1900 4698 2038 4750 hunc

345 4786 583 4839 libellum
613 4799 802 4848 meum,
856 4799 1011 4851 quem
1057 4800 1124 4837 ea:
1169 4789 1436 4853 praecepto
1478 4788 1566 4838 tuo
1605 4785 1792 4852 obtuli,
1841 4791 2039 4840 sancta

339 4875 486 4944 plebi
504 4874 700 4942 jubeas
724 4874 969 4926 recitari.

416 4987 444 5011 ‹‹
472 4965 602 5020 Cum
631 4961 808 5015 adhuc
844 4964 903 5014 in
938 4963 1126 5030 patria
1163 4962 1406 5015 Caesarea
1453 4961 1823 5031 Cappadociae
1851 4978 2037 5016 mora—

342 5067 544 5115 remur,
577 5054 754 5117 frater
784 5056 962 5105 noster
989 5055 1121 5102 natu
1147 5051 1324 5118 major
1354 5050 1614 5115 gravibus
1641 5055 1801 5120 atque
1847 5052 2038 5105 intole-

341 5141 532 5193 randis
565 5155 889 5193 communem
918 5144 1142 5192 matrem
1162 5138 1363 5205 {affecit
1390 5141 1449 5190 in
1471 5143 1678 5191 tantum
1707 5138 1952 5206 injuriis,
1977 5144 2038 5193 ut

341 5231 391 5280 ei
419 5230 580 5280 etiam
604 5243 798 5281 manus
827 5243 932 5280 non
962 5226 1235 5279 dubitaret
1274 5227 1495 5290 inferre.
1529 5225 1681 5294 Quod
1722 5241 1816 5278 nos
1859 5242 2036 5281 omnes

342 5317 445 5381 ﬁlii
484 5317 694 5382 pariter
723 5318 1032 5384 congregati
1056 5315 1322 5383 patienter
1349 5314 1590 5380 tulimus,
1634 5318 1692 5365 ut
1721 5329 1786 5365 ne
1819 5315 2036 5368 verbum

343 5403 559 5470 quidem
589 5405 760 5466 fratri
788 5409 985 5468 nostro,
1011 5418 1112 5471 pro
1137 5407 1308 5455 matre
1337 5407 1541 5468 nostra,
1564 5417 1660 5455 cur
1692 5403 1785 5456 hoc
1810 5406 2035 5469 faceret,

340 5489 657 5543 diaverimus.
683 5488 785 5540 Illa
808 5492 986 5541 autem
1022 5489 1243 5553 feminei
1286 5487 1486 5542 doloris
1532 5489 1769 5542 stimulis
1818 5491 2037 5556 agitata

2157 487 2258 538 que
2280 471 2353 524 ad
2381 473 2526 524 sacri
2555 471 2898 538 baptismatis
2925 470 3152 536 fontem,
3180 474 3298 536 post
3326 472 3567 538 gallorum
3601 485 3767 548 cantus,

2154 564 2441 612 memorato
2488 559 2598 626 ﬁlio
2636 572 2730 611 suo
2757 559 2898 610 iram
2950 558 3046 610 Dei
3099 559 3449 626 imprecatura
3490 575 3772 634 properaret,

2157 652 2280 699 tunc
2309 649 2358 699 ei
2383 647 2555 699 nescio
2585 647 2706 713 quis
2744 647 2802 698 in
2839 646 3034 714 patrui
3069 648 3243 699 nostri
3269 649 3610 723 similitudine,
3635 664 3685 711 ut
3709 665 3770 712 in-

2155 735 2442 801 telligitur,
2493 735 2698 788 daemon
2737 736 2987 802 occurrit,
3021 738 3071 787 et
3099 735 3167 786 ab
3201 750 3262 787 ea
3287 738 3432 804 prior
3448 748 3550 808 “quo
3576 757 3778 814 pergeret

2153 825 2456 890 requisivit.
2506 824 2606 878 Cui
2652 824 2769 890 illa,
2803 821 2876 875 ad
2905 820 3329 876 maledicendum
3346 825 3452 890 ﬁlio
3478 841 3582 894 suo,
3601 830 3654 882 ob
3673 835 3779 887 into-

2152 910 2426 964 lerabilem
2469 911 2868 978 contumeliam,
2907 925 2962 964 se
3008 911 3087 962 ire
3132 911 3420 978 respondit.
3472 915 3600 969 Tunc
3641 925 3780 973 autem

2151 999 2242 1051 ille
2294 1000 2568 1065 inimicus,
2631 1000 2892 1067 quoniam
2947 1000 3006 1052 in
3061 998 3304 1052 mulieris
3356 1000 3502 1054 corde
3535 1005 3782 1060 insaniente

2153 1087 2322 1140 locum
2373 1088 2538 1151 facile
2575 1088 2818 1141 invenire
2869 1088 3068 1154 potuit,
3120 1090 3182 1139 ut
3227 1088 3464 1141 omnibus
3501 1091 3782 1149 malediceret

2146 1179 2442 1242 persuasit.
2475 1175 2580 1228 Illa
2609 1179 2788 1228 autem
2832 1176 3068 1243 vipereis
3097 1176 3432 1240 inﬂammata
3455 1180 3683 1247 consiliis,
3709 1197 3784 1234 sa-

2154 1277 2302 1315 crum
2332 1263 2535 1327 fontem
2569 1264 2860 1332 provoluta
2907 1264 3189 1331 corripuit,
3234 1267 3284 1317 et
3324 1267 3521 1332 sparsis
3569 1269 3782 1334 crinibus,

2152 1349 2480 1418 nudatisque
2519 1351 2771 1405 uberibus
2801 1353 2895 1405 hoc
2925 1366 2959 1404 a
3000 1354 3104 1405 Deo
3147 1352 3482 1419 potissimum
3523 1357 3784 1425 postulavit,

2152 1441 2212 1490 ut
2237 1443 2475 1492 extorres
2500 1442 2692 1508 patria
2720 1443 2770 1492 et
2801 1442 3189 1493 circumeuntes
3219 1440 3421 1494 alienas
3457 1445 3634 1509 terras,
3673 1460 3789 1499 omne

2155 1523 2428 1579 hominum
2470 1541 2635 1592 genus
2676 1530 2859 1580 nostro
2897 1531 3215 1580 terreremus
3270 1529 3518 1597 ewemplo.
3558 1532 3668 1584 Mos:
3697 1548 3788 1584 ma-

2157 1615 2335 1666 ternas
2369 1629 2552 1682 preces
2581 1614 2786 1684 efﬁcaar:
2814 1614 3061 1668 vindicta
3089 1617 3435 1684 prosequitur
3467 1632 3479 1670 :
3505 1618 3792 1688 eumdemque

2157 1703 2406 1755 continuo
2426 1705 2658 1768 fratrem
2683 1708 2924 1758 nostrum
2951 1707 3108 1757 aetate
3135 1704 3406 1773 culpaque
3450 1707 3684 1774 majorem
3715 1715 3794 1761 tre-

2157 1804 2273 1842 mor
2290 1791 2650 1844 membrorum
2681 1796 2862 1845 tantus
2911 1794 3132 1859 invasit,
3187 1797 3447 1860 quantum
3477 1795 3528 1845 in
3557 1809 3630 1847 me
3664 1810 3794 1864 usque

2158 1881 2281 1930 ante
2306 1880 2401 1932 hoc
2434 1879 2675 1934 triduum
2695 1885 2878 1935 vestra
2903 1882 3166 1935 sanctitas
3209 1880 3371 1934 vidit.
3421 1882 3627 1936 Servato
3656 1888 3795 1935 autem

2157 1965 2345 2019 ordine
2367 1982 2469 2034 quo
2499 1971 2620 2022 nati
2649 1984 2880 2037 eramus,
2914 1972 3064 2022 intra
3093 1985 3262 2023 unum
3288 1984 3488 2023 annum
3533 1971 3696 2024 eadem
3726 1986 3797 2024 nos

2156 2068 2310 2122 plena
2342 2070 2519 2109 omnes
2540 2059 2825 2125 corripuit.
2869 2056 3068 2111 Videas
3109 2063 3290 2111 autem
3317 2062 3487 2111 mater
3513 2058 3797 2112 maledictio-

2155 2157 2246 2196 nes
2267 2157 2393 2196 suas
2414 2143 2488 2196 ad
2509 2148 2716 2198 tantam
2743 2147 3029 2212 efficaciam
3054 2148 3382 2214 pervenisse,
3411 2147 3686 2215 impietatis
3719 2161 3800 2200 sua

2157 2233 2535 2286 conscientiam
2564 2237 2614 2286 et
2637 2233 2987 2301 opprobrium
3014 2236 3290 2288 hominum
3314 2234 3519 2288 diutius
3554 2237 3683 2301 ferre
3722 2251 3800 2286 non

2152 2321 2370 2386 potuit;
2411 2320 2504 2373 sed
2532 2322 2720 2390 laqueo
2749 2327 2938 2390 guttur
2964 2326 3299 2390 astringens,
3354 2325 3636 2377 luctuosam
3671 2325 3802 2376 vitam

2159 2411 2383 2462 termino
2420 2411 2716 2474 funestiore
2763 2409 3044 2465 conclusit.
3096 2412 3327 2477 Egressi
3363 2425 3483 2476 ergo
3518 2425 3607 2463 nos
3645 2424 3801 2472 omnes,

2157 2497 2511 2563 opprobrium
2566 2500 2809 2550 nostrum
2855 2512 2961 2550 non
3006 2500 3264 2563 ferentes,
3315 2502 3363 2551 et
3401 2512 3702 2551 communem
3736 2511 3804 2563 pa-

2158 2586 2322 2637 triam
2351 2585 2731 2653 relinquentes,
2763 2589 2972 2653 passim
3001 2600 3184 2640 sumus
3211 2601 3315 2655 per
3349 2586 3561 2639 diversa
3591 2584 3802 2652 dispersi.

2158 2675 2244 2726 Ea:
2268 2671 2420 2725 nobis
2451 2678 2628 2726 autem
2658 2675 2902 2727 omnibus
2934 2674 3109 2728 decem
3147 2675 3444 2741 fratribus,
3478 2674 3570 2743 qui
3593 2671 3807 2726 nascendi

2158 2776 2367 2829 quoque
2407 2760 2596 2815 ordine
2631 2764 2873 2830 primum
2927 2765 3173 2830 sequitur
3225 2763 3302 2816 ad
3339 2764 3557 2830 gloriosi
3595 2762 3806 2827 martyris

2158 2849 2442 2902 Laurentii
2476 2852 2809 2918 memoriam,
2850 2867 2968 2918 quae
2997 2851 3149 2920 apud
3177 2853 3495 2907 Ravennam
3533 2864 3689 2918 nuper
3726 2848 3805 2900 col-

2085 2952 2124 3007 c
2159 2939 2334 2991 locata
2363 2943 2460 3003 est,
2493 2938 2631 2992 sicut
2660 2939 2991 3004 audivimus,
3024 2942 3226 2993 meruit
3262 2941 3566 2994 sanitatem.
3603 2940 3702 3003 Ego
3729 2951 3808 2986 au-

2159 3030 2262 3079 tem
2284 3027 2379 3094 qui
2406 3028 2664 3080 nascendi
2691 3026 2880 3081 ordine
2915 3043 3032 3082 sum
3076 3033 3266 3082 semtus
3317 3029 3551 3094 illorum,
3588 3042 3694 3079 cum
3733 3026 3808 3076 hac

2155 3130 2334 3168 sorore
2365 3131 2502 3180 mea,
2529 3131 2646 3185 quae
2666 3132 2747 3170 me
2787 3121 2943 3171 aetate
2970 3117 3344 3187 subsequitur,
3383 3117 3673 3184 ubicunque
3711 3127 3807 3180 geu-

2158 3206 2315 3270 tium,
2351 3204 2671 3272 ubicumque
2702 3209 2968 3259 terrarum
2999 3206 3114 3259 loca
3142 3219 3256 3259 esse
3275 3220 3437 3260 sacra
3453 3207 3507 3257 in
3529 3205 3703 3272 quibus
3718 3215 3807 3267 ope-

2156 3295 2373 3345 raretur
2400 3295 2538 3346 Deus
2569 3295 2852 3360 miracula,
2887 3297 3285 3363 comperissem,
3318 3309 3513 3360 magno
3541 3291 3808 3346 desiderata:

2155 3381 2410 3435 sanitatis
2437 3397 2616 3435 amore
2645 3383 2930 3451 carpebam
2970 3386 3093 3438 iter.
3126 3384 3236 3439 Sed
3281 3388 3346 3438 ut
3384 3385 3450 3437 de
3477 3385 3667 3437 caeteris
3705 3379 3804 3431 cele-

2157 3466 2404 3521 berrimis
2442 3474 2749 3523 sanctorum
2798 3471 2924 3524 locis
2965 3475 3188 3538 taceam,
3240 3474 3406 3526 etiam
3441 3470 3514 3525 ad
3552 3475 3805 3527 Anconam,

2156 3556 2327 3610 Italiae
2356 3558 2648 3624 civitatem,
2687 3558 2783 3611 ubi
2808 3574 2906 3628 per
2932 3559 3390 3625 gloriosissimum
3418 3563 3694 3625 martyrem
3717 3555 3805 3608 Stc-

2149 3643 2394 3710 phanum
2424 3646 2596 3698 multa
2625 3647 2893 3700 miracula
2918 3649 3177 3701 Dominus
3215 3653 3500 3716 operatur,
3530 3645 3697 3701 eadem
3725 3645 3808 3696 cir-

2153 3732 2383 3784 cuitione
2423 3733 2664 3800 perveni.
2701 3732 2807 3786 Sed
2834 3733 2954 3786 ideo
2993 3733 3130 3786 alibi
3153 3739 3348 3788 curari
3375 3749 3484 3788 non
3517 3733 3679 3802 potui,
3708 3729 3808 3796 quia

2153 3818 2276 3872 huic
2306 3820 2414 3872 loco
2445 3819 2637 3873 divina
2675 3820 3156 3888 praedestinatione
3188 3822 3482 3876 servabar.
3519 3822 3618 3876 Nec
3644 3815 3809 3871 l’satim

2152 3907 2424 3959 civitatem
2443 3908 2655 3972 Africa:
2672 3909 3018 3975 praetermisi,
3038 3908 3135 3961 ubi
3163 3909 3360 3964 beatus
3385 3914 3595 3975 martyr
3620 3904 3810 3972 Stepha-

2150 4007 2252 4046 nus
2280 4008 2482 4061 magna
2505 3995 2842 4062 praedicatur
2870 3997 3181 4064 frequenter
3208 3999 3456 4066 operari.
3487 3997 3811 4050 Verumtamen

2151 4085 2278 4136 ante
2309 4083 2400 4135 hos
2432 4087 2538 4136 tres
2575 4098 2795 4151 menses,
2842 4083 2903 4136 id
2931 4088 3026 4146 est,
3077 4085 3441 4139 calendarum
3470 4081 3814 4138 Ianuariarum

2152 4168 2259 4236 die,
2286 4173 2396 4222 tam
2433 4186 2527 4237 ego
2554 4187 2718 4238 quam
2764 4186 2915 4225 soror
2943 4187 3079 4238 mea,
3130 4187 3254 4240 que
3284 4174 3374 4226 hic
3404 4185 3602 4226 mecum
3629 4171 3716 4233 est,
3739 4178 3811 4216 ea-

2078 4230 2122 4284 D
2153 4257 2272 4311 dem
2315 4257 2498 4312 adhuc
2544 4262 2797 4328 passione
2851 4259 3082 4327 detenta,
3125 4261 3372 4315 evidenti
3427 4274 3608 4314 sumus
3653 4256 3815 4308 visione

2149 4348 2474 4400 commoniti.
2524 4348 2624 4401 Ait
2669 4349 2808 4400 enim
2847 4347 2983 4400 mihi
3033 4347 3264 4416 quidam
3317 4353 3538 4416 aspectu
3575 4345 3748 4398 clarus.
3776 4340 3813 4388 et

2148 4435 2379 4488 candido
2411 4437 2557 4488 crine
2601 4435 2945 4500 venerabilis,
2973 4435 3118 4504 quod
3153 4437 3312 4490 intra
3359 4437 3577 4490 tertium
3627 4441 3814 4484 mensem

2148 4522 2456 4576 desiderata
2503 4526 2638 4576 esset
2673 4523 2810 4576 mihi
2853 4524 3064 4575 sanitas
3116 4521 3416 4588 adfutura.
3465 4519 3643 4576 Sorori
3672 4517 3814 4568 autem

2147 4625 2272 4663 mea:
2299 4612 2358 4664 in
2386 4612 2592 4664 visione
2614 4611 2878 4664 sanctitas
2909 4615 3002 4662 tua
3033 4613 3092 4664 in
3124 4626 3186 4664 ea
3217 4612 3406 4679 efﬁgie
3426 4611 3484 4663 in
3505 4623 3612 4677 qua
3633 4611 3677 4658 te
3696 4613 3812 4671 pra?-

2145 4701 2316 4752 sentes
2361 4698 2603 4751 videmus
2647 4699 2908 4766 apparuit
2941 4713 2954 4750 :
2983 4712 3082 4765 per
3111 4697 3260 4765 quod
3289 4696 3445 4751 nobis
3493 4693 3812 4760 signiﬁcatum

2145 4789 2224 4839 est
2270 4786 2344 4837 ad
2389 4788 2553 4840 istum
2603 4787 2772 4840 locum
2801 4802 2896 4841 nos
2944 4788 3126 4840 venire
3183 4786 3457 4840 debuisse.
3493 4785 3629 4840 Nam
3659 4782 3702 4832 et
3740 4787 3811 4839 €90

2149 4873 2535 4928 beatitudinem
2563 4879 2710 4928 tuam
2739 4878 2936 4943 sapius
2973 4878 3161 4942 postea
3184 4873 3448 4927 videbam
3470 4887 3569 4940 per
3595 4869 3720 4922 alias
3747 4863 3811 4914 ci-

2144 4963 2372 5027 vitates;
2405 4964 2465 5016 in
2482 4965 2674 5018 itinere
2696 4978 2798 5031 quo
2814 4963 3175 5029 veniebamus,
3203 4964 3372 5015 talem
3395 4971 3615 5030 prorsus
3637 4952 3811 5024 quam"

2147 5049 2299 5104 modo
2329 5053 2616 5120 conspicio.
2651 5051 2938 5106 Admoniti
2981 5067 3104 5118 ergo
3133 5051 3380 5104 evidenti
3413 5048 3719 5103 auctoritate
3737 5040 3810 5092 di-

2146 5141 2298 5204 vina,
2322 5139 2399 5192 ad
2430 5140 2566 5192 hanc
2594 5143 2835 5194 venimus
2862 5141 3135 5193 civitatem
3164 5144 3296 5192 ante
3325 5139 3444 5191 dies
3486 5139 3649 5203 ferme
3675 5129 3812 5199 quin-

2145 5226 2336 5280 decim.
2372 5228 2652 5282 Passionis
2693 5245 2820 5283 meae
2847 5229 2929 5282 vel
2971 5229 3113 5282 oculi
3146 5229 3322 5281 vestri
3377 5231 3533 5280 testes
3582 5227 3712 5281 sunt,
3751 5215 3815 5267 vel

2144 5315 2471 5369 miserabilis
2533 5331 2686 5370 soror
2738 5332 2875 5384 mea,
2926 5333 3044 5385 quae
3089 5316 3162 5369 ad
3211 5315 3572 5368 eruditionem
3612 5307 3814 5362 omnium

2143 5406 2435 5457 communis
2464 5405 2598 5458 mali
2621 5405 2824 5473 praebet
2855 5406 3188 5474 exemplum;
3218 5409 3284 5457 ut
3333 5405 3435 5471 qui
3459 5405 3515 5455 in
3544 5399 3635 5453 illa
3663 5392 3815 5465 qualis

2145 5506 2239 5557 ego
2257 5493 2459 5558 fuerim
2481 5491 2682 5560 vident,
2709 5495 2769 5548 in
2788 5508 2870 5548 me
2898 5499 3157 5564 quantum
3176 5508 3280 5560 per
3308 5491 3578 5560 Spiritum
3596 5486 3813 5540 sanctum
