3920 6180
107 323 185 376 401

104 458 229 499 suum
266 439 498 493 Dominus
543 435 614 489 sit
655 439 936 503 operatus,
985 442 1302 503 agnoscunt.
1355 438 1589 493 Orabam
1637 454 1729 507 ego
1767 439 1811 493 A

107 528 297 601 quotidie
319 541 435 579 cum
474 526 682 589 magnis
713 525 976 594 lacrymis
1007 527 1065 577 in
1096 526 1204 579 loco
1234 526 1329 579 ubi
1366 532 1443 581 est
1474 532 1733 582 memoria

107 616 417 687 gloriosissimi
444 614 703 682 martyris
758 613 1038 680 Stephani.
1088 616 1184 667 Die
1234 619 1411 668 autem
1458 619 1731 670 Dominico

113 706 291 763 Pascha,
321 705 453 756 sicut
493 703 592 754 alii
622 702 719 768 qui
754 707 1047 770 praesentes
1094 708 1249 757 erant
1289 705 1561 772 viderant,
1603 713 1731 761 dum

102 808 225 849 orans
249 807 354 845 cum
400 804 588 855 magno
633 792 762 856 ﬂetu
812 792 1069 843 cancellos
1102 796 1266 857 teneo,
1307 793 1484 848 subito
1542 796 1728 847 cecidi.

98 884 333 935 Alienatus
373 882 545 930 autem
573 894 606 931 a
634 893 809 943 sensu,
844 880 938 931 ubi
961 881 1163 945 fuerim
1200 884 1392 935 nescio.
1426 885 1549 936 Post
1591 899 1730 952 pau-

96 971 229 1023 lulum
253 969 541 1028 assurremi,
573 971 621 1019 et
650 969 805 1020 illum
835 972 1113 1021 tremorem
1150 972 1211 1022 in
1238 986 1458 1039 corpore
1486 987 1596 1024 meo
1628 988 1732 1026 non

95 1059 247 1111 inveni.
294 1058 425 1110 Huic
479 1058 664 1123 itaque
707 1060 855 1109 tanto
898 1059 992 1110 Dei
1026 1057 1271 1125 beneficio
1311 1075 1415 1113 non
1458 1062 1729 1127 ingratus,

93 1148 199 1199 hunc
222 1144 437 1197 libellum
482 1143 687 1196 obtuli:
718 1146 773 1196 in
798 1159 902 1211 quo
931 1147 1094 1198 etiam
1123 1161 1241 1213 quae
1270 1146 1335 1200 de
1387 1152 1587 1201 nostris
1637 1165 1733 1202 ca-

92 1232 376 1286 lamitatibus
402 1230 760 1296 ignorabatis,
801 1236 850 1284 et
871 1233 1015 1300 quod
1046 1233 1111 1286 de
1139 1250 1253 1287 mea
1292 1237 1663 1290 incolumitate
1684 1241 1733 1289 et

91 1322 227 1373 salute
264 1320 574 1385 cognovistis
619 1319 860 1386 exhibui,
905 1325 966 1373 ut
1004 1326 1053 1373 et
1075 1336 1178 1389 pro
1209 1338 1325 1375 mea
1354 1338 1533 1377 sorore
1580 1340 1735 1377 orare

90 1408 356 1473 dignemini,
387 1410 437 1457 et
460 1420 564 1474 pro
584 1421 665 1458 me
694 1421 851 1471 agere
872 1409 975 1459 Deo
1006 1409 1237 1472 gratias.
1281 1430 1301 1455 ι

140 1493 306 1547 Sermo
356 1494 475 1546 323.
523 1492 709 1546 Sermo
743 1493 1045 1558 Augustini
1086 1494 1302 1547 habitus
1342 1500 1468 1562 post
1497 1495 1733 1548 libellum

90 1582 135 1635 de
152 1586 309 1635 sancto
327 1580 644 1649 Stephano.]
679 1580 1063 1634 Misericordia
1092 1581 1322 1652 quidem
1358 1582 1475 1649 Dei,
1509 1583 1732 1649 fratres,

90 1670 198 1722 sicut
221 1668 556 1722 credendum
596 1673 698 1735 est,
731 1684 929 1723 omnes
961 1669 1054 1723 isti
1081 1671 1280 1723 fratres
1311 1688 1455 1742 quos
1480 1688 1596 1725 una
1634 1672 1732 1725 Dei

89 1759 151 1811 ira
172 1762 404 1811 materna
434 1758 605 1827 plaga
645 1758 947 1827 percussit,
980 1759 1049 1812 ad
1079 1759 1250 1829 hujus
1280 1760 1348 1814 de
1378 1777 1492 1831 quo
1520 1761 1733 1831 gaude-

90 1862 200 1913 mus,
243 1845 579 1916 quandoque
608 1847 941 1916 perventuri
972 1852 1105 1901 sunt
1134 1848 1456 1902 sanitatem.
1493 1850 1735 1909 Verum:

88 1942 238 1989 tamen
276 1934 489 1988 discant
517 1934 625 1988 ﬁlii
656 1936 912 2006 obsequi,
956 1935 1200 1991 timeant
1230 1943 1495 2007 parentes
1534 1938 1725 1991 irasci.

87 2024 316 2092 Scriptum
346 2028 448 2088 est,
477 2025 784 2078 Benedictio
808 2028 991 2093 patris
1013 2025 1203 2095 ﬁrmat
1224 2026 1437 2080 domum
1464 2028 1733 2094 ﬁliorum;

88 2112 339 2166 maledictio
375 2115 573 2165 matris
611 2112 857 2166 eradicat
893 2114 1272 2179 fundamenta.
1310 2115 1473 2167 Modo
1502 2114 1594 2167 isti
1632 2130 1735 2183 per

90 2208 226 2253 terras
247 2202 300 2253 in
330 2201 718 2255 fundamentis
758 2202 957 2272 patriae
983 2217 1100 2256 suae
1137 2218 1253 2255 non
1286 2206 1449 2268 sunt;
1478 2202 1735 2273 praebent

89 2287 245 2358 utique
287 2289 695 2357 spectaculum,
744 2294 1077 2359 proponunt
1119 2306 1288 2344 suum
1329 2290 1730 2361 supplicitum;

90 2378 296 2445 praebent
335 2378 511 2431 oculis
561 2377 853 2431 miseriam
896 2394 1077 2444 suam,
1137 2382 1353 2432 terrent
1406 2379 1732 2449 superbiam

94 2466 309 2519 alienam.
356 2467 589 2529 Discite,
620 2465 745 2531 filii,
794 2467 945 2536 quod
989 2467 1126 2520 dicit
1170 2466 1459 2537 Scriptura
1496 2467 1732 2521 reddere

89 2556 307 2610 honorem
347 2556 688 2625 parentibus
741 2555 1022 2610 debitum.
1075 2556 1184 2610 Sed
1229 2560 1283 2609 et
1322 2573 1421 2609 vos
1467 2561 1732 2625 parentes

83 2641 257 2707 quando
298 2642 687 2707 offendimini,
731 2646 996 2711 parentes
1026 2658 1124 2695 vos
1173 2658 1294 2696 esse
1324 2643 1726 2696 recordamini.

87 2728 223 2780 Uravit
259 2734 433 2782 mater
473 2734 684 2782 contra
725 2728 894 2794 filios,
941 2729 1204 2782 exaudita
1253 2734 1366 2796 est;
1415 2730 1549 2800 quia
1584 2732 1732 2783 Deus

88 2830 174 2867 vere
192 2816 359 2883 justus
381 2821 502 2881 est,
536 2817 673 2887 quia
691 2832 822 2870 vere
844 2816 1112 2886 injuriam
1145 2833 1312 2887 passa
1334 2818 1539 2871 fuerat.
1579 2820 1730 2871 Unus

93 2901 275 2971 iporum
321 2910 376 2959 et
423 2905 612 2960 verba
659 2905 1073 2959 contumeliosa
1099 2910 1154 2959 et
1194 2921 1399 2959 manus
1438 2906 1730 2976 injecerat,

97 2998 132 3041 et
161 2996 305 3047 ceteri
357 2994 572 3048 matris
618 2993 892 3064 injuriam
946 2994 1233 3063 patienter
1286 2995 1561 3061 tulerunt,
1627 3006 1798 3061 necc

92 3095 211 3136 unum
250 3100 346 3153 pro
393 3101 458 3137 ea
504 3084 741 3137 verbum
772 3087 967 3137 contra
997 3083 1230 3137 fratrem
1280 3084 1723 3154 responderunt.

87 3170 222 3224 Justus
249 3174 407 3241 Deus,
440 3173 549 3244 qui
596 3173 814 3226 audivit
840 3178 1189 3242 precantem,
1233 3172 1391 3225 audit
1419 3172 1724 3226 dolentem.

88 3256 162 3312 Sed
185 3262 301 3331 quid
345 3264 444 3317 illa
492 3262 744 3317 misera?
790 3262 988 3315 Nonne
1040 3260 1191 3314 unde
1239 3261 1403 3314 citius
1447 3261 1726 3319 exaudita.

88 3346 183 3401 inde
205 3352 316 3418 plus
351 3351 601 3422 punita?
643 3350 847 3404 Discite
890 3350 995 3403 hoc
1023 3354 1215 3419 petere
1254 3366 1287 3402 a
1317 3350 1453 3413 Deo,
1488 3350 1585 3402 ubi
1613 3366 1729 3402 non

89 3436 281 3491 timeatis
331 3438 617 3494 exaudiri.
680 3440 791 3492 Nos
856 3443 1068 3502 autem,
1128 3438 1351 3503 fratres,
1408 3442 1732 3507 satagamus

90 3523 281 3581 Domino
313 3532 422 3582 Deo
453 3532 654 3581 nostro
684 3526 899 3597 gratias
938 3527 1149 3580 referre
1180 3542 1283 3595 pro
1309 3526 1406 3578 illo
1436 3524 1536 3595 qui
1568 3541 1729 3577 sana-

88 3617 154 3665 tus
179 3621 264 3680 est,
295 3622 348 3670 et
377 3634 483 3686 pro
537 3616 639 3670 illa
668 3632 797 3686 quae
826 3616 1011 3669 adhuc
1039 3619 1268 3668 tenetur
1293 3630 1487 3685 preces
1530 3613 1731 3667 funda-

88 3716 195 3756 mus.
235 3705 637 3759 Benedicamus
668 3706 868 3769 Deum,
905 3704 1041 3774 quia
1069 3702 1271 3773 dignos
1310 3719 1415 3755 nos
1443 3702 1644 3755 habuit
1670 3706 1736 3756 ut

87 3790 165 3843 hoc
188 3792 513 3848 videremus.
547 3792 696 3857 Quid
740 3792 897 3847 enim
935 3808 1152 3859 sumus,
1185 3792 1321 3863 quia
1360 3808 1465 3863 ego
1496 3790 1735 3861 apparui

85 3877 175 3931 istis
197 3882 474 3936 nesciens?
522 3882 612 3934 Illi
647 3881 799 3935 enim
830 3898 922 3934 me
971 3881 1258 3948 videbant,
1292 3886 1349 3934 et
1379 3896 1483 3950 ego
1511 3879 1731 3933 nescie-

84 3962 208 4031 bam;
245 3973 295 4021 et
327 3968 787 4022 admonebantur
831 3972 894 4021 ut
922 3968 992 4021 ad
1033 3968 1201 4021 istam
1248 3966 1530 4021 civitatem
1573 3966 1733 4020 veni-

85 4058 196 4105 rent.
227 4055 351 4119 Quis
378 4073 508 4111 sum
542 4058 697 4127 ego?
730 4057 908 4109 Homo
938 4072 1064 4109 sum
1095 4072 1243 4110 unus
1276 4056 1343 4110 de
1374 4054 1587 4117 multis,
1618 4069 1737 4107 non

82 4140 133 4193 de
159 4145 377 4214 magnis.
414 4147 481 4199 Et
509 4161 664 4211 vere,
694 4148 756 4198 ut
782 4144 978 4199 audiat
1005 4145 1209 4198 caritas
1238 4149 1445 4211 vestra,
1486 4143 1734 4197 multum

84 4230 245 4297 miror,
273 4239 327 4287 et
355 4235 581 4304 gaudeo
613 4233 776 4287 nobis
798 4250 917 4287 esse
944 4248 1295 4301 concessum,
1326 4230 1598 4303 quoniam
1629 4230 1734 4284 iste

82 4317 222 4373 homo
272 4338 371 4377 nec
422 4326 676 4377 Anconae
729 4321 916 4375 curari
946 4322 1170 4392 potuit:
1230 4321 1345 4374 imo
1395 4320 1603 4391 potuit,
1635 4320 1733 4372 sed
1772 4288 1817 4342 Β

85 4412 277 4475 propter
302 4427 405 4463 nos
432 4411 648 4464 factum
673 4425 787 4462 non
808 4413 908 4475 est,
934 4408 1071 4479 quia
1095 4407 1361 4461 facillime
1383 4406 1505 4461 fieri
1526 4406 1732 4476 potuit.

83 4492 243 4548 Sciunt
269 4498 421 4551 enim
454 4496 625 4550 multi
664 4500 877 4566 quanta
908 4494 1185 4549 miracula
1213 4510 1316 4564 per
1345 4494 1737 4548 beatissimum

86 4588 355 4653 martyrem
382 4585 739 4655 Stephanum
778 4585 837 4637 in
869 4583 979 4637 ista
1008 4582 1229 4636 civitate
1260 4583 1419 4636 fiant.
1453 4583 1515 4635 Et
1545 4582 1738 4635 audite

85 4672 205 4737 quod
236 4672 559 4727 miremini:
590 4672 1001 4747 Memoriaejus
1024 4670 1257 4741 antiqua
1275 4670 1352 4723 ibi
1373 4676 1510 4731 erat,
1546 4670 1741 4740 etipsa

87 4763 153 4809 est
188 4759 278 4814 ibi.
309 4762 415 4816 Sed
450 4762 687 4815 fortasse
718 4760 897 4814 dicis:
942 4760 1158 4828 Corpus
1197 4760 1319 4828 ejus
1352 4758 1607 4811 nondum
1639 4774 1737 4828 ap-

85 4854 339 4918 paruerat,
392 4850 675 4904 memoria
730 4849 812 4903 ibi
867 4848 1019 4902 unde
1077 4848 1241 4901 erat?
1299 4848 1455 4900 Latet
1505 4846 1741 4917 quidam

81 4947 237 5002 causa,
269 4939 361 4992 sed
414 4939 556 5008 quid
602 4938 667 4992 ad
704 4954 807 4991 nos
850 4937 1002 4991 fama
1031 4936 1334 5006 pertulerit
1380 4951 1495 4988 non
1542 4935 1740 4988 tacebo

82 5023 273 5078 caritati
299 5031 526 5081 vestrm.
575 5027 813 5090 Quando
844 5025 1205 5097 lapidabatur
1233 5027 1459 5076 sanctus
1497 5023 1741 5093 Stepha—

84 5124 185 5175 nus,
230 5114 405 5185 aliqui
452 5115 623 5169 etiam
663 5115 1011 5177 innocentes,
1050 5118 1105 5167 et
1134 5112 1381 5165 maxime
1410 5112 1479 5165 de
1532 5111 1599 5164 iis
1643 5110 1742 5180 qui

83 5196 175 5262 jam
218 5200 277 5254 in
319 5202 541 5257 Christo
572 5203 955 5268 crediderant,
1004 5202 1474 5265 circumstabant;
1535 5199 1743 5253 dicitur

88 5283 203 5353 lapis
233 5290 453 5345 venisse
482 5291 538 5345 in
566 5290 780 5359 cubito,
812 5297 869 5345 et
895 5306 1163 5344 excussus
1195 5290 1325 5343 inde
1364 5288 1580 5341 venisse
1610 5292 1742 5340 ante

90 5377 361 5440 Quemdam
406 5380 754 5449 religiosum.
798 5378 948 5433 Tulit
981 5379 1145 5432 illum
1178 5383 1234 5431 et
1263 5377 1514 5430 servavit.
1562 5377 1742 5429 Homo

89 5469 185 5515 erat
226 5466 290 5519 de
322 5467 741 5539 navigantibus,
775 5484 896 5522 sors
942 5466 1319 5537 navigationis
1363 5465 1552 5518 attulit
1581 5466 1743 5518 illum

95 5550 149 5601 ad
177 5552 320 5608 littus
348 5559 616 5619 Anconae,
656 5562 713 5611 et
734 5557 1050 5612 revelatum
1082 5559 1168 5609 est
1197 5553 1281 5607 illi
1312 5553 1391 5606 ibi
1417 5552 1622 5606 debere
1655 5570 1741 5605 re-

832 311 1193 368 VARIORUM
1235 313 1830 370 EXERCITATIONES
1869 317 1939 371 ΙΝ
1978 317 2038 370 S.
2088 318 2447 373 AUGUSTINI
2494 317 2747 374 OPERA.

3436 327 3543 380 402

1843 441 1977 510 poni
2010 441 2253 512 lapidem
2300 442 2481 495 illum.
2516 442 2615 496 Ille
2646 442 2896 497 obedivit
2925 442 3279 511 revelationi,
3313 451 3369 501 et
3404 446 3546 500 fecit

1843 529 1990 598 quod
2010 530 2231 598 jussum
2257 533 2370 582 est:
2402 546 2469 582 ex
2498 529 2594 582 illo
2617 530 2783 599 coepit
2806 545 2929 583 esse
2954 530 3032 584 ibi
3056 533 3334 587 memoria
3353 533 3533 587 sancti

1843 617 2136 685 Stephani,
2189 622 2246 670 et
2280 634 2474 670 rumor
2519 624 2640 671 erat
2687 618 2822 689 quia
2850 619 3144 674 brachium
3185 623 3365 675 sancti
3420 623 3539 677 Ste-

1841 706 2018 774 phani
2050 705 2128 758 ibi
2172 709 2276 772 est,
2309 706 2688 759 nescientibus
2723 708 3051 760 hominibus
3092 709 3226 778 quid
3268 710 3542 779 contigis-

1843 798 1943 847 set.
2007 794 2210 846 Verum
2269 800 2461 847 autem
2522 794 2861 863 intelligitur
2906 800 3209 865 propterea
3248 798 3327 851 ibi
3371 798 3542 853 fuisse

1841 882 2175 947 revelatum,
2205 886 2266 934 ut
2298 882 2374 934 ibi
2406 886 2643 951 poneret
2671 883 2917 952 lapidem
2944 883 3043 953 qui
3073 884 3141 937 de
3164 885 3356 937 cubito
3389 901 3540 938 mar-

1841 969 1982 1038 tyris
2004 986 2271 1023 excussus
2304 974 2404 1035 est,
2439 970 2572 1039 quia
2604 972 2792 1023 Graece
2821 971 3274 1041 cubitumjaucon
3305 973 3533 1028 dicitur.

1841 1058 1951 1111 Sed
1982 1058 2078 1128 qui
2110 1059 2293 1111 sciunt
2340 1074 2468 1128 quae
2518 1059 2596 1111 ibi
2633 1059 2905 1112 miracula
2938 1061 3095 1123 fiant,
3146 1060 3255 1129 ipsi
3285 1078 3389 1114 nos
3438 1062 3539 1114 do-

1842 1151 2026 1199 ceant.
2091 1147 2213 1198 Non
2262 1146 2338 1199 ibi
2401 1152 2696 1217 coeperunt
2745 1146 2870 1200 ﬁeri
2925 1148 3034 1200 ista
3079 1149 3372 1211 miracula,
3430 1150 3539 1202 nisi

1842 1239 2215 1303 posteaquam
2238 1250 2445 1303 corpus
2469 1235 2645 1287 sancti
2675 1235 2947 1305 Stephani
2979 1237 3261 1305 apparuit.
3302 1238 3437 1290 Ecce
3461 1237 3539 1289 ibi

1844 1339 1960 1375 non
1992 1328 2077 1375 est
2116 1326 2343 1375 curatus
2374 1323 2476 1375 iste
2514 1323 2763 1392 juvenis,
2795 1328 2858 1376 ut
2898 1322 3104 1375 nostris
3141 1324 3320 1376 oculis
3351 1340 3536 1378 serva-

1843 1415 2019 1463 retur.
2070 1410 2234 1479 Apud
2282 1410 2509 1473 LTsalim,
2555 1410 2651 1463 ubi
2682 1415 2765 1463 est
2811 1410 3109 1479 episcopus
3158 1411 3333 1463 frater
3382 1426 3541 1463 meus

1848 1499 2109 1563 Evodius,
2143 1504 2356 1568 quanta
2396 1499 2671 1553 miracula
2697 1499 2773 1551 ibi
2800 1498 2941 1552 [iant
2987 1500 3246 1568 quaerite,
3293 1504 3349 1552 et
3383 1497 3543 1551 inve-

1844 1587 2030 1640 nietis.
2067 1587 2467 1640 Praetermissis
2499 1592 2691 1640 autem
2722 1587 2868 1654 aliis,
2916 1586 3105 1640 indico
3156 1586 3317 1640 vobis
3356 1600 3539 1639 unum

1848 1674 2000 1744 quod
2028 1674 2109 1727 ibi
2140 1674 2352 1727 factum
2400 1678 2503 1739 est,
2534 1678 2597 1726 ut
2626 1673 2861 1726 videatis
2907 1677 3122 1742 quanta
3152 1673 3225 1727 sit
3267 1674 3347 1726 ibi
3395 1689 3541 1743 prae-

1846 1761 2028 1815 sentia
2075 1762 2405 1832 majestatis.
2458 1761 2656 1815 Mulier
2703 1761 2968 1831 quaedam
3020 1760 3206 1813 subito
3257 1765 3538 1830 aegrotum

1847 1850 2049 1915 ﬁlium,
2081 1850 2171 1903 cui
2204 1866 2529 1903 succurrere
2558 1848 2879 1901 festinando
2926 1865 3041 1901 non
3068 1847 3277 1917 potuit,
3310 1848 3369 1900 in
3417 1864 3539 1917 gre-

1846 1939 1960 1993 mio
2007 1955 2107 1992 suo
2139 1939 2609 1991 catechumenum
2658 1937 2884 1990 amisit:
2927 1954 3054 2006 quae
3086 1937 3354 2001 clamans,
3393 1938 3537 1990 Mor-

1846 2038 1975 2082 tuus
2007 2032 2108 2091 est,
2139 2026 2348 2096 inquit,
2385 2026 2535 2078 titius
2564 2042 2725 2078 meus
2754 2025 3212 2078 catechumenus.

1914 2119 1984 2170 Et
2009 2131 2127 2169 cum
2159 2117 2266 2169 haec
2310 2116 2505 2168 diceret
2536 2116 2897 2180 Augusti-nus,
2928 2114 3158 2182 populus
3189 2113 3253 2166 de
3283 2114 3539 2165 memoria

1842 2205 2020 2256 sancti
2071 2204 2335 2271 Stephani
2383 2203 2616 2255 clamare
2671 2204 2862 2271 carpit:
2899 2204 3001 2255 Deo
3050 2203 3279 2269 gratias,
3316 2200 3539 2252 Christo

1844 2293 2048 2346 laudes.
2104 2295 2167 2346 1n
2207 2307 2311 2361 quo
2366 2294 2615 2345 continuo
2660 2292 2907 2355 clamore,
2938 2291 3120 2358 puella
3179 2304 3296 2356 qua:
3349 2294 3537 2341 curata

1843 2387 1939 2446 est,
1972 2381 2047 2433 ad
2089 2380 2337 2433 absidam
2377 2379 2641 2448 perducta
2683 2383 2779 2432 est.
2832 2381 2948 2447 Qua
2976 2380 3114 2443 visa,
3149 2377 3380 2445 populus
3421 2376 3538 2428 cum

1842 2470 2044 2537 gaudio
2092 2473 2141 2521 et
2167 2472 2293 2535 ﬂetu
2342 2468 2509 2520 nullis
2557 2469 2891 2534 interpositis
2917 2464 3269 2530 sermonibus,
3307 2464 3401 2516 sed
3429 2464 3538 2516 solo

1842 2560 2073 2625 strepitu
2117 2558 2430 2624 interposito
2480 2555 2809 2623 aliquandiu
2847 2556 3129 2607 clamorem
3159 2554 3454 2620 protraxit,
3489 2557 3538 2603 et

1840 2647 2053 2699 silentio
2106 2646 2276 2711 facto,
2326 2644 2667 2709 Augustinus
2699 2645 2976 2712 episcopus
3017 2642 3200 2693 dixit:
3253 2639 3535 2708 Scriptum

1842 2738 1925 2786 est
1951 2732 2008 2784 in
2040 2732 2257 2800 psalmo
2286 2747 2297 2783 :
2334 2732 2482 2794 Dixi,
2524 2729 2826 2797 Proloquar
2855 2730 3140 2782 adversum
3170 2744 3251 2780 me
3288 2728 3539 2780 delictum

1840 2838 2014 2875 meum
2044 2822 2262 2873 Domino
2294 2820 2405 2871 Deo
2445 2834 2574 2882 meo,
2604 2822 2652 2871 et
2684 2822 2742 2869 tu
2772 2817 3036 2871 dimisisti
3066 2818 3395 2883 impietatem
3425 2829 3538 2867 cor-

1840 2911 1924 2964 dis
1963 2912 2082 2963 mei.
2129 2907 2273 2971 Dixi,
2328 2907 2642 2972 Proloquar,
2686 2903 2944 2957 nondum
2989 2903 3321 2971 prolocutus
3372 2916 3529 2953 sum:

1841 2999 1957 3053 dixi
2016 2998 2340 3064 Proloquar,
2389 2999 2442 3047 et
2476 3000 2536 3047 tu
2584 2992 2867 3047 dimisisti.
2916 2990 3322 3045 Commendavi
3370 2989 3535 3042 istam

1837 3089 2124 3149 miseram,
2172 3086 2287 3137 imo
2333 3099 2399 3136 ex
2460 3083 2670 3135 misera
2714 3079 3110 3134 commendavi
3166 3094 3291 3131 eam
3336 3078 3535 3130 vestris

1839 3174 2218 3231 orationibus.
2260 3171 2653 3242 Disposuimus
2707 3185 2891 3235 orare,
2933 3173 2989 3221 et
3021 3166 3271 3221 exauditi
3302 3182 3521 3219 sumus.

1840 3265 1923 3319 Sit
1950 3262 2225 3333 gaudium
2248 3265 2507 3313 nostrum
2525 3260 2671 3312 actio
2695 3257 3034 3328 gratiarum.
3076 3256 3253 3309 Citius
3274 3254 3539 3308 exaudita

1841 3357 1925 3405 est
1955 3354 2137 3403 mater
2162 3348 2423 3412 Ecclesia,
2458 3362 2631 3417 quam
2664 3345 2722 3399 in
2749 3346 3060 3415 perniciem
3091 3344 3393 3397 maledicta
3426 3360 3539 3395 ma-

1842 3441 1927 3490 ter
1954 3436 2069 3488 illa.
2104 3434 2372 3488 Conversi
2399 3434 2469 3487 ad
2504 3432 2833 3495 Dominum,
2868 3435 2975 3485 etc.

1911 3525 2107 3578 Sermo
2160 3525 2280 3577 324.
2326 3524 2505 3577 Sermo
2536 3520 2857 3587 Augustini,
2906 3535 3009 3587 quo
3058 3518 3288 3586 complet
3326 3521 3539 3586 partem

1840 3614 2096 3668 sermonis
2140 3627 2264 3665 moue
2304 3610 2652 3679 praecedentis
2688 3608 2949 3661 miraculo
2990 3606 3327 3675 interrupti]
3364 3604 3539 3658 Debet

1843 3720 1874 3756 a
1906 3700 2065 3754 nobis
2096 3700 2395 3753 hesternus
2441 3714 2626 3752 sermo
2651 3697 2946 3767 compleri,
2980 3696 3080 3767 qui
3124 3695 3329 3764 majori
3362 3694 3537 3747 inter-

1844 3794 2043 3858 ruptus
2069 3791 2152 3840 est
2181 3787 2413 3857 gaudio.
2448 3786 2771 3839 Statueram
2802 3784 2956 3837 enim
2982 3788 3038 3836 et
3066 3798 3349 3850 cmperam
3380 3780 3539 3850 loqui

1844 3877 2064 3931 caritati
2094 3882 2315 3939 vestrae,
2341 3890 2515 3944 quare
2548 3873 2690 3926 mihi
2718 3872 2981 3925 videntur
3010 3870 3101 3922 isti
3128 3870 3331 3922 fratres
3347 3868 3539 3921 divina

1845 3964 2180 4019 auctoritate
2212 3963 2282 4016 ad
2324 3963 2469 4015 hanc
2508 3960 2798 4014 civitatem
2827 3974 2947 4011 esse
3001 3954 3218 4020 directi,
3256 3959 3321 4008 ut
3349 3954 3439 4007 hic
3480 3954 3539 4006 in

1845 4055 1925 4107 eis
1973 4053 2069 4106 diu
2119 4054 2312 4120 optata
2351 4054 2406 4103 et
2440 4053 2757 4118 exspectata
2804 4046 3016 4099 sanitas
3065 4044 3421 4114 impleretur.
3477 4044 3542 4095 Et

1845 4142 1950 4195 hoc
1979 4141 2170 4193 volens
2217 4140 2424 4205 dicere,
2464 4138 2622 4206 prius
2651 4133 3053 4188 commendare
3081 4144 3363 4199 cmperam
3395 4129 3540 4181 cari-

1844 4227 1949 4279 tati
1981 4230 2181 4279 vestrae
2214 4226 2335 4279 loca
2363 4228 2575 4284 sancta.
2602 4222 2661 4274 in
2692 4220 2899 4292 quibus
2943 4236 3054 4272 non
3087 4221 3218 4271 sunt
3247 4216 3447 4281 sanati,
3487 4222 3543 4271 et

1846 4314 1915 4367 ad
1946 4331 2047 4367 nos
2078 4313 2210 4366 inde
2260 4314 2391 4365 sunt
2428 4308 2647 4363 directi.
2698 4309 2762 4360 Et
2790 4306 2906 4360 dixi
2937 4306 3007 4360 de
3046 4308 3279 4359 Ancona
3316 4302 3540 4357 civitate

1846 4402 2059 4456 Italiae:
2095 4415 2377 4470 coeperam
2420 4398 2489 4452 de
2519 4396 2667 4452 Usali
2698 4396 2919 4450 civitate
2950 4394 3156 4458 dicere,
3190 4409 3317 4464 quae
3362 4395 3447 4445 est
3483 4391 3542 4444 in

1848 4490 2035 4545 Africa
2056 4490 2413 4560 (episcopum
2444 4487 2617 4540 habet
2646 4485 2879 4537 fratrem
2911 4498 3124 4548 meum,
3149 4497 3319 4551 quem
3342 4480 3541 4549 nostis,

1850 4579 2163 4644 Evodium),
2225 4576 2362 4648 quia
2414 4580 2470 4629 et
2521 4574 2589 4627 ad
2648 4574 2805 4626 illam
2859 4571 3144 4624 civitatem
3200 4586 3293 4623 eos
3351 4569 3543 4623 venire

1850 4668 2001 4720 fama
2033 4666 2291 4737 ejusdem
2340 4661 2606 4731 martyris
2638 4664 2692 4714 et
2723 4675 2963 4730 operum
2995 4659 3117 4729 ejus
3144 4657 3534 4727 compulisset.

1851 4756 1975 4808 Non
2006 4759 2089 4807 est
2118 4754 2235 4807 illic
2273 4752 2469 4805 datum
2511 4749 2666 4819 quod
2696 4747 2816 4801 dari
2848 4747 3056 4817 potuit,
3090 4751 3152 4799 ut
3196 4746 3288 4799 hic
3317 4745 3546 4798 daretur

1851 4844 1951 4896 ubi
1992 4842 2114 4896 dari
2168 4840 2385 4895 debuit.
2430 4840 2569 4892 Cum
2610 4840 2800 4889 autem
2832 4853 3006 4905 opera
3056 4836 3247 4889 divina
3293 4848 3394 4903 per
3422 4847 3545 4883 san-

1850 4937 2005 4985 ctum
2038 4933 2344 4999 martyrem
2370 4941 2815 4980 commemorare
2846 4924 3093 4978 breviter
3121 4922 3345 4984 vellem,
3371 4918 3543 4972 omis-

1852 5020 1926 5072 sis
1959 5018 2176 5072 caeteris
2206 5032 2381 5070 unum
2405 5015 2763 5068 institueram
2796 5012 3016 5066 dicere:
3052 5010 3200 5081 quod
3234 5023 3363 5061 cum
3395 5005 3541 5069 dico,

1853 5108 2112 5161 restituta
2141 5106 2223 5159 illi
2271 5105 2478 5175 puellae
2510 5103 2771 5169 sanitate,
2803 5100 2990 5153 subito
3024 5097 3233 5151 laetitiae
3265 5094 3545 5147 tumultus

1853 5202 2079 5250 exortus
2112 5200 2215 5255 est,
2248 5199 2305 5247 et
2334 5209 2438 5246 nos
2480 5192 2644 5245 aliter
2686 5188 2961 5258 compulit
2990 5185 3156 5239 ﬁnire
3197 5198 3541 5236 sermonem.

1855 5287 2001 5355 Ergo
2035 5286 2145 5338 tale
2190 5282 2271 5336 ibi
2316 5282 2655 5335 miraculum
2692 5278 2901 5331 scimus
2943 5276 3153 5327 factum
3187 5272 3337 5325 inter
3364 5270 3547 5325 multa

1856 5376 1983 5440 alia,
2018 5390 2146 5445 quae
2177 5368 2612 5425 commemorari
2645 5366 2842 5433 utique
2882 5365 3082 5414 cuncta
3124 5376 3239 5413 non
3280 5364 3542 5430 possunt,

1856 5464 2054 5519 Mulier
2087 5460 2349 5532 quaedam
2380 5457 2569 5512 amisit
2607 5456 2666 5507 in
2708 5451 2926 5522 gremio
2959 5453 3331 5520 aegrotantem
3362 5447 3547 5501 ﬁlium

1855 5551 2329 5605 catechumenum
2349 5546 2626 5598 infantem
2651 5543 2972 5594 lactentem.
3009 5539 3144 5601 Quae
3167 5552 3295 5591 cum
3318 5534 3551 5588 vidisset
