3890 6186
360 303 465 356 403

1374 298 1928 355 SUPPBEMENTUM
1968 299 2059 354 AD
2095 298 2328 354 OPERA
2365 299 2420 353 S.
2463 297 2847 353 AUGUSTINI.
3693 310 3770 366 404

357 421 631 476 amissum
653 426 710 475 et
733 420 1184 491 irreparabiliter
1205 420 1510 491 perditum.
1536 421 1708 491 coepit
1722 437 1852 474 eum
1873 420 2056 491 magis
2092 422 2133 475 A
2165 420 2226 474 in
2254 435 2516 474 sermone
2549 424 2580 475 8
2635 420 2704 474 de
2734 417 2933 473 Verbis
2964 417 3213 485 Domini,
3245 435 3366 474 cum
3403 424 3465 477 ad
3509 425 3597 480 illa
3621 431 3772 490 verba,

356 511 495 564 flere
542 510 787 564 ﬁdeliter
830 525 1004 580 quam
1035 514 1236 564 mater.
1274 511 1396 563 Non
1442 509 1596 563 enim
1634 509 1742 563 ﬁlii
1779 510 1868 563 sui
1899 509 2047 563 desi-

357 599 594 653 derabat
642 598 814 651 vitam
863 598 972 650 nisi
1020 598 1080 650 in
1127 598 1320 651 futuro
1367 599 1600 664 smculo,
1651 605 1706 651 et
1748 598 1895 652 hanc
1942 597 2051 651 sibi

354 687 600 741 ablatam
631 691 688 740 et
713 685 929 756 perisse
971 687 1299 756 plangebat.
1333 687 1573 758 Impleta
1594 687 1798 741 aﬁ‘ectu
1828 685 2050 740 ﬁducia:

351 777 485 828 tulit
513 775 674 828 illum
708 778 1022 839 mortuum,
1067 780 1124 828 et
1151 775 1402 828 cucurrit
1432 775 1502 829 ad
1535 775 1870 828 mermoriam
1900 774 2051 828 beati

352 861 618 932 martyris
649 861 942 931 Stephani,
973 866 1031 915 et
1061 862 1231 932 cmpit
1263 863 1332 916 ab
1360 863 1458 916 illo
1493 863 1719 932 exigere
1744 862 1951 930 ﬁlium,
1997 867 2052 917 et

349 949 575 1004 dicere:
625 950 818 1004 Sancte
865 956 1101 1018 martyr,
1135 951 1284 1005 vides
1314 952 1523 1005 nullum
1565 953 1705 1005 mihi
1733 953 2052 1005 remansisse

349 1039 626 1092 solatium.
661 1040 778 1093 Non
827 1041 968 1092 enim
1013 1053 1234 1107 possum
1265 1039 1440 1092 dicere
1485 1040 1659 1107 ﬁlium
1697 1042 2049 1108 praecessisse,

351 1142 507 1194 quem
533 1129 678 1180 nosti
688 1128 896 1194 perisse
919 1143 931 1178 :
968 1132 1024 1179 tu
1051 1130 1194 1180 enim
1210 1127 1360 1180 vides
1379 1143 1548 1196 quare
1560 1129 1846 1196 plangam.
1872 1127 2052 1181 Redde

348 1216 526 1282 ﬁlium
554 1231 750 1276 meum,
787 1220 846 1268 ut
877 1215 1102 1268 habeam
1128 1231 1246 1269 eum
1276 1221 1400 1268 ante
1442 1221 1779 1285 conspectum
1811 1217 2052 1272 Corona-

355 1307 486 1356 toris
517 1305 617 1356 tui.
653 1305 782 1356 Haec
809 1308 865 1356 et
907 1303 1044 1357 talia
1084 1320 1214 1357 cum
1245 1310 1577 1373 precaretur
1603 1304 1870 1374 lacrymis
1915 1320 2053 1374 quo-

353 1391 659 1445 dammodo
690 1407 806 1445 non
848 1391 1196 1462 petentibus,
1229 1393 1347 1457 sed,
1383 1396 1446 1446 ut
1483 1393 1618 1459 dixi,
1675 1392 2049 1462 exigentibus,

353 1478 553 1531 revixit
581 1479 733 1532 ﬁlius
763 1479 908 1549 ejus.
948 1481 1008 1533 Et
1042 1479 1178 1549 quia
1211 1480 1449 1547 dixerat,
1487 1481 1646 1534 Nosti
1685 1497 1861 1551 quare
1889 1481 2052 1535 illum

357 1582 632 1636 quaeram,
663 1567 964 1621 ostendere
994 1568 1171 1622 voluit
1187 1568 1379 1623 etiam.
1405 1571 1554 1622 Deus
1579 1586 1776 1623 verum
1795 1570 2051 1624 animum

357 1655 553 1724 ipsius.
607 1655 888 1710 Continuo
932 1655 1060 1710 tulit
1121 1657 1283 1710 illum
1325 1657 1394 1710 ad
1439 1657 1823 1728 presbyteros,
1872 1658 2053 1728 bapti-

360 1747 515 1796 zatus
545 1747 648 1812 est,
689 1744 1066 1798 sanctiﬁcatus
1114 1750 1215 1811 est,
1259 1749 1466 1800 unctus
1509 1751 1612 1813 est,
1660 1746 1928 1816 imposita
1969 1751 2054 1801 est

355 1832 407 1884 ei
437 1847 666 1898 manus;
699 1832 997 1901 completis
1024 1833 1291 1888 omnibus
1314 1834 1701 1899 sacramentis,
1731 1841 2055 1906 assumptus

353 1920 455 1968 est.
488 1916 587 1968 Illa
619 1920 812 1969 autem
839 1916 938 1970 tali
970 1933 1099 1970 cum
1132 1934 1263 1971 cum
1294 1919 1454 1972 vultu
1483 1919 1739 1986 deduxit,
1779 1924 2054 1990 tanquam

356 2019 473 2057 non
529 2003 835 2057 deduceret
885 2005 954 2059 ad
1004 2005 1266 2077 requiem
1313 2007 1579 2076 sepulcri,
1615 2007 1711 2061 sed
1750 2008 1820 2061 ad
1864 2008 2053 2062 sinum

356 2089 624 2159 martyris
662 2091 956 2161 Stephani.
991 2095 1303 2148 Probatum
1335 2100 1421 2148 est
1454 2111 1551 2148 cor
1579 2095 1743 2149 ﬁdele
1775 2095 2049 2150 mulieris.

359 2179 462 2232 Ubi
500 2195 636 2250 ergo
683 2180 793 2234 tale
843 2181 1183 2235 miraculum
1229 2183 1358 2236 fecit
1407 2183 1554 2236 Deus
1603 2199 1705 2252 per
1742 2187 2052 2254 martyrem

359 2281 548 2333 suum,
583 2283 699 2320 non
726 2267 916 2336 potuit
939 2268 1017 2322 ibi
1050 2269 1186 2323 istos
1213 2272 1450 2325 curare?
1483 2271 1548 2324 Et
1586 2276 1777 2326 tamen
1806 2273 1918 2326 huc
1947 2290 2052 2327 no-

359 2355 442 2408 bis
472 2354 671 2408 directi
700 2360 852 2410 sunt.
888 2357 1154 2411 Conversi
1179 2359 1250 2412 ad
1283 2357 1610 2427 Dominum,
1643 2365 1750 2413 etc.

435 2443 564 2496 Hinc
593 2443 886 2510 hactenus,
922 2444 1132 2514 quibus
1153 2445 1299 2500 nihil
1329 2447 1622 2513 addemus,
1655 2447 2050 2504 nisiomissam

359 2531 452 2585 hic
491 2547 610 2585 esse
657 2532 971 2586 solemnem
1004 2533 1338 2602 clausulam,
1391 2551 1519 2604 qua:
1551 2535 1676 2601 hoc,
1732 2541 1830 2589 aut
1876 2537 2051 2591 simili

359 2620 532 2693 modo
575 2619 797 2689 concipi
832 2620 1055 2689 potuit:
1091 2621 1217 2687 Quae
1241 2637 1325 2676 res
1365 2622 1490 2676 bene
1509 2628 1686 2677 vertat
1711 2626 1849 2678 mihi
1873 2630 1922 2678 et
1958 2641 2050 2679 vo-

362 2707 463 2774 bis,
495 2713 839 2776 spectatores,
868 2709 1136 2777 plaudite.

427 2797 701 2852 Sermone
733 2797 881 2866 330.]
931 2799 1066 2850 Pars
1113 2798 1272 2868 prior
1317 2799 1516 2854 eadem
1555 2803 1640 2854 est
1689 2817 1819 2854 cum
1871 2801 2052 2871 priori

357 2889 520 2954 parte
549 2885 828 2938 sermonis
867 2889 962 2939 118
994 2885 1063 2940 de
1107 2887 1379 2943 Diversis.
1413 2888 1524 2942 Sed
1553 2905 1682 2959 qua:
1713 2889 1772 2942 in
1801 2889 1898 2942 illo
1928 2906 2052 2943 ser-

2160 513 2412 578 conﬁteor
2459 510 2581 574 tibi,
2628 511 2806 575 Pater,
2866 511 3096 577 pectora
3123 508 3361 576 populus
3397 511 3460 564 de
3496 529 3635 569 more
3659 523 3775 572 tutu-

2163 597 2354 664 disset,
2393 598 2528 651 scite
2563 613 2808 666 arguens
2855 596 2982 649 illos
3029 596 3388 665 Augustinus.
3442 603 3495 653 in
3542 603 3624 656 hoc
3669 608 3776 674 ipso,

2161 686 2369 755 inquit,
2401 685 2544 753 quod
2581 686 2761 738 sonuit
2795 683 3089 747 conﬁteor,
3127 687 3339 756 pectora
3357 687 3628 744 tutudistis.
3663 693 3779 745 Tun-

2160 773 2283 827 dere
2312 779 2490 826 autem
2516 784 2701 842 pectus
2731 772 2866 840 quid
2895 775 2992 840 est,
3026 773 3138 824 nisi
3179 786 3397 838 arguere
3427 777 3559 841 quod
3597 779 3706 833 latet
3740 786 3784 834 in

2154 868 2367 931 pectore
2415 867 2466 915 et
2495 861 2731 915 evidenti
2758 861 2921 929 pulsu
2947 860 3211 912 occultum
3235 863 3495 926 castigare
3516 871 3784 930 peccatum?

2160 950 2339 1015 Quare
2380 950 2474 1003 hoc
2520 951 2754 1015 fecistis,
2779 950 2890 1002 nisi
2932 950 3066 1016 quia
3104 946 3371 1003 audistis:
3417 951 3665 1005 conﬁteor
3687 955 3786 1023 tibi,

2159 1039 2343 1091 Pater.
2372 1039 2641 1106 Conﬁteor
2668 1037 2919 1096 audistis.
2957 1038 3054 1105 qui
3074 1036 3354 1103 conﬁtetur
3381 1053 3480 1091 non
3507 1041 3784 1096 attendistis.

2159 1128 2310 1182 Nunc
2356 1131 2533 1180 autem
2577 1125 2862 1178 advertite.
2908 1124 2970 1179 Si
3012 1126 3262 1192 conﬁteor
3306 1125 3548 1180 Christus
3588 1128 3726 1190 dixit,
3765 1150 3789 1183 a

2161 1231 2264 1284 quo
2312 1219 2390 1268 est
2420 1215 2571 1280 longe
2599 1229 2750 1267 omne
2769 1218 3069 1282 peccatum,
3103 1228 3207 1266 non
3235 1214 3397 1267 solius
3429 1220 3500 1268 est
3525 1221 3786 1284 peccatoris,

2159 1303 2254 1356 sed
2300 1305 2462 1355 etiam
2505 1301 2829 1355 laudatoris.
2880 1301 3202 1368 Conﬁtemur
3247 1316 3369 1368 ergo
3411 1303 3517 1356 sive
3557 1303 3790 1358 laudantes

2160 1391 2346 1454 Deum,
2379 1390 2490 1441 sive
2518 1393 2827 1442 accusantes
2854 1403 2948 1442 nos
2966 1390 3132 1457 ipsos.
3156 1389 3308 1441 Ineu.

2233 1475 2506 1530 Sermone
2545 1478 2667 1529 340.
2712 1477 2775 1528 In
2801 1476 2967 1529 titulo
3002 1493 3014 1529 :
3066 1477 3139 1528 In
3175 1475 3265 1529 die
3293 1476 3632 1531 ordinationis
3668 1478 3790 1549 sua]

2163 1563 2228 1616 In
2257 1563 2642 1617 anniversario
2680 1564 2926 1634 suscepti
2955 1563 3335 1634 episcopatus.
3369 1564 3708 1618 Celebrarunt
3729 1565 3794 1618 in-

2165 1653 2390 1707 terdum
2417 1652 2667 1724 episcopi
2697 1653 2885 1706 natale
2907 1652 3214 1720 cathedrae,
3251 1667 3350 1706 seu
3371 1651 3696 1722 episcopatus
3711 1653 3794 1715 sui,

2166 1741 2310 1796 sicut
2335 1741 2620 1812 principes
2649 1741 2904 1810 imperii;
2939 1741 3096 1811 quod
3123 1741 3316 1795 natale
3346 1740 3588 1810 episcopi
3616 1740 3799 1794 diccba-

2163 1832 2275 1882 tur.
2308 1830 2438 1899 Ejus
2466 1828 2640 1882 moris
2671 1828 2823 1898 apud
2851 1829 3140 1882 Romanos
3168 1827 3388 1882 indices
3409 1832 3535 1881 sunt
3561 1844 3799 1882 sermones

2163 1920 2276 1971 tres
2320 1917 2372 1972 S.
2415 1917 2614 1972 Leonis
2643 1932 2830 1986 papae,
2867 1916 2928 1970 in
2959 1917 3050 1970 die
3081 1916 3488 1987 assumptionis
3517 1933 3642 1970 suae.
3671 1917 3800 1986 Apud

2163 2005 2347 2074 Afros,
2379 2009 2589 2076 praeter
2626 2004 2889 2058 homilias
2918 2007 2986 2059 24
3019 2010 3075 2058 et
3103 2007 3180 2072 ,25
3214 2005 3284 2059 de
3323 2005 3686 2059 anniversario
3711 2005 3800 2074 cpi-

2164 2095 2404 2165 sc0palis
2451 2093 2825 2148 ordinationis
2867 2093 3194 2163 Augustini,
3250 2095 3455 2164 quibus
3513 2093 3696 2148 tertius
3733 2093 3803 2146 hic

2164 2198 2349 2236 sermo
2377 2181 2624 2246 additur,
2653 2180 2714 2234 in
2734 2181 2986 2252 antiquis
3005 2181 3315 2248 codicibus,
3341 2182 3511 2236 ﬁdem
3529 2182 3686 2236 etiam
3701 2181 3803 2234 facit

2163 2271 2582 2326 anniversarius
2629 2270 2847 2324 Aurelii
2878 2271 3150 2341 episcopi,
3182 2271 3256 2325 de
3287 2287 3400 2342 quo
3445 2276 3525 2324 est
3551 2270 3804 2341 Augustini

2162 2361 2234 2414 ad
2267 2360 2496 2429 plebem
2526 2359 2788 2413 allocutio
2815 2375 2986 2430 quam
3020 2361 3386 2430 protulimus.
3418 2360 3537 2424 Quo
3553 2364 3718 2413 autem
3739 2358 3805 2411 die

2163 2448 2456 2503 ordinatus
2512 2448 2684 2502 fuerit
2726 2448 3076 2518 Augustinus
3124 2465 3243 2503 non
3295 2449 3500 2520 liquet;
3531 2447 3805 2502 ordinatum

2160 2539 2332 2608 paulo
2380 2541 2510 2590 ante
2542 2537 2738 2591 Natale
2795 2536 3026 2590 Domini
3056 2554 3125 2591 ex
3176 2537 3421 2592 homilia
3465 2540 3532 2590 25
3562 2537 3803 2590 docemur.

2162 2627 2312 2679 Iesu.

2233 2714 2505 2767 Sermone
2547 2715 2669 2768 341.
2713 2714 2779 2766 In
2823 2712 3034 2768 titulo:
3083 2717 3158 2769 De
3200 2717 3472 2784 sacriﬁcio
3507 2709 3806 2783 vespertino;

2162 2802 2246 2855 Ita
2274 2801 2604 2856 inscribitur
2630 2801 2692 2856 in
2721 2802 2912 2856 codice
2959 2803 3020 2857 S.
3060 2803 3303 2858 Victoris
3334 2805 3417 2859 CC
3453 2807 3534 2869 16,
3563 2818 3658 2856 nec
3683 2801 3811 2854 aliter

2162 2890 2298 2944 citat
2338 2891 2508 2959 Beda,
2537 2907 2731 2962 quam,
2764 2907 2830 2944 ea:
2855 2906 3092 2946 sermone
3127 2895 3204 2946 De
3243 2895 3511 2960 sacriﬁcio
3537 2891 3810 2960 vespertino.

356 2989 528 3028 mone
558 2973 942 3043 subjiciuntur
962 2989 1090 3027 cum
1122 2975 1576 3044 praecedentibus
1603 2993 1720 3030 non
1740 2977 2048 3032 cohaerent.
2089 2987 2129 3042 C
2162 2983 2232 3034 At
2261 2981 2322 3033 in
2369 2980 2701 3035 Collectorio
2732 2997 3060 3034 sermonum
3103 2988 3273 3052 parte
3331 2986 3362 3037 3
3397 2982 3610 3046 dicitur,
3649 2982 3808 3036 Sermo.

355 3059 455 3114 Hic
479 3075 611 3114 vero
641 3066 775 3130 apta
802 3065 858 3114 et
886 3077 1140 3116 connexa
1167 3077 1346 3133 usque
1363 3063 1436 3116 ad
1461 3064 1634 3116 tinem
1669 3070 1804 3119 sunt
1832 3066 2049 3120 omnia.

355 3146 690 3202 Smnoxnus.

427 3235 542 3290 Tit.
599 3239 674 3290 De
712 3238 914 3304 viginti
941 3238 1319 3308 martyribus.]
1367 3239 1450 3293 Ad
1483 3244 1760 3310 martyres
1797 3243 1866 3296 20
1897 3242 2050 3296 habi-

358 3327 452 3377 tus
482 3323 652 3377 etiam
685 3339 872 3378 sermo
909 3328 1008 3378 110
1029 3325 1099 3378 de
1130 3325 1388 3380 Diversis.
1427 3328 1639 3381 Horum
1668 3344 1801 3383 vero
1833 3346 2052 3384 memo-

357 3412 505 3466 riam
535 3412 794 3482 Hippone
825 3412 1004 3483 Regio
1045 3414 1480 3468 celeberrimam
1508 3415 1681 3470 fuisse
1729 3417 1892 3471 docet
1935 3423 2051 3472 Au-

354 3501 636 3570 gustinus,
683 3500 900 3555 illustre
955 3503 1109 3572 quod
1156 3503 1217 3556 in
1260 3518 1327 3556 ea
1367 3504 1684 3574 contigerat
1711 3505 2051 3561 miraculum

355 3602 810 3642 commemorans
858 3588 956 3643 lib.
987 3605 1099 3642 xxu
1130 3590 1199 3644 de
1251 3589 1486 3644 Civitate
1518 3591 1638 3658 Dei,
1670 3608 1772 3662 cap
1795 3595 1826 3646 8
1853 3610 1866 3646 :
1916 3598 2054 3650 Erat

355 3676 582 3743 quidam
621 3691 802 3741 senem,
838 3681 946 3730 etc.
997 3679 1216 3732 Horum
1246 3678 1502 3745 nomina,
1533 3695 1664 3734 cum
1711 3680 1908 3751 ignota
1936 3683 2054 3738 fue-

355 3763 474 3818 rint
503 3765 800 3830 hactenus,
834 3769 949 3818 tres
1001 3766 1108 3820 hoc
1134 3767 1261 3820 loco
1304 3773 1719 3834 memorantur,
1765 3769 2054 3826 Fidentius

357 3851 681 3921 episcopus,
710 3851 1008 3906 Valeriana
1037 3856 1093 3906 et
1132 3852 1380 3907 Victoria
1404 3859 1610 3909 sanctas
1649 3855 1896 3912 feminae.
1929 3857 2052 3922 Quo

351 3956 468 3994 uno
507 3956 572 3994 ex
611 3939 793 4010 capite
823 3956 944 3994 non
977 3941 1099 3995 leve
1129 3946 1214 3995 est
1252 3942 1406 4013 quod
1435 3943 1569 3997 huic
1595 3945 1846 3999 sermoni
1873 3945 2052 4002 debe-

354 4045 510 4095 mus;
543 4029 660 4082 sive
714 4033 989 4100 martyres
1029 4029 1109 4097 hi,
1161 4035 1227 4084 ut
1275 4031 1513 4085 Baronio
1567 4033 1839 4087 cardinali
1867 4036 2052 4090 visum

355 4123 460 4183 est,
494 4117 670 4171 iidem
699 4118 952 4172 habendi
983 4124 1116 4173 sunt
1158 4135 1287 4174 cum
1332 4121 1680 4190 martyribus
1708 4122 1912 4194 viginti
1952 4125 2053 4195 qui

353 4207 506 4276 apud
544 4207 784 4260 Tarsum
816 4206 1026 4261 Cilicia
1073 4207 1227 4278 passi
1257 4209 1360 4263 sub
1390 4209 1739 4264 Diocletiano
1779 4211 2052 4282 leguntur

353 4311 449 4347 vui
483 4295 613 4349 idus
649 4295 876 4362 lunias;
921 4295 1055 4363 sive,
1091 4297 1247 4366 quod
1286 4300 1492 4352 certius
1518 4314 1669 4368 reor,
1700 4316 1734 4352 a
1762 4301 2049 4354 Tarsensi-
2088 4273 2133 4326 Β

350 4383 458 4436 bus
496 4382 704 4436 diversi
734 4383 950 4437 fuerint
980 4384 1375 4455 Hipponenses
1395 4385 1463 4440 de
1493 4387 1700 4455 quibus
1718 4387 1811 4442 hic
1839 4388 2042 4458 agitur.

355 4472 696 4524 Smnonnus.

425 4557 698 4612 Sermone
729 4561 850 4613 330.
884 4561 945 4612 In
979 4561 1157 4613 natali
1175 4560 1537 4628 plurimorum
1572 4562 1924 4635 martyrum]
1967 4567 2049 4620 Ita

354 4645 565 4716 Regius
604 4647 798 4714 codex,
831 4663 960 4700 cum
1003 4648 1322 4715 Victorino;
1346 4655 1413 4704 at
1457 4650 1603 4704 Beda
1633 4651 1802 4706 citat:
1832 4669 1899 4706 ex
1935 4669 2046 4708 ser-

351 4751 503 4790 mone
531 4735 597 4788 de
620 4737 796 4790 verbis
825 4738 1132 4803 Evangelii.
1165 4739 1321 4792 Ioen.

420 4827 694 4878 Sermone
739 4827 862 4879 332.
921 4825 1170 4879 Habetur
1207 4826 1299 4880 hic
1348 4827 1524 4882 etiam
1573 4844 1704 4882 cum
1737 4829 1799 4883 in
1857 4830 2048 4884 codice

348 4913 530 4983 regio,
558 4917 682 4966 tum
712 4912 772 4966 in
802 4913 1110 4968 Victorino.
1146 4915 1258 4968 DD.
1295 4917 1380 4968 12.
1414 4917 1570 4969 low.

421 5000 447 5070 ς
477 5004 530 5055 4.
565 5001 695 5056 Cum
722 5002 1015 5070 Scriptura
1061 5010 1519 5058 commemorasset
1551 5019 1634 5058 eos
1677 5007 1775 5074 qui
1817 5021 1923 5060 non
1972 5009 2047 5060 in-

349 5090 588 5157 trabant,
619 5091 700 5144 ibi
727 5092 892 5144 etiam
919 5093 1224 5144 nominavit
1252 5091 1570 5159 homicidas,
1597 5109 1703 5147 non
1723 5097 2042 5162 erpavistis.

347 5178 662 5232 Nominavit
687 5181 1066 5245 fornicatores,
1099 5181 1292 5232 audivi
1311 5183 1443 5248 quia
1461 5185 1682 5248 pectora
1712 5182 2044 5255 tutudistis.]

351 5264 492 5317 Hinc
522 5265 710 5320 videre
759 5273 844 5322 est
876 5271 1109 5337 pectora
1141 5267 1382 5321 tundere
1415 5268 1629 5332 solitos,
1665 5286 1796 5323 cum
1827 5271 2044 5342 aliquid

348 5351 661 5406 audiebant
708 5355 859 5424 quod
895 5353 1256 5408 conscientia:
1296 5360 1660 5425 peccatorum
1693 5359 1779 5411 vel
1826 5359 2044 5412 confes-

351 5438 528 5493 sionis
558 5439 909 5498 admoneret.
941 5443 1101 5507 Quod
1125 5443 1355 5514 quidem
1385 5460 1567 5515 usque
1595 5445 1736 5499 adeo
1777 5445 2043 5517 frequen-

347 5528 568 5595 tabant,
583 5528 1065 5600 utintempestive
1086 5549 1500 5605 nonnunquam
1513 5540 1870 5607 usurparent.
1891 5537 2046 5591 Unde

2163 3069 2228 3123 de
2255 3085 2412 3124 versu
2438 3069 2643 3138 psalmi
2670 3086 2769 3123 ch
2792 3085 2806 3122 :
2855 3072 3098 3126 Elevatio
3126 3087 3393 3126 manuum
3421 3085 3651 3125 mearum
3675 3069 3811 3122 sacri-

2161 3159 2343 3224 ﬁcium
2363 3160 2745 3226 vespertinum.
2781 3159 2938 3212 lnam.

2231 3245 2504 3298 Sermone
2558 3247 2679 3300 344.
2740 3249 2815 3300 De
2887 3262 3068 3301 amore
3118 3250 3222 3301 Dei
3282 3253 3334 3302 et
3385 3262 3562 3302 amore
3628 3239 3807 3310 saeculi}

2165 3333 2405 3388 Unicum
2444 3333 2608 3388 nobis
2665 3333 2772 3388 fuit
2827 3336 3116 3405 exemplar
3157 3352 3226 3389 ex
3280 3335 3474 3390 codice
3523 3335 3575 3389 S.
3621 3331 3813 3386 Victoris

2163 3423 2256 3476 DD
2289 3424 2371 3476 12.
2407 3421 2535 3476 Fuit
2562 3426 2757 3476 tamen
2783 3427 2839 3477 et
2874 3424 2934 3477 in
2966 3424 3308 3478 Collectorio
3340 3438 3662 3478 sermonum
3687 3424 3811 3491 parte

2162 3513 2214 3576 5,
2247 3515 2312 3564 ut
2359 3510 2526 3564 index
2571 3511 2750 3566 docet.
2813 3512 3120 3583 Utrobique
3178 3513 3423 3567 titulum
3477 3512 3730 3582 praefert:
3762 3510 3814 3559 De

2162 3614 2342 3653 amore
2371 3601 2468 3652 Dei
2492 3603 2542 3653 et
2584 3603 2846 3668 proximi.
2901 3601 3010 3655 Sed
3038 3601 3227 3671 aptior
3257 3606 3316 3656 et
3343 3598 3640 3670 Augustini
3666 3594 3812 3649 verbis

2162 3687 2580 3757 congruentior,
2601 3688 2720 3742 visa
2770 3689 3064 3759 inscriptio
3094 3705 3227 3760 quae
3283 3690 3439 3761 apud
3473 3688 3667 3743 Bedam
3694 3685 3812 3753 lege-

2161 3776 2366 3830 batur:
2397 3779 2471 3831 De
2499 3793 2679 3831 amore
2707 3779 2804 3830 Dei
2838 3783 2888 3831 et
2918 3793 3096 3831 amore
3123 3779 3332 3832 saeculi.
3364 3780 3520 3831 Ioeu.

2232 3865 2504 3919 Sermone
2534 3867 2656 3919 345.
2701 3867 2773 3919 De
2817 3870 3119 3934 contemptu
3172 3864 3418 3937 mundi.]
3485 3865 3646 3919 Vetus
3682 3859 3814 3914 codex

2163 3952 2408 4006 auctoris
2437 3968 2647 4006 nomen
2682 3969 2798 4007 non
2820 3953 3006 4008 habet.
3040 3954 3355 4024 Augustini
3377 3958 3568 4007 tamen
3598 3965 3704 4006 esse
3730 3961 3815 4000 non

2161 4040 2564 4108 dubitavimus,
2600 4057 2728 4095 cum
2755 4042 2906 4113 quod
2949 4041 3075 4096 aliis
3119 4043 3247 4112 ejus
3289 4041 3646 4097 sermonibus
3671 4037 3816 4091 intex-

2161 4133 2252 4183 tus
2283 4134 2421 4196 erat,
2472 4133 2594 4184 tum
2642 4131 2888 4185 maxime
2919 4131 3072 4203 quod
3102 4133 3325 4202 stylum
3381 4137 3439 4187 et
3485 4129 3704 4203 genium
3747 4140 3815 4176 ree

2161 4217 2271 4272 fert
2299 4219 2620 4290 Augustini.

2233 4306 2260 4376 §
2308 4311 2358 4360 5.
2422 4309 2559 4364 Nam
2614 4311 2960 4376 quantumvis
3017 4309 3238 4378 habeas,
3291 4327 3415 4365 cum
3467 4310 3661 4363 venerit
3716 4305 3816 4355 hora

2159 4397 2372 4463 quinta,
2422 4402 2712 4465 antequam
2741 4396 2814 4450 ad
2842 4412 3080 4451 mensam
3105 4399 3336 4453 accedas
3367 4400 3560 4464 esuris,
3597 4402 3643 4450 et
3668 4390 3816 4461 deﬁcis

2158 4483 2291 4549 quia
2327 4484 2490 4534 miser
2517 4481 2617 4552 es.]
2677 4483 2812 4546 Quae
2858 4487 3094 4548 sextam,
3123 4483 3180 4536 id
3231 4489 3340 4551 est,
3374 4482 3668 4538 meridiem
3697 4480 3816 4530 ante

2159 4569 2326 4636 cedit,
2378 4575 2434 4623 et
2475 4570 2731 4640 legitima
2761 4576 2846 4624 est
2894 4571 3037 4625 hora
3064 4573 3319 4642 prandii.
3372 4571 3633 4627 Sidonius
3662 4568 3817 4622 noster

2158 4657 2259 4711 lib.
2295 4675 2351 4720 ιι,
2383 4658 2550 4729 epist.
2594 4662 2648 4725 9,
2682 4660 2759 4713 De
2789 4659 2991 4713 nuntio
3022 4661 3120 4731 qui
3153 4662 3225 4715 ad
3258 4663 3572 4731 prandium
3603 4655 3814 4710 vocabat.

2159 4762 2313 4815 quem
2357 4748 2624 4815 probabat
2664 4733 3010 4817 coinpetenter
3062 4753 3375 4815 ingressum
3441 4750 3629 4818 quinta
3668 4744 3815 4808 digre-

2158 4833 2330 4888 diens.
2359 4835 2540 4899 Quem
2592 4836 2665 4890 ad
2716 4837 2924 4901 locum,
2969 4838 3254 4891 nonnulla
3313 4839 3386 4892 de
3435 4836 3618 4908 prisco
3645 4842 3817 4903 genere

2157 4921 2432 4976 horarum
2485 4923 2542 4976 in
2571 4925 2830 4978 eamdem
2870 4926 3210 4979 sententiam
3240 4925 3653 4980 adnotavimus.
3684 4921 3814 4972 lnu.

2229 5007 2256 5077 ἓ
2290 5011 2340 5061 6.
2383 5011 2725 5064 Feminarum
2763 5017 3068 5080 martyrum
3118 5013 3616 5067 Tuburbitanorum
3659 5007 3818 5062 solem—

2156 5097 2380 5150 nitatem
2417 5095 2788 5168 celebramus.]
2830 5100 3128 5168 Perpetuus
3159 5104 3216 5152 et
3253 5099 3580 5162 Felicitatis,
3613 5103 3816 5166 quarum

2157 5199 2396 5253 corpora
2438 5184 2496 5237 in
2543 5184 2774 5240 basilica
2824 5187 3042 5256 majore
3086 5188 3323 5242 condita
3367 5183 3714 5255 Carthagine.
3760 5179 3820 5231 De

2157 5273 2362 5328 harum
2409 5275 2583 5328 natali
2630 5279 2743 5328 tres
2808 5280 3030 5330 exstant
3077 5293 3379 5331 sermones
3421 5277 3473 5331 S.
3532 5265 3819 5342 Augustini.

2155 5362 2587 5418 Anniversarius
2608 5369 2803 5418 autem
2831 5365 2950 5419 dies
2967 5365 3156 5436 agitur
3182 5366 3361 5420 nonis
3391 5362 3587 5420 Martii.
3609 5357 3824 5415 Fuerunt

2155 5455 2211 5506 et
2238 5452 2382 5517 aliae,
2433 5452 2530 5506 sed
2558 5452 2826 5523 virgines,
2858 5454 3121 5522 Maxima,
3156 5455 3451 5508 Donatilla
3483 5459 3541 5507 et
3578 5444 3820 5508 Secunda,

2155 5555 2284 5612 qua:
2311 5539 2460 5611 apud
2490 5540 2825 5596 Tuburbum
2858 5543 3030 5597 etiam
3058 5558 3241 5615 passae
3276 5541 3549 5597 dicuntur
3577 5555 3633 5604 ιι,
3657 5534 3819 5590 calen-
