3920 6180
159 302 240 353 405
367 315 374 318 ’
888 289 1249 346 νΑΡιιοιιωι
1293 291 1429 345 ΕΧΕ
1440 291 1764 347 RCITATOIV

1945 296 1971 348 Ν
2011 294 2068 348 S.
2109 296 2474 352 AUGUSTlNl
2515 296 2770 352 OPERA.

3476 301 3580 355 406

2917 349 2942 370 \

159 426 232 477 das
269 413 486 486 Augusti.
520 410 733 482 Duplex
767 411 922 464 enim
966 411 1074 465 fuit
1101 412 1222 482 ejus
1265 413 1517 467 nominis
1557 413 1772 484 civitas,
1811 418 1855 468 A
1884 418 2172 470 monitione
2215 409 2547 486 conveniant,
2598 419 2692 470 hoc
2725 432 2825 485 per
2871 418 3113 483 singulas
3144 419 3408 472 Ecclesias
3457 427 3580 474 ante

159 507 422 565 Tuburbum
453 502 615 572 ltlajus
664 507 721 555 et
748 500 1082 555 Tuburbum
1116 501 1328 566 Minus;
1366 501 1518 554 unde
1547 501 1774 555 Tubur-

159 593 287 650 bitaui
322 591 535 659 Majores
584 593 640 641 et
681 588 941 650 Minores,
983 587 1042 641 in
1095 587 1403 642 collatione
1457 590 1773 644 Donatista-

159 700 265 737 rum.
290 681 585 734 SIRMONDUS.

201 773 426 823 Sermone
468 769 576 820 357.
617 768 692 819 De
721 766 881 819 laude
904 765 1112 837 pacis]
1147 768 1228 820 Ex
1257 766 1447 820 codice
1483 768 1537 821 S.
1581 767 1770 821 Victo-

147 860 203 913 ris
235 857 310 910 DD
354 857 427 909 12.
474 853 660 907 Fuisse
713 859 903 907 autem
952 859 1008 907 et
1054 854 1117 907 in
1161 855 1493 908 Collectorio
1541 860 1701 925 parte
1741 860 1770 910 ὅ

142 947 270 1001 index
295 943 640 996 demonstrat.
676 941 928 995 Pertinet
974 959 1103 996 cum
1136 944 1361 998 duobus
1403 945 1771 1014 sequentibus

140 1036 189 1089 ad
215 1039 442 1102 tempora
470 1029 782 1083 collationis
822 1031 1266 1098 Donatistarum,
1296 1049 1469 1102 quam
1500 1049 1566 1086 ex
1598 1036 1771 1087 Acto-

137 1139 230 1177 rum
259 1119 466 1174 exordio
512 1118 854 1172 celebratam
883 1118 1064 1190 liquet
1113 1123 1174 1174 P.
1211 1121 1269 1175 C.
1321 1121 1577 1191 Varanis,
1619 1139 1769 1175 anno

135 1210 292 1265 Christi
347 1210 462 1273 412,
516 1208 955 1278 inchoatamque
1015 1208 1266 1262 calendis
1339 1209 1540 1262 Juniis.
1607 1211 1769 1273 Quod

133 1299 236 1352 anui
261 1303 466 1366 tempus
494 1296 760 1366 congruit
779 1297 967 1350 verbis
993 1297 1319 1367 Augustini,
1344 1297 1441 1366 qui
1465 1297 1567 1350 sub
1599 1298 1768 1351 tinem

132 1375 352 1440 sermonis
390 1385 558 1455 paulo
612 1389 742 1438 ante
789 1389 1087 1454 peractum
1134 1385 1306 1438 fuisse
1363 1385 1443 1437 ait
1482 1384 1768 1454 jejunium

132 1477 447 1541 Pentecostes,
481 1473 632 1544 quod
664 1473 764 1526 illo
793 1489 943 1527 anno
973 1472 1142 1527 desiit
1172 1491 1223 1526 IV
1253 1473 1518 1527 calendas
1546 1473 1761 1527 lunias.

130 1566 245 1618 Ιῡειι.

179 1653 265 1718 ἕ-ί.
300 1650 435 1705 Unde
481 1666 600 1704 sum
631 1653 810 1717 frater
839 1650 1007 1719 tuus]
1047 1650 1343 1716 Nolebant,
1395 1649 1673 1716 videlicet,
1708 1667 1765 1705 se

127 1741 284 1794 fratres
321 1739 423 1792 dici
456 1739 785 1800 Donatistae,
822 1744 876 1792 ct
907 1743 1102 1792 tamen
1141 1739 1345 1792 fratres
1377 1755 1410 1791 a
1435 1739 1642 1792 nostris
1673 1739 1767 1793 di-

128 1830 362 1882 cebantur.
429 1829 684 1896 Optatus,
749 1828 847 1880 lib.
894 1845 907 1880 ι
948 1828 1214 1881 adversus
1273 1829 1760 1881 Parmenianum:

127 1919 296 1983 Nolunt,
338 1916 540 1986 inquit,
575 1933 631 1970 se
659 1917 772 1970 dici
798 1918 1003 1982 fratres
1033 1922 1258 1971 nostros.
1295 1919 1433 1970 Sunt
1458 1919 1574 1971 sine
1603 1917 1764 1971 dubio

124 2007 295 2072 fratres,
330 2008 572 2073 quamvis
600 2021 706 2058 non
737 2006 879 2059 boni.
927 2006 1106 2069 Quare
1129 2021 1279 2059 nemo
1307 2008 1535 2059 miretur
1572 2021 1655 2059 eos
1684 2021 1765 2059 me

124 2095 345 2162 appellare
367 2095 593 2159 fratres,
642 2096 738 2162 qui
763 2110 868 2147 non
912 2099 1136 2162 possunt
1164 2109 1269 2147 non
1299 2109 1408 2147 esse
1444 2097 1668 2160 fratres.
1702 2095 1765 2146 Et

122 2182 190 2235 lib.
220 2199 260 2235 ιν
293 2184 434 2238 :Non
453 2184 597 2236 enim
623 2185 850 2251 potestis
881 2198 986 2235 non
1013 2198 1122 2236 esse
1147 2185 1376 2248 fratres,
1409 2198 1538 2250 quos
1569 2183 1764 2236 iisdem

121 2276 516 2324 sacramentorum
567 2273 864 2325 visceribus
909 2288 1018 2324 una
1064 2277 1238 2325 mater
1272 2273 1511 2326 Ecclesia
1555 2273 1761 2337 genuit,

121 2375 214 2426 quos
237 2360 396 2413 eodem
444 2360 603 2413 modo
652 2360 936 2428 adoptivos
981 2361 1120 2428 ﬁlios
1150 2362 1286 2413 Deus
1330 2361 1504 2412 Pater
1532 2362 1760 2427 emcepit.

123 2447 209 2509 Quo
233 2447 282 2500 in
306 2463 502 2518 genere
526 2449 779 2518 plurima
809 2447 981 2501 etiam
1006 2447 1360 2517 Augustinus
1391 2447 1450 2501 in
1477 2448 1762 2518 psalmum

123 2553 242 2602 xxxu,
269 2537 357 2590 lib.
409 2555 467 2590 ιιι
517 2540 716 2590 contra
774 2536 1179 2604 Gaudentium,
1223 2552 1286 2589 ac
1335 2536 1481 2590 libro
1534 2535 1670 2589 item
1705 2552 1762 2589 ιιι

125 2629 266 2676 contra
292 2625 754 2693 Parmenianum,
791 2641 913 2694 cap.
946 2629 999 2678 ‘2.
1036 2625 1190 2677 IDEM.

171 2713 281 2766 Ibid.
318 2715 557 2783 Spiritus
603 2720 822 2768 sanctus
866 2715 1108 2781 loquitur
1146 2729 1246 2782 per
1283 2714 1485 2766 Isaiam
1521 2713 1761 2782 prophe—

128 2803 232 2852 tam:
261 2801 470 2866 Audite,
500 2802 604 2872 qui
637 2802 854 2872 pavetis
887 2801 1121 2855 verbum
1152 2801 1409 2866 Domini;
1445 2800 1634 2866 dicite,
1654 2800 1761 2852 fra-

132 2892 200 2939 tres
230 2888 393 2942 nostri
437 2890 599 2956 estis,
652 2889 732 2943 eis
774 2890 874 2960 qui
912 2907 1012 2942 vos
1061 2890 1325 2953 oderunt,
1377 2887 1501 2959 ρέα]
1544 2888 1762 2942 Eximia

135 2990 214 3027 sane
249 2978 425 3045 verba,
483 2978 750 3049 quamvis
784 2978 900 3031 sint
943 2982 1166 3030 tantum
1207 2977 1357 3046 apud
1407 2978 1532 3030 LXX
1578 2976 1760 3029 inter-

125 3070 270 3130 pretes.
315 3066 438 3120 lsai.
488 3084 638 3129 LXVI,
672 3070 728 3122 5.
782 3071 852 3121 At
880 3067 1023 3136 proh
1051 3066 1240 3120 dolor!
1293 3064 1585 3136 sequentia
1616 3065 1759 3117 facta

122 3151 295 3206 minime
338 3156 766 3224 responderunt
813 3154 966 3207 hisce
1015 3153 1341 3219 blanditiis;
1401 3169 1535 3206 nam
1589 3153 1758 3206 hosce

121 3236 269 3293 fratres
292 3259 418 3296 suos
451 3243 790 3313 gravissime
818 3242 1006 3295 vexari
1032 3243 1115 3294 fas
1146 3258 1265 3294 esse
1296 3247 1493 3311 postea
1533 3245 1760 3295 conten-

119 3326 175 3378 dit
209 3331 342 3384 mitis
367 3332 461 3384 ille
507 3347 576 3385 ac
622 3331 943 3384 misericors
972 3329 1346 3401 Augustinus,
1383 3328 1474 3383 cui
1504 3330 1756 3400 profecto

120 3415 301 3472 minime
330 3420 616 3474 fraternus
646 3425 731 3473 est
763 3420 1008 3472 animus.
1043 3419 1179 3472 Vide
1208 3419 1372 3488 epist.
1423 3421 1510 3484 93,
1545 3422 1600 3470 et
1630 3435 1758 3488 quae

118 3504 165 3557 ad
189 3522 292 3560 eam
311 3510 656 3562 notavimus.

165 3593 399 3650 Sermone
446 3601 574 3652 358.
624 3599 707 3650 De
746 3613 897 3666 pace,
931 3595 1064 3667 etc.]
1100 3597 1164 3649 In
1211 3595 1400 3650 codice
1433 3596 1486 3649 S.
1523 3595 1760 3648 Victoris

115 3681 230 3737 etin
264 3685 438 3740 indice
479 3686 810 3741 Collectorii
855 3685 1218 3756 praeponitur
1256 3683 1625 3755 praecedenti.
1691 3684 1760 3735 Ut

113 3775 538 3841 postponeremus
575 3774 879 3844 persuasit,
915 3774 1066 3844 quod
1098 3773 1200 3827 sub
1229 3774 1400 3842 hujus
1431 3772 1625 3836 ﬁnem,
1663 3770 1758 3824 ubi

113 3855 161 3909 de
180 3859 390 3928 jejuniis
420 3868 476 3916 et
501 3861 882 3932 eleemosynis
913 3879 1042 3916 cum
1074 3862 1330 3916 oratione
1355 3860 1668 3931 jungendis
1701 3875 1757 3912 se

112 3952 468 4012 praemonuisse
500 3952 604 4016 ait,
637 3952 707 4005 ad
735 3952 1153 4022 praecedentem
1185 3950 1440 4004 alludere
1474 3949 1750 4003 videatur.

111 4033 385 4095 Smuoxocs.

162 4123 183 4191 ς
210 4130 252 4179 6.
275 4130 358 4182 Ad
386 4131 692 4184 collationis
725 4130 894 4183 locum
921 4130 1101 4183 null-us
1131 4133 1368 4183 vestrum
1401 4129 1601 4191 irruat,
1630 4127 1755 4192 fra-

110 4214 191 4265 tres
227 4217 358 4285 mei]
391 4217 472 4271 Ad
516 4218 790 4271 Thermas
836 4216 1206 4286 Gargilianas.
1259 4217 1322 4269 In
1369 4215 1571 4268 harum
1604 4213 1755 4266 enim

110 4305 361 4358 secretario
403 4306 752 4376 Carthagine
790 4305 985 4358 habita
1016 4308 1099 4358 est
1129 4304 1377 4358 collatio.
1428 4303 1617 4354 Exstat
1653 4301 1752 4354 lib.

112 4402 138 4440 ιι
174 4391 416 4448 Veterum
484 4395 981 4466 Epigrammatum
1032 4409 1160 4464 quae
1208 4392 1452 4446 Pithaaus
1508 4390 1756 4459 collegit,

111 4479 416 4549 epigramma
451 4486 522 4539 de
564 4484 823 4538 Thermis
871 4482 1210 4554 Gargilianis
1256 4499 1287 4534 a
1327 4479 1756 4535 Thrasamundo

113 4580 213 4636 rege
239 4574 543 4640 renovatis;
593 4573 746 4643 quod
789 4576 1057 4625 versuum
1107 4569 1308 4641 primae
1343 4574 1759 4638 postremusque

111 4653 274 4712 litterae
313 4661 567 4716 indicant
614 4661 701 4715 his
729 4661 915 4715 verbis
944 4677 956 4714 :
996 4659 1438 4713 Thrasamundus
1467 4663 1592 4711 vota
1619 4673 1758 4711 sere-

110 4729 231 4798 nuns.
255 4749 403 4804 Ineu.

165 4835 281 4890 Ibid.
313 4839 564 4893 Edictum
602 4841 710 4892 viri
737 4839 970 4892 illustris
1009 4838 1221 4906 publice
1260 4837 1598 4905 propositum
1628 4835 1761 4901 legi-

109 4923 232 4992 stis]
262 4926 565 4981 Marcellini
594 4926 811 4981 tribuni
841 4932 898 4981 et
926 4925 1154 4992 notarii,
1185 4925 1284 4996 qui
1308 4925 1505 4994 judex,
1529 4923 1761 4977 Honorii

105 5012 309 5077 Augusti
374 5016 629 5080 nomine,
695 5013 928 5084 praefuit
991 5011 1303 5065 collationi.
1371 5011 1504 5079 Ejus
1553 5009 1758 5075 edicto,

109 5098 228 5162 quod
257 5099 312 5153 in
340 5102 516 5172 gestis
530 5102 732 5174 primae
749 5101 1093 5171 cognitionis
1113 5099 1454 5165 continetur,
1479 5098 1547 5151 de
1571 5098 1759 5151 admo-

110 5187 263 5240 uenda
304 5205 408 5259 per
439 5192 732 5262 episcopos
761 5190 947 5261 plebe,
980 5189 1132 5242 inter
1159 5193 1364 5241 caatera
1407 5186 1712 5240 cavebatur
1743 5201 1754 5238 :

109 5272 260 5329 Nullus
307 5295 448 5344 ergo,
511 5279 715 5350 inquit,
763 5281 845 5332 vel
889 5280 1078 5343 laicus,
1125 5277 1206 5331 vel
1258 5278 1554 5344 episcopus,
1589 5276 1756 5340 ult-ra,

110 5373 345 5419 numerum
372 5371 756 5436 prxstitutum,
802 5371 861 5421 in
890 5369 1046 5421 illum
1093 5364 1606 5433 tranquillissimum
1632 5379 1757 5416 con-

109 5450 197 5501 cilii
225 5454 384 5508 locum
433 5462 617 5510 contra
653 5456 992 5526 prohibitum
1021 5456 1277 5508 moliatur
1308 5452 1577 5506 accedere.
1619 5455 1758 5518 Quin

109 5541 255 5599 P’itius
279 5546 438 5597 etiam
467 5547 639 5613 plebes
670 5561 816 5611 suas,
847 5546 946 5614 pia
981 5546 1173 5610 quietis
1209 5559 1270 5596 ac
1307 5541 1575 5596 modestiae
1612 5555 1757 5595 com—

1888 509 2202 572 tractantes,
2253 512 2516 572 quatenus
2557 524 2590 558 a
2620 507 2708 559 die
2736 505 3126 574 disputationis
3159 522 3221 559 ac
3253 508 3361 562 loco
3408 511 3579 562 omnis

1882 610 1938 649 se
1965 596 2252 649 multitudo
2294 599 2579 661 contineat,
2611 601 2673 649 ut
2715 597 2963 662 religioso
3001 599 3285 666 patientia
3331 600 3581 665 magiste-

1883 683 1964 737 rio
2005 683 2289 738 del-initum
2323 683 2652 738 Christianae
2697 686 2823 752 paci
2863 685 3121 751 populum
3155 687 3376 752 parent.‘
3418 687 3581 749 Quod

1883 771 2127 824 edictum
2174 770 2425 839 episcopi
2478 769 2738 823 catholici
2785 786 2842 823 se
2899 771 3294 824 observaturos
3340 773 3579 842 professi

1883 864 2014 913 sunt
2044 859 2268 913 notaria
2307 876 2429 926 sua,
2482 875 2611 929 qua:
2643 858 2854 914 ibidem
2895 859 3127 913 recitata
3159 865 3262 926 est,
3309 877 3437 930 cap.
3492 865 3574 914 I6.

1885 949 2039 1001 IDEM.

1953 1035 2095 1090 Ibid.
2127 1037 2406 1091 Orationes
2438 1039 2605 1090 etiam
2628 1039 2856 1101 vestras,
2897 1039 3036 1089 sicut
3051 1037 3179 1104 jam
3209 1042 3333 1091 ante
3354 1053 3577 1105 praemo-

1879 1125 2117 1188 nuimus,
2161 1124 2395 1191 jejuniis
2425 1128 2474 1176 et
2504 1124 2848 1192 elemosynis
2890 1123 3164 1190 adjuvate.
3210 1125 3416 1178 Addite
3440 1140 3575 1194 pen—

1879 1227 1976 1264 nas
2000 1213 2129 1278 illis,
2161 1212 2356 1280 quibus
2390 1213 2573 1265 eolant
2603 1212 2677 1264 ad
2709 1211 2916 1280 Deum]
2955 1213 3166 1282 Nempe
3199 1213 3574 1283 eleemosynaa

1877 1305 1935 1354 et
1954 1300 2178 1370 jejunia
2203 1301 2472 1354 dicuntur
2498 1301 2624 1354 duae
2650 1300 2753 1352 ala:
2777 1299 2984 1370 quibus
3013 1300 3081 1353 ad
3105 1301 3305 1354 caelum
3331 1303 3574 1354 evehun-

1877 1393 1971 1441 tur
2000 1404 2216 1458 preces.
2267 1388 2401 1441 Vide
2449 1392 2568 1443 Act.
2603 1405 2656 1454 Χ,
2701 1390 2755 1455 4,
2790 1392 2844 1442 et
2884 1388 2952 1442 ad
2989 1405 3122 1442 eum
3167 1389 3357 1443 locum
3389 1389 3574 1444 inter-

1877 1482 2083 1547 pretes.

1946 1565 2218 1619 Sermone
2261 1569 2384 1632 359,
2422 1566 2606 1619 habito
2649 1570 2773 1634 post
2818 1566 3194 1635 collationem]
3241 1565 3401 1620 Prior
3441 1582 3577 1636 pars

1878 1652 2028 1706 edita
2057 1658 2143 1706 est
2169 1670 2434 1707 sermone
2481 1657 2568 1719 91,
2602 1654 2670 1707 de
2702 1653 2980 1720 Diversis;
3014 1655 3309 1724 posterior,
3343 1671 3471 1725 quae
3503 1655 3571 1708 de

1878 1741 2298 1795 Donatistarum
2330 1758 2498 1794 causa
2521 1746 2742 1806 tractat,
2771 1742 2840 1795 ab
2864 1741 2932 1794 iis
2963 1744 3191 1805 omissa,
3217 1743 3353 1813 quia
3384 1760 3449 1796 ea
3479 1760 3570 1796 ca-

1874 1847 1998 1882 rere
2030 1846 2087 1883 se
2122 1846 2287 1899 posse
2313 1830 2664 1899 judicabant.
2699 1830 2808 1883 Nos
2852 1829 3142 1900 integrum
3187 1835 3569 1900 repraesenta-

1872 1918 2078 1984 vimus,
2117 1919 2346 1989 qualem
2377 1917 2632 1972 exhibuit
2667 1919 2843 1972 codex
2872 1918 2930 1972 in
2959 1919 3166 1972 cortice
3206 1924 3488 1984 exaratus,
3512 1923 3567 1972 et

1873 2007 2108 2077 quidem
2138 2023 2172 2060 θ.
2201 2006 2349 2060 Beda
2379 2007 2635 2076 agnitum
2654 2007 2826 2061 fuisse
2851 2023 2969 2060 non
2995 2007 3421 2078 ignorabamus.
3453 2007 3568 2061 Sm-

1874 2111 2112 2150 MONDUS.

1944 2182 1971 2252 ξ
1999 2188 2050 2237 5.
2083 2186 2334 2238 Diximus
2360 2199 2513 2253 posse
2542 2187 2602 2239 in
2639 2201 2749 2239 una
2776 2187 3031 2249 Ecclesia,
3057 2188 3215 2254 pacis
3243 2200 3427 2250 causa,
3459 2200 3568 2239 esse

1870 2275 2073 2339 fratres
2116 2273 2431 2339 concordes;
2467 2275 2705 2342 speciosa
2737 2276 2877 2327 enim
2906 2289 2989 2327 res
3026 2278 3105 2327 est
3133 2274 3415 2327 concordia
3442 2276 3564 2340 fra-

1872 2361 2058 2430 trum]
2093 2363 2170 2414 Ex
2201 2362 2399 2415 eadem
2430 2363 2670 2432 epistola
2710 2362 2934 2415 notoria
2964 2379 3136 2432 quam
3185 2361 3437 2432 episcOpi
3468 2378 3564 2415 ca—

1869 2448 2066 2502 tholici
2096 2449 2417 2503 Marcellino
2461 2449 2640 2519 judici
2671 2448 3022 2516 obtulerunt,
3062 2453 3284 2503 constat
3311 2465 3406 2502 eos
3435 2466 3564 2503 cum

1870 2537 2198 2602 Donatistis,
2231 2538 2486 2591 veritatis
2519 2538 2745 2603 fiducia,
2772 2538 2848 2591 ita
2876 2537 3189 2591 condixisse
3220 2543 3284 2591 ut
3311 2537 3357 2590 si
3386 2539 3563 2592 Dona-

1869 2625 2017 2680 tistae
2052 2643 2281 2679 causam
2327 2627 2673 2686 obtinerent,
2705 2627 2978 2680 honorem
3021 2625 3171 2695 apud
3218 2642 3313 2679 eos
3340 2627 3566 2681 nullum

1869 2714 2264 2785 requirerent;
2309 2713 2397 2767 sin
2439 2713 2549 2784 ipsi
2581 2713 2818 2767 victores
2849 2714 3051 2778 forent,
3091 2714 3220 2767 illos
3261 2719 3457 2768 tamen
3504 2716 3564 2768 in

1872 2803 2197 2855 societatem
2249 2803 2610 2871 episcopatus
2666 2801 3054 2854 admitterent.
3098 2802 3184 2854 Ad
3226 2802 3372 2855 hanc
3427 2819 3562 2872 ergo

1871 2890 2200 2943 societatem
2242 2889 2535 2959 pertinent
2565 2905 2693 2959 quae
2733 2889 2838 2941 hoc
2868 2889 2990 2943 loco
3035 2889 3302 2943 dicuntur
3345 2895 3402 2943 et
3431 2907 3558 2960 quae

1793 2990 1831 3044 ρ
1871 2979 1930 3031 in
1958 2979 2158 3031 eadem
2198 2977 2422 3030 notoria
2447 2976 2627 3030 fusius
2658 2977 3032 3046 explicantur,
3079 2977 3167 3029 his
3199 2977 3381 3030 verbis
3415 2995 3427 3031 :
3459 2982 3564 3032 Ρο-

1868 3069 1994 3121 terit
2037 3069 2237 3136 quippe
2291 3068 2661 3135 unusquisque
2704 3071 2969 3133 nostrum,
3013 3067 3229 3120 honoris
3273 3067 3380 3120 sibi
3418 3071 3559 3121 socio

1868 3157 2134 3224 copulato,
2188 3157 2431 3208 vicissim
2487 3155 2668 3208 sedere
2705 3157 3046 3221 eminentius,
3094 3157 3234 3209 sicut
3280 3158 3561 3222 peregrino

1867 3243 2136 3312 episeopo,
2172 3244 2346 3310 juxta
2388 3244 2691 3297 considente
2746 3244 2966 3314 collega.
3015 3245 3120 3296 Hoc
3179 3259 3296 3296 cum
3336 3246 3561 3297 alternis

1868 3331 2109 3385 basilicis
2155 3333 2398 3398 utrisque
2429 3332 2754 3396 conceditur,
2789 3336 3013 3399 uterque
3058 3331 3126 3384 ab
3156 3333 3418 3386 alterutro
3463 3333 3561 3385 ho-

1865 3435 1992 3472 nore
2016 3423 2198 3472 mutuo
2218 3421 2578 3486 praevenitur;
2612 3421 2743 3486 quia
2773 3419 2868 3472 ubi
2889 3422 3176 3488 praeceptio
3207 3403 3455 3473 caritatis
3486 3420 3565 3472 di-

1869 3507 2121 3561 lataverit
2177 3506 2363 3573 corda,
2427 3509 2689 3574 possessio
2734 3509 2889 3574 pacis
2937 3523 3041 3559 non
3090 3510 3152 3575 ﬁt
3192 3511 3460 3575 angusta;
3502 3513 3560 3559 ut

1866 3611 1970 3649 uno
2001 3611 2182 3649 eorum
2211 3595 2481 3663 defuncto,
2517 3595 2765 3663 deinceps
2783 3596 2908 3663 jam
2931 3597 3137 3661 singuli
3153 3597 3390 3664 pristino
3419 3611 3562 3649 more

1866 3683 2170 3738 succedant.
2215 3683 2320 3737 Sed
2362 3684 2482 3754 jam
2534 3684 2672 3737 olim
2717 3701 2982 3754 respuere
3038 3685 3182 3737 banc
3233 3683 3559 3737 societatem

1867 3772 2063 3824 solitos
2098 3771 2417 3825 Donatistas
2464 3771 2628 3824 docet
2658 3771 2896 3839 Optatus
2941 3770 3040 3824 lib.
3077 3788 3111 3824 ι.
3144 3773 3215 3825 Et
3241 3774 3373 3838 quia
3402 3771 3560 3825 colle-

1866 3862 2014 3927 gium
2041 3861 2340 3930 episcopale
2370 3861 2558 3913 nolunt
2595 3859 2871 3913 nobiscum
2901 3861 3094 3912 habere
3130 3875 3418 3924 commune,
3450 3875 3557 3913 non

1866 3953 1977 4004 sint
2003 3952 2232 4018 collegae,
2268 3953 2318 4005 si
2344 3952 2569 4015 nolunt;
2605 3954 2800 4015 tamen,
2843 3953 2904 4002 ut
2945 3965 3116 4018 supra
3147 3949 3406 4010 diximus,
3438 3949 3556 4016 Ira-

1868 4043 1972 4092 tres
2001 4042 2145 4090 sunt.
2181 4038 2333 4090 lusu.

1939 4128 2076 4180 Ibid.
2117 4126 2174 4181 Si
2217 4130 2414 4196 postea
2459 4125 2742 4178 humanos
2792 4141 2849 4178 se
2880 4124 3255 4194 praebuissent
3295 4125 3559 4178 catholici

1871 4233 2006 4287 erga
2039 4215 2380 4282 Donatistas,
2430 4229 2598 4266 nemo
2648 4215 2796 4265 esset
2823 4212 2924 4282 qui
2952 4211 3075 4265 hinc
3114 4227 3232 4265 non
3278 4211 3558 4277 laudaret,

1796 4278 1840 4332 Β
1869 4311 1926 4360 et
1953 4323 1986 4359 a
2032 4304 2349 4360 Christiano
2399 4302 2589 4356 animo
2636 4301 2889 4372 profecta
2936 4317 3050 4356 non
3081 4304 3354 4355 censeret.
3400 4303 3561 4355 Nunc

1867 4411 2017 4460 vero,
2063 4397 2368 4464 postquam
2421 4391 2761 4457 Donatistas,
2807 4389 3127 4459 pertinaces
3170 4389 3403 4454 quidem
3435 4392 3560 4447 illos

1868 4489 1924 4536 et
1983 4481 2263 4549 factiosos,
2317 4480 2447 4551 quis
2501 4481 2719 4550 negat?
2785 4479 2881 4533 sed
2935 4482 3126 4532 tamen
3189 4479 3557 4552 Christianos,

1866 4588 2048 4642 usque
2098 4571 2239 4625 adeo
2286 4569 2434 4624 male
2486 4567 2839 4633 habuerunt;
2891 4571 3020 4620 sunt
3059 4567 3159 4638 qui
3204 4567 3562 4638 suspicentur

1867 4659 2170 4713 catholicos
2218 4657 2395 4727 probe
2445 4655 2640 4709 iniisse
2689 4656 2954 4722 calculos,
2996 4659 3166 4726 atque
3218 4672 3282 4709 ex
3321 4673 3560 4711 numero

1868 4748 2269 4818 episcoporum
2331 4744 2774 4810 Donatistarum,
2829 4743 3125 4814 plebisque
3177 4744 3258 4797 eis
3300 4745 3557 4813 addictze,

1867 4835 2073 4889 collato
2103 4849 2234 4886 cum
2251 4848 2494 4886 numero
2516 4831 2948 4898 catholicorum,
2972 4831 3260 4901 collegisse
3288 4847 3405 4883 non
3435 4832 3556 4886 sine

1867 4924 2046 4984 lucro,
2081 4926 2176 4976 aut
2203 4926 2355 4975 certe
2381 4920 2502 4974 sine
2527 4920 2751 4990 jactura
2779 4920 2895 4972 ulla
2915 4919 3072 4972 illam
3101 4918 3557 4987 conjunctionem

1868 5009 2242 5064 Ecclesiarum
2275 5008 2414 5061 fore.
2449 5008 2702 5061 Fortasse
2733 5010 2790 5059 et
2817 5007 2968 5060 aliud
2998 5005 3164 5058 latuit
3193 5005 3346 5073 quod
3376 5005 3560 5058 nesci-

1867 5116 2012 5152 mus.
2046 5097 2302 5151 Profecto
2336 5096 2414 5150 ita
2440 5095 2590 5149 avidi
2621 5099 2784 5148 erant
2811 5093 3070 5147 homines
3090 5106 3395 5145 aureorum
3427 5092 3554 5148 illo-

1868 5202 2017 5251 rum,
2050 5185 2097 5238 si
2135 5183 2332 5238 multis
2358 5182 2664 5248 credimus,
2706 5186 3031 5249 temporum
3062 5177 3300 5231 honoris
3329 5183 3384 5232 et
3407 5181 3560 5235 redi-

1868 5278 2032 5327 tuum
2078 5271 2510 5343 episcopalium,
2561 5275 2624 5323 ut
2661 5287 2758 5323 eos
2788 5268 2938 5321 nacti
2968 5283 3084 5319 non
3114 5265 3275 5320 facile
3305 5267 3560 5323 dimitte-

1869 5367 2014 5428 rent,
2050 5366 2219 5432 atque
2263 5361 2324 5413 in
2357 5377 2454 5413 eos
2501 5359 2820 5427 irrumpere
2852 5354 3048 5425 quavis
3103 5355 3232 5408 data
3262 5356 3559 5411 occasione

1868 5453 2205 5504 niterentur.
2274 5451 2470 5518 Itaque
2536 5444 2919 5517 periculosum
2991 5448 3111 5497 erat
3186 5461 3276 5512 ne,
3355 5451 3564 5522 praeter

1868 5544 2053 5610 pacta,
2087 5538 2183 5608 qui
2212 5537 2470 5607 superior
2499 5533 2835 5587 auctoritate
2862 5531 3086 5585 futurus
3115 5538 3238 5586 erat
3267 5550 3562 5588 successo-
