3890 6186
350 265 450 318 407

1290 268 1291 271 “
1361 262 1920 319 SUPPLEMENTUM
1959 264 2049 319 AD
2085 261 2319 319 OPERA
2356 263 2412 319 S.
2453 259 2843 318 AUGUSTINI.

3702 270 3785 325 408

344 402 491 455 rem,
518 400 624 454 pro
654 399 814 438 more
857 384 1141 451 Afrorum,
1174 384 1329 438 vivus
1377 383 1498 454 ipse
1546 384 1653 438 sibi
1687 383 2031 455 designaret.
2073 384 2118 438 A
2150 401 2300 439 anno
2329 383 2608 450 interfuit,
2643 386 2704 437 ut
2727 380 3075 453 cognitionis
3103 378 3303 451 prima:
3331 386 3479 451 gesta
3515 384 3784 447 declarant.

354 476 561 529 Notum
591 478 676 528 est
717 473 983 528 omnibus
1012 472 1351 526 diuturnum
1401 472 1648 526 schisma
1676 473 2046 527 Antiochense.

347 563 625 630 Ecclesiae,
668 578 737 616 ex
766 559 937 615 simili
968 560 1191 632 origine
1232 564 1443 614 ortum.
1497 560 1581 614 Ad
1612 560 1871 629 ﬁduciam
1898 564 2044 615 veri-

350 653 481 707 tatis
539 667 667 721 quae
705 650 797 703 hic
835 650 1085 718 jactatur
1131 649 1282 718 quod
1329 648 1556 715 attinet,
1605 664 1804 702 vereor
1846 665 1919 703 ne
1975 650 2049 705 sit

351 740 624 794 mutanda
667 738 727 791 in
781 736 1052 791 ﬁduciam
1082 736 1352 802 victoriae,
1404 752 1522 790 non
1554 732 1744 790 minus
1797 753 1863 790 ex
1918 736 2046 805 per-

354 831 546 897 specto
585 826 773 879 favore
817 823 1029 894 judicis
1062 824 1392 891 Marcellini,
1450 840 1625 895 quam
1681 840 1748 878 ex
1797 824 2048 878 bonitate

356 930 539 969 causa)
571 918 922 984 conceptam.
972 912 1204 983 Alioqui
1256 913 1642 983 periculosum
1685 912 1812 978 fuit,
1865 917 1929 967 ut
1970 911 2050 965 ita

354 1004 574 1074 loquar,
607 1001 1106 1072 compromissum,
1158 1017 1386 1055 causam
1434 1006 1516 1055 tot
1546 1001 1947 1071 episcoporum
1995 1004 2051 1053 et

356 1088 731 1144 Ecclesiarum
760 1088 902 1142 velle
924 1103 991 1141 ex
1015 1086 1233 1157 judicio
1254 1088 1426 1141 unius
1449 1087 1716 1149 hominis,
1752 1092 1809 1142 et
1837 1087 1937 1158 qui
1969 1089 2052 1142 al-

353 1177 462 1232 teri
490 1176 642 1248 parti
674 1175 932 1231 addictus
960 1180 1102 1242 erat,
1133 1175 1411 1245 pendere.

428 1262 455 1334 §
486 1266 535 1318 6.
574 1264 915 1333 Suscepimus
964 1279 1080 1317 eam
1109 1263 1361 1332 (causam
1409 1262 1709 1332 Cmciliani)
1750 1263 2052 1317 discutien—

356 1354 505 1419 dam,
537 1353 631 1406 sed
660 1356 922 1421 tanquam
938 1354 1155 1419 fratris,
1189 1368 1293 1406 non
1329 1356 1591 1420 tanquam
1615 1355 1797 1421 patris
1826 1357 1920 1406 aut
1940 1368 2054 1406 ma-

356 1443 476 1495 tris.
519 1443 681 1494 Pater
723 1442 877 1494 nobis
921 1442 1069 1494 Deus
1099 1445 1195 1508 est,
1244 1445 1416 1494 mater
1456 1440 1609 1494 nobis
1653 1442 1892 1495 Ecclesia
1934 1446 2049 1507 est;

358 1530 687 1583 Caecilianus
728 1530 906 1594 frater
944 1530 1075 1595 fuit,
1108 1527 1237 1597 etc.]
1267 1529 1331 1581 In
1360 1528 1662 1582 collatione
1693 1527 1805 1582 diei
1836 1531 1887 1595 3,
1927 1545 2050 1599 cap.

357 1620 483 1671 235.
532 1615 876 1682 Augustinus
920 1619 1196 1685 episcopus
1240 1618 1492 1671 Ecclesiae
1534 1618 1808 1671 catholica:
1862 1617 2052 1671 dicit:

357 1708 491 1759 Ecce
534 1704 675 1766 dico,
717 1706 923 1772 quoties
953 1706 1220 1758 voluerint
1258 1705 1377 1758 dico
1409 1721 1421 1757 :
1454 1706 1772 1760 Caecilianus
1820 1720 1924 1759 non
1981 1711 2060 1760 est

355 1796 514 1861 pater
566 1807 732 1859 meus,
786 1795 1039 1861 quoniam
1088 1792 1254 1846 audio
1313 1795 1601 1847 Dominum
1645 1809 1821 1847 meum
1877 1793 2057 1848 dicen-

359 1885 462 1934 tem
494 1897 507 1933 :
544 1880 623 1932 Ne
653 1878 813 1933 vobis
838 1883 1063 1949 patrem
1095 1878 1292 1934 dicatis
1322 1878 1382 1932 in
1409 1884 1581 1945 terra,
1614 1895 1763 1933 unus
1790 1882 1873 1933 est
1898 1884 2060 1950 pater

360 1971 549 2021 vester
580 1968 747 2022 Deus.
775 1970 904 2021 Dico
934 1968 1279 2022 Caecilianum
1303 1967 1551 2036 fratrem,
1590 1968 1781 2021 bonum
1808 1969 2056 2033 fratrem,

365 2058 415 2109 si
463 2055 658 2121 bonus;
720 2056 925 2109 malum
988 2058 1239 2122 fratrem,
1299 2057 1350 2109 si
1390 2056 1564 2109 malus
1612 2060 1730 2122 est;
1782 2058 2056 2124 quoniam,

362 2148 585 2213 propter
633 2146 938 2197 communia
981 2158 1157 2211 sacra,
1195 2145 1374 2209 frater
1400 2158 1545 2197 meus
1592 2148 1688 2197 est.
1722 2144 2055 2200 SIRMONDUS.

436 2231 581 2285 Ibid.
607 2232 776 2286 Semel
805 2231 993 2285 absens
1025 2232 1336 2298 damnatus,
1366 2247 1599 2302 praesens
1631 2238 1710 2286 ter
1731 2233 2056 2306 absolutus]

365 2323 677 2377 Damnatus
725 2324 913 2377 fuerat
942 2340 975 2377 a
1009 2323 1313 2378 Donatistis
1357 2324 1416 2377 in
1464 2326 1700 2395 synodo.
1755 2326 2061 2380 Absolutus

365 2417 450 2465 est
480 2412 732 2483 primum
790 2413 987 2467 Romae
1017 2412 1076 2464 in
1124 2411 1364 2465 concilio
1409 2413 1513 2465 sub
1570 2413 1915 2480 Melchiade;
1952 2413 2058 2468 ite-

365 2516 498 2559 rum
541 2501 788 2568 Arelate,
838 2517 870 2554 a
902 2499 1140 2554 concilio
1171 2501 1458 2570 generali;
1512 2506 1798 2571 postremo
1848 2502 2062 2556 Medio-

366 2589 503 2654 lani,
537 2605 571 2642 a
601 2588 975 2644 Constantino
1005 2588 1172 2659 imp.,
1200 2589 1271 2643 ad
1299 2605 1470 2660 quem
1500 2606 1632 2659 pars
1662 2590 1899 2645 adversa
1927 2607 2061 2661 pro-

363 2680 615 2731 vocarat.
652 2678 789 2731 Tota
818 2681 1010 2731 autem
1035 2677 1097 2730 in
1126 2693 1258 2731 eum
1285 2676 1611 2730 criminatio
1643 2678 1797 2748 quod
1828 2679 2063 2732 ordina-

363 2768 457 2817 tus
506 2762 708 2817 fuisset
737 2779 768 2817 a
798 2762 980 2816 Felice
1021 2762 1383 2833 Aptungensi
1413 2762 1699 2833 episcopo,
1732 2764 1833 2835 qui
1878 2781 2063 2819 sacros

363 2850 586 2905 codices
642 2851 748 2904 sub
800 2849 1149 2904 Diocletiano
1181 2850 1481 2905 tradidisse
1533 2851 1842 2906 ferebatur.
1899 2853 2059 2918 Quod

370 2938 477 2994 etsi
529 2955 730 2993 verum
771 2938 934 3003 foret,
988 2939 1058 2993 ad
1113 2938 1430 2992 schismatis
1480 2956 1708 2993 causam
1756 2940 1891 2994 satis
1942 2958 2062 2996 non

367 3033 519 3092 erat;
568 3026 704 3098 quia
749 3026 859 3080 alia
906 3030 990 3081 est
1039 3042 1207 3080 causa
1250 3027 1529 3093 Ecclesiae,
1582 3028 1692 3081 alia
1734 3028 2060 3084 hominum.

369 3116 647 3170 Caeterum
694 3130 760 3168 ex
791 3114 927 3168 actis
970 3114 1210 3185 publicis
1240 3115 1678 3185 comprobatum
1708 3121 1794 3170 est
1823 3118 2062 3172 Felicem

368 3202 702 3274 episcOpum
732 3202 1066 3256 traditorem
1098 3218 1213 3255 non
1244 3202 1435 3256 fuisse.
1468 3204 1626 3258 lnam.

438 3290 552 3362 §8.
595 3292 749 3346 Nova
787 3293 927 3344 enim
952 3292 1104 3345 nobis
1154 3294 1409 3345 nuntiata
1455 3296 1612 3357 sunt;
1643 3292 1869 3360 quidam
1904 3308 2063 3362 pres-

370 3379 558 3448 bytero
586 3383 769 3432 nostra
800 3380 1043 3444 linguam
1066 3378 1461 3452 exsecuerunt]
1488 3381 1564 3433 De
1587 3381 1765 3435 altero
1796 3382 2063 3454 episcopo

372 3465 467 3521 cui
514 3466 773 3536 linguam
807 3470 862 3520 et
893 3482 1125 3520 manum
1175 3466 1552 3537 praeciderant
1587 3470 1913 3537 Donatistae,
1946 3473 2065 3525 Au-

371 3554 638 3626 gustinus
682 3553 844 3623 epist.
884 3557 951 3608 50
981 3555 1054 3610 ad
1105 3555 1454 3610 Bonifacium
1491 3572 1503 3609 :
1535 3558 1820 3627 Episcopi,
1856 3542 2063 3630 inquit,

366 3648 419 3697 et
452 3640 636 3697 clerici
661 3643 931 3697 horrenda
968 3648 1019 3697 et
1061 3643 1203 3697 dura
1227 3647 1474 3713 perpessi
1514 3651 1659 3713 sunt,
1694 3662 1812 3715 quae
1851 3664 2067 3702 comme-

368 3747 583 3786 morare
651 3733 867 3798 longum
931 3736 1040 3801 est;
1108 3733 1325 3801 quando
1392 3735 1751 3803 quorumdam
1814 3741 1866 3791 et
1927 3739 2069 3792 oculi

367 3822 624 3874 exstincti
662 3823 804 3883 sunt,
848 3824 898 3874 et
926 3822 1214 3889 cujusdam
1257 3823 1494 3891 episcopi
1538 3840 1731 3879 manus
1778 3830 1829 3880 et
1876 3826 2068 3894 lingua

364 3910 597 3976 praecisa
628 3913 723 3962 est.
764 3908 982 3963 Calcem
1024 3909 1199 3963 etiam
1245 3915 1302 3963 et
1330 3916 1551 3965 acetum
1583 3912 1644 3966 in
1692 3915 1882 3969 oculos
1911 3915 2069 3968 cleri-

369 4013 570 4051 corum
628 3996 1083 4067 Hipponensium
1144 3998 1363 4052 misisse
1416 4006 1613 4054 narrat
1656 4002 1893 4071 epistola
1946 4005 2064 4066 I22,

370 4082 428 4140 et
472 4085 599 4139 aliis
623 4086 760 4139 locis
788 4085 899 4139 alia
934 4086 1201 4140 eumdem
1231 4085 1461 4141 illorum
1491 4088 1744 4142 furorem
1777 4090 2063 4145 testantia.

372 4175 495 4240 Quo
551 4173 725 4229 etiam
776 4177 991 4245 spectat
1047 4173 1281 4228 Honorii
1327 4176 1567 4245 Augusti
1622 4177 1950 4232 constitutio
2004 4180 2069 4233 14

374 4262 634 4330 proxime
685 4278 870 4333 nuper
916 4262 1071 4317 edita
1099 4264 1159 4316 in
1205 4264 1519 4333 appendice
1565 4265 1775 4319 codicis
1803 4266 2064 4320 Theodo-

371 4347 536 4402 siani.
566 4350 720 4402 lnam.

442 4433 583 4487 Ibid.
631 4435 870 4504 Propter
922 4434 1140 4488 nefaria
1186 4435 1308 4487 hinc
1360 4436 1573 4489 scelera
1623 4451 1823 4505 graves
1868 4454 2066 4508 pmnas

370 4520 505 4574 dare
531 4519 811 4575 debebant
848 4522 1195 4592 quicumque
1226 4537 1427 4575 eorum
1467 4523 1727 4577 convinci
1758 4528 2061 4594 poterant;

373 4608 473 4662 sed
515 4624 631 4661 non
682 4608 866 4679 quivis
914 4608 1229 4664 Donatista).
1281 4610 1452 4664 etiam
1497 4610 1734 4681 integris
1785 4613 2062 4681 moribus,

296 4764 303 4768 _
368 4699 608 4766 propter
643 4695 938 4766 Opiniones
969 4699 1181 4765 vexari,
1213 4702 1274 4753 ut
1298 4701 1417 4771 jam
1447 4701 1515 4755 ad
1544 4708 1681 4757 tom.
1720 4703 1769 4756 II
1798 4702 2061 4758 diximus.

444 4786 471 4852 §
502 4786 553 4837 9.
588 4785 907 4840 Honorastis
950 4789 1260 4855 episcopum
1294 4793 1549 4851 vestrum,
1596 4795 1658 4843 ut
1701 4791 1839 4845 hanc
1870 4792 2064 4847 basili-

369 4887 486 4926 cam
515 4874 847 4927 Florentiam
891 4891 1079 4929 vocare
1108 4877 1332 4943 velletis,
1380 4877 1475 4931 sed
1506 4879 1776 4934 Florentia
1819 4881 1936 4948 ejus
1973 4895 2064 4934 vos

369 4957 546 5032 estis.]
606 4961 1104 5025 Quemadmodum
1169 4963 1405 5019 basilica
1467 4967 1658 5021 Fausti
1721 4972 1779 5022 et
1834 4968 2065 5022 basilica

374 5049 650 5103 Leontina
670 5049 837 5104 dictm
868 5057 1003 5104 sunt
1026 5069 1058 5105 a
1090 5053 1291 5107 Fausto
1322 5058 1380 5107 et
1403 5055 1637 5109 Leontio
1658 5055 2061 5119 conditoribus,

370 5135 446 5189 sic
474 5136 779 5202 Florentia,
819 5138 929 5192 hoc
968 5138 1112 5202 loco,
1149 5139 1380 5193 basilica
1414 5141 1483 5195 de
1513 5142 1744 5196 nomine
1790 5144 2062 5198 Florentii

371 5222 638 5293 episcopi.
676 5227 847 5295 Cujus
885 5243 1020 5280 vero
1072 5227 1221 5281 sedis
1250 5228 1547 5298 episcopus
1581 5230 1753 5284 fuerit
1780 5230 2061 5286 incertum

364 5314 476 5375 est;
521 5309 631 5362 nisi
665 5311 1015 5367 Florentium
1053 5313 1303 5383 intelligi
1342 5314 1563 5383 placeat
1611 5316 2061 5386 Hipponensium

364 5396 800 5467 Diarrhytorum
848 5400 909 5453 in
938 5401 1336 5455 Proconsulari
1380 5402 1673 5471 provincia
1703 5403 2057 5475 episcopum,

365 5482 467 5555 qui
527 5487 585 5538 et
648 5486 935 5540 collationi
1003 5488 1424 5542 Donatistarum
1480 5505 1609 5543 cum
1676 5491 1895 5545 caeteris
1952 5492 2060 5548 hoc

2152 480 2211 528 et
2259 474 2474 544 aliquot
2506 475 2635 542 post
2687 486 2871 525 annos
2914 468 3135 540 Leporii
3177 469 3425 523 Monachi
3475 471 3708 542 epistolae
3732 479 3788 531 ad

2153 561 2340 617 Gallos
2380 552 2714 630 subscripsit
2759 575 2890 613 cum
2935 557 3255 629 Augustino
3301 562 3357 611 et
3401 559 3535 613 aliis.
3570 561 3714 625 Quod
3754 566 3792 619 si

2154 665 2353 703 verum
2403 652 2505 710 est,
2540 664 2658 702 non
2706 646 3071 717 Carthagine,
3103 661 3287 716 neque
3337 646 3582 717 Hippone
3622 651 3790 721 Regio,

2156 738 2249 792 sed
2284 738 2542 808 Hippone
2575 736 2872 806 Diarrhyto
2904 734 3166 789 habitum
3205 733 3314 789 dici
3343 751 3648 791 sermonem
3683 755 3793 794 con-

2155 832 2491 880 sentaneum
2517 824 2709 878 fuerit.
2743 824 3079 879 Smnoxnus.

2228 914 2372 968 Ibid.
2405 916 2527 968 Hac
2556 915 2659 968 erit
2695 914 2986 981 Florentia,
3033 927 3154 966 vere
3180 910 3492 984 Florentia]
3525 912 3607 967 Sic
3643 915 3795 985 loqui~

2157 1007 2252 1056 tur
2297 1002 2365 1057 de
2397 1000 2610 1056 caelesti
2640 1000 3013 1055 beatitudine.
3046 1001 3247 1072 Itaque
3293 1003 3620 1063 Florentium,
3648 1002 3728 1057 hic
3755 1010 3798 1057 et

2156 1090 2219 1144 in
2265 1088 2676 1161 superioribus,
2734 1089 3078 1159 interpreter
3123 1088 3192 1143 de
3234 1093 3381 1142 statu
3427 1093 3683 1144 aeternum
3716 1090 3798 1145 ﬂo-

2159 1182 2340 1244 rente,
2368 1183 2425 1232 et
2456 1193 2570 1248 quo
2619 1176 2854 1249 gloriari
2883 1192 3013 1230 vere
3044 1176 3231 1231 liceat.
3282 1177 3407 1230 H1180
3448 1181 3504 1231 et
3529 1176 3632 1231 alia
3655 1180 3800 1232 multa

2159 1266 2322 1321 ﬁnxit
2353 1266 2651 1320 Numidica
2680 1266 2804 1336 ejus
2834 1265 2939 1319 aevi
2973 1264 3266 1320 Latinitas.

2231 1355 2505 1409 Sermone
2563 1356 2685 1408 360.
2742 1356 3032 1407 Donatista
3081 1368 3329 1408 reversus
3383 1352 3455 1407 ad
3509 1354 3800 1425 Ecclesiam.)

2164 1444 2240 1496 De
2272 1447 2531 1512 tempore
2561 1441 2732 1511 hujus
2762 1440 3041 1494 sermonis
3068 1457 3199 1495 cum
3230 1440 3523 1495 afﬁrmare‘
3541 1441 3671 1494 nihil
3697 1443 3803 1496 licc-

2162 1535 2267 1597 ret,
2301 1535 2365 1584 ut
2394 1529 2670 1600 proximis
2696 1528 3068 1583 subderemus
3094 1528 3324 1584 adducti
3352 1544 3418 1582 eo
3448 1543 3648 1597 sumus,
3683 1531 3805 1600 quod

2166 1634 2232 1672 ex
2264 1617 2686 1672 Donatistarum
2730 1616 3050 1682 schismate,
3091 1620 3220 1685 post
3250 1604 3619 1680 collationem,
3661 1615 3805 1685 pluri-

2167 1723 2289 1761 mos
2320 1706 2389 1760 ad
2422 1705 2725 1760 Ecclesiam
2754 1704 2990 1758 rediisse
3016 1708 3214 1758 auctor
3243 1704 3315 1757 sit
3343 1703 3692 1773 Augustinus,
3718 1720 3808 1757 non

2166 1794 2353 1848 solum
2382 1792 2460 1846 'in
2514 1806 2777 1846 sermone
2821 1790 3188 1862 praecedenti,
3248 1790 3341 1843 sed
3392 1790 3564 1843 multo
3601 1789 3807 1859 apertius

2166 1881 2265 1935 lib.
2299 1899 2314 1934 I
2345 1884 2541 1935 contra
2566 1879 2946 1935 Gaudentium
2973 1895 3097 1950 cap.
3131 1881 3221 1933 ‘29.
3254 1880 3521 1944 Quantum
3550 1880 3809 1944 existimas,

2165 1969 2373 2041 inquit,
2404 1984 2500 2024 nos
2526 1969 2720 2022 habere
2743 1969 3140 2032 consolationis,
3174 1967 3322 2036 quod
3350 1983 3386 2021 a
3414 1972 3563 2021 tanta
3589 1967 3812 2021 demmtia

2164 2061 2344 2128 partis
2376 2059 2602 2126 Donati,
2634 2056 2730 2110 ubi
2756 2071 2862 2110 non
2891 2057 3062 2110 solum
3107 2058 3339 2122 nefariae
3376 2056 3648 2110 divisionis
3674 2071 3808 2121 error,

2164 2163 2349 2202 verum
2394 2148 2559 2200 etiam
2587 2147 2798 2212 furoris
2841 2146 2928 2199 (ea:
2953 2147 3110 2212 facta
3138 2148 3239 2213 est,
3280 2146 3431 2213 longe
3468 2150 3620 2212 atque
3643 2146 3812 2198 incom-

2164 2235 2490 2306 parabiliter
2510 2236 2676 2305 plura
2702 2235 2880 2289 millia
2911 2233 3214 2287 liberantur
3230 2233 3260 2289 ‘f
3285 2232 3608 2287 Slauounus.

2238 2321 2382 2377 Ibid.
2416 2323 2458 2377 0
2502 2324 2663 2376 vinea
2691 2323 2889 2376 dilecta
2931 2324 3154 2377 Domino
3188 2337 3325 2389 meo,
3361 2337 3466 2375 non
3500 2323 3658 2375 solum
3695 2319 3815 2375 labor

2166 2426 2313 2464 meus
2354 2412 2497 2465 nihil
2540 2410 2642 2464 tibi
2682 2410 2963 2480 proderat,
3007 2426 3193 2464 verum
3241 2414 3403 2464 etiam
3446 2415 3623 2465 contra
3657 2413 3699 2462 te
3730 2407 3813 2460 ini-

2167 2502 2303 2552 mico
2343 2504 2431 2553 tuo
2477 2499 2794 2566 serviebam,
2845 2499 2977 2568 etc.]
3025 2501 3185 2553 Hunc
3228 2514 3551 2553 sermonem
3589 2498 3815 2552 lectuma

2170 2587 2463 2641 Donatista
2512 2586 2801 2658 episcopo,
2844 2587 3118 2641 dictatum
3149 2587 3219 2641 ab
3266 2587 3582 2659 Augustino
3626 2589 3816 2639 censent

2177 2675 2418 2729 editores
2467 2675 2848 2743 Parisienses;
2896 2691 3003 2730 nec
3050 2676 3346 2730 dissentio.
3402 2675 3510 2731 Sed
3555 2689 3663 2728 non
3706 2676 3815 2743 puto

2169 2763 2729 2835 praetermittendum
2775 2764 2868 2818 hic
2922 2780 3044 2818 esse
3096 2764 3279 2819 videri
3331 2764 3505 2819 veluti
3558 2763 3814 2817 formulam

2174 2852 2507 2923 quamdam,
2559 2856 2623 2906 ut
2677 2852 2756 2906 ita
2810 2852 3015 2918 dicam,
3075 2852 3407 2923 palinodiaa,
3459 2853 3671 2924 qualem
3719 2848 3816 2902 cani

2097 2955 2137 3011 ο
2172 2941 2472 3011 oportebat
2499 2957 2532 2994 a
2576 2940 2903 2995 Donatistis.
2938 2942 3051 2996 Nec
3093 2941 3336 2996 dubium
3367 2944 3510 2996 hanc
3549 2956 3654 2995 non
3680 2939 3817 2993 fuisse

2173 3028 2440 3099 exiguam
2492 3033 2715 3099 partem
2759 3028 3041 3099 triumphi
3085 3029 3560 3084 adversariorum.
3606 3028 3701 3083 Sed
3742 3025 3817 3097 qui

2172 3132 2292 3187 prae
2322 3116 2649 3186 ignorantia
2679 3116 2739 3170 in
2769 3116 2880 3171 illis
2902 3117 3160 3187 partibus
3179 3117 3431 3183 fuerant,
3459 3134 3573 3172 non
3598 3119 3819 3187 poterant

2174 3203 2295 3257 sine
2326 3203 2484 3274 gravi
2511 3203 2725 3270 dolore,
2754 3220 2887 3258 cum
2914 3209 3074 3259 tanta
3101 3206 3469 3272 contumelia,
3504 3206 3560 3259 in
3589 3204 3816 3259 unitatem

2176 3290 2434 3344 Ecclesiae
2461 3290 2659 3360 recipi.
2694 3292 2821 3345 Haec
2848 3293 3158 3346 Pcenorum
3185 3292 3299 3347 fuit
3327 3292 3661 3347 humanitas.

2245 3377 2516 3432 Sermone
2565 3381 2668 3434 363
2698 3379 2758 3433 in
2790 3378 2959 3434 titulo
2995 3396 3007 3434 :
3033 3383 3107 3435 De
3137 3382 3371 3436 Cantico
3398 3379 3642 3451 [Emodt]
3671 3376 3816 3432 Codex

2178 3466 2387 3535 Regius
2437 3482 2763 3522 sermonem
2821 3472 3005 3538 vocat,
3072 3472 3146 3523 De
3197 3470 3430 3524 Cantica
3492 3468 3678 3534 Emodi,
3726 3468 3817 3534 post

2176 3557 2467 3608 transitum
2496 3557 2666 3609 maris
2714 3556 2907 3611 Rubri.
2953 3558 3026 3610 At
3051 3556 3110 3609 in
3139 3556 3338 3611 codice
3370 3557 3425 3613 S.
3475 3554 3700 3613 Victoris
3726 3556 3817 3606 tra-

2176 3648 2353 3698 ctatus
2381 3644 2606 3711 dicitur,
2639 3645 2894 3716 itemque
2927 3662 2962 3699 a
2998 3645 3284 3715 Possidio,
3317 3645 3417 3717 qui
3445 3644 3587 3700 inter
3613 3642 3819 3697 diversos

2175 3733 2482 3804 Augustini
2531 3737 2819 3799 tractatus,
2870 3734 3011 3788 duos
3061 3738 3494 3801 commemorat,
3537 3736 3607 3789 De
3647 3729 3818 3788 Cantica

2175 3822 2390 3889 Esaia,
2441 3827 2516 3888 et,
2548 3822 2614 3876 de
2667 3824 2897 3878 Cantica
2952 3823 3153 3879 Emodi.
3197 3822 3532 3879 SIRMONDUS.
3574 3822 3735 3872 —An
3755 3814 3819 3866 vir

2178 3909 2348 3979 longe
2394 3910 2752 3964 doctissimus
2781 3912 2989 3966 oblitus
3040 3917 3160 3966 erat
3195 3916 3464 3966 tractatus
3512 3908 3701 3981 passim
3735 3901 3818 3957 dici

2178 4013 2492 4065 sermones,
2542 4000 2741 4069 quales
2771 3999 2833 4052 in
2868 4003 3027 4053 tomo
3068 4001 3137 4053 IV
3171 4003 3459 4055 Tractatus
3488 4001 3543 4053 in
3564 3989 3818 4051 Joannem?

2178 4085 2396 4140 Nescio.
2431 4086 2539 4141 Sed
2588 4087 2729 4140 nihil
2760 4086 3137 4158 frequentius,
3169 4089 3253 4142 ita
3282 4094 3348 4143 ut
3388 4092 3615 4143 tractare
3650 4089 3698 4138 et
3719 4095 3817 4134 con-

2178 4172 2392 4226 cionari
2421 4174 2482 4227 in
2507 4174 2925 4244 Augustiniano
2955 4176 3134 4231 ferme
3164 4177 3321 4231 idem
3351 4177 3483 4232 sint.

2250 4264 2357 4327 ξι.
2405 4262 2628 4317 Sensum
2671 4268 2915 4317 nostrum
2944 4266 3002 4317 in
3051 4265 3354 4334 Scripturis
3382 4265 3578 4319 sanctis
3620 4255 3815 4315 conside-

2175 4350 2351 4403 rantis
2380 4352 2542 4418 atque
2571 4351 2871 4405 tractandis
2900 4366 3079 4418 regere
3105 4351 3260 4406 debet
3289 4351 3589 4406 earumdem
3616 4348 3814 4413 Scriptu-

2174 4452 2364 4491 rarum
2401 4440 2850 4505 manifestissima
2887 4442 3213 4506 auctoritas;
3245 4444 3307 4495 ut
3335 4456 3403 4494 em
3431 4442 3505 4493 eis
3545 4452 3653 4507 qua
3675 4432 3817 4502 aperte

2176 4526 2323 4580 dicta
2361 4531 2508 4593 sunt,
2550 4527 2624 4580 ad
2667 4528 2983 4582 nutriendos
3011 4543 3137 4593 nos;
3168 4543 3232 4583 ea
3262 4544 3382 4597 qua
3420 4527 3679 4582 obscurius
3705 4519 3818 4573 dicta

2174 4620 2320 4681 sunt,
2351 4615 2427 4669 ad
2469 4617 2787 4671 emercendos
2832 4632 2927 4672 nos
2956 4616 3195 4687 ﬁdeliter
3223 4611 3605 4685 disserantur.]
3634 4608 3816 4681 Optima

2174 4704 2429 4774 profecto
2461 4705 2679 4775 regula,
2712 4709 2767 4760 et
2787 4722 2900 4776 qua
2928 4706 3137 4761 certior
3163 4706 3225 4760 in
3257 4707 3663 4778 Scripturarum
3687 4699 3817 4752 inter-

2174 4791 2489 4861 pretatione
2520 4792 2677 4847 nulla
2708 4798 2809 4848 est.
2843 4793 3025 4863 Igitur
3054 4799 3361 4866 postquam
3397 4793 3669 4864 Scriptura
3693 4796 3816 4839 sacra

2175 4879 2452 4932 nonnulla
2484 4880 2553 4933 de
2605 4881 2722 4935 Deo
2760 4897 2865 4935 nos
2895 4882 3106 4949 docuit,
3138 4882 3217 4936 ita
3261 4887 3324 4937 ut
3360 4883 3428 4936 de
3469 4893 3655 4935 eorum
3680 4884 3813 4927 sensu

2174 4982 2344 5020 nemo
2373 4967 2632 5021 dubitare
2663 4969 2860 5038 possit,
2894 4969 3003 5023 nisi
3046 4970 3328 5039 insaniat;
3360 4981 3641 5041 nunquam
3678 4957 3809 5033 quid-

2174 5071 2347 5132 quam
2391 5071 2456 5109 ex
2494 5056 2748 5111 obscuris
2780 5058 2913 5111 locis
2941 5058 3310 5127 eliciendum,
3342 5058 3494 5130 quod
3523 5056 3587 5110 iis
3614 5052 3677 5106 sit
3700 5060 3810 5103 con-

2174 5144 2430 5198 trarium.
2484 5145 2739 5215 Exempli
2789 5162 2976 5213 causa,
3028 5147 3173 5201 nihil
3216 5147 3422 5202 clarius
3469 5145 3528 5199 in
3571 5139 3814 5209 Scripllll'a

2090 1670 2132 1725 B

2095 4245 2139 4299 D

2171 5248 2328 5285 sacra
2369 5233 2601 5287 docetur
2648 5250 2822 5304 quam
2871 5236 3051 5289 Deum
3097 5252 3216 5289 esse
3266 5234 3505 5299 bonum,
3537 5227 3811 5287 misericor-

2172 5320 2322 5387 dem,
2352 5336 2415 5375 ac
2439 5322 2678 5392 justitiaa
2702 5323 3096 5378 observantem
3121 5341 3134 5390 ;
3164 5324 3272 5378 hoc
3298 5329 3401 5389 est,
3432 5322 3527 5393 qui
3557 5334 3643 5373 reo
3664 5309 3811 5387 possit

2172 5409 2406 5479 quidem
2433 5410 2748 5481 ignoscere,
2787 5415 2843 5465 et
2872 5428 3066 5467 revera
3093 5412 3370 5483 ignoscat,
3418 5409 3575 5465 certis
3607 5401 3807 5473 legibus-

2174 5498 2271 5552 sed
2310 5498 2411 5568 qui
2465 5498 2830 5554 innocentem
2880 5500 3127 5572 plectere
3154 5502 3418 5571 nequeat.
3472 5495 3573 5562 Qui
3599 5493 3653 5547 in
3689 5484 3808 5543 Scri-
