3920 6180
150 315 224 366 mg
903 290 1259 346 VARIORUM
1304 290 1902 348 EXERCITATIONES
1944 292 2006 346 IN
2048 293 2103 345 S.
2144 291 2514 347 AUGUSTINI
2554 290 2805 346 OPERA.
3444 292 3551 345 410

147 438 263 503 mm
285 428 381 479 hinc
404 435 503 473 non
529 415 792 491 inveniet,
828 413 973 467 nihil
1020 414 1270 485 profecto
1314 415 1373 468 in
1420 433 1484 469 ea
1517 418 1734 473 intelli—
1772 411 1815 464 A
1848 418 1933 467 est
1963 418 2082 469 tota
2112 416 2358 469 narratio
2390 414 2457 468 de
2486 414 2740 480 homine,
2769 414 2869 485 qui
2895 413 2963 467 de
2996 412 3178 483 pretio
3209 414 3376 467 solidi
3411 431 3549 485 pau-

147 502 233 590 get;
259 512 443 568 nullum
472 505 615 559 enim
648 504 859 573 dogma
891 503 1097 572 majori
1124 504 1530 575 perspicuitate
1560 509 1741 569 habe-
1852 508 2081 573 peribus
2128 511 2409 576 erogaret.
2468 508 2545 558 Ac
2586 510 2746 557 vetus
2778 519 2910 556 sane
2948 503 3055 556 ista
3093 502 3370 558 confusio.
3406 505 3548 558 Nam

151 614 230 660 tur.
253 604 341 655 Hoc
378 598 549 649 autem
591 592 794 662 posito,
851 608 915 644 ex
962 592 1218 645 obscuris
1268 593 1559 647 nonnullis
1608 595 1743 647 locis
1854 602 1908 650 et
1931 595 2231 649 sermoille
2264 598 2329 647 50
2361 593 2832 663 inmanuscriptis
2858 593 2996 645 nihil
3038 593 3321 663 discrepat
3363 609 3396 646 a
3424 594 3547 647 vul-

148 710 226 749 non
248 682 679 752 suntcolligendze
713 680 983 734 doctrinm
1015 696 1145 750 quae
1180 698 1409 735 onmem
1452 684 1739 751 bonitatis,
1854 686 2019 755 gatis,
2052 690 2109 739 et
2140 686 2293 737 hunc
2309 689 2567 737 nostrum
2590 684 2835 737 fideliter
2859 682 3235 751 expressimus
3266 698 3330 735 ex
3354 682 3549 736 codice

140 773 461 835 misericordia:
502 786 562 823 ac
606 769 841 838 justitize
893 769 1120 823 Iaudem
1153 772 1265 823 Deo
1307 772 1609 825 manifesto
1639 773 1739 825 de-
1855 775 2028 843 Regio
2061 778 2116 828 et
2138 774 2312 826 altero
2345 773 2397 825 S.
2428 774 2664 825 Victoris
2698 773 2787 825 DD
2828 774 2909 823 t2.
2942 772 3099 825 lusu.

136 867 340 927 trahunt;
368 858 539 930 qualia
563 861 695 909 sunt
720 856 985 925 dogmata
1007 856 1105 909 illa
1131 872 1376 926 quorum
1395 859 1742 912 confirman-
1927 864 1954 933 ξ
1990 868 2039 917 3.
2076 866 2215 917 Cum
2244 863 2492 928 solidum,
2524 867 2582 915 ut
2620 860 2835 925 assolet,
2877 860 3229 915 vendidisset.
3260 858 3281 930 ]
3342 860 3549 923 Quanti

132 958 282 1009 dorum
321 964 494 1012 causa,
540 946 690 999 hisce
754 944 1130 1015 temporibus,
1176 947 1382 1000 caelum
1434 954 1603 1001 terras
1637 948 1745 1000 mi-
1854 953 2103 1006 solidum
2121 967 2355 1004 aureum
2378 950 2701 1003 vendiderit
2722 966 2838 1002 non
2866 950 3110 1003 declarat
3138 966 3149 1015 ;
3178 948 3423 1017 intelligi
3445 965 3546 1002 au-

130 1044 333 1095 scuerunt
356 1035 616 1091 Africani».
644 1033 859 1102 synodi.
904 1034 1097 1103 Neque
1128 1034 1220 1087 hic
1243 1035 1451 1088 dixeris
1484 1036 1542 1089 in
1575 1037 1745 1090 rebus
1854 1046 1969 1095 tem
2000 1044 2184 1110 potest
2204 1056 2266 1092 ex
2299 1039 2522 1091 novella
2552 1037 2935 1091 Valentiniani
2972 1040 3037 1089 25
3096 1036 3245 1090 inter
3297 1036 3551 1090 Theodo-

127 1126 281 1182 divinis
316 1121 583 1194 profunda
630 1136 750 1173 esse
793 1122 1056 1191 quaedam
1096 1139 1225 1192 qua:
1256 1124 1472 1194 ingenii
1507 1126 1745 1181 humani
1855 1129 2059 1193 sianas,
2096 1144 2209 1197 qua
2229 1132 2456 1180 cautum
2492 1129 2596 1192 est,
2628 1142 2690 1177 ne
2710 1140 2947 1193 unquam
2980 1127 3127 1177 intra
3147 1129 3343 1192 septem
3372 1125 3547 1178 millia

125 1230 307 1269 acumen
340 1211 593 1280 fugiunt;
642 1226 773 1263 nam
818 1226 935 1263 non
978 1212 1188 1266 debent
1225 1229 1291 1266 ex
1314 1214 1568 1267 obscuris
1608 1215 1745 1269 locis
1854 1233 2191 1272 nummorum
2237 1216 2442 1270 solidus
2476 1215 2837 1268 distrahatur.
2878 1212 3246 1267 Cassiodorus
3278 1228 3369 1265 sex
3408 1211 3545 1265 olim

123 1302 344 1375 profunda
388 1300 480 1352 illa
520 1299 662 1368 ﬁngi
711 1315 840 1368 qua:
893 1305 1217 1369 repugnent
1241 1301 1408 1354 claris
1439 1303 1744 1373 Scriptura:
1855 1306 2107 1361 millibus
2127 1306 2420 1359 venditum
2446 1304 2602 1357 docet
2631 1303 2728 1355 lib.
2751 1320 2766 1354 1
2789 1300 3106 1365 Variarum,
3132 1300 3294 1371 epist.
3316 1303 3398 1365 10,
3421 1301 3544 1367 Sese,

119 1390 448 1461 dogmatibus;
501 1391 562 1440 ut
600 1387 646 1439 Si
680 1388 858 1439 Deum
903 1387 1075 1440 faCiaS
1123 1388 1410 1441 crudelem
1455 1395 1552 1443 aut
1598 1390 1744 1459 inju-
1855 1396 2062 1465 inquit,
2090 1394 2264 1449 millia
2295 1395 2641 1448 denariorum
2672 1392 2901 1447 solidum
2922 1406 3030 1443 esse
3059 1392 3356 1443 voluerunt.
3392 1390 3546 1444 IDEM.

119 1485 244 1543 stum,
273 1482 327 1529 ut
351 1477 527 1529 locum
560 1474 862 1528 obscurum
905 1475 1167 1545 explices.
1218 1478 1390 1530 Multo
1435 1478 1745 1548 sapientius
1925 1484 2064 1538 Ibid.
2099 1486 2327 1537 Centum
2353 1484 2506 1549 folles
2527 1499 2593 1535 ea:
2618 1483 2791 1550 pretio
2821 1480 2985 1534 solidi
2993 1479 3347 1547 pauperibus,
3375 1479 3549 1545 jussit

115 1568 169 1619 illi
192 1566 375 1618 faciunt
397 1564 493 1634 qui
522 1564 569 1617 si
596 1565 958 1617 commodam
987 1581 1049 1617 ac
1070 1565 1498 1620 convenientem
1527 1572 1745 1621 caetera:
1854 1570 2082 1639 erogari.
2122 1569 2141 1641 ]
2179 1571 2355 1623 Folles
2385 1585 2562 1622 aereos
2594 1568 2748 1633 dicit,
2783 1584 2901 1620 non
2930 1571 3248 1636 argenteos.
3282 1563 3551 1635 Argentei

113 1656 353 1725 Scriptores
382 1654 719 1706 sententiam
745 1653 1000 1706 invenire
1041 1658 1349 1724 nequeant,
1397 1655 1647 1709 fatentur
1676 1673 1741 1709 ea
1775 1715 1814 1727 ﬁ
1856 1659 2008 1714 enim
2041 1659 2200 1712 folles
2233 1660 2463 1711 centum
2491 1673 2622 1727 pars
2655 1655 2818 1709 solidi
2849 1655 3055 1725 exigua
3084 1670 3200 1707 non
3238 1656 3442 1707 essent.
3483 1653 3552 1707 Ut

112 1715 246 1796 locaa
272 1760 323 1795 se
351 1758 458 1795 non
483 1741 730 1810 intelligi
758 1758 772 1805 ;
798 1758 971 1811 quam
1002 1742 1101 1812 qui
1132 1715 1213 1795 ita
1237 1759 1303 1795 ea
1338 1715 1644 1813 explicant,
1680 1750 1743 1799 ut
1775 1715 1816 1770 Β
1854 1748 2111 1802 denarios
2144 1762 2279 1816 ergo
2300 1715 2665 1815 appellabant
2688 1750 2807 1797 tum
2831 1715 3151 1815 argenteos,
3174 1746 3297 1795 tum
3330 1757 3547 1797 mreos:

111 1830 347 1883 manifesta
381 1834 548 1899 atque
590 1830 737 1882 acris
782 1845 977 1899 pugna
1022 1830 1275 1883 locorum
1337 1831 1641 1901 Scripturee
1686 1838 1743 1887 et
1855 1837 1933 1889 sic
1978 1834 2141 1889 folles
2192 1834 2445 1904 argentei
2488 1833 2586 1885 alii
2635 1832 2883 1897 fuerunt,
2935 1832 3030 1884 alii
3082 1830 3235 1884 aerei.
3308 1830 3547 1884 Follium

107 1923 376 1989 dogmatum
420 1918 873 1987 theologicorum
906 1918 965 1970 in
1007 1918 1327 1973 doctrinam
1362 1920 1741 1975 Christianam
1854 1940 2137 1977 aereorum
2172 1922 2328 1975 valor
2353 1925 2450 1974 aut
2480 1922 2628 1974 idem
2654 1920 2759 1973 fuit
2788 1936 2852 1972 ac
2883 1934 3252 1972 nummorum
3303 1934 3401 1971 seu
3450 1918 3550 1972 de-

106 2008 469 2063 intromittatur.
520 2008 702 2061 Nullas
748 2006 1184 2061 exclamationes
1226 2010 1541 2077 rhetoricae,
1590 2012 1743 2063 nulla
1852 2012 2165 2075 uariorum,
2202 2025 2447 2079 quorum
2474 2025 2568 2061 sex
2600 2013 2885 2078 septemve
2920 2008 3100 2060 millia
3128 2007 3184 2059 in
3219 2006 3397 2059 solido
3418 2022 3548 2058 cen-

106 2097 438 2167 episcoporum
468 2097 859 2160 anathemata,
892 2096 1049 2149 nulla
1077 2112 1279 2165 regum
1302 2098 1485 2151 edicta
1524 2104 1742 2152 rectum
1852 2100 2140 2166 sebantur,
2176 2102 2272 2151 aut
2300 2096 2598 2165 utriusque
2629 2095 2855 2165 generis
2883 2111 2997 2147 non
3028 2109 3303 2163 magnum
3346 2093 3551 2146 discri-

105 2190 148 2237 ut
192 2184 449 2253 posterius
508 2184 676 2237 bonis
727 2200 791 2236 ac
836 2184 1212 2253 prudentibus
1282 2186 1418 2239 viris
1484 2188 1744 2241 videatur
1856 2204 2005 2242 men.
2042 2186 2221 2240 Folles
2252 2190 2445 2238 autem
2476 2182 2753 2253 argentei,
2788 2181 3090 2252 Augustini
3122 2197 3262 2245 aevo,
3294 2180 3431 2251 quid
3461 2196 3552 2233 va-

108 2271 312 2324 eilicient.
339 2272 513 2323 Facile
546 2270 673 2323 fieri
698 2274 887 2340 potest
908 2275 971 2323 ut
994 2288 1110 2323 non
1130 2272 1523 2342 intelligamus
1556 2275 1739 2329 locum
1853 2278 2034 2331 lerent
2064 2273 2337 2329 aestimari
2362 2276 2541 2343 potest
2564 2288 2631 2324 ex
2662 2273 2785 2341 lege
2810 2274 2838 2325 3
2871 2270 2997 2325 cod.
3041 2269 3236 2324 Theod
3307 2268 3376 2323 de
3422 2284 3550 2322 sua-

101 2360 364 2429 Scriptura),
394 2360 492 2413 sed
522 2359 651 2412 ﬁeri
682 2360 884 2429 nequit
914 2365 977 2412 ut
1009 2376 1199 2414 secum
1229 2361 1351 2432 ipsa
1380 2369 1619 2432 pugnet,
1652 2366 1744 2418 de-
1852 2366 1970 2429 riis,
2024 2380 2152 2433 quae
2201 2362 2451 2432 porcina;
2500 2361 2747 2430 pretium
2798 2360 2856 2413 in
2900 2359 3152 2429 singulas
3190 2358 3363 2411 libras
3403 2357 3553 2411 senis

104 2448 343 2517 trahatque
388 2448 499 2500 Deo
555 2448 713 2517 quod
764 2447 847 2501 illi
892 2447 1221 2502 clarissimis
1269 2450 1473 2517 verbis,
1527 2453 1741 2522 astipu-
1854 2454 2082 2507 follibus
2133 2451 2354 2517 definit,
2407 2457 2463 2503 et
2511 2466 2575 2503 ex
2626 2448 2695 2501 iis
2741 2465 2870 2519 quae
2918 2450 2986 2501 de
3024 2447 3307 2503 Florentio
3338 2450 3551 2500 sartore

104 2538 211 2589 tante
237 2536 397 2589 etiam
424 2542 583 2589 recta
613 2536 851 2601 ratione,
886 2537 1101 2591 tribuit.
1856 2540 2204 2613 Hipponensi
2236 2540 2521 2593 habentur
2553 2539 2621 2591 de
2652 2537 2887 2591 Civitate
2921 2536 3019 2591 Dei
3041 2537 3136 2590 lib.
3172 2552 3303 2599 XXII,
3337 2552 3458 2605 cap.
3494 2538 3547 2601 8,

149 2624 380 2677 Sermone
410 2628 537 2677 366.
586 2625 671 2679 De
718 2627 927 2693 psalmo
970 2642 1101 2678 XXII.
1136 2625 1153 2693 ]
1186 2627 1249 2679 In
1280 2626 1471 2681 codice
1510 2628 1563 2682 S.
1608 2630 1739 2682 Ger-
1854 2630 1880 2699 ἓ
1916 2634 1969 2686 0.
2004 2628 2312 2698 Utrobique
2344 2627 2498 2681 enim
2525 2641 2839 2694 congruere
2871 2623 3063 2677 omnia
3084 2627 3342 2693 possunt,
3376 2623 3422 2675 si
3447 2638 3551 2691 pro

104 2712 226 2777 mani,
272 2712 418 2766 unde
466 2714 728 2783 primum
778 2714 847 2766 ad
898 2729 1001 2767 nos
1034 2715 1293 2778 pervenit
1340 2720 1394 2769 et
1425 2716 1483 2768 in
1519 2717 1741 2772 duobus
1850 2719 2079 2771 follibus
2126 2732 2273 2769 asses
2322 2716 2438 2767 sive
2491 2712 2659 2766 solidi
2707 2716 3007 2765 sumantur
3046 2715 3293 2764 moneta:
3338 2715 3547 2763 nostrae

104 2800 354 2853 S.\'ictoris
402 2800 487 2855 CC
533 2804 565 2853 6
601 2806 658 2854 et
706 2803 797 2855 DD
850 2818 909 2865 ιι,
950 2802 1147 2856 titulus
1185 2810 1269 2855 est
1303 2820 1316 2857 :
1365 2808 1652 2873 Expositio
1681 2809 1736 2863 S.
1852 2807 2178 2861 Gallicana.
2219 2805 2360 2858 Nam
2394 2806 2449 2855 et
2478 2801 2729 2871 porcinm
2762 2799 2820 2852 in
2846 2799 3099 2868 singulas
3130 2797 3299 2851 libras
3335 2797 3550 2851 solido-

107 2890 331 2953 Augastini
359 2890 424 2944 de
441 2890 666 2959 psalmo
692 2906 823 2943 xxn.
858 2893 1042 2960 Atque
1070 2890 1131 2943 in
1159 2891 1245 2944 his
1272 2893 1538 2946 omnibus
1584 2896 1740 2949 libris
1850 2911 1980 2948 rum
2008 2911 2103 2947 sex
2129 2893 2345 2962 justum
2379 2889 2546 2942 fuerit
2589 2887 2858 2956 pretium,
2912 2893 2968 2939 et
3016 2885 3290 2955 grandem
3334 2884 3549 2955 piscem

114 2974 283 3030 insertus
333 2982 437 3044 est,
494 2984 775 3049 tanquam
824 2980 1027 3033 eodem
1064 2984 1343 3050 spectans,
1408 2982 1643 3035 diversis
1681 2984 1734 3037 S.
1771 2998 1809 3053 ρ
1854 2982 2119 3037 trecentis
2154 2980 2373 3033 assibus
2402 2977 2608 3032 nostris
2634 2976 2798 3029 vetuli
2831 2974 2973 3028 nihil
3005 2978 3088 3027 est
3123 2973 3374 3027 absurdi.
3425 2973 3546 3036 Quo

107 3067 339 3131 Augustini
366 3068 879 3122 lucubrationibus
911 3074 1109 3122 contra
1141 3070 1490 3139 Pelagianos.
1524 3072 1586 3123 In
1620 3072 1738 3125 Col-
1850 3072 1913 3123 tit
1943 3074 2005 3122 ut
2034 3068 2257 3121 follium
2290 3070 2346 3119 et
2374 3064 2689 3117 solidorum
2721 3061 3062 3115 nostratium
3098 3060 3348 3114 valerem
3389 3075 3552 3113 eum-

99 3152 253 3208 lergtorii
291 3161 452 3224 parte
506 3160 562 3225 3,
595 3158 797 3221 Sermo,
840 3172 932 3211 seu
980 3160 1250 3226 expositio
1280 3173 1441 3226 super
1466 3159 1736 3227 psalmum
1853 3159 1982 3212 dem
2015 3157 2293 3227 conjicere
2324 3155 2510 3217 liceat,
2536 3152 2621 3204 vel
2652 3150 2901 3204 affinem.
2937 3151 3143 3202 Verum
3165 3148 3283 3201 haec
3320 3148 3389 3201 de
3418 3147 3550 3200 folle

98 3254 191 3292 mi.
224 3243 447 3297 Ilabitus
474 3250 563 3299 est
594 3245 665 3297 ad
689 3245 1082 3315 baptizandos.
1121 3246 1453 3300 Sinuoxnus.
1854 3244 2201 3316 accipienda,
2252 3247 2533 3311 quatenus
2581 3244 2797 3293 certum
2847 3237 3069 3291 nummi
3120 3252 3300 3305 genus
3336 3236 3551 3306 signiti-

139 3328 371 3386 Sermone
402 3336 531 3388 389.
568 3332 584 3404 ]
628 3334 1055 3405 Posteriorpars
1084 3335 1281 3388 eadem
1302 3340 1385 3389 est
1402 3352 1529 3389 cum
1555 3339 1741 3404 poste-
1856 3340 1962 3388 cat.
2006 3333 2174 3388 Follis
2201 3331 2355 3385 enim
2379 3329 2504 3383 aliae
2534 3332 2685 3393 sunt,
2710 3327 2771 3379 in
2800 3343 2859 3379 re
2885 3325 3233 3397 pecuniaria,
3256 3323 3546 3390 notiones,

94 3414 199 3470 rinre
244 3424 490 3476 semonis
537 3426 609 3477 50
660 3424 735 3476 De
784 3428 1063 3494 tempore,
1110 3425 1221 3478 nisi
1251 3425 1403 3495 quod
1433 3426 1511 3478 ibi
1537 3425 1744 3478 omissa
1856 3440 1985 3494 qum
2018 3423 2085 3476 ad
2120 3436 2240 3474 rem
2262 3421 2367 3474 hoc
2399 3419 2521 3472 loco
2555 3433 2671 3471 non
2702 3416 2933 3469 faciunt.
2970 3416 3119 3468 lusu.

1292 3701 1389 3768 IN
1476 3701 1822 3769 TOMUM
1902 3697 2350 3768 SEXTUM.

1644 3856 1956 3869 -————-

246 3936 658 3993 DESIDERIUS
682 3937 999 3993 ERASMUS
1021 3939 1111 3992 AD
1138 3938 1522 4005 LECTOREM,
2376 3930 3037 3989 ANIMADVERSIONES

494 4044 565 4080 DE
615 4042 1019 4087 QUESTIONIBUS
1049 4044 1272 4081 LXXXIII.
2223 4041 2277 4077 IN
2310 4040 2516 4077 EASDEI
2558 4037 2897 4082 QUESTIONES
2936 4033 3162 4071 LXXXIII.

126 4122 366 4187 Agnoscit
399 4124 646 4195 quidem
676 4125 784 4178 hoc
814 4141 955 4193 opus
977 4123 1351 4193 Augustinus,
1379 4121 1518 4175 mihi
1543 4126 1735 4176 tamen
1917 4124 2123 4187 Quaest.
2152 4124 2202 4173 9.
2230 4120 2381 4186 Quod
2423 4135 2530 4174 non
2562 4123 2742 4172 manet
2778 4117 2992 4186 percipi
3031 4129 3136 4167 non
3175 4115 3372 4181 potest,
3405 4111 3546 4165 illud

80 4203 257 4260 ridetur
285 4225 316 4261 a
369 4213 634 4265 studioso
673 4212 949 4282 quopiam
998 4228 1061 4264 ex
1096 4210 1363 4263 omnibus
1397 4210 1546 4262 illius
1580 4210 1737 4264 libris
1846 4214 1986 4265 enim
2012 4212 2317 4280 percipitur
2347 4209 2491 4276 quod
2521 4208 2745 4261 scientia
2774 4201 3258 4272 comprehenditur.
3285 4198 3545 4267 Compre-

74 4293 342 4359 cellectum,
388 4299 453 4351 in
505 4300 664 4369 quod
706 4303 1041 4368 congestum
1072 4302 1158 4351 est
1186 4298 1232 4350 si
1261 4297 1397 4367 quid
1428 4298 1736 4352 haberetur
1769 4312 1812 4365 1)
1852 4300 2014 4353 hcndi
2056 4304 2234 4351 autem
2275 4313 2381 4350 non
2408 4300 2580 4365 potest
2620 4294 2762 4362 quod
2797 4295 2911 4346 sine
2941 4290 3332 4344 intermissione
3359 4290 3545 4339 muta-

75 4382 285 4447 argutius
332 4385 672 4439 dissertum.
722 4385 863 4438 Huic
908 4384 1096 4438 studio
1147 4385 1339 4437 favens
1387 4384 1738 4453 Augustinus
1826 4393 1956 4444 .tur.
1999 4387 2113 4441 Non
2142 4390 2219 4439 est
2268 4386 2439 4451 igitur
2477 4382 2841 4452 exspectanda
2886 4381 3169 4434 sinceritas
3220 4376 3469 4429 veritatis
3510 4389 3545 4426 a

72 4473 380 4543 recognovit;
432 4478 493 4526 et
549 4474 816 4543 quaedam
865 4472 1131 4525 elimavit.
1168 4473 1321 4524 Hanc
1351 4473 1738 4541 conjecturam
1846 4476 2086 4528 sensibus
2108 4469 2415 4542 corporis]
2450 4470 2537 4524 Sic
2582 4468 2745 4522 solvit
2765 4466 3115 4537 Augustinus
3145 4462 3542 4533 qumstionem,

75 4566 159 4607 non
186 4561 412 4614 omnino
437 4561 733 4614 somnium
758 4576 876 4614 esse
903 4560 1152 4615 declarat
1169 4558 1330 4625 illud,
1356 4560 1509 4629 quod
1530 4566 1732 4631 quaest.
1845 4568 2042 4617 utrum
2089 4561 2347 4614 sensibus
2379 4558 2670 4629 corporeis
2720 4556 2935 4627 percipi
2968 4554 3171 4607 veritas
3210 4550 3411 4621 possit.
3455 4550 3549 4603 Est

78 4644 120 4693 ti’
144 4644 295 4701 habet
324 4650 722 4720 fragmentum
755 4665 818 4702 ex
859 4647 1057 4702 Fontei
1086 4647 1246 4701 libris
1289 4648 1639 4719 decerptum.
1676 4651 1739 4703 Et
1848 4650 2139 4706 Platonica
2163 4647 2539 4711 ratiocinatio,
2572 4648 2733 4716 cujus
2764 4645 2893 4716 quis
2920 4645 2994 4697 sit
3022 4659 3159 4696 usus
3204 4656 3321 4694 non
3368 4637 3545 4691 intel-

74 4744 163 4798 Cap.
193 4736 245 4787 3t
283 4737 464 4791 habet
506 4738 699 4791 locum
744 4753 807 4791 ex
857 4735 1103 4789 secundo
1133 4736 1201 4789 M.
1235 4736 1403 4789 Tullii
1433 4737 1502 4790 de
1530 4738 1735 4792 Inven-
1847 4740 2003 4810 ligo;
2038 4737 2149 4791 nisi
2180 4737 2227 4789 si
2267 4735 2395 4806 quis
2438 4735 2573 4788 velit
2619 4735 2678 4788 in
2721 4733 2963 4787 dubium
2995 4744 3254 4785 revocare
3284 4725 3540 4780 testimo-

74 4814 190 4875 tione
217 4823 357 4879 libro
387 4825 774 4896 descriptum.
814 4826 957 4879 Sunt
986 4829 1179 4878 autem
1212 4829 1267 4878 et
1295 4824 1405 4878 alia
1437 4842 1564 4895 quae
1596 4827 1738 4879 mihi
1850 4829 2010 4882 nium
2060 4841 2332 4880 sensuum
2378 4825 2439 4877 in
2487 4824 2656 4877 rebus
2697 4822 3007 4892 corporeis,
3058 4836 3170 4891 quo
3200 4822 3392 4870 tamen
3419 4814 3544 4881 ipsa

71 4920 157 4959 non
178 4911 434 4967 videntur
465 4930 574 4984 per
604 4914 797 4968 omnia
826 4930 1023 4984 sapere
1056 4912 1287 4983 phrasin
1308 4914 1627 4983 Augustini.
1655 4915 1737 4969 Ad
1846 4916 2169 4971 Christiana
2213 4914 2352 4967 ﬁdes
2402 4912 2625 4966 nititur.
2673 4911 2795 4965 Scio
2855 4906 3242 4981 philosophico
3292 4901 3542 4972 quodam

71 4994 160 5047 iure
186 5008 338 5055 erant
370 5004 644 5073 quaedam
671 5003 926 5067 confusa,
962 5003 1048 5055 vel
1068 5003 1179 5055 huc
1206 5004 1478 5056 translata
1499 5020 1561 5056 ex
1586 5020 1737 5074 quae-
1845 5022 2008 5058 sensu
2044 5019 2206 5072 posse
2234 5002 2344 5055 dici
2375 5017 2572 5054 sensus
2603 5018 2634 5053 a
2668 5002 2782 5053 Deo
2806 4998 2971 5052 nobis
3002 4997 3160 5049 datos
3208 5006 3322 5043 non
3368 4987 3541 5041 fuisse

65 5082 296 5138 stionibus
364 5089 837 5157 Evangeliorum,
899 5089 984 5143 vel
1040 5089 1175 5141 hinc
1235 5090 1332 5143 illo
1375 5091 1731 5143 transmissa.
1844 5096 1906 5145 ut
1938 5090 2200 5143 intimam
2224 5104 2416 5143 rerum
2448 5092 2733 5152 naturam,
2781 5092 2837 5139 et
2883 5084 3148 5136 veritates
3178 5076 3421 5131 occultas
3451 5090 3543 5127 eo-

70 5167 315 5228 Postremo
342 5178 536 5230 multa
560 5183 691 5231 sunt
720 5194 848 5248 quin
884 5194 997 5231 non
1027 5178 1239 5232 habent
1274 5178 1446 5231 ullam
1487 5178 1733 5247 speciem
1842 5196 1972 5234 rum
2000 5194 2108 5249 ope
2130 5192 2531 5247 cognoscamus
2554 5196 2573 5241 ;
2627 5176 2724 5229 sed
2754 5176 2876 5227 haec
2904 5172 2970 5225 ad
3005 5166 3351 5235 theologicae
3382 5179 3539 5235 qure-

66 5262 375 5329 quustionis,
407 5265 530 5318 nisi
562 5266 712 5335 quod
742 5266 1023 5337 quidquid
1043 5266 1229 5320 doceri
1250 5272 1455 5337 potest,
1492 5267 1644 5319 idem
1682 5270 1735 5320 et
1842 5269 2054 5321 stiones
2080 5282 2193 5319 non
2229 5266 2535 5335 pertinent.
2571 5264 2743 5318 Multa
2782 5262 2873 5315 hic
2916 5261 3049 5312 sunt
3089 5270 3213 5326 quae
3266 5252 3541 5307 Platonis-

68 5350 209 5411 qllZPt‘l
240 5357 446 5419 potest.
486 5355 574 5407 Ita
606 5359 686 5407 tot
714 5360 1015 5409 nascentur
1041 5357 1385 5426 quaestiones
1414 5360 1553 5425 quot
1601 5360 1734 5409 sunt
1842 5374 2003 5412 mum
2034 5357 2313 5410 redolent.

65 5440 340 5503 Sententiae,
377 5441 505 5496 sive
542 5444 856 5514 proloquia.
890 5445 1081 5515 Ipsum
1113 5449 1305 5499 tamen
1340 5459 1483 5514 opus
1536 5444 1730 5498 erudi-
1913 5446 2122 5510 Quaest.
2162 5447 2247 5499 16.
2290 5447 2427 5498 Deus
2466 5445 2701 5498 omnium
2731 5455 2847 5508 qua:
2876 5443 3008 5492 sunt
3029 5451 3194 5493 causa
3233 5437 3328 5490 est.
3390 5433 3543 5504 Quod

66 5522 155 5573 tum
179 5531 256 5579 est
279 5534 333 5581 et
365 5530 533 5583 lectu
563 5531 823 5599 dignum.
1840 5540 2015 5588 autem
2053 5536 2287 5588 omnium
2329 5548 2506 5586 rerum
2560 5546 2723 5584 causa
2767 5533 2864 5591 est,
2900 5531 3062 5582 etiam
3105 5532 3386 5599 sapientia
3432 5543 3542 5583 suae
