3890 6186
359 296 455 363 411

1387 289 1945 365 δυρΡιΕΜΕΝΤυΜ
1986 308 2076 363 AD
2113 307 2350 364 OPERA
2387 309 2442 365 s.
2483 307 2869 366 AUGUSTlNI.

2252 307 2350 364 ΒΑ
2387 309 2442 365 S.
2483 307 2869 366 AUGUSTINI.
3710 324 3785 376 412

360 446 527 487 causa
546 430 688 503 est.]
722 431 908 496 Quare
933 447 1045 485 non
1074 431 1209 486 dicit
1243 434 1333 485 sui
1377 433 1555 501 ipsius
1602 447 1768 486 causa
1812 433 1931 486 est?
1974 429 2066 485 Ni-
2102 430 2147 484 A
2177 432 2330 487 illius
2368 432 2494 499 aavi,
2537 432 2793 504 quinque
2829 431 3125 502 collegeris
3164 447 3281 485 esse
3302 431 3507 488 divinas
3548 453 3787 508 personas,

363 521 600 590 mirum,
624 521 758 592 quia
778 519 1108 575 certissimis
1135 520 1660 591 metapbysicorum
1686 519 2065 574 axiomatibus

367 610 478 664 hoc
521 615 825 680 repugnat.
875 613 1139 662 Attamen
1174 609 1327 662 idem
1374 608 1501 662 aliis
1530 609 1716 663 verbis
1740 609 1897 671 dicit,
1928 625 2063 663 nam

362 698 644 768 sapientia
673 698 775 751 Dei
823 702 905 750 est
944 698 1064 768 ipse
1112 699 1275 752 Deus.
1322 699 1443 751 Non
1473 703 1555 751 est
1585 698 2063 753 dissimulandum

362 786 443 839 ita
467 786 627 856 loqui
656 784 851 838 solitos
917 785 1255 841 Platonicos.
1307 786 1581 840 Aristides
1619 792 1758 840 tom.
1792 788 1831 853 Ι,
1869 788 1963 841 Or.
2011 790 2061 853 l,

364 891 421 945 ρ,
471 876 523 939 5,
569 873 638 927 de
681 874 799 927 Deo
837 890 850 927 :
898 874 1120 932 Ἐποίησε
1164 878 1350 937 πρῶτος
1393 873 1534 928 αὐτὸς
1581 873 1753 921 ἑαυτόν
1800 888 1812 921 :
1847 877 2064 930 Primus

363 965 479 1029 ipse
516 976 571 1015 se
598 963 747 1027 fecit.
785 963 962 1015 Paulo
992 967 1123 1032 post
1156 980 1168 1017 :
1200 970 1314 1017 Ὂὸε
1356 969 1472 1031 ἐστὶ,
1503 971 1689 1034 πρῶτός
1726 987 1778 1018 τε
1808 969 1889 1017 καί
1917 985 2064 1033 πρεσ-

365 1057 569 1111 ϐῦτα-τος
618 1058 701 1104 καὶ
744 1056 1026 1122 ἀρχηγέτης
1080 1061 1177 1105 τῶν
1227 1060 1441 1120 πάντῶν,
1490 1058 1631 1115 αὐτὸς
1684 1059 1731 1119 ἐξ
1785 1058 1933 1107 αὐτοῦ
1983 1075 2064 1120 γε·

364 1145 645 1207 νόμενος....
699 1144 990 1211 αὐτοπάτωρ
1033 1164 1084 1194 τε
1130 1149 1212 1194 καὶ
1267 1149 1440 1210 μείζων
1490 1149 1524 1207 ἥ
1571 1148 1619 1208 ἐξ
1671 1148 1827 1195 ἄλλου
1869 1146 2064 1209 γεγονέ-

365 1249 443 1281 ναι
478 1250 490 1262 ·
531 1236 614 1281 καὶ
658 1235 819 1298 ὥσπερ
864 1238 956 1295 τὴν
1006 1236 1214 1294 Ἀθηνᾶν
1264 1237 1361 1299 ἄρα
1405 1236 1459 1283 ἐκ
1501 1239 1588 1296 τῆς
1632 1236 1847 1300 κε’ξαλῆς
1899 1237 2063 1299 ἔφυσε,

362 1324 446 1371 καὶ
484 1325 643 1385 γάμου
698 1323 838 1373 οὐδὲν
886 1326 1188 1389 προσεδεῦβτ,
1241 1328 1302 1380 εἰς
1359 1324 1533 1385 αὐτὴν,
1592 1327 1740 1380 οὕτως
1792 1326 1861 1373 ἔτι
1896 1341 2067 1389 προτε-

363 1427 445 1476 ρον
490 1412 635 1467 αὐτὸς
689 1412 863 1461 ἑαυτὸν
918 1413 967 1473 ἐξ
1011 1415 1186 1462 ἑαυτοῦ
1235 1413 1450 1474 ἐποίησε.
1504 1409 1607 1461 Hic
1651 1412 1730 1461 est
1763 1408 1981 1475 primus
2015 1410 2066 1459 et

365 1495 802 1561 antiquissimus,
829 1499 880 1547 et
909 1496 1145 1548 omnium
1164 1496 1439 1563 princeps,
1473 1496 1588 1562 ipse
1617 1509 1684 1546 ex
1704 1509 1757 1547 se
1784 1495 2062 1559 factus...

360 1586 522 1650 pater
549 1584 637 1635 sui
657 1584 850 1651 ipsius,
875 1588 926 1636 et
948 1583 1126 1651 major
1155 1599 1318 1652 quam
1337 1587 1397 1635 ut
1416 1598 1482 1636 ea:
1508 1583 1615 1635 alio
1635 1586 1787 1649 esset,
1812 1587 1862 1635 et
1894 1596 2068 1649 quem-

365 1670 657 1724 admodum
677 1686 806 1725 sane
836 1673 1134 1726 Minervam
1165 1687 1232 1725 ea:
1276 1673 1453 1740 capite
1498 1673 1703 1738 genuit,
1735 1685 1828 1724 nec
1856 1671 2065 1738 nuptiis

364 1757 483 1825 ejus
512 1772 677 1812 causa
705 1759 967 1825 indiguit,
994 1761 1069 1813 sic
1114 1759 1291 1813 adhuc
1330 1761 1486 1827 prius
1519 1772 1633 1827 ipse
1657 1772 1711 1812 se
1738 1773 1806 1811 ea:
1830 1772 1885 1812 se
1910 1759 2063 1824 fecit.

366 1845 457 1899 Sic
483 1862 618 1900 vero
652 1848 873 1918 colligit
900 1847 1254 1918 Augustinus
1289 1847 1667 1900 aeternitatem
1700 1846 1846 1913 Filii,
1882 1862 1948 1900 ex
1983 1846 2065 1899 al-

364 1934 496 1989 latis
539 1935 761 1990 verbis:
819 1938 993 2003 Igitur
1039 1939 1375 2005 sempiterna
1420 1938 1702 2005 sapientia
1746 1951 1856 1990 sum
1901 1950 2068 1989 causa

363 2026 445 2076 est
468 2025 815 2091 sempiterna,
840 2038 933 2076 nec
968 2027 1200 2092 tempore
1224 2026 1382 2092 prior
1411 2028 1508 2090 est,
1537 2038 1701 2092 quam
1715 2038 1818 2077 sua
1855 2025 2066 2092 sapien-

365 2112 464 2164 tia.
496 2110 653 2163 Idem
684 2110 1002 2181 collegeris,
1035 2110 1083 2165 si
1123 2115 1276 2165 recta
1308 2111 1379 2166 sit
1423 2110 1545 2165 hinc
1574 2110 1956 2171 ratiocinatio,
1998 2110 2066 2164 de

365 2198 603 2268 reliquis
632 2199 899 2252 omnibus
930 2199 1029 2253 Dei
1069 2199 1380 2255 attributis.
1414 2201 1561 2254 Deus
1582 2199 1737 2253 enim
1768 2200 1875 2254 erit
1897 2216 2066 2254 causa

366 2302 487 2340 sua:
531 2286 827 2353 bonitatis,
876 2304 993 2341 sua:
1033 2287 1329 2357 potentiae,
1375 2305 1491 2342 sua:
1527 2288 1788 2358 justitiae,
1830 2292 1959 2355 etc.,
2005 2303 2069 2341 ac

367 2374 612 2446 proinde
638 2374 876 2429 totidem
906 2381 1076 2430 erunt
1098 2376 1222 2430 Filii
1254 2376 1353 2430 Dei
1385 2380 1533 2447 quot
1552 2381 1683 2430 sunt
1733 2377 1857 2447 ejus
1901 2377 2068 2430 attri—

364 2462 527 2532 buta,
575 2479 689 2534 quo
733 2463 878 2518 nihil
925 2464 1225 2518 absurdius
1269 2464 1412 2535 ﬁngi
1454 2469 1658 2536 potest.
1709 2465 2070 2519 Prazstitisset

369 2567 507 2623 ergo
527 2551 814 2606 abstinere
844 2553 1129 2623 ejusmodi
1155 2553 1710 2620 ratiocinationibus,
1745 2552 1952 2624 quibus
1979 2555 2066 2607 ni-

366 2638 450 2693 hil
480 2638 712 2709 probari
742 2644 928 2710 potest
957 2657 971 2707 ;
1000 2640 1323 2710 praesertim
1355 2640 1415 2694 in
1443 2657 1504 2695 re
1530 2644 1650 2694 tam
1678 2641 1847 2703 seria,
1898 2644 1955 2694 et
1984 2644 2071 2695 tot

368 2727 663 2781 acerrimis
691 2727 1093 2782 controversiis
1125 2744 1306 2799 usque
1335 2728 1477 2782 adeo
1508 2732 1728 2783 vexata.

440 2816 650 2879 Quaest.
688 2818 771 2870 18.
807 2815 896 2870 Sic
920 2816 1127 2886 probat
1154 2816 1533 2871 Trinitatem:
1584 2818 1747 2873 Omne
1795 2818 1940 2886 quod
1969 2821 2065 2885 est,

365 2903 523 2958 aliud
555 2908 635 2958 est
662 2919 766 2973 quo
799 2908 1027 2971 constat,
1057 2905 1214 2959 aliud
1261 2921 1365 2974 quo
1404 2905 1748 2972 discernitur,
1781 2906 1937 2960 aliud
1966 2922 2070 2975 quo

2177 522 2333 594 quod
2362 522 2475 576 sint
2522 527 2768 593 quatuor
2817 522 3121 589 elementa,
3156 525 3211 574 et
3232 522 3422 592 quinta
3447 527 3681 596 essentia,
3706 547 3789 600 qua

2176 612 2303 666 coeli
2332 616 2388 665 et
2417 610 2718 665 hominum
2749 615 2971 667 mentes
3001 614 3284 665 constant.
3320 610 3507 674 Qualia
3545 614 3794 672 innumera

2173 703 2407 772 possent
2433 699 2594 769 tingi.
2629 699 2737 753 Sed
2776 704 2833 753 et
2888 697 3021 752 audi
3068 696 3403 752 rhetoricum
3431 708 3791 771 argumentum,

2175 805 2245 844 ne
2298 805 2415 843 suae
2462 789 2601 843 artis
2635 787 3064 842 oblivisceretur
3113 787 3293 841 bonus
3337 788 3574 843 antistes.
3618 792 3800 862 Ideoque

2172 877 2336 929 etiam
2364 891 2483 929 cum
2510 879 2710 929 ueritas
2741 876 3023 943 quaeritur,
3042 875 3168 943 plus
3196 889 3356 943 quam
3377 876 3479 927 tria
3497 891 3670 942 genera
3687 896 3796 948 qua:-

2172 964 2410 1017 stionum
2451 978 2563 1017 esse
2590 977 2697 1015 non
2742 967 2966 1031 possunt
2998 966 3182 1015 utrum
3202 964 3410 1016 omnino
3438 966 3525 1029 sit,
3548 970 3707 1020 utrum
3725 969 3797 1022 hoc

2174 1066 2247 1105 an
2275 1051 2431 1105 aliud
2458 1053 2551 1118 sit,
2573 1055 2756 1105 utrum
2777 1050 3197 1120 approbandum
3219 1050 3687 1119 ,improbandumve
3728 1060 3798 1119 sit,

2176 1137 2387 1201 Quidni
2434 1139 2580 1193 alius
2629 1139 2890 1193 similiter
2939 1146 3185 1210 quatuor
3226 1155 3344 1194 esse
3377 1155 3631 1210 personas
3664 1141 3797 1207 dicat,

2175 1227 2331 1298 quod
2361 1227 2474 1280 sint
2494 1232 2742 1299 quatuor
2758 1227 3061 1281 rhetoricae
3104 1231 3314 1298 partes,
3356 1227 3608 1295 inventio,
3651 1230 3800 1301 dispo-

2176 1315 2327 1381 sitio,
2363 1315 2611 1370 elocutio
2633 1332 2697 1369 ac
2724 1315 3132 1387 pronuntiatio,
3165 1321 3265 1369 aut
3291 1317 3438 1387 quod
3465 1316 3572 1371 sint
3604 1324 3802 1389 quatuor

2174 1404 2377 1475 figuras
2408 1405 2916 1476 syllogismorum?
2936 1409 3026 1472 At,
3071 1404 3318 1477 inquies,
3364 1407 3685 1477 Augustinus
3712 1409 3803 1461 hac

2177 1493 2339 1564 quasi
2359 1499 2698 1565 argumenta
2717 1494 2882 1547 lirma
2904 1511 3017 1548 non
3041 1494 3297 1564 protulit,
3326 1495 3420 1548 sed
3465 1494 3636 1565 potius
3676 1496 3802 1567 quasi

2174 1581 2584 1637 illustrationes
2628 1583 2904 1654 quasdam
2954 1582 3380 1653 philosophicas
3434 1600 3496 1638 ac
3548 1584 3803 1639 rhetoricas

2175 1670 2432 1725 veritatis
2458 1671 2687 1725 aliunde
2717 1672 3021 1742 exploratas
3050 1671 3343 1743 profudit;
3375 1677 3431 1727 et
3458 1671 3669 1743 quidem
3701 1672 3802 1738 tiro,

2174 1775 2306 1814 cum
2331 1760 2580 1831 primum
2622 1759 2682 1813 in
2709 1761 2957 1814 Africam
2980 1776 3047 1814 ex
3079 1759 3245 1814 Italia
3274 1759 3542 1813 rediisset.
3588 1759 3685 1813 Sed
3714 1760 3804 1829 pri-

2174 1864 2333 1902 mum
2365 1849 2455 1902 hee
2485 1864 2604 1902 non
2634 1853 2788 1917 sunt,
2818 1849 2865 1902 si
2891 1848 3190 1902 veritatem
3232 1863 3483 1913 amanus,
3527 1847 3806 1901 illustratio-

2175 1953 2292 2005 nes,
2312 1953 2511 1991 verum
2533 1937 2957 1991 obscurationes
2995 1936 3273 2002 veritatis,
3306 1952 3433 2007 qum
3461 1935 3696 1990 futilibus
3734 1935 3808 1989 hu-

2166 2026 2427 2095 jusmodi
2467 2026 2708 2097 argutiis
2757 2026 2995 2079 minime
3042 2025 3285 2096 indiget,
3336 2029 3392 2079 et
3443 2024 3806 2079 dehonestatur.

2174 2117 2481 2184 Praeterea,
2512 2121 2575 2169 ut
2595 2115 2717 2186 ipse
2744 2119 3003 2180 testatur,
3026 2115 3180 2169 hunc
3208 2114 3547 2184 librumjam
3564 2112 3811 2183 episcopus

2174 2220 2242 2257 ex
2274 2204 2526 2275 antiquis
2550 2204 2773 2258 schedis
2800 2203 2993 2274 colligi
3012 2204 3202 2275 jussit,
3224 2204 3384 2274 cujus
3405 2201 3637 2256 maxima
3660 2206 3805 2270 parte,

2174 2294 2296 2348 sine
2318 2294 2435 2347 ulla
2462 2295 2546 2347 vel
2581 2292 2819 2347 minima
2835 2294 3078 2364 jactura,
3120 2293 3383 2347 Numidae
3430 2294 3714 2363 potuerunt
3750 2304 3814 2340 ca-

2175 2398 2297 2436 rere
2324 2386 2418 2448 ;et
2447 2380 2504 2434 in
2528 2380 2688 2435 libris
2714 2381 2851 2452 ipsis
2883 2380 2952 2435 de
2983 2380 3281 2447 Trinitate,
3312 2379 3382 2434 ab
3434 2378 3680 2448 episcopo
3716 2392 3812 2430 ma-

2174 2486 2289 2541 gno
2321 2468 2509 2523 studio
2540 2469 2862 2539 elaboratis,
2895 2469 3030 2523 talia
3057 2470 3243 2523 multa
3276 2472 3427 2523 sunt.

2247 2557 2455 2622 Quaest.
2495 2560 2583 2612 24.
2626 2560 2877 2612 Meritum
2921 2563 3099 2612 autem
3132 2573 3307 2627 pinnae
3349 2560 3636 2627 peccatum,
3675 2558 3816 2606 etme

2174 2646 2342 2699 ritum
2362 2647 2581 2719 przmii
2607 2649 2745 2700 recte
2770 2648 2979 2709 factum
3006 2650 3101 2701 est.
3138 2643 3160 2717 ]
3198 2647 3316 2699 Hoc
3346 2650 3431 2699 est
3459 2642 3704 2697 meritum
3735 2644 3812 2701 est,

2178 2748 2291 2803 quo
2337 2749 2508 2803 paena
2551 2733 2912 2788 contrahitur
2956 2738 3013 2788 et
3059 2750 3173 2805 quo
3220 2733 3523 2804 prmmium
3570 2729 3813 2800 accipitur.

2176 2820 2409 2875 Subdit:
2462 2823 2566 2878 Nec
2604 2827 2883 2891 peccatum
2931 2826 3130 2888 autem,
3184 2838 3282 2876 nec
3323 2827 3461 2875 recte
3486 2822 3653 2887 fatum
3685 2820 3820 2885 impu-

2178 2912 2290 2965 tari
2316 2912 2576 2980 cuiquam
2597 2911 2748 2979 juste
2787 2914 2982 2980 potest,
3013 2913 3112 2980 qui
3136 2912 3284 2965 nihil
3310 2911 3499 2977 fecerit
3522 2908 3728 2978 propria
3750 2920 3819 2959 no-

367 2995 633 3059 congruit.
667 2995 929 3048 Universa
956 2995 1130 3061 igitur
1148 3001 1401 3049 creatura
1427 2996 1476 3048 si
1494 2999 1545 3047 et
1564 2999 1643 3048 est
1659 3010 1869 3064 quoquo
1891 2996 2066 3062 modo,
2100 3002 2141 3061 c
2179 2994 2405 3050 luntate.
2434 2997 2543 3050 Est
2580 3000 2755 3064 igitur
2782 3003 2833 3053 et
2854 3003 3132 3068 peccatum
3156 3002 3207 3051 et
3223 3003 3363 3052 recte
3375 2999 3577 3063 factum
3594 2996 3646 3047 in
3673 2993 3817 3053 libero,

366 3085 419 3134 et
437 3081 506 3134 ab
537 3096 595 3135 eo
628 3081 771 3151 quod
798 3083 1014 3135 omnino
1038 3083 1177 3136 nihil
1206 3086 1284 3136 est
1301 3084 1599 3151 plurimum
1632 3083 1820 3149 distat,
1856 3088 1907 3137 et
1952 3087 2068 3139 suis

366 3169 622 3240 partibus
666 3170 882 3224 sibimet
922 3173 1186 3239 congruit,
1227 3187 1446 3226 causam
1481 3188 1690 3242 quoque
1717 3174 1834 3242 ejus
1866 3175 2069 3228 trinam

367 3272 479 3311 esse
513 3261 758 3326 oportet:
800 3274 910 3327 qua
938 3261 1029 3326 sit,
1057 3275 1167 3328 qua
1188 3261 1282 3314 hoc
1312 3262 1405 3325 sit,
1440 3276 1549 3330 qua
1575 3262 1684 3315 sibi
1714 3264 1890 3315 amica
1915 3264 2007 3316 sit.
2043 3260 2065 3333 ]

372 3346 762 3417 Praeterquam
794 3347 948 3417 quod
984 3348 1106 3402 haec
1146 3348 1521 3403 abstractione
1568 3350 1845 3404 duntaxat
1892 3350 2071 3406 animi

370 3433 826 3505 distinguuntur,
859 3453 922 3490 ac
948 3436 1188 3507 proinde
1217 3453 1333 3491 non
1383 3454 1526 3508 opus
1573 3437 1788 3492 habent
1831 3439 2069 3493 diversis

371 3521 575 3585 causis,
628 3539 702 3576 an
750 3539 864 3577 non
909 3523 1199 3579 variarum
1241 3541 1433 3579 rerum
1465 3529 1652 3596 potest
1686 3543 1808 3580 esse
1833 3543 1947 3580 una
1967 3544 2069 3581 ea-

368 3608 617 3680 demque
668 3609 1094 3681 simplicissima
1147 3612 1362 3666 causa?
1405 3612 1524 3667 Nisi
1571 3614 1678 3667 hoc
1708 3614 2064 3683 admittatur,

373 3701 515 3769 quot
542 3697 820 3769 distingui
851 3704 1125 3770 poterunt
1155 3700 1215 3754 in
1247 3702 1522 3755 creaturis
1537 3702 1931 3773 proprietates,
1962 3708 2070 3758 tot-

371 3786 527 3840 idem
575 3791 745 3841 erunt
789 3803 1050 3857 personae
1098 3788 1327 3843 divinae.
1401 3788 1701 3843 Haereticos
1751 3789 1905 3843 illius
1964 3791 2071 3845 aevi

372 3879 599 3945 oportet
635 3875 800 3929 valde
848 3875 1068 3947 stipites
1115 3876 1310 3943 fuisse,
1358 3877 1406 3929 si
1453 3876 1523 3931 ad
1565 3876 1702 3930 talia
1729 3880 2070 3946 argumenta

371 3961 852 4025 obmutescerent,
908 3968 1006 4017 aut
1053 3964 1399 4018 adversarios
1447 3979 1564 4018 non
1601 3964 1924 4018 irriderent.
1960 3964 2067 4018 Sed
2108 3972 2117 3975 '

374 4057 433 4107 et
460 4052 908 4107 orthodoxorum
936 4068 1102 4107 aures
1129 4057 1299 4123 atque
1337 4052 1487 4107 oculi
1515 4052 1799 4124 patientes
1837 4053 2071 4131 fuerunt

375 4140 707 4212 qnorumvis
736 4157 1069 4195 sermonum
1099 4147 1157 4196 et
1184 4141 1488 4209 librorum,
1521 4141 1567 4195 si
1585 4141 1871 4213 ejusmodi
1892 4141 2067 4195 ratio-

371 4229 757 4283 cinationibus
778 4229 1043 4284 delectati
1069 4234 1221 4283 sunt.
1256 4231 1339 4285 Me
1366 4229 1642 4299 profecto,
1675 4246 1747 4283 ne
1778 4229 1917 4301 quid
1954 4229 2066 4283 dis-

371 4317 659 4383 simulem,
691 4318 1008 4384 otfendunt,
1042 4334 1172 4371 cum
1203 4323 1409 4387 reputo
1438 4322 1553 4371 tam
1585 4333 1783 4387 graves
1814 4317 2071 4389 quaestio-

369 4420 470 4458 nes
490 4420 673 4476 usque
692 4405 830 4458 adeo
853 4406 1074 4459 levibus
1096 4405 1433 4459 ratiunculis
1456 4406 1618 4472 solvi,
1639 4410 1695 4458 et
1713 4405 2064 4478 theologiam

372 4491 752 4546 Christianam
796 4492 867 4546 iis
926 4492 1326 4555 contaminari,
1375 4509 1439 4547 ac
1482 4492 1729 4547 ludibrio
1776 4493 2067 4548 interdum

370 4578 599 4650 exponi.
628 4581 708 4633 De
738 4580 808 4633 iis
836 4597 966 4651 quae
990 4579 1224 4635 nonnisi
1255 4582 1598 4636 revelatione
1650 4580 1844 4637 divina
1890 4582 2067 4636 inno-

371 4671 629 4733 tuerunt,
663 4683 767 4721 nec
802 4668 1024 4723 ratione
1061 4674 1302 4739 possunt
1348 4669 1599 4740 probari,
1652 4671 1827 4726 satius
1866 4671 1976 4725 fuit
2013 4675 2071 4725 et

368 4755 488 4810 sola
535 4755 840 4827 Scriptura:
876 4757 1233 4826 auctoritate,
1282 4762 1339 4812 et
1390 4758 1525 4812 solis
1571 4759 1694 4830 ejus
1736 4759 1922 4814 verbis
1959 4759 2067 4814 uti.

367 4843 473 4899 Sed
504 4844 804 4899 audiamus
835 4851 892 4900 et
917 4845 1248 4916 sequentia:
1286 4846 1563 4902 Creaturae
1603 4854 1781 4903 autem
1822 4864 2067 4914 causam,

367 4935 430 4989 id
458 4940 539 4990 est
588 4937 754 4989 Deum
800 4939 1071 4989 auctorem
1117 4934 1366 4990 dicimus.
1423 4937 1561 4991 Vere
1592 4954 1750 5007 sane,
1790 4938 1890 4992 sed
1930 4937 2071 5009 quid

369 5023 552 5077 inde?
597 5024 817 5092 Oportet
864 5037 989 5091 ergo
1034 5038 1145 5077 esse
1203 5025 1554 5091 Trinitatem,
1604 5041 1714 5093 qua
1751 5027 1892 5080 nihil
1918 5041 2070 5095 pra-

368 5115 618 5173 stantius,
650 5112 1040 5180 intelligentius
1079 5117 1129 5165 et
1174 5113 1382 5167 beatius
1411 5115 1650 5168 invenire
1669 5116 1913 5184 perfecta
1927 5118 2072 5170 ratio

365 5203 562 5266 potest.
590 5200 719 5253 Esse
747 5200 1107 5268 Trinitatem,
1155 5200 1264 5254 hoc
1309 5206 1414 5267 est,
1445 5203 1694 5265 Patrem,
1739 5202 1967 5267 Filium,
2016 5208 2073 5259 et

372 5284 647 5355 Spiritum
678 5292 955 5354 sanctum,
983 5288 1193 5343 docent
1222 5306 1329 5343 nos
1356 5306 1531 5343 sacrae
1562 5290 1831 5362 paginae;
1862 5290 2072 5362 quibus

374 5372 605 5427 credere
626 5390 730 5428 nos
751 5392 854 5445 par
876 5381 981 5443 est,
1003 5393 1122 5431 non
1145 5376 1337 5431 minus
1351 5393 1525 5447 quam
1543 5378 2074 5432 ratiocinationibus

372 5459 602 5514 nostris.
636 5464 707 5515 At
733 5462 922 5533 colligi
954 5479 1019 5518 ex
1046 5464 1532 5532 antecedentibus,
1567 5469 1629 5517 ut
1650 5466 1773 5535 jam
1801 5464 2072 5535 diximus,

371 5549 479 5602 hoc
508 5562 623 5602 non
653 5549 861 5618 potuit.
895 5550 1165 5621 Alioquin
1192 5553 1394 5607 eodem
1418 5552 1567 5622 jure,
1603 5569 1671 5606 ex
1712 5552 2076 5624 philosophia

2176 3085 2475 3140 voluntatis
2522 3086 2770 3142 arbitrio.
2816 3087 2877 3141 In
2923 3086 3437 3142 Retractationibus
3473 3100 3598 3138 vero
3626 3082 3686 3137 ad
3710 3079 3821 3133 hanc

2178 3173 2587 3243 quaestionem:
2621 3175 2775 3242 Quod
2800 3177 2883 3229 ita
2912 3189 3042 3241 esse,
3075 3174 3286 3245 inquit,
3317 3176 3525 3228 omnino
3540 3171 3821 3226 verissimum

2177 3266 2272 3328 est,
2302 3262 2397 3315 sed
2427 3267 2491 3317 ut
2518 3262 2592 3316 ad
2619 3267 2758 3317 recte
2783 3262 3098 3329 faciendum
3141 3263 3375 3317 liberum
3421 3264 3511 3328 sit,
3551 3261 3639 3314 Dei
3677 3255 3817 3325 gratia

2176 3349 2449 3404 liberetur.
2472 3352 2684 3405 Verum
2712 3352 2819 3405 hoc
2844 3355 2930 3405 est
2952 3367 3201 3422 quoque.
3248 3352 3362 3407 Sed
3384 3355 3446 3405 ut
3474 3354 3579 3403 stet
3598 3348 3683 3401 illa
3702 3344 3820 3416 prior

2179 3437 2488 3507 Augustini
2515 3438 2805 3508 responio,
2838 3438 2920 3493 ita
2961 3443 3023 3493 ut
3065 3439 3319 3493 actiones
3366 3439 3654 3493 hominum
3694 3431 3818 3487 male

2177 3527 2234 3577 et
2278 3524 2445 3579 bonae
2490 3524 2669 3580 tribui
2713 3528 2928 3595 queant
2972 3540 3174 3580 eorum
3223 3524 3409 3580 libero
3453 3522 3689 3589 arbitrio,
3733 3532 3818 3571 non

2177 3614 2409 3666 tantum
2433 3612 2476 3667 ii
2505 3612 2769 3667 homines
2801 3613 2901 3684 qui
2929 3617 3230 3668 servantur
3270 3614 3482 3669 debent
3514 3608 3722 3665 liberari
3747 3602 3818 3659 Dei

2178 3700 2382 3770 gratia,
2409 3700 2508 3755 sed
2545 3705 2602 3755 et
2627 3700 2670 3755 ii
2701 3700 2801 3772 qui
2830 3702 3198 3769 damnantur,
3230 3702 3313 3756 ita
3334 3701 3479 3755 servi
3506 3696 3701 3770 peccati
3721 3691 3819 3748 facti

2179 3802 2302 3841 esse
2341 3786 2685 3854 debuerunt,
2730 3792 2798 3842 ut
2842 3804 2961 3842 non
3007 3791 3331 3843 necessario
3359 3790 3661 3859 peccarent,
3691 3786 3819 3851 atque

2176 3874 2238 3929 in
2272 3875 2371 3930 illa
2396 3876 2668 3930 servitute
2691 3882 3075 3931 remanerent.
3112 3878 3346 3932 Deinde-
3362 3875 3638 3949 quomodo
3677 3870 3823 3926 infan-

2176 3968 2261 4017 tes
2290 3964 2390 4035 qui
2412 3964 2737 4019 moriuntur
2762 3982 2883 4020 non
2910 3965 3206 4036 baptizati,
3238 3971 3295 4021 et
3324 3966 3550 4037 quibus,
3581 3979 3643 4016 ex
3666 3964 3821 4027 Augu-

2178 4052 2313 4107 stini
2340 4054 2640 4119 sententia,
2675 4070 2862 4124 poenae
2900 4053 3268 4125 inﬂiguntur,
3308 4053 3545 4126 propria
3585 4048 3821 4104 voluntate

2179 4144 2536 4213 peccaront?
2566 4144 2650 4197 Ita
2684 4142 2985 4213 opiniones
3027 4159 3157 4197 suas
3200 4147 3473 4198 retractat
3511 4135 3819 4210 Augustinus,

2181 4233 2244 4283 ut
2273 4246 2449 4301 quam
2479 4230 2787 4285 minimum
2816 4230 2875 4284 in
2907 4230 2976 4284 iis
3005 4235 3297 4285 mutatum
3327 4229 3505 4285 videri
3532 4226 3689 4291 velit;
3710 4219 3823 4276 unde

2183 4319 2245 4373 fit
2274 4324 2340 4373 ut
2383 4323 2613 4373 excuset
2663 4333 2817 4389 saepe
2858 4319 3158 4385 nonnulla,
3200 4318 3430 4374 omissis
3459 4316 3580 4371 aliis
3607 4328 3718 4385 quae
3738 4322 3823 4362 non

2176 4407 2387 4462 minori
2429 4405 2833 4461 retractatione
2877 4405 3235 4476 indigebant.
3273 4408 3503 4468 Verum,
3550 4404 3646 4459 hac
3682 4400 3733 4454 in
3762 4410 3822 4457 re,

2176 4495 2396 4559 δεύτερος
2419 4493 2570 4551 πλοῦς
2601 4511 2719 4550 non
2733 4494 2842 4550 fuit
2859 4494 3098 4550 felicior.

2703 4637 3363 4694 ANIMADVERSIONES

2374 4759 2443 4798 ΔΙ)
2472 4757 2724 4796 οινειιεοᾼε
2756 4757 3100 4802 ΟΟᾸΞΒΤΙΟΝΕΞ
3131 4758 3201 4795 AD
3241 4753 3646 4797 SIMPLICIANUI.

2251 4848 2418 4903 Lmao
2446 4865 2488 4903 1.
2528 4846 2719 4912 Quaest
2751 4851 2799 4902 ί.
2831 4846 2918 4901 Ad
2948 4847 3112 4902 Rom.
3158 4863 3255 4910 vu,
3310 4852 3343 4901 7
3378 4850 3435 4901 et
3453 4861 3601 4916 seqq.
3644 4837 3826 4897 Videtur

2178 4938 2317 4990 mihi
2341 4936 2632 5005 Apostolus
2673 4938 3091 5004 transﬁgurasse
3126 4937 3187 4989 in
3238 4939 3295 4990 se
3325 4936 3581 4989 hominem
3619 4928 3704 4983 sub
3742 4925 3825 4988 ιερε

2180 5027 2433 5095 positum,
2457 5025 2611 5093 cujus
2628 5025 2803 5078 verbis
2819 5039 2887 5077 ex
2905 5038 3139 5093 persona
3158 5039 3261 5078 sua
3288 5024 3542 5092 loquitur.
3565 5018 3586 5091 ]
3610 5016 3717 5073 Fuit
3733 5014 3825 5106 haec

2180 5112 2353 5181 vulgo
2382 5114 2507 5165 tum
2555 5111 2829 5181 temporis
2878 5115 3107 5181 recepta
3153 5110 3457 5176 sententia,
3488 5120 3655 5177 eaque
3689 5111 3825 5189 veris:

2183 5200 2345 5266 sima,
2381 5203 2438 5254 et
2465 5215 2635 5270 quam
2674 5214 2973 5270 nunquam
3002 5204 3323 5253 revocasset
3358 5194 3706 5269 Augustinus,
3740 5185 3827 5240 nisi

2181 5293 2382 5360 postea
2407 5292 2635 5342 exortus
2657 5294 2807 5341 esset
2828 5287 3108 5358 Pelagius.
3134 5287 3271 5341 Vide
3288 5287 3358 5341 ad
3378 5291 3513 5340 tom.
3543 5282 3634 5346 Ill,
3670 5273 3826 5332 Anim-

2182 5377 2401 5432 advers.
2431 5376 2491 5429 in
2522 5376 2683 5448 epist.
2707 5377 2777 5430 ad
2804 5377 3111 5430 Romanos.

2255 5465 2463 5530 Quaest.
2499 5467 2551 5529 2,
2611 5468 2638 5531 §
2683 5467 2736 5518 2.
2790 5466 3140 5519 Intentionem
3181 5464 3371 5531 Pauli,
3410 5477 3526 5532 qua:
3563 5472 3651 5528 per
3694 5455 3827 5506 totam

2186 5554 2486 5623 Epistolam
2511 5556 2677 5621 viget,
2710 5554 2890 5607 tenebo
2909 5568 3074 5621 quam
3101 5552 3391 5606 consulam.
3426 5552 3545 5604 Hzc
3578 5548 3650 5600 est
3683 5542 3825 5593 autem
