  <div class='ocr_page' id='page_1' title='image "/cluster/home/n/w/nwhite01/storage/ocr_20150623/47/hvd.32044096580683/212.png"; bbox 0 0 3920 6180; ppageno 0'>
   <div class='ocr_carea' id='block_1_1' title="bbox 139 283 2789 349">
    <p class='ocr_par' dir='ltr' id='par_1_1' title="bbox 139 283 2789 349">
     <span class='ocr_line' id='line_1_1' title="bbox 139 283 2789 349; baseline -0.001 -4"><span class='ocrx_word' id='word_1_1' title='bbox 139 292 223 345; x_wconf 70' lang='grc'><em>413</em></span> <span class='ocrx_word' id='word_1_2' title='bbox 458 348 461 349; x_wconf 23' lang='grc' dir='ltr'><em>ν</em></span> <span class='ocrx_word' id='word_1_3' title='bbox 862 283 1221 339; x_wconf 80' lang='lat' dir='ltr'><em>VARIORUM</em></span> <span class='ocrx_word' id='word_1_4' title='bbox 1266 286 1873 343; x_wconf 83' lang='lat' dir='ltr'><em>EXERCITATIONES</em></span> <span class='ocrx_word' id='word_1_5' title='bbox 1912 288 1977 341; x_wconf 89' lang='lat' dir='ltr'><em>IN</em></span> <span class='ocrx_word' id='word_1_6' title='bbox 2019 288 2075 343; x_wconf 93' lang='lat' dir='ltr'><em>S.</em></span> <span class='ocrx_word' id='word_1_7' title='bbox 2116 287 2489 343; x_wconf 84' lang='lat' dir='ltr'><strong>AUGUSTINI</strong></span> <span class='ocrx_word' id='word_1_8' title='bbox 2531 287 2789 345; x_wconf 82' lang='lat' dir='ltr'><em>OPERA.</em></span> 
     </span>
    </p>
   </div>
   <div class='ocr_carea' id='block_1_2' title="bbox 3472 293 3578 347">
    <p class='ocr_par' dir='ltr' id='par_1_2' title="bbox 3472 293 3578 347">
     <span class='ocr_line' id='line_1_2' title="bbox 3472 293 3578 347; baseline 0.019 -2"><span class='ocrx_word' id='word_1_9' title='bbox 3472 293 3578 347; x_wconf 78' lang='grc'><strong>414</strong></span> 
     </span>
    </p>
   </div>
   <div class='ocr_carea' id='block_1_3' title="bbox 140 406 3575 480">
    <p class='ocr_par' dir='ltr' id='par_1_3' title="bbox 140 406 3575 480">
     <span class='ocr_line' id='line_1_3' title="bbox 140 406 3575 480; baseline -0.001 -14"><span class='ocrx_word' id='word_1_10' title='bbox 140 412 458 478; x_wconf 84' lang='lat' dir='ltr'><em>utdeoperum</em></span> <span class='ocrx_word' id='word_1_11' title='bbox 496 408 695 460; x_wconf 86' lang='lat' dir='ltr'><em>meritis</em></span> <span class='ocrx_word' id='word_1_12' title='bbox 740 420 892 459; x_wconf 87' lang='lat' dir='ltr'><em>nemo</em></span> <span class='ocrx_word' id='word_1_13' title='bbox 937 406 1199 470; x_wconf 76' lang='lat' dir='ltr'><em>glorietur</em></span> <span class='ocrx_word' id='word_1_14' title='bbox 1230 422 1242 458; x_wconf 90' lang='lat'><strong>:</strong></span> <span class='ocrx_word' id='word_1_15' title='bbox 1272 406 1338 459; x_wconf 85' lang='lat' dir='ltr'><em>de</em></span> <span class='ocrx_word' id='word_1_16' title='bbox 1367 407 1562 475; x_wconf 78' lang='lat' dir='ltr'><em>quibus</em></span> <span class='ocrx_word' id='word_1_17' title='bbox 1591 407 1757 461; x_wconf 84' lang='lat' dir='ltr'><em>aude-</em></span> <span class='ocrx_word' id='word_1_18' title='bbox 1796 410 1839 461; x_wconf 88' lang='lat' dir='ltr'><em>A</em></span> <span class='ocrx_word' id='word_1_19' title='bbox 1874 424 1999 475; x_wconf 89' lang='lat' dir='ltr'><em>nus,</em></span> <span class='ocrx_word' id='word_1_20' title='bbox 2038 408 2323 479; x_wconf 79' lang='lat' dir='ltr'><em>prolixam</em></span> <span class='ocrx_word' id='word_1_21' title='bbox 2366 408 2813 478; x_wconf 86' lang='lat' dir='ltr'><em>disputationem</em></span> <span class='ocrx_word' id='word_1_22' title='bbox 2844 424 2971 480; x_wconf 66' lang='lat' dir='ltr'><em>quae</em></span> <span class='ocrx_word' id='word_1_23' title='bbox 3022 410 3302 480; x_wconf 86' lang='lat' dir='ltr'><em>sequitur,</em></span> <span class='ocrx_word' id='word_1_24' title='bbox 3358 410 3427 463; x_wconf 91' lang='lat' dir='ltr'><em>de</em></span> <span class='ocrx_word' id='word_1_25' title='bbox 3466 411 3575 464; x_wconf 88' lang='lat' dir='ltr'><em>ele-</em></span> 
     </span>
    </p>
   </div>
   <div class='ocr_carea' id='block_1_4' title="bbox 142 494 1765 562">
    <p class='ocr_par' dir='ltr' id='par_1_4' title="bbox 142 494 1765 562">
     <span class='ocr_line' id='line_1_4' title="bbox 142 494 1765 562; baseline -0.003 -8"><span class='ocrx_word' id='word_1_26' title='bbox 142 503 240 554; x_wconf 84' lang='lat' dir='ltr'><em>bant</em></span> <span class='ocrx_word' id='word_1_27' title='bbox 260 497 495 552; x_wconf 70' lang='lat' dir='ltr'><em>Israelita:</em></span> <span class='ocrx_word' id='word_1_28' title='bbox 533 496 773 561; x_wconf 85' lang='lat' dir='ltr'><em>gloriari,</em></span> <span class='ocrx_word' id='word_1_29' title='bbox 809 494 953 561; x_wconf 89' lang='lat' dir='ltr'><em>quod</em></span> <span class='ocrx_word' id='word_1_30' title='bbox 990 494 1132 546; x_wconf 73' lang='lat' dir='ltr'><em>data:</em></span> <span class='ocrx_word' id='word_1_31' title='bbox 1178 495 1286 547; x_wconf 86' lang='lat' dir='ltr'><em>sibi</em></span> <span class='ocrx_word' id='word_1_32' title='bbox 1332 494 1438 562; x_wconf 87' lang='lat' dir='ltr'><em>legi</em></span> <span class='ocrx_word' id='word_1_33' title='bbox 1478 497 1765 549; x_wconf 78' lang='lat' dir='ltr'><em>servissent</em></span> 
     </span>
    </p>
   </div>
   <div class='ocr_carea' id='block_1_5' title="bbox 141 584 1764 651">
    <p class='ocr_par' dir='ltr' id='par_1_5' title="bbox 141 584 1764 651">
     <span class='ocr_line' id='line_1_5' title="bbox 141 584 1764 651; baseline -0.003 -9"><span class='ocrx_word' id='word_1_34' title='bbox 141 596 244 642; x_wconf 70' lang='lat' dir='ltr'><em>etes:</em></span> <span class='ocrx_word' id='word_1_35' title='bbox 259 588 339 639; x_wconf 85' lang='lat' dir='ltr'><em>hac</em></span> <span class='ocrx_word' id='word_1_36' title='bbox 373 584 723 649; x_wconf 80' lang='lat' dir='ltr'><em>evangelicum</em></span> <span class='ocrx_word' id='word_1_37' title='bbox 765 585 1003 651; x_wconf 82' lang='lat' dir='ltr'><em>gratiam</em></span> <span class='ocrx_word' id='word_1_38' title='bbox 1036 588 1297 651; x_wconf 82' lang='lat' dir='ltr'><em>tanquam</em></span> <span class='ocrx_word' id='word_1_39' title='bbox 1332 585 1569 637; x_wconf 87' lang='lat' dir='ltr'><em>debitam</em></span> <span class='ocrx_word' id='word_1_40' title='bbox 1599 587 1764 637; x_wconf 86' lang='lat' dir='ltr'><em>meri-</em></span> 
     </span>
    </p>
   </div>
   <div class='ocr_carea' id='block_1_6' title="bbox 138 670 1767 740">
    <p class='ocr_par' dir='ltr' id='par_1_6' title="bbox 138 670 1767 740">
     <span class='ocr_line' id='line_1_6' title="bbox 138 670 1767 740; baseline -0.002 -11"><span class='ocrx_word' id='word_1_41' title='bbox 138 680 192 731; x_wconf 84' lang='lat' dir='ltr'><em>tis</em></span> <span class='ocrx_word' id='word_1_42' title='bbox 208 677 297 728; x_wconf 81' lang='lat' dir='ltr'><em>suis</em></span> <span class='ocrx_word' id='word_1_43' title='bbox 310 674 672 740; x_wconf 82' lang='lat' dir='ltr'><em>percepissent,</em></span> <span class='ocrx_word' id='word_1_44' title='bbox 694 673 827 738; x_wconf 84' lang='lat' dir='ltr'><em>quia</em></span> <span class='ocrx_word' id='word_1_45' title='bbox 858 670 963 736; x_wconf 78' lang='lat' dir='ltr'><em>legi</em></span> <span class='ocrx_word' id='word_1_46' title='bbox 982 671 1303 725; x_wconf 91' lang='lat' dir='ltr'><em>serviebant.</em></span> <span class='ocrx_word' id='word_1_47' title='bbox 1342 672 1490 725; x_wconf 84' lang='lat' dir='ltr'><em>Unde</em></span> <span class='ocrx_word' id='word_1_48' title='bbox 1516 672 1767 726; x_wconf 80' lang='lat' dir='ltr'><em>nolebant</em></span> 
     </span>
    </p>
   </div>
   <div class='ocr_carea' id='block_1_7' title="bbox 129 758 1767 828">
    <p class='ocr_par' dir='ltr' id='par_1_7' title="bbox 129 758 1767 828">
     <span class='ocr_line' id='line_1_7' title="bbox 129 758 1767 828; baseline -0.001 -13"><span class='ocrx_word' id='word_1_49' title='bbox 129 761 320 815; x_wconf 75' lang='lat' dir='ltr'><em>eamdem</em></span> <span class='ocrx_word' id='word_1_50' title='bbox 344 761 577 824; x_wconf 86' lang='lat' dir='ltr'><em>gratiam</em></span> <span class='ocrx_word' id='word_1_51' title='bbox 597 758 723 811; x_wconf 85' lang='lat' dir='ltr'><em>dari</em></span> <span class='ocrx_word' id='word_1_52' title='bbox 761 758 1029 825; x_wconf 77' lang='lat' dir='ltr'><em>gentibus,</em></span> <span class='ocrx_word' id='word_1_53' title='bbox 1070 763 1331 826; x_wconf 88' lang='lat' dir='ltr'><em>tanquam</em></span> <span class='ocrx_word' id='word_1_54' title='bbox 1360 760 1625 828; x_wconf 88' lang='lat' dir='ltr'><em>indignis,</em></span> <span class='ocrx_word' id='word_1_55' title='bbox 1657 761 1767 814; x_wconf 85' lang='lat' dir='ltr'><em>nisi</em></span> 
     </span>
    </p>
   </div>
   <div class='ocr_carea' id='block_1_8' title="bbox 124 845 1769 917">
    <p class='ocr_par' dir='ltr' id='par_1_8' title="bbox 124 845 1769 917">
     <span class='ocr_line' id='line_1_8' title="bbox 124 845 1769 917; baseline -0.001 -14"><span class='ocrx_word' id='word_1_56' title='bbox 124 850 323 903; x_wconf 82' lang='lat' dir='ltr'><em>Judaica-</em></span> <span class='ocrx_word' id='word_1_57' title='bbox 340 852 671 901; x_wconf 86' lang='lat' dir='ltr'><em>sacramenta</em></span> <span class='ocrx_word' id='word_1_58' title='bbox 696 845 1072 917; x_wconf 65' lang='lat' dir='ltr'><em>susciperent]</em></span> <span class='ocrx_word' id='word_1_59' title='bbox 1109 847 1165 901; x_wconf 91' lang='lat' dir='ltr'><em>Si</em></span> <span class='ocrx_word' id='word_1_60' title='bbox 1196 848 1367 917; x_wconf 89' lang='lat' dir='ltr'><em>paulo</em></span> <span class='ocrx_word' id='word_1_61' title='bbox 1399 848 1665 903; x_wconf 81' lang='lat' dir='ltr'><em>attentius</em></span> <span class='ocrx_word' id='word_1_62' title='bbox 1697 849 1769 901; x_wconf 86' lang='lat' dir='ltr'><em>le-</em></span> 
     </span>
    </p>
   </div>
   <div class='ocr_carea' id='block_1_9' title="bbox 122 934 1764 1008">
    <p class='ocr_par' dir='ltr' id='par_1_9' title="bbox 122 934 1764 1008">
     <span class='ocr_line' id='line_1_9' title="bbox 122 934 1764 1008; baseline -0.001 -18"><span class='ocrx_word' id='word_1_63' title='bbox 122 943 291 1008; x_wconf 83' lang='lat' dir='ltr'><em>gantur</em></span> <span class='ocrx_word' id='word_1_64' title='bbox 310 935 495 1005; x_wconf 81' lang='lat' dir='ltr'><em>priora</em></span> <span class='ocrx_word' id='word_1_65' title='bbox 527 935 789 989; x_wconf 86' lang='lat' dir='ltr'><em>undecim</em></span> <span class='ocrx_word' id='word_1_66' title='bbox 829 934 1013 1005; x_wconf 80' lang='lat' dir='ltr'><em>capita</em></span> <span class='ocrx_word' id='word_1_67' title='bbox 1054 935 1317 1005; x_wconf 83' lang='lat' dir='ltr'><em>Epistolae</em></span> <span class='ocrx_word' id='word_1_68' title='bbox 1349 937 1420 991; x_wconf 91' lang='lat' dir='ltr'><em>ad</em></span> <span class='ocrx_word' id='word_1_69' title='bbox 1462 940 1764 1003; x_wconf 84' lang='lat' dir='ltr'><em>Romanos,</em></span> 
     </span>
    </p>
   </div>
   <div class='ocr_carea' id='block_1_10' title="bbox 122 1024 1768 1096">
    <p class='ocr_par' dir='ltr' id='par_1_10' title="bbox 122 1024 1768 1096">
     <span class='ocr_line' id='line_1_10' title="bbox 122 1024 1768 1096; baseline -0.002 -16"><span class='ocrx_word' id='word_1_70' title='bbox 122 1028 228 1079; x_wconf 87' lang='lat' dir='ltr'><em>duas</em></span> <span class='ocrx_word' id='word_1_71' title='bbox 270 1026 601 1096; x_wconf 65' lang='lat' dir='ltr'><em>quaestiones</em></span> <span class='ocrx_word' id='word_1_72' title='bbox 638 1025 962 1095; x_wconf 88' lang='lat' dir='ltr'><em>potissimas</em></span> <span class='ocrx_word' id='word_1_73' title='bbox 993 1024 1053 1077; x_wconf 88' lang='lat' dir='ltr'><em>in</em></span> <span class='ocrx_word' id='word_1_74' title='bbox 1104 1024 1215 1078; x_wconf 88' lang='lat' dir='ltr'><em>illis</em></span> <span class='ocrx_word' id='word_1_75' title='bbox 1245 1042 1278 1079; x_wconf 89' lang='lat' dir='ltr'><em>a</em></span> <span class='ocrx_word' id='word_1_76' title='bbox 1322 1026 1497 1079; x_wconf 85' lang='lat' dir='ltr'><em>Paulo</em></span> <span class='ocrx_word' id='word_1_77' title='bbox 1538 1025 1768 1079; x_wconf 82' lang='lat' dir='ltr'><em>tractari</em></span> 
     </span>
    </p>
   </div>
   <div class='ocr_carea' id='block_1_11' title="bbox 121 1112 1769 1183">
    <p class='ocr_par' dir='ltr' id='par_1_11' title="bbox 121 1112 1769 1183">
     <span class='ocr_line' id='line_1_11' title="bbox 121 1112 1769 1183; baseline -0.001 -16"><span class='ocrx_word' id='word_1_78' title='bbox 121 1131 252 1167; x_wconf 85' lang='lat' dir='ltr'><em>nemo</em></span> <span class='ocrx_word' id='word_1_79' title='bbox 276 1114 694 1183; x_wconf 87' lang='lat' dir='ltr'><em>nonintelliget.</em></span> <span class='ocrx_word' id='word_1_80' title='bbox 730 1114 890 1166; x_wconf 81' lang='lat' dir='ltr'><em>Prior</em></span> <span class='ocrx_word' id='word_1_81' title='bbox 921 1112 1171 1183; x_wconf 82' lang='lat' dir='ltr'><em>pertinet</em></span> <span class='ocrx_word' id='word_1_82' title='bbox 1206 1113 1276 1166; x_wconf 91' lang='lat' dir='ltr'><em>ad</em></span> <span class='ocrx_word' id='word_1_83' title='bbox 1299 1113 1769 1182; x_wconf 85' lang='lat' dir='ltr'><em>justiticationem</em></span> 
     </span>
    </p>
   </div>
   <div class='ocr_carea' id='block_1_12' title="bbox 119 1201 1763 1271">
    <p class='ocr_par' dir='ltr' id='par_1_12' title="bbox 119 1201 1763 1271">
     <span class='ocr_line' id='line_1_12' title="bbox 119 1201 1763 1271; baseline 0.001 -15"><span class='ocrx_word' id='word_1_84' title='bbox 119 1203 321 1256; x_wconf 86' lang='lat' dir='ltr'><em>hominis</em></span> <span class='ocrx_word' id='word_1_85' title='bbox 358 1202 510 1271; x_wconf 88' lang='lat' dir='ltr'><em>apud</em></span> <span class='ocrx_word' id='word_1_86' title='bbox 560 1203 757 1255; x_wconf 91' lang='lat' dir='ltr'><em>Deum.</em></span> <span class='ocrx_word' id='word_1_87' title='bbox 804 1201 1233 1256; x_wconf 87' lang='lat' dir='ltr'><em>Contendebant</em></span> <span class='ocrx_word' id='word_1_88' title='bbox 1260 1202 1444 1256; x_wconf 76' lang='lat' dir='ltr'><em>Judzei</em></span> <span class='ocrx_word' id='word_1_89' title='bbox 1470 1203 1763 1258; x_wconf 86' lang='lat' dir='ltr'><em>neminem</em></span> 
     </span>
    </p>
   </div>
   <div class='ocr_carea' id='block_1_13' title="bbox 116 1290 1764 1363">
    <p class='ocr_par' dir='ltr' id='par_1_13' title="bbox 116 1290 1764 1363">
     <span class='ocr_line' id='line_1_13' title="bbox 116 1290 1764 1363; baseline 0.001 -19"><span class='ocrx_word' id='word_1_90' title='bbox 116 1291 496 1363; x_wconf 85' lang='lat' dir='ltr'><em>possejustum,</em></span> <span class='ocrx_word' id='word_1_91' title='bbox 528 1291 633 1344; x_wconf 88' lang='lat' dir='ltr'><em>hoc</em></span> <span class='ocrx_word' id='word_1_92' title='bbox 656 1295 759 1354; x_wconf 87' lang='lat' dir='ltr'><em>est,</em></span> <span class='ocrx_word' id='word_1_93' title='bbox 795 1290 1012 1344; x_wconf 90' lang='lat' dir='ltr'><em>bonum</em></span> <span class='ocrx_word' id='word_1_94' title='bbox 1060 1290 1259 1344; x_wconf 86' lang='lat' dir='ltr'><em>haberi</em></span> <span class='ocrx_word' id='word_1_95' title='bbox 1293 1308 1324 1344; x_wconf 89' lang='lat' dir='ltr'><em>a</em></span> <span class='ocrx_word' id='word_1_96' title='bbox 1365 1291 1500 1357; x_wconf 87' lang='lat' dir='ltr'><em>Deo,</em></span> <span class='ocrx_word' id='word_1_97' title='bbox 1542 1292 1651 1345; x_wconf 90' lang='lat' dir='ltr'><em>nisi</em></span> <span class='ocrx_word' id='word_1_98' title='bbox 1685 1294 1764 1347; x_wconf 86' lang='lat' dir='ltr'><em>le-</em></span> 
     </span>
    </p>
   </div>
   <div class='ocr_carea' id='block_1_14' title="bbox 117 1378 1770 1449">
    <p class='ocr_par' dir='ltr' id='par_1_14' title="bbox 117 1378 1770 1449">
     <span class='ocr_line' id='line_1_14' title="bbox 117 1378 1770 1449; baseline 0.002 -16"><span class='ocrx_word' id='word_1_99' title='bbox 117 1380 180 1449; x_wconf 81' lang='lat' dir='ltr'><em>gis</em></span> <span class='ocrx_word' id='word_1_100' title='bbox 216 1379 471 1442; x_wconf 68' lang='lat' dir='ltr'><em>Mosaicae,</em></span> <span class='ocrx_word' id='word_1_101' title='bbox 528 1395 658 1432; x_wconf 90' lang='lat' dir='ltr'><em>cum</em></span> <span class='ocrx_word' id='word_1_102' title='bbox 688 1379 759 1432; x_wconf 88' lang='lat' dir='ltr'><em>ad</em></span> <span class='ocrx_word' id='word_1_103' title='bbox 786 1378 1217 1448; x_wconf 72' lang='lat' dir='ltr'><em>czerimonialia,</em></span> <span class='ocrx_word' id='word_1_104' title='bbox 1259 1384 1383 1433; x_wconf 88' lang='lat' dir='ltr'><em>tum</em></span> <span class='ocrx_word' id='word_1_105' title='bbox 1415 1380 1482 1434; x_wconf 89' lang='lat' dir='ltr'><em>ad</em></span> <span class='ocrx_word' id='word_1_106' title='bbox 1528 1382 1770 1437; x_wconf 82' lang='lat' dir='ltr'><em>moralia</em></span> 
     </span>
    </p>
   </div>
   <div class='ocr_carea' id='block_1_15' title="bbox 114 1467 1767 1538">
    <p class='ocr_par' dir='ltr' id='par_1_15' title="bbox 114 1467 1767 1538">
     <span class='ocr_line' id='line_1_15' title="bbox 114 1467 1767 1538; baseline 0.002 -18"><span class='ocrx_word' id='word_1_107' title='bbox 114 1472 354 1538; x_wconf 73' lang='lat' dir='ltr'><em>praecepta</em></span> <span class='ocrx_word' id='word_1_108' title='bbox 384 1469 534 1537; x_wconf 92' lang='lat' dir='ltr'><em>quod</em></span> <span class='ocrx_word' id='word_1_109' title='bbox 567 1467 784 1532; x_wconf 85' lang='lat' dir='ltr'><em>attinet,</em></span> <span class='ocrx_word' id='word_1_110' title='bbox 829 1468 1246 1522; x_wconf 83' lang='lat' dir='ltr'><em>observantem.</em></span> <span class='ocrx_word' id='word_1_111' title='bbox 1280 1468 1456 1537; x_wconf 84' lang='lat' dir='ltr'><em>Negat</em></span> <span class='ocrx_word' id='word_1_112' title='bbox 1484 1469 1592 1522; x_wconf 89' lang='lat' dir='ltr'><em>hoc</em></span> <span class='ocrx_word' id='word_1_113' title='bbox 1622 1471 1767 1523; x_wconf 89' lang='lat' dir='ltr'><em>Pau-</em></span> 
     </span>
    </p>
   </div>
   <div class='ocr_carea' id='block_1_16' title="bbox 114 1556 1766 1625">
    <p class='ocr_par' dir='ltr' id='par_1_16' title="bbox 114 1556 1766 1625">
     <span class='ocr_line' id='line_1_16' title="bbox 114 1556 1766 1625; baseline 0.001 -16"><span class='ocrx_word' id='word_1_114' title='bbox 114 1557 180 1609; x_wconf 89' lang='lat' dir='ltr'><em>lus</em></span> <span class='ocrx_word' id='word_1_115' title='bbox 224 1561 272 1609; x_wconf 87' lang='lat' dir='ltr'><em>et</em></span> <span class='ocrx_word' id='word_1_116' title='bbox 318 1556 506 1609; x_wconf 89' lang='lat' dir='ltr'><em>multis</em></span> <span class='ocrx_word' id='word_1_117' title='bbox 552 1556 821 1619; x_wconf 84' lang='lat' dir='ltr'><em>ostendit,</em></span> <span class='ocrx_word' id='word_1_118' title='bbox 861 1556 982 1609; x_wconf 91' lang='lat' dir='ltr'><em>sine</em></span> <span class='ocrx_word' id='word_1_119' title='bbox 1026 1556 1170 1625; x_wconf 82' lang='lat' dir='ltr'><em>legis</em></span> <span class='ocrx_word' id='word_1_120' title='bbox 1196 1556 1451 1610; x_wconf 69' lang='lat' dir='ltr'><em>Mosaicae</em></span> <span class='ocrx_word' id='word_1_121' title='bbox 1502 1557 1766 1611; x_wconf 88' lang='lat' dir='ltr'><em>observa-</em></span> 
     </span>
    </p>
   </div>
   <div class='ocr_carea' id='block_1_17' title="bbox 114 1644 1759 1714">
    <p class='ocr_par' dir='ltr' id='par_1_17' title="bbox 114 1644 1759 1714">
     <span class='ocr_line' id='line_1_17' title="bbox 114 1644 1759 1714; baseline 0.002 -17"><span class='ocrx_word' id='word_1_122' title='bbox 114 1646 233 1698; x_wconf 87' lang='lat' dir='ltr'><em>tione</em></span> <span class='ocrx_word' id='word_1_123' title='bbox 268 1644 523 1698; x_wconf 85' lang='lat' dir='ltr'><em>homines</em></span> <span class='ocrx_word' id='word_1_124' title='bbox 569 1644 893 1714; x_wconf 87' lang='lat' dir='ltr'><em>justiticari,</em></span> <span class='ocrx_word' id='word_1_125' title='bbox 934 1661 1034 1698; x_wconf 88' lang='lat' dir='ltr'><em>seu</em></span> <span class='ocrx_word' id='word_1_126' title='bbox 1078 1646 1264 1714; x_wconf 89' lang='lat' dir='ltr'><em>justos</em></span> <span class='ocrx_word' id='word_1_127' title='bbox 1310 1662 1342 1698; x_wconf 91' lang='lat' dir='ltr'><em>a</em></span> <span class='ocrx_word' id='word_1_128' title='bbox 1384 1647 1495 1700; x_wconf 89' lang='lat' dir='ltr'><em>Deo</em></span> <span class='ocrx_word' id='word_1_129' title='bbox 1533 1646 1759 1713; x_wconf 88' lang='lat' dir='ltr'><em>haberi;</em></span> 
     </span>
    </p>
   </div>
   <div class='ocr_carea' id='block_1_18' title="bbox 114 1733 1763 1804">
    <p class='ocr_par' dir='ltr' id='par_1_18' title="bbox 114 1733 1763 1804">
     <span class='ocr_line' id='line_1_18' title="bbox 114 1733 1763 1804; baseline 0.002 -18"><span class='ocrx_word' id='word_1_130' title='bbox 114 1734 325 1804; x_wconf 84' lang='lat' dir='ltr'><em>adeoque</em></span> <span class='ocrx_word' id='word_1_131' title='bbox 367 1733 840 1803; x_wconf 84' lang='lat' dir='ltr'><em>justiiicationem</em></span> <span class='ocrx_word' id='word_1_132' title='bbox 894 1733 1138 1787; x_wconf 85' lang='lat' dir='ltr'><em>obtineri</em></span> <span class='ocrx_word' id='word_1_133' title='bbox 1184 1750 1296 1787; x_wconf 91' lang='lat' dir='ltr'><em>non</em></span> <span class='ocrx_word' id='word_1_134' title='bbox 1341 1734 1632 1804; x_wconf 86' lang='lat' dir='ltr'><em>operibus,</em></span> <span class='ocrx_word' id='word_1_135' title='bbox 1669 1736 1763 1789; x_wconf 89' lang='lat' dir='ltr'><em>sed</em></span> 
     </span>
    </p>
   </div>
   <div class='ocr_carea' id='block_1_19' title="bbox 114 1822 1770 1893">
    <p class='ocr_par' dir='ltr' id='par_1_19' title="bbox 114 1822 1770 1893">
     <span class='ocr_line' id='line_1_19' title="bbox 114 1822 1770 1893; baseline 0.002 -19"><span class='ocrx_word' id='word_1_136' title='bbox 114 1822 277 1890; x_wconf 85' lang='lat' dir='ltr'><em>gratia,</em></span> <span class='ocrx_word' id='word_1_137' title='bbox 316 1824 419 1875; x_wconf 91' lang='lat' dir='ltr'><em>hoc</em></span> <span class='ocrx_word' id='word_1_138' title='bbox 455 1827 541 1876; x_wconf 90' lang='lat' dir='ltr'><em>est</em></span> <span class='ocrx_word' id='word_1_139' title='bbox 579 1822 972 1876; x_wconf 83' lang='lat' dir='ltr'><em>misericordia</em></span> <span class='ocrx_word' id='word_1_140' title='bbox 1003 1822 1101 1876; x_wconf 87' lang='lat' dir='ltr'><em>Dei</em></span> <span class='ocrx_word' id='word_1_141' title='bbox 1128 1840 1140 1888; x_wconf 93' lang='lat'><em>;</em></span> <span class='ocrx_word' id='word_1_142' title='bbox 1175 1839 1287 1893; x_wconf 91' lang='lat' dir='ltr'><em>qua</em></span> <span class='ocrx_word' id='word_1_143' title='bbox 1315 1823 1500 1876; x_wconf 90' lang='lat' dir='ltr'><em>bonus</em></span> <span class='ocrx_word' id='word_1_144' title='bbox 1528 1824 1770 1877; x_wconf 88' lang='lat' dir='ltr'><em>habetur</em></span> 
     </span>
    </p>
   </div>
   <div class='ocr_carea' id='block_1_20' title="bbox 114 1910 1767 1982">
    <p class='ocr_par' dir='ltr' id='par_1_20' title="bbox 114 1910 1767 1982">
     <span class='ocr_line' id='line_1_20' title="bbox 114 1910 1767 1982; baseline 0.002 -19"><span class='ocrx_word' id='word_1_145' title='bbox 114 1912 147 1963; x_wconf 85' lang='lat' dir='ltr'><em>is</em></span> <span class='ocrx_word' id='word_1_146' title='bbox 175 1912 257 1980; x_wconf 89' lang='lat' dir='ltr'><em>qui</em></span> <span class='ocrx_word' id='word_1_147' title='bbox 285 1912 462 1982; x_wconf 83' lang='lat' dir='ltr'><em>legem</em></span> <span class='ocrx_word' id='word_1_148' title='bbox 496 1928 797 1982; x_wconf 85' lang='lat' dir='ltr'><em>nunquam</em></span> <span class='ocrx_word' id='word_1_149' title='bbox 829 1910 1162 1977; x_wconf 85' lang='lat' dir='ltr'><em>observavit,</em></span> <span class='ocrx_word' id='word_1_150' title='bbox 1196 1911 1242 1964; x_wconf 91' lang='lat' dir='ltr'><em>si</em></span> <span class='ocrx_word' id='word_1_151' title='bbox 1266 1912 1435 1966; x_wconf 86' lang='lat' dir='ltr'><em>modo</em></span> <span class='ocrx_word' id='word_1_152' title='bbox 1466 1913 1767 1982; x_wconf 86' lang='lat' dir='ltr'><em>Evangelio</em></span> 
     </span>
    </p>
   </div>
   <div class='ocr_carea' id='block_1_21' title="bbox 111 2000 1765 2072">
    <p class='ocr_par' dir='ltr' id='par_1_21' title="bbox 111 2000 1765 2072">
     <span class='ocr_line' id='line_1_21' title="bbox 111 2000 1765 2072; baseline 0.002 -20"><span class='ocrx_word' id='word_1_153' title='bbox 111 2000 261 2052; x_wconf 85' lang='lat' dir='ltr'><em>credat</em></span> <span class='ocrx_word' id='word_1_154' title='bbox 277 2000 437 2071; x_wconf 87' lang='lat' dir='ltr'><em>eique</em></span> <span class='ocrx_word' id='word_1_155' title='bbox 468 2001 531 2053; x_wconf 89' lang='lat' dir='ltr'><em>in</em></span> <span class='ocrx_word' id='word_1_156' title='bbox 560 2005 860 2070; x_wconf 90' lang='lat' dir='ltr'><em>posterum</em></span> <span class='ocrx_word' id='word_1_157' title='bbox 890 2000 1256 2070; x_wconf 87' lang='lat' dir='ltr'><em>obsequatur.</em></span> <span class='ocrx_word' id='word_1_158' title='bbox 1290 2002 1575 2054; x_wconf 76' lang='lat' dir='ltr'><em>Posterior</em></span> <span class='ocrx_word' id='word_1_159' title='bbox 1608 2018 1765 2072; x_wconf 79' lang='lat' dir='ltr'><em>quae-</em></span> 
     </span>
    </p>
   </div>
   <div class='ocr_carea' id='block_1_22' title="bbox 113 2089 1766 2160">
    <p class='ocr_par' dir='ltr' id='par_1_22' title="bbox 113 2089 1766 2160">
     <span class='ocr_line' id='line_1_22' title="bbox 113 2089 1766 2160; baseline 0.003 -21"><span class='ocrx_word' id='word_1_160' title='bbox 113 2089 193 2141; x_wconf 88' lang='lat' dir='ltr'><em>stio</em></span> <span class='ocrx_word' id='word_1_161' title='bbox 223 2094 296 2143; x_wconf 86' lang='lat' dir='ltr'><em>est</em></span> <span class='ocrx_word' id='word_1_162' title='bbox 338 2094 529 2143; x_wconf 86' lang='lat' dir='ltr'><em>utrum</em></span> <span class='ocrx_word' id='word_1_163' title='bbox 564 2105 598 2141; x_wconf 89' lang='lat' dir='ltr'><em>a</em></span> <span class='ocrx_word' id='word_1_164' title='bbox 632 2090 742 2142; x_wconf 90' lang='lat' dir='ltr'><em>Deo</em></span> <span class='ocrx_word' id='word_1_165' title='bbox 782 2095 980 2160; x_wconf 83' lang='lat' dir='ltr'><em>gentes</em></span> <span class='ocrx_word' id='word_1_166' title='bbox 1036 2090 1406 2143; x_wconf 82' lang='lat' dir='ltr'><em>idololatricae</em></span> <span class='ocrx_word' id='word_1_167' title='bbox 1437 2095 1674 2159; x_wconf 88' lang='lat' dir='ltr'><em>possent</em></span> <span class='ocrx_word' id='word_1_168' title='bbox 1696 2090 1766 2144; x_wconf 89' lang='lat' dir='ltr'><em>ad</em></span> 
     </span>
    </p>
   </div>
   <div class='ocr_carea' id='block_1_23' title="bbox 112 2177 1765 2249">
    <p class='ocr_par' dir='ltr' id='par_1_23' title="bbox 112 2177 1765 2249">
     <span class='ocr_line' id='line_1_23' title="bbox 112 2177 1765 2249; baseline 0.002 -21"><span class='ocrx_word' id='word_1_169' title='bbox 112 2177 349 2247; x_wconf 75' lang='lat' dir='ltr'><em>Evangelii</em></span> <span class='ocrx_word' id='word_1_170' title='bbox 370 2178 766 2249; x_wconf 87' lang='lat' dir='ltr'><em>cognitionem</em></span> <span class='ocrx_word' id='word_1_171' title='bbox 798 2178 1008 2246; x_wconf 81' lang='lat' dir='ltr'><em>vocari,</em></span> <span class='ocrx_word' id='word_1_172' title='bbox 1029 2182 1084 2231; x_wconf 91' lang='lat' dir='ltr'><em>et</em></span> <span class='ocrx_word' id='word_1_173' title='bbox 1112 2180 1362 2247; x_wconf 90' lang='lat' dir='ltr'><em>populus</em></span> <span class='ocrx_word' id='word_1_174' title='bbox 1394 2179 1516 2248; x_wconf 82' lang='lat' dir='ltr'><em>ejus</em></span> <span class='ocrx_word' id='word_1_175' title='bbox 1546 2178 1765 2246; x_wconf 80' lang='lat' dir='ltr'><em>haberi,</em></span> 
     </span>
    </p>
   </div>
   <div class='ocr_carea' id='block_1_24' title="bbox 113 2266 1767 2337">
    <p class='ocr_par' dir='ltr' id='par_1_24' title="bbox 113 2266 1767 2337">
     <span class='ocr_line' id='line_1_24' title="bbox 113 2266 1767 2337; baseline 0.002 -19"><span class='ocrx_word' id='word_1_176' title='bbox 113 2266 246 2319; x_wconf 86' lang='lat' dir='ltr'><em>etiam</em></span> <span class='ocrx_word' id='word_1_177' title='bbox 273 2267 543 2337; x_wconf 88' lang='lat' dir='ltr'><em>neglectis</em></span> <span class='ocrx_word' id='word_1_178' title='bbox 597 2266 827 2322; x_wconf 65' lang='lat' dir='ltr'><em>Iudaeis.</em></span> <span class='ocrx_word' id='word_1_179' title='bbox 878 2267 1172 2334; x_wconf 82' lang='lat' dir='ltr'><em>Negabaut</em></span> <span class='ocrx_word' id='word_1_180' title='bbox 1222 2268 1330 2320; x_wconf 89' lang='lat' dir='ltr'><em>hoc</em></span> <span class='ocrx_word' id='word_1_181' title='bbox 1358 2268 1560 2334; x_wconf 62' lang='lat' dir='ltr'><em>Judaei,</em></span> <span class='ocrx_word' id='word_1_182' title='bbox 1614 2268 1767 2321; x_wconf 83' lang='lat' dir='ltr'><em>afﬁr-</em></span> 
     </span>
    </p>
   </div>
   <div class='ocr_carea' id='block_1_25' title="bbox 114 2354 1770 2426">
    <p class='ocr_par' dir='ltr' id='par_1_25' title="bbox 114 2354 1770 2426">
     <span class='ocr_line' id='line_1_25' title="bbox 114 2354 1770 2426; baseline 0.001 -19"><span class='ocrx_word' id='word_1_183' title='bbox 114 2355 263 2408; x_wconf 83' lang='lat' dir='ltr'><em>mabat</em></span> <span class='ocrx_word' id='word_1_184' title='bbox 289 2357 511 2418; x_wconf 86' lang='lat' dir='ltr'><em>Paulus,</em></span> <span class='ocrx_word' id='word_1_185' title='bbox 548 2356 651 2426; x_wconf 91' lang='lat' dir='ltr'><em>qui</em></span> <span class='ocrx_word' id='word_1_186' title='bbox 684 2355 932 2409; x_wconf 83' lang='lat' dir='ltr'><em>ostendit</em></span> <span class='ocrx_word' id='word_1_187' title='bbox 965 2357 1165 2423; x_wconf 88' lang='lat' dir='ltr'><em>Deum,</em></span> <span class='ocrx_word' id='word_1_188' title='bbox 1206 2354 1264 2407; x_wconf 90' lang='lat' dir='ltr'><em>in</em></span> <span class='ocrx_word' id='word_1_189' title='bbox 1299 2356 1566 2410; x_wconf 84' lang='lat' dir='ltr'><em>vocandis</em></span> <span class='ocrx_word' id='word_1_190' title='bbox 1588 2372 1770 2426; x_wconf 58' lang='lat' dir='ltr'><em>popuo</em></span> 
     </span>
    </p>
   </div>
   <div class='ocr_carea' id='block_1_26' title="bbox 114 2442 1773 2514">
    <p class='ocr_par' dir='ltr' id='par_1_26' title="bbox 114 2442 1773 2514">
     <span class='ocr_line' id='line_1_26' title="bbox 114 2442 1773 2514; baseline 0.002 -20"><span class='ocrx_word' id='word_1_191' title='bbox 114 2443 163 2496; x_wconf 88' lang='lat' dir='ltr'><em>lis</em></span> <span class='ocrx_word' id='word_1_192' title='bbox 190 2443 247 2497; x_wconf 85' lang='lat' dir='ltr'><em>ad</em></span> <span class='ocrx_word' id='word_1_193' title='bbox 275 2444 357 2497; x_wconf 90' lang='lat' dir='ltr'><em>sui</em></span> <span class='ocrx_word' id='word_1_194' title='bbox 383 2444 801 2514; x_wconf 87' lang='lat' dir='ltr'><em>cognitionem,</em></span> <span class='ocrx_word' id='word_1_195' title='bbox 842 2443 1061 2496; x_wconf 89' lang='lat' dir='ltr'><em>nullam</em></span> <span class='ocrx_word' id='word_1_196' title='bbox 1093 2442 1373 2496; x_wconf 89' lang='lat' dir='ltr'><em>rationem</em></span> <span class='ocrx_word' id='word_1_197' title='bbox 1406 2444 1613 2497; x_wconf 90' lang='lat' dir='ltr'><em>habere</em></span> <span class='ocrx_word' id='word_1_198' title='bbox 1644 2461 1773 2514; x_wconf 88' lang='lat' dir='ltr'><em>ope-</em></span> 
     </span>
    </p>
   </div>
   <div class='ocr_carea' id='block_1_27' title="bbox 116 2531 1770 2603">
    <p class='ocr_par' dir='ltr' id='par_1_27' title="bbox 116 2531 1770 2603">
     <span class='ocr_line' id='line_1_27' title="bbox 116 2531 1770 2603; baseline 0.001 -19"><span class='ocrx_word' id='word_1_199' title='bbox 116 2548 209 2585; x_wconf 86' lang='lat' dir='ltr'><em>rum</em></span> <span class='ocrx_word' id='word_1_200' title='bbox 251 2548 341 2587; x_wconf 88' lang='lat' dir='ltr'><em>seu</em></span> <span class='ocrx_word' id='word_1_201' title='bbox 387 2534 756 2600; x_wconf 89' lang='lat' dir='ltr'><em>meritorum,</em></span> <span class='ocrx_word' id='word_1_202' title='bbox 812 2533 909 2585; x_wconf 86' lang='lat' dir='ltr'><em>sed</em></span> <span class='ocrx_word' id='word_1_203' title='bbox 958 2531 1237 2585; x_wconf 81' lang='lat' dir='ltr'><em>beneﬁcia</em></span> <span class='ocrx_word' id='word_1_204' title='bbox 1284 2549 1383 2586; x_wconf 89' lang='lat' dir='ltr'><em>sua</em></span> <span class='ocrx_word' id='word_1_205' title='bbox 1428 2533 1487 2586; x_wconf 93' lang='lat' dir='ltr'><em>in</em></span> <span class='ocrx_word' id='word_1_206' title='bbox 1544 2533 1770 2603; x_wconf 90' lang='lat' dir='ltr'><em>quosvis</em></span> 
     </span>
    </p>
   </div>
   <div class='ocr_carea' id='block_1_28' title="bbox 114 2619 1770 2691">
    <p class='ocr_par' dir='ltr' id='par_1_28' title="bbox 114 2619 1770 2691">
     <span class='ocr_line' id='line_1_28' title="bbox 114 2619 1770 2691; baseline 0.001 -18"><span class='ocrx_word' id='word_1_207' title='bbox 114 2621 340 2686; x_wconf 82' lang='lat' dir='ltr'><em>conferre,</em></span> <span class='ocrx_word' id='word_1_208' title='bbox 373 2622 641 2690; x_wconf 88' lang='lat' dir='ltr'><em>quamvis</em></span> <span class='ocrx_word' id='word_1_209' title='bbox 662 2619 947 2690; x_wconf 89' lang='lat' dir='ltr'><em>indignos,</em></span> <span class='ocrx_word' id='word_1_210' title='bbox 978 2619 1046 2672; x_wconf 88' lang='lat' dir='ltr'><em>iis</em></span> <span class='ocrx_word' id='word_1_211' title='bbox 1092 2619 1316 2673; x_wconf 88' lang='lat' dir='ltr'><em>omissis</em></span> <span class='ocrx_word' id='word_1_212' title='bbox 1347 2620 1445 2691; x_wconf 89' lang='lat' dir='ltr'><em>qui</em></span> <span class='ocrx_word' id='word_1_213' title='bbox 1477 2621 1770 2675; x_wconf 87' lang='lat' dir='ltr'><em>beneﬁciis</em></span> 
     </span>
    </p>
   </div>
   <div class='ocr_carea' id='block_1_29' title="bbox 114 2709 1770 2781">
    <p class='ocr_par' dir='ltr' id='par_1_29' title="bbox 114 2709 1770 2781">
     <span class='ocr_line' id='line_1_29' title="bbox 114 2709 1770 2781; baseline 0.002 -20"><span class='ocrx_word' id='word_1_214' title='bbox 114 2709 269 2763; x_wconf 74' lang='lat' dir='ltr'><em>divinis</em></span> <span class='ocrx_word' id='word_1_215' title='bbox 306 2710 669 2781; x_wconf 85' lang='lat' dir='ltr'><em>indigniores</em></span> <span class='ocrx_word' id='word_1_216' title='bbox 720 2709 936 2762; x_wconf 61' lang='lat' dir='ltr'><em>caeteris</em></span> <span class='ocrx_word' id='word_1_217' title='bbox 975 2724 1093 2761; x_wconf 92' lang='lat' dir='ltr'><em>non</em></span> <span class='ocrx_word' id='word_1_218' title='bbox 1123 2713 1303 2763; x_wconf 88' lang='lat' dir='ltr'><em>erant.</em></span> <span class='ocrx_word' id='word_1_219' title='bbox 1340 2711 1467 2763; x_wconf 63' lang='lat' dir='ltr'><em>Haec</em></span> <span class='ocrx_word' id='word_1_220' title='bbox 1497 2715 1630 2763; x_wconf 90' lang='lat' dir='ltr'><em>suut</em></span> <span class='ocrx_word' id='word_1_221' title='bbox 1658 2713 1770 2765; x_wconf 91' lang='lat' dir='ltr'><em>duo</em></span> 
     </span>
    </p>
   </div>
   <div class='ocr_carea' id='block_1_30' title="bbox 112 2796 1771 2869">
    <p class='ocr_par' dir='ltr' id='par_1_30' title="bbox 112 2796 1771 2869">
     <span class='ocr_line' id='line_1_30' title="bbox 112 2796 1771 2869; baseline 0.002 -22"><span class='ocrx_word' id='word_1_222' title='bbox 112 2813 283 2851; x_wconf 85' lang='lat' dir='ltr'><em>summa</em></span> <span class='ocrx_word' id='word_1_223' title='bbox 301 2799 517 2869; x_wconf 80' lang='lat' dir='ltr'><em>capita,</em></span> <span class='ocrx_word' id='word_1_224' title='bbox 553 2799 621 2851; x_wconf 90' lang='lat' dir='ltr'><em>ad</em></span> <span class='ocrx_word' id='word_1_225' title='bbox 661 2814 789 2869; x_wconf 78' lang='lat' dir='ltr'><em>quae</em></span> <span class='ocrx_word' id='word_1_226' title='bbox 818 2802 933 2851; x_wconf 89' lang='lat' dir='ltr'><em>tota</em></span> <span class='ocrx_word' id='word_1_227' title='bbox 959 2796 1267 2866; x_wconf 88' lang='lat' dir='ltr'><em>disputatio</em></span> <span class='ocrx_word' id='word_1_228' title='bbox 1294 2797 1455 2850; x_wconf 85' lang='lat' dir='ltr'><em>Pauli</em></span> <span class='ocrx_word' id='word_1_229' title='bbox 1473 2798 1771 2853; x_wconf 79' lang='lat' dir='ltr'><em>referenda</em></span> 
     </span>
    </p>
   </div>
   <div class='ocr_carea' id='block_1_31' title="bbox 116 2884 1772 2958">
    <p class='ocr_par' dir='ltr' id='par_1_31' title="bbox 116 2884 1772 2958">
     <span class='ocr_line' id='line_1_31' title="bbox 116 2884 1772 2958; baseline 0.001 -20"><span class='ocrx_word' id='word_1_230' title='bbox 116 2892 185 2949; x_wconf 77' lang='lat' dir='ltr'><em>est,</em></span> <span class='ocrx_word' id='word_1_231' title='bbox 209 2904 309 2941; x_wconf 90' lang='lat' dir='ltr'><em>non</em></span> <span class='ocrx_word' id='word_1_232' title='bbox 338 2887 494 2958; x_wconf 90' lang='lat' dir='ltr'><em>quod</em></span> <span class='ocrx_word' id='word_1_233' title='bbox 542 2885 633 2939; x_wconf 86' lang='lat' dir='ltr'><em>hic</em></span> <span class='ocrx_word' id='word_1_234' title='bbox 661 2886 832 2939; x_wconf 86' lang='lat' dir='ltr'><em>habet</em></span> <span class='ocrx_word' id='word_1_235' title='bbox 886 2884 1256 2954; x_wconf 86' lang='lat' dir='ltr'><em>Augustinus.</em></span> <span class='ocrx_word' id='word_1_236' title='bbox 1291 2886 1489 2955; x_wconf 87' lang='lat' dir='ltr'><em>Itaque</em></span> <span class='ocrx_word' id='word_1_237' title='bbox 1529 2885 1671 2939; x_wconf 90' lang='lat' dir='ltr'><em>nihil</em></span> <span class='ocrx_word' id='word_1_238' title='bbox 1702 2887 1772 2939; x_wconf 91' lang='lat' dir='ltr'><em>ad</em></span> 
     </span>
    </p>
   </div>
   <div class='ocr_carea' id='block_1_32' title="bbox 1876 498 3572 569">
    <p class='ocr_par' dir='ltr' id='par_1_32' title="bbox 1876 498 3572 569">
     <span class='ocr_line' id='line_1_32' title="bbox 1876 498 3572 569; baseline 0.002 -20"><span class='ocrx_word' id='word_1_239' title='bbox 1876 498 2059 550; x_wconf 87' lang='lat' dir='ltr'><em>ctione</em></span> <span class='ocrx_word' id='word_1_240' title='bbox 2134 498 2490 568; x_wconf 89' lang='lat' dir='ltr'><em>singulorum</em></span> <span class='ocrx_word' id='word_1_241' title='bbox 2568 498 2871 552; x_wconf 88' lang='lat' dir='ltr'><em>hominum</em></span> <span class='ocrx_word' id='word_1_242' title='bbox 2946 499 3269 569; x_wconf 86' lang='lat' dir='ltr'><em>compendii</em></span> <span class='ocrx_word' id='word_1_243' title='bbox 3331 499 3572 565; x_wconf 85' lang='lat' dir='ltr'><em>fecisset,</em></span> 
     </span>
    </p>
   </div>
   <div class='ocr_carea' id='block_1_33' title="bbox 1877 584 3573 657">
    <p class='ocr_par' dir='ltr' id='par_1_33' title="bbox 1877 584 3573 657">
     <span class='ocr_line' id='line_1_33' title="bbox 1877 584 3573 657; baseline 0.002 -20"><span class='ocrx_word' id='word_1_244' title='bbox 1877 584 2090 655; x_wconf 92' lang='lat' dir='ltr'><em>quippe</em></span> <span class='ocrx_word' id='word_1_245' title='bbox 2121 602 2249 655; x_wconf 65' lang='lat' dir='ltr'><em>qua:</em></span> <span class='ocrx_word' id='word_1_246' title='bbox 2280 586 2447 655; x_wconf 88' lang='lat' dir='ltr'><em>plane</em></span> <span class='ocrx_word' id='word_1_247' title='bbox 2495 591 2650 639; x_wconf 82' lang='lat' dir='ltr'><em>extra</em></span> <span class='ocrx_word' id='word_1_248' title='bbox 2682 603 2803 640; x_wconf 88' lang='lat' dir='ltr'><em>rem</em></span> <span class='ocrx_word' id='word_1_249' title='bbox 2831 591 2934 639; x_wconf 88' lang='lat' dir='ltr'><em>est.</em></span> <span class='ocrx_word' id='word_1_250' title='bbox 2973 587 3279 657; x_wconf 89' lang='lat' dir='ltr'><em>Liquidum</em></span> <span class='ocrx_word' id='word_1_251' title='bbox 3303 588 3457 640; x_wconf 91' lang='lat' dir='ltr'><em>enim</em></span> <span class='ocrx_word' id='word_1_252' title='bbox 3488 592 3573 641; x_wconf 90' lang='lat' dir='ltr'><em>est</em></span> 
     </span>
    </p>
   </div>
   <div class='ocr_carea' id='block_1_34' title="bbox 1875 674 3575 745">
    <p class='ocr_par' dir='ltr' id='par_1_34' title="bbox 1875 674 3575 745">
     <span class='ocr_line' id='line_1_34' title="bbox 1875 674 3575 745; baseline 0.001 -18"><span class='ocrx_word' id='word_1_253' title='bbox 1875 676 2141 728; x_wconf 89' lang='lat' dir='ltr'><em>Jacobum</em></span> <span class='ocrx_word' id='word_1_254' title='bbox 2172 680 2228 727; x_wconf 90' lang='lat' dir='ltr'><em>et</em></span> <span class='ocrx_word' id='word_1_255' title='bbox 2266 677 2503 727; x_wconf 88' lang='lat' dir='ltr'><em>Esauum</em></span> <span class='ocrx_word' id='word_1_256' title='bbox 2548 691 2661 727; x_wconf 89' lang='lat' dir='ltr'><em>non</em></span> <span class='ocrx_word' id='word_1_257' title='bbox 2710 674 2950 745; x_wconf 86' lang='lat' dir='ltr'><em>spectari</em></span> <span class='ocrx_word' id='word_1_258' title='bbox 2980 676 3071 728; x_wconf 88' lang='lat' dir='ltr'><em>hic</em></span> <span class='ocrx_word' id='word_1_259' title='bbox 3114 676 3277 745; x_wconf 86' lang='lat' dir='ltr'><em>quasi</em></span> <span class='ocrx_word' id='word_1_260' title='bbox 3319 677 3575 745; x_wconf 87' lang='lat' dir='ltr'><em>singulos</em></span> 
     </span>
    </p>
   </div>
   <div class='ocr_carea' id='block_1_35' title="bbox 1877 760 3577 834">
    <p class='ocr_par' dir='ltr' id='par_1_35' title="bbox 1877 760 3577 834">
     <span class='ocr_line' id='line_1_35' title="bbox 1877 760 3577 834; baseline 0.002 -19"><span class='ocrx_word' id='word_1_261' title='bbox 1877 765 2151 833; x_wconf 89' lang='lat' dir='ltr'><em>quosdam</em></span> <span class='ocrx_word' id='word_1_262' title='bbox 2184 763 2463 829; x_wconf 88' lang='lat' dir='ltr'><em>homines,</em></span> <span class='ocrx_word' id='word_1_263' title='bbox 2490 760 2558 816; x_wconf 90' lang='lat' dir='ltr'><em>de</em></span> <span class='ocrx_word' id='word_1_264' title='bbox 2593 780 2839 834; x_wconf 83' lang='lat' dir='ltr'><em>quorum</em></span> <span class='ocrx_word' id='word_1_265' title='bbox 2883 764 3252 817; x_wconf 86' lang='lat' dir='ltr'><em>conversione</em></span> <span class='ocrx_word' id='word_1_266' title='bbox 3300 765 3577 819; x_wconf 87' lang='lat' dir='ltr'><em>deliberet</em></span> 
     </span>
    </p>
   </div>
   <div class='ocr_carea' id='block_1_36' title="bbox 1880 852 3574 923">
    <p class='ocr_par' dir='ltr' id='par_1_36' title="bbox 1880 852 3574 923">
     <span class='ocr_line' id='line_1_36' title="bbox 1880 852 3574 923; baseline -0.001 -16"><span class='ocrx_word' id='word_1_267' title='bbox 1880 855 2027 907; x_wconf 87' lang='lat' dir='ltr'><em>Deus</em></span> <span class='ocrx_word' id='word_1_268' title='bbox 2052 872 2066 919; x_wconf 87' lang='lat'><em>;</em></span> <span class='ocrx_word' id='word_1_269' title='bbox 2090 854 2185 905; x_wconf 89' lang='lat' dir='ltr'><em>sed</em></span> <span class='ocrx_word' id='word_1_270' title='bbox 2217 852 2380 922; x_wconf 87' lang='lat' dir='ltr'><em>quasi</em></span> <span class='ocrx_word' id='word_1_271' title='bbox 2406 853 2726 906; x_wconf 86' lang='lat' dir='ltr'><em>conditores</em></span> <span class='ocrx_word' id='word_1_272' title='bbox 2752 854 2994 907; x_wconf 87' lang='lat' dir='ltr'><em>duarum</em></span> <span class='ocrx_word' id='word_1_273' title='bbox 3024 853 3301 923; x_wconf 85' lang='lat' dir='ltr'><em>gentium,</em></span> <span class='ocrx_word' id='word_1_274' title='bbox 3330 870 3574 923; x_wconf 89' lang='lat' dir='ltr'><em>quarum</em></span> 
     </span>
    </p>
   </div>
   <div class='ocr_carea' id='block_1_37' title="bbox 1877 941 3575 1011">
    <p class='ocr_par' dir='ltr' id='par_1_37' title="bbox 1877 941 3575 1011">
     <span class='ocr_line' id='line_1_37' title="bbox 1877 941 3575 1011; baseline 0.001 -17"><span class='ocrx_word' id='word_1_275' title='bbox 1877 941 2041 1007; x_wconf 89' lang='lat' dir='ltr'><em>hanc,</em></span> <span class='ocrx_word' id='word_1_276' title='bbox 2074 957 2192 993; x_wconf 90' lang='lat' dir='ltr'><em>non</em></span> <span class='ocrx_word' id='word_1_277' title='bbox 2238 942 2394 994; x_wconf 90' lang='lat' dir='ltr'><em>illam</em></span> <span class='ocrx_word' id='word_1_278' title='bbox 2426 942 2495 994; x_wconf 90' lang='lat' dir='ltr'><em>ad</em></span> <span class='ocrx_word' id='word_1_279' title='bbox 2528 941 2614 994; x_wconf 90' lang='lat' dir='ltr'><em>sui</em></span> <span class='ocrx_word' id='word_1_280' title='bbox 2655 941 3043 1011; x_wconf 85' lang='lat' dir='ltr'><em>cognitionem</em></span> <span class='ocrx_word' id='word_1_281' title='bbox 3076 948 3376 994; x_wconf 81' lang='lat' dir='ltr'><em>vacaturus</em></span> <span class='ocrx_word' id='word_1_282' title='bbox 3420 942 3491 995; x_wconf 89' lang='lat' dir='ltr'><em>sit</em></span> <span class='ocrx_word' id='word_1_283' title='bbox 3520 946 3575 995; x_wconf 91' lang='lat' dir='ltr'><em>et</em></span> 
     </span>
    </p>
   </div>
   <div class='ocr_carea' id='block_1_38' title="bbox 1876 1028 3573 1099">
    <p class='ocr_par' dir='ltr' id='par_1_38' title="bbox 1876 1028 3573 1099">
     <span class='ocr_line' id='line_1_38' title="bbox 1876 1028 3573 1099; baseline 0.001 -18"><span class='ocrx_word' id='word_1_284' title='bbox 1876 1045 1981 1099; x_wconf 92' lang='lat' dir='ltr'><em>pro</em></span> <span class='ocrx_word' id='word_1_285' title='bbox 2007 1028 2223 1097; x_wconf 90' lang='lat' dir='ltr'><em>populo</em></span> <span class='ocrx_word' id='word_1_286' title='bbox 2270 1046 2372 1081; x_wconf 92' lang='lat' dir='ltr'><em>suo</em></span> <span class='ocrx_word' id='word_1_287' title='bbox 2418 1028 2735 1082; x_wconf 88' lang='lat' dir='ltr'><em>habiturus.</em></span> <span class='ocrx_word' id='word_1_288' title='bbox 2787 1031 2924 1082; x_wconf 89' lang='lat' dir='ltr'><em>Tota</em></span> <span class='ocrx_word' id='word_1_289' title='bbox 2972 1029 3144 1082; x_wconf 89' lang='lat' dir='ltr'><em>series</em></span> <span class='ocrx_word' id='word_1_290' title='bbox 3180 1029 3453 1083; x_wconf 88' lang='lat' dir='ltr'><em>orationis</em></span> <span class='ocrx_word' id='word_1_291' title='bbox 3484 1046 3573 1082; x_wconf 89' lang='lat' dir='ltr'><em>0c-</em></span> 
     </span>
    </p>
   </div>
   <div class='ocr_carea' id='block_1_39' title="bbox 1876 1118 3574 1187">
    <p class='ocr_par' dir='ltr' id='par_1_39' title="bbox 1876 1118 3574 1187">
     <span class='ocr_line' id='line_1_39' title="bbox 1876 1118 3574 1187; baseline 0 -17"><span class='ocrx_word' id='word_1_292' title='bbox 1876 1118 2140 1187; x_wconf 82' lang='lat' dir='ltr'><em>casioque</em></span> <span class='ocrx_word' id='word_1_293' title='bbox 2188 1118 2584 1187; x_wconf 85' lang='lat' dir='ltr'><em>disputationis</em></span> <span class='ocrx_word' id='word_1_294' title='bbox 2614 1118 2717 1171; x_wconf 91' lang='lat' dir='ltr'><em>hoc</em></span> <span class='ocrx_word' id='word_1_295' title='bbox 2768 1118 3171 1183; x_wconf 88' lang='lat' dir='ltr'><em>clamant;sed</em></span> <span class='ocrx_word' id='word_1_296' title='bbox 3222 1123 3278 1171; x_wconf 88' lang='lat' dir='ltr'><em>et</em></span> <span class='ocrx_word' id='word_1_297' title='bbox 3327 1118 3445 1187; x_wconf 87' lang='lat' dir='ltr'><em>ipsa</em></span> <span class='ocrx_word' id='word_1_298' title='bbox 3477 1118 3574 1170; x_wconf 89' lang='lat' dir='ltr'><em>illa</em></span> 
     </span>
    </p>
   </div>
   <div class='ocr_carea' id='block_1_40' title="bbox 1877 1207 3573 1275">
    <p class='ocr_par' dir='ltr' id='par_1_40' title="bbox 1877 1207 3573 1275">
     <span class='ocr_line' id='line_1_40' title="bbox 1877 1207 3573 1275; baseline 0 -16"><span class='ocrx_word' id='word_1_299' title='bbox 1877 1207 2066 1271; x_wconf 86' lang='lat' dir='ltr'><em>verba,</em></span> <span class='ocrx_word' id='word_1_300' title='bbox 2106 1207 2282 1275; x_wconf 86' lang='lat' dir='ltr'><em>major</em></span> <span class='ocrx_word' id='word_1_301' title='bbox 2326 1210 2519 1261; x_wconf 84' lang='lat' dir='ltr'><em>serviet</em></span> <span class='ocrx_word' id='word_1_302' title='bbox 2553 1210 2767 1272; x_wconf 85' lang='lat' dir='ltr'><em>minori,</em></span> <span class='ocrx_word' id='word_1_303' title='bbox 2815 1208 2950 1261; x_wconf 90' lang='lat' dir='ltr'><em>Gen.</em></span> <span class='ocrx_word' id='word_1_304' title='bbox 2986 1223 3109 1272; x_wconf 87' lang='lat' dir='ltr'><em>xxv,</em></span> <span class='ocrx_word' id='word_1_305' title='bbox 3154 1209 3241 1271; x_wconf 70' lang='lat'><em>‘23,</em></span> <span class='ocrx_word' id='word_1_306' title='bbox 3274 1207 3573 1260; x_wconf 88' lang='lat' dir='ltr'><em>manifesto</em></span> 
     </span>
    </p>
   </div>
   <div class='ocr_carea' id='block_1_41' title="bbox 1879 1294 3575 1361">
    <p class='ocr_par' dir='ltr' id='par_1_41' title="bbox 1879 1294 3575 1361">
     <span class='ocr_line' id='line_1_41' title="bbox 1879 1294 3575 1361; baseline 0.001 -13"><span class='ocrx_word' id='word_1_307' title='bbox 1879 1296 2223 1361; x_wconf 88' lang='lat' dir='ltr'><em>ostendunt;</em></span> <span class='ocrx_word' id='word_1_308' title='bbox 2251 1312 2381 1348; x_wconf 90' lang='lat' dir='ltr'><em>nam</em></span> <span class='ocrx_word' id='word_1_309' title='bbox 2422 1296 2541 1348; x_wconf 61' lang='lat' dir='ltr'><em>haec</em></span> <span class='ocrx_word' id='word_1_310' title='bbox 2577 1297 2747 1349; x_wconf 86' lang='lat' dir='ltr'><em>verba</em></span> <span class='ocrx_word' id='word_1_311' title='bbox 2775 1296 3046 1349; x_wconf 88' lang='lat' dir='ltr'><em>dicuntur</em></span> <span class='ocrx_word' id='word_1_312' title='bbox 3088 1312 3200 1349; x_wconf 89' lang='lat' dir='ltr'><em>non</em></span> <span class='ocrx_word' id='word_1_313' title='bbox 3232 1295 3300 1348; x_wconf 87' lang='lat' dir='ltr'><em>de</em></span> <span class='ocrx_word' id='word_1_314' title='bbox 3330 1294 3575 1349; x_wconf 88' lang='lat' dir='ltr'><em>homini-</em></span> 
     </span>
    </p>
   </div>
   <div class='ocr_carea' id='block_1_42' title="bbox 1880 1383 3574 1454">
    <p class='ocr_par' dir='ltr' id='par_1_42' title="bbox 1880 1383 3574 1454">
     <span class='ocr_line' id='line_1_42' title="bbox 1880 1383 3574 1454; baseline -0.001 -17"><span class='ocrx_word' id='word_1_315' title='bbox 1880 1385 2004 1450; x_wconf 87' lang='lat' dir='ltr'><em>bus,</em></span> <span class='ocrx_word' id='word_1_316' title='bbox 2064 1385 2161 1438; x_wconf 89' lang='lat' dir='ltr'><em>sed</em></span> <span class='ocrx_word' id='word_1_317' title='bbox 2198 1385 2266 1438; x_wconf 90' lang='lat' dir='ltr'><em>de</em></span> <span class='ocrx_word' id='word_1_318' title='bbox 2292 1384 2543 1454; x_wconf 90' lang='lat' dir='ltr'><em>populis.</em></span> <span class='ocrx_word' id='word_1_319' title='bbox 2599 1388 2725 1438; x_wconf 66' lang='lat' dir='ltr'><em>Duae</em></span> <span class='ocrx_word' id='word_1_320' title='bbox 2780 1389 2957 1451; x_wconf 80' lang='lat' dir='ltr'><em>gentes</em></span> <span class='ocrx_word' id='word_1_321' title='bbox 3005 1390 3150 1452; x_wconf 88' lang='lat' dir='ltr'><em>sunt,</em></span> <span class='ocrx_word' id='word_1_322' title='bbox 3194 1383 3380 1454; x_wconf 88' lang='lat' dir='ltr'><em>inquit</em></span> <span class='ocrx_word' id='word_1_323' title='bbox 3427 1385 3574 1437; x_wconf 89' lang='lat' dir='ltr'><em>Deus</em></span> 
     </span>
    </p>
   </div>
   <div class='ocr_carea' id='block_1_43' title="bbox 1878 1473 3576 1542">
    <p class='ocr_par' dir='ltr' id='par_1_43' title="bbox 1878 1473 3576 1542">
     <span class='ocr_line' id='line_1_43' title="bbox 1878 1473 3576 1542; baseline -0.001 -16"><span class='ocrx_word' id='word_1_324' title='bbox 1878 1473 2172 1526; x_wconf 87' lang='lat' dir='ltr'><em>suscitanti</em></span> <span class='ocrx_word' id='word_1_325' title='bbox 2230 1474 2518 1540; x_wconf 72' lang='lat' dir='ltr'><em>Rebeccze,</em></span> <span class='ocrx_word' id='word_1_326' title='bbox 2570 1476 2627 1526; x_wconf 86' lang='lat' dir='ltr'><em>in</em></span> <span class='ocrx_word' id='word_1_327' title='bbox 2668 1479 2817 1527; x_wconf 84' lang='lat' dir='ltr'><em>utero</em></span> <span class='ocrx_word' id='word_1_328' title='bbox 2865 1480 2973 1540; x_wconf 86' lang='lat' dir='ltr'><em>tuo,</em></span> <span class='ocrx_word' id='word_1_329' title='bbox 3024 1479 3073 1526; x_wconf 90' lang='lat' dir='ltr'><em>et</em></span> <span class='ocrx_word' id='word_1_330' title='bbox 3123 1475 3227 1527; x_wconf 88' lang='lat' dir='ltr'><em>duo</em></span> <span class='ocrx_word' id='word_1_331' title='bbox 3260 1474 3455 1542; x_wconf 80' lang='lat' dir='ltr'><em>populi</em></span> <span class='ocrx_word' id='word_1_332' title='bbox 3511 1488 3576 1526; x_wconf 74' lang='lat' dir='ltr'><em>ea:</em></span> 
     </span>
    </p>
   </div>
   <div class='ocr_carea' id='block_1_44' title="bbox 1875 1562 3576 1630">
    <p class='ocr_par' dir='ltr' id='par_1_44' title="bbox 1875 1562 3576 1630">
     <span class='ocr_line' id='line_1_44' title="bbox 1875 1562 3576 1630; baseline 0 -15"><span class='ocrx_word' id='word_1_333' title='bbox 1875 1568 2058 1616; x_wconf 83' lang='lat' dir='ltr'><em>ventre</em></span> <span class='ocrx_word' id='word_1_334' title='bbox 2090 1568 2176 1615; x_wconf 84' lang='lat' dir='ltr'><em>tuo</em></span> <span class='ocrx_word' id='word_1_335' title='bbox 2229 1562 2560 1628; x_wconf 82' lang='lat' dir='ltr'><em>dividentur,</em></span> <span class='ocrx_word' id='word_1_336' title='bbox 2597 1563 2939 1630; x_wconf 86' lang='lat' dir='ltr'><em>populusque</em></span> <span class='ocrx_word' id='word_1_337' title='bbox 2978 1564 3238 1630; x_wconf 80' lang='lat' dir='ltr'><em>populum</em></span> <span class='ocrx_word' id='word_1_338' title='bbox 3270 1562 3576 1630; x_wconf 85' lang='lat' dir='ltr'><em>superabit,</em></span> 
     </span>
    </p>
   </div>
   <div class='ocr_carea' id='block_1_45' title="bbox 1877 1651 3578 1720">
    <p class='ocr_par' dir='ltr' id='par_1_45' title="bbox 1877 1651 3578 1720">
     <span class='ocr_line' id='line_1_45' title="bbox 1877 1651 3578 1720; baseline -0.001 -15"><span class='ocrx_word' id='word_1_339' title='bbox 1877 1656 1926 1705; x_wconf 89' lang='lat' dir='ltr'><em>et</em></span> <span class='ocrx_word' id='word_1_340' title='bbox 1946 1651 2122 1719; x_wconf 86' lang='lat' dir='ltr'><em>major</em></span> <span class='ocrx_word' id='word_1_341' title='bbox 2140 1653 2331 1704; x_wconf 76' lang='lat' dir='ltr'><em>serviet</em></span> <span class='ocrx_word' id='word_1_342' title='bbox 2351 1652 2565 1704; x_wconf 86' lang='lat' dir='ltr'><em>minori.</em></span> <span class='ocrx_word' id='word_1_343' title='bbox 2600 1653 2678 1702; x_wconf 85' lang='lat' dir='ltr'><em>Ac</em></span> <span class='ocrx_word' id='word_1_344' title='bbox 2709 1667 2843 1703; x_wconf 85' lang='lat' dir='ltr'><em>sane</em></span> <span class='ocrx_word' id='word_1_345' title='bbox 2882 1651 3140 1716; x_wconf 87' lang='lat' dir='ltr'><em>Idumaei,</em></span> <span class='ocrx_word' id='word_1_346' title='bbox 3167 1667 3414 1720; x_wconf 89' lang='lat' dir='ltr'><em>quorum</em></span> <span class='ocrx_word' id='word_1_347' title='bbox 3444 1666 3578 1720; x_wconf 89' lang='lat' dir='ltr'><em>opes</em></span> 
     </span>
    </p>
   </div>
   <div class='ocr_carea' id='block_1_46' title="bbox 1877 1736 3577 1806">
    <p class='ocr_par' dir='ltr' id='par_1_46' title="bbox 1877 1736 3577 1806">
     <span class='ocr_line' id='line_1_46' title="bbox 1877 1736 3577 1806; baseline -0.001 -15"><span class='ocrx_word' id='word_1_348' title='bbox 1877 1737 2040 1792; x_wconf 88' lang='lat' dir='ltr'><em>citius</em></span> <span class='ocrx_word' id='word_1_349' title='bbox 2069 1737 2472 1790; x_wconf 85' lang='lat' dir='ltr'><em>convaluerant</em></span> <span class='ocrx_word' id='word_1_350' title='bbox 2510 1753 2682 1805; x_wconf 86' lang='lat' dir='ltr'><em>quam</em></span> <span class='ocrx_word' id='word_1_351' title='bbox 2714 1736 3125 1801; x_wconf 88' lang='lat' dir='ltr'><em>Israelitarum,</em></span> <span class='ocrx_word' id='word_1_352' title='bbox 3154 1742 3352 1806; x_wconf 90' lang='lat' dir='ltr'><em>postea</em></span> <span class='ocrx_word' id='word_1_353' title='bbox 3379 1740 3577 1791; x_wconf 87' lang='lat' dir='ltr'><em>tamen</em></span> 
     </span>
    </p>
   </div>
   <div class='ocr_carea' id='block_1_47' title="bbox 1877 1824 3575 1894">
    <p class='ocr_par' dir='ltr' id='par_1_47' title="bbox 1877 1824 3575 1894">
     <span class='ocr_line' id='line_1_47' title="bbox 1877 1824 3575 1894; baseline -0.001 -16"><span class='ocrx_word' id='word_1_354' title='bbox 1877 1825 1946 1878; x_wconf 89' lang='lat' dir='ltr'><em>iis</em></span> <span class='ocrx_word' id='word_1_355' title='bbox 1977 1824 2327 1889; x_wconf 90' lang='lat' dir='ltr'><em>servierunt;</em></span> <span class='ocrx_word' id='word_1_356' title='bbox 2362 1824 2460 1878; x_wconf 89' lang='lat' dir='ltr'><em>sed</em></span> <span class='ocrx_word' id='word_1_357' title='bbox 2492 1824 2611 1894; x_wconf 88' lang='lat' dir='ltr'><em>ipse</em></span> <span class='ocrx_word' id='word_1_358' title='bbox 2646 1826 2855 1877; x_wconf 88' lang='lat' dir='ltr'><em>Esauus</em></span> <span class='ocrx_word' id='word_1_359' title='bbox 2905 1840 3203 1894; x_wconf 89' lang='lat' dir='ltr'><em>nunquam</em></span> <span class='ocrx_word' id='word_1_360' title='bbox 3232 1824 3440 1877; x_wconf 86' lang='lat' dir='ltr'><em>Jacobo</em></span> <span class='ocrx_word' id='word_1_361' title='bbox 3474 1824 3575 1877; x_wconf 86' lang='lat' dir='ltr'><em>ob-</em></span> 
     </span>
    </p>
   </div>
   <div class='ocr_carea' id='block_1_48' title="bbox 1876 1912 3568 1982">
    <p class='ocr_par' dir='ltr' id='par_1_48' title="bbox 1876 1912 3568 1982">
     <span class='ocr_line' id='line_1_48' title="bbox 1876 1912 3568 1982; baseline -0.002 -15"><span class='ocrx_word' id='word_1_362' title='bbox 1876 1913 2081 1967; x_wconf 82' lang='lat' dir='ltr'><em>noxius</em></span> <span class='ocrx_word' id='word_1_363' title='bbox 2102 1912 2229 1981; x_wconf 83' lang='lat' dir='ltr'><em>fuit,</em></span> <span class='ocrx_word' id='word_1_364' title='bbox 2260 1913 2350 1965; x_wconf 90' lang='lat' dir='ltr'><em>cui</em></span> <span class='ocrx_word' id='word_1_365' title='bbox 2379 1912 2792 1982; x_wconf 88' lang='lat' dir='ltr'><em>terroripotius</em></span> <span class='ocrx_word' id='word_1_366' title='bbox 2824 1917 2944 1965; x_wconf 88' lang='lat' dir='ltr'><em>erat</em></span> <span class='ocrx_word' id='word_1_367' title='bbox 2968 1929 2980 1977; x_wconf 91' lang='lat'><em>;</em></span> <span class='ocrx_word' id='word_1_368' title='bbox 3007 1918 3068 1965; x_wconf 90' lang='lat' dir='ltr'><em>ut</em></span> <span class='ocrx_word' id='word_1_369' title='bbox 3115 1912 3183 1965; x_wconf 90' lang='lat' dir='ltr'><em>ad</em></span> <span class='ocrx_word' id='word_1_370' title='bbox 3214 1927 3348 1964; x_wconf 92' lang='lat' dir='ltr'><em>eum</em></span> <span class='ocrx_word' id='word_1_371' title='bbox 3383 1912 3568 1965; x_wconf 87' lang='lat' dir='ltr'><em>Gene-</em></span> 
     </span>
    </p>
   </div>
   <div class='ocr_carea' id='block_1_49' title="bbox 1879 1998 3573 2070">
    <p class='ocr_par' dir='ltr' id='par_1_49' title="bbox 1879 1998 3573 2070">
     <span class='ocr_line' id='line_1_49' title="bbox 1879 1998 3573 2070; baseline -0.003 -15"><span class='ocrx_word' id='word_1_372' title='bbox 1879 2018 2001 2055; x_wconf 89' lang='lat' dir='ltr'><em>seos</em></span> <span class='ocrx_word' id='word_1_373' title='bbox 2032 2002 2217 2054; x_wconf 91' lang='lat' dir='ltr'><em>locum</em></span> <span class='ocrx_word' id='word_1_374' title='bbox 2248 2001 2498 2054; x_wconf 87' lang='lat' dir='ltr'><em>ostendit</em></span> <span class='ocrx_word' id='word_1_375' title='bbox 2533 2002 2774 2054; x_wconf 86' lang='lat' dir='ltr'><em>Joannes</em></span> <span class='ocrx_word' id='word_1_376' title='bbox 2804 2002 3064 2056; x_wconf 80' lang='lat' dir='ltr'><em>Clericus.</em></span> <span class='ocrx_word' id='word_1_377' title='bbox 3104 2000 3286 2070; x_wconf 90' lang='lat' dir='ltr'><em>Igitur</em></span> <span class='ocrx_word' id='word_1_378' title='bbox 3314 1998 3573 2061; x_wconf 77' lang='grc' dir='ltr'><em>ἀπροσδιό-</em></span> 
     </span>
    </p>
   </div>
   <div class='ocr_carea' id='block_1_50' title="bbox 1878 2087 3576 2158">
    <p class='ocr_par' dir='ltr' id='par_1_50' title="bbox 1878 2087 3576 2158">
     <span class='ocr_line' id='line_1_50' title="bbox 1878 2087 3576 2158; baseline -0.001 -16"><span class='ocrx_word' id='word_1_379' title='bbox 1878 2104 1999 2135; x_wconf 66' lang='lat' dir='ltr'><em>wn</em></span> <span class='ocrx_word' id='word_1_380' title='bbox 2029 2093 2163 2142; x_wconf 91' lang='lat' dir='ltr'><em>sunt</em></span> <span class='ocrx_word' id='word_1_381' title='bbox 2209 2104 2338 2158; x_wconf 70' lang='lat' dir='ltr'><em>quae</em></span> <span class='ocrx_word' id='word_1_382' title='bbox 2385 2087 2595 2158; x_wconf 85' lang='lat' dir='ltr'><em>quaerit</em></span> <span class='ocrx_word' id='word_1_383' title='bbox 2636 2093 2833 2157; x_wconf 88' lang='lat' dir='ltr'><em>postea</em></span> <span class='ocrx_word' id='word_1_384' title='bbox 2863 2087 3241 2158; x_wconf 81' lang='lat' dir='ltr'><em>Augustinus,</em></span> <span class='ocrx_word' id='word_1_385' title='bbox 3275 2104 3343 2140; x_wconf 91' lang='lat' dir='ltr'><em>an</em></span> <span class='ocrx_word' id='word_1_386' title='bbox 3376 2088 3576 2141; x_wconf 90' lang='lat' dir='ltr'><em>electio</em></span> 
     </span>
    </p>
   </div>
   <div class='ocr_carea' id='block_1_51' title="bbox 1876 2175 3577 2246">
    <p class='ocr_par' dir='ltr' id='par_1_51' title="bbox 1876 2175 3577 2246">
     <span class='ocr_line' id='line_1_51' title="bbox 1876 2175 3577 2246; baseline -0.002 -15"><span class='ocrx_word' id='word_1_387' title='bbox 1876 2177 2067 2231; x_wconf 86' lang='lat' dir='ltr'><em>Jacobi</em></span> <span class='ocrx_word' id='word_1_388' title='bbox 2109 2176 2179 2230; x_wconf 87' lang='lat' dir='ltr'><em>sit</em></span> <span class='ocrx_word' id='word_1_389' title='bbox 2240 2193 2302 2230; x_wconf 88' lang='lat' dir='ltr'><em>ex</em></span> <span class='ocrx_word' id='word_1_390' title='bbox 2348 2176 2706 2246; x_wconf 71' lang='lat' dir='ltr'><em>prmscientia</em></span> <span class='ocrx_word' id='word_1_391' title='bbox 2752 2176 2905 2238; x_wconf 84' lang='lat' dir='ltr'><em>tidei,</em></span> <span class='ocrx_word' id='word_1_392' title='bbox 2940 2192 3003 2229; x_wconf 91' lang='lat' dir='ltr'><em>ac</em></span> <span class='ocrx_word' id='word_1_393' title='bbox 3033 2176 3355 2245; x_wconf 87' lang='lat' dir='ltr'><em>reprobatio</em></span> <span class='ocrx_word' id='word_1_394' title='bbox 3414 2175 3577 2230; x_wconf 87' lang='lat' dir='ltr'><em>Esaui</em></span> 
     </span>
    </p>
   </div>
   <div class='ocr_carea' id='block_1_52' title="bbox 1876 2264 3578 2336">
    <p class='ocr_par' dir='ltr' id='par_1_52' title="bbox 1876 2264 3578 2336">
     <span class='ocr_line' id='line_1_52' title="bbox 1876 2264 3578 2336; baseline -0.003 -15"><span class='ocrx_word' id='word_1_395' title='bbox 1876 2283 1940 2321; x_wconf 83' lang='lat' dir='ltr'><em>ex</em></span> <span class='ocrx_word' id='word_1_396' title='bbox 1962 2266 2323 2336; x_wconf 61' lang='lat' dir='ltr'><em>praescientia</em></span> <span class='ocrx_word' id='word_1_397' title='bbox 2351 2264 2746 2327; x_wconf 64' lang='lat' dir='ltr'><em>contumaciae,</em></span> <span class='ocrx_word' id='word_1_398' title='bbox 2783 2280 2856 2317; x_wconf 88' lang='lat' dir='ltr'><em>an</em></span> <span class='ocrx_word' id='word_1_399' title='bbox 2905 2264 3046 2317; x_wconf 81' lang='lat' dir='ltr'><em>ﬁdes</em></span> <span class='ocrx_word' id='word_1_400' title='bbox 3086 2264 3235 2316; x_wconf 90' lang='lat' dir='ltr'><em>inter</em></span> <span class='ocrx_word' id='word_1_401' title='bbox 3270 2264 3423 2317; x_wconf 89' lang='lat' dir='ltr'><em>dona</em></span> <span class='ocrx_word' id='word_1_402' title='bbox 3452 2280 3578 2334; x_wconf 89' lang='lat' dir='ltr'><em>gra-</em></span> 
     </span>
    </p>
   </div>
   <div class='ocr_carea' id='block_1_53' title="bbox 1878 2352 3578 2417">
    <p class='ocr_par' dir='ltr' id='par_1_53' title="bbox 1878 2352 3578 2417">
     <span class='ocr_line' id='line_1_53' title="bbox 1878 2352 3578 2417; baseline -0.001 -11"><span class='ocrx_word' id='word_1_403' title='bbox 1878 2353 1971 2407; x_wconf 84' lang='lat' dir='ltr'><em>tiae</em></span> <span class='ocrx_word' id='word_1_404' title='bbox 2016 2358 2372 2417; x_wconf 89' lang='lat' dir='ltr'><em>numeretur,</em></span> <span class='ocrx_word' id='word_1_405' title='bbox 2420 2356 2526 2406; x_wconf 90' lang='lat' dir='ltr'><em>etc.</em></span> <span class='ocrx_word' id='word_1_406' title='bbox 2589 2355 2856 2406; x_wconf 84' lang='lat' dir='ltr'><em>Attamen</em></span> <span class='ocrx_word' id='word_1_407' title='bbox 2895 2352 3034 2406; x_wconf 91' lang='lat' dir='ltr'><em>dum</em></span> <span class='ocrx_word' id='word_1_408' title='bbox 3089 2357 3247 2405; x_wconf 85' lang='lat' dir='ltr'><em>extra</em></span> <span class='ocrx_word' id='word_1_409' title='bbox 3296 2352 3447 2405; x_wconf 89' lang='lat' dir='ltr'><em>oleas</em></span> <span class='ocrx_word' id='word_1_410' title='bbox 3501 2352 3578 2405; x_wconf 88' lang='lat' dir='ltr'><em>ita</em></span> 
     </span>
    </p>
   </div>
   <div class='ocr_carea' id='block_1_54' title="bbox 1877 2440 3580 2512">
    <p class='ocr_par' dir='ltr' id='par_1_54' title="bbox 1877 2440 3580 2512">
     <span class='ocr_line' id='line_1_54' title="bbox 1877 2440 3580 2512; baseline -0.001 -17"><span class='ocrx_word' id='word_1_411' title='bbox 1877 2446 2116 2512; x_wconf 84' lang='lat' dir='ltr'><em>vagatur</em></span> <span class='ocrx_word' id='word_1_412' title='bbox 2147 2443 2442 2495; x_wconf 86' lang='lat' dir='ltr'><em>oraculum</em></span> <span class='ocrx_word' id='word_1_413' title='bbox 2484 2441 2784 2506; x_wconf 84' lang='lat' dir='ltr'><em>Numidiae,</em></span> <span class='ocrx_word' id='word_1_414' title='bbox 2834 2441 3071 2508; x_wconf 88' lang='lat' dir='ltr'><em>invenit,</em></span> <span class='ocrx_word' id='word_1_415' title='bbox 3100 2457 3217 2494; x_wconf 91' lang='lat' dir='ltr'><em>non</em></span> <span class='ocrx_word' id='word_1_416' title='bbox 3255 2456 3323 2494; x_wconf 85' lang='lat' dir='ltr'><em>ex</em></span> <span class='ocrx_word' id='word_1_417' title='bbox 3350 2440 3580 2494; x_wconf 89' lang='lat' dir='ltr'><em>institu-</em></span> 
     </span>
    </p>
   </div>
   <div class='ocr_carea' id='block_1_55' title="bbox 1878 2529 3582 2599">
    <p class='ocr_par' dir='ltr' id='par_1_55' title="bbox 1878 2529 3582 2599">
     <span class='ocr_line' id='line_1_55' title="bbox 1878 2529 3582 2599; baseline -0.001 -15"><span class='ocrx_word' id='word_1_418' title='bbox 1878 2531 2033 2585; x_wconf 91' lang='lat' dir='ltr'><em>tione</em></span> <span class='ocrx_word' id='word_1_419' title='bbox 2074 2529 2468 2595; x_wconf 88' lang='lat' dir='ltr'><em>ecclesiastica,</em></span> <span class='ocrx_word' id='word_1_420' title='bbox 2512 2546 2699 2599; x_wconf 87' lang='lat' dir='ltr'><em>neque</em></span> <span class='ocrx_word' id='word_1_421' title='bbox 2742 2546 2811 2583; x_wconf 85' lang='lat' dir='ltr'><em>ex</em></span> <span class='ocrx_word' id='word_1_422' title='bbox 2846 2531 3041 2594; x_wconf 88' lang='lat' dir='ltr'><em>Paulo,</em></span> <span class='ocrx_word' id='word_1_423' title='bbox 3086 2529 3184 2599; x_wconf 89' lang='lat' dir='ltr'><em>qui</em></span> <span class='ocrx_word' id='word_1_424' title='bbox 3216 2545 3281 2582; x_wconf 86' lang='lat' dir='ltr'><em>ea</em></span> <span class='ocrx_word' id='word_1_425' title='bbox 3313 2529 3380 2582; x_wconf 92' lang='lat' dir='ltr'><em>de</em></span> <span class='ocrx_word' id='word_1_426' title='bbox 3402 2546 3463 2583; x_wconf 90' lang='lat' dir='ltr'><em>re</em></span> <span class='ocrx_word' id='word_1_427' title='bbox 3490 2530 3582 2583; x_wconf 88' lang='lat' dir='ltr'><em>hic</em></span> 
     </span>
    </p>
   </div>
   <div class='ocr_carea' id='block_1_56' title="bbox 1881 2617 3575 2690">
    <p class='ocr_par' dir='ltr' id='par_1_56' title="bbox 1881 2617 3575 2690">
     <span class='ocr_line' id='line_1_56' title="bbox 1881 2617 3575 2690; baseline -0.001 -19"><span class='ocrx_word' id='word_1_428' title='bbox 1881 2618 2113 2690; x_wconf 88' lang='lat' dir='ltr'><em>quidem</em></span> <span class='ocrx_word' id='word_1_429' title='bbox 2164 2618 2308 2671; x_wconf 88' lang='lat' dir='ltr'><em>nihil</em></span> <span class='ocrx_word' id='word_1_430' title='bbox 2354 2618 2543 2684; x_wconf 86' lang='lat' dir='ltr'><em>habet,</em></span> <span class='ocrx_word' id='word_1_431' title='bbox 2579 2618 2738 2686; x_wconf 77' lang='lat' dir='ltr'><em>ﬁdem</em></span> <span class='ocrx_word' id='word_1_432' title='bbox 2787 2633 2895 2671; x_wconf 85' lang='lat' dir='ltr'><em>esse</em></span> <span class='ocrx_word' id='word_1_433' title='bbox 2925 2618 3121 2670; x_wconf 86' lang='lat' dir='ltr'><em>donum</em></span> <span class='ocrx_word' id='word_1_434' title='bbox 3170 2619 3296 2682; x_wconf 88' lang='lat' dir='ltr'><em>Dei;</em></span> <span class='ocrx_word' id='word_1_435' title='bbox 3332 2617 3439 2670; x_wconf 91' lang='lat' dir='ltr'><em>hoc</em></span> <span class='ocrx_word' id='word_1_436' title='bbox 3470 2623 3575 2681; x_wconf 85' lang='lat' dir='ltr'><em>est,</em></span> 
     </span>
    </p>
   </div>
   <div class='ocr_carea' id='block_1_57' title="bbox 1882 2704 3580 2776">
    <p class='ocr_par' dir='ltr' id='par_1_57' title="bbox 1882 2704 3580 2776">
     <span class='ocr_line' id='line_1_57' title="bbox 1882 2704 3580 2776; baseline -0.002 -17"><span class='ocrx_word' id='word_1_437' title='bbox 1882 2723 1949 2760; x_wconf 84' lang='lat' dir='ltr'><em>ex</em></span> <span class='ocrx_word' id='word_1_438' title='bbox 2003 2708 2127 2776; x_wconf 87' lang='lat' dir='ltr'><em>ejus</em></span> <span class='ocrx_word' id='word_1_439' title='bbox 2170 2706 2474 2771; x_wconf 83' lang='lat' dir='ltr'><em>sententia,</em></span> <span class='ocrx_word' id='word_1_440' title='bbox 2533 2704 2687 2757; x_wconf 88' lang='lat' dir='ltr'><em>nasci</em></span> <span class='ocrx_word' id='word_1_441' title='bbox 2718 2721 2842 2757; x_wconf 91' lang='lat' dir='ltr'><em>eam</em></span> <span class='ocrx_word' id='word_1_442' title='bbox 2888 2720 2953 2757; x_wconf 90' lang='lat' dir='ltr'><em>ex</em></span> <span class='ocrx_word' id='word_1_443' title='bbox 2998 2704 3222 2758; x_wconf 88' lang='lat' dir='ltr'><em>interno</em></span> <span class='ocrx_word' id='word_1_444' title='bbox 3262 2704 3459 2758; x_wconf 87' lang='lat' dir='ltr'><em>afﬂatu</em></span> <span class='ocrx_word' id='word_1_445' title='bbox 3489 2705 3580 2757; x_wconf 92' lang='lat' dir='ltr'><em>cui</em></span> 
     </span>
    </p>
   </div>
   <div class='ocr_carea' id='block_1_58' title="bbox 1880 2792 3580 2862">
    <p class='ocr_par' dir='ltr' id='par_1_58' title="bbox 1880 2792 3580 2862">
     <span class='ocr_line' id='line_1_58' title="bbox 1880 2792 3580 2862; baseline -0.002 -14"><span class='ocrx_word' id='word_1_446' title='bbox 1880 2793 2147 2848; x_wconf 86' lang='lat' dir='ltr'><em>reluctari</em></span> <span class='ocrx_word' id='word_1_447' title='bbox 2202 2810 2315 2847; x_wconf 92' lang='lat' dir='ltr'><em>non</em></span> <span class='ocrx_word' id='word_1_448' title='bbox 2351 2793 2497 2859; x_wconf 88' lang='lat' dir='ltr'><em>licet,</em></span> <span class='ocrx_word' id='word_1_449' title='bbox 2559 2797 2614 2845; x_wconf 88' lang='lat' dir='ltr'><em>et</em></span> <span class='ocrx_word' id='word_1_450' title='bbox 2670 2792 2770 2862; x_wconf 87' lang='lat' dir='ltr'><em>qui</em></span> <span class='ocrx_word' id='word_1_451' title='bbox 2815 2792 3075 2861; x_wconf 88' lang='lat' dir='ltr'><em>pauculis</em></span> <span class='ocrx_word' id='word_1_452' title='bbox 3122 2797 3347 2846; x_wconf 88' lang='lat' dir='ltr'><em>tantum</em></span> <span class='ocrx_word' id='word_1_453' title='bbox 3388 2793 3580 2845; x_wconf 86' lang='lat' dir='ltr'><em>electis</em></span> 
     </span>
    </p>
   </div>
   <div class='ocr_carea' id='block_1_59' title="bbox 1881 2881 3578 2953">
    <p class='ocr_par' dir='ltr' id='par_1_59' title="bbox 1881 2881 3578 2953">
     <span class='ocr_line' id='line_1_59' title="bbox 1881 2881 3578 2953; baseline -0.001 -16"><span class='ocrx_word' id='word_1_454' title='bbox 1881 2883 2231 2945; x_wconf 86' lang='lat' dir='ltr'><em>conceditur,</em></span> <span class='ocrx_word' id='word_1_455' title='bbox 2288 2881 2550 2953; x_wconf 88' lang='lat' dir='ltr'><em>quamvis</em></span> <span class='ocrx_word' id='word_1_456' title='bbox 2582 2881 2702 2933; x_wconf 88' lang='lat' dir='ltr'><em>sine</em></span> <span class='ocrx_word' id='word_1_457' title='bbox 2741 2897 2808 2934; x_wconf 91' lang='lat' dir='ltr'><em>eo</em></span> <span class='ocrx_word' id='word_1_458' title='bbox 2852 2896 3021 2934; x_wconf 86' lang='lat' dir='ltr'><em>nemo</em></span> <span class='ocrx_word' id='word_1_459' title='bbox 3052 2881 3252 2951; x_wconf 86' lang='lat' dir='ltr'><em>possit</em></span> <span class='ocrx_word' id='word_1_460' title='bbox 3300 2881 3473 2935; x_wconf 82' lang='lat' dir='ltr'><em>ﬁdem</em></span> <span class='ocrx_word' id='word_1_461' title='bbox 3506 2882 3578 2935; x_wconf 90' lang='lat' dir='ltr'><em>ad</em></span> 
     </span>
    </p>
   </div>
   <div class='ocr_carea' id='block_1_60' title="bbox 122 2969 3577 3046">
    <p class='ocr_par' dir='ltr' id='par_1_60' title="bbox 122 2969 3577 3046">
     <span class='ocr_line' id='line_1_60' title="bbox 122 2969 3577 3046; baseline -0.001 -23"><span class='ocrx_word' id='word_1_462' title='bbox 122 2988 199 3027; x_wconf 85' lang='lat' dir='ltr'><em>rem</em></span> <span class='ocrx_word' id='word_1_463' title='bbox 222 2976 344 3029; x_wconf 83' lang='lat' dir='ltr'><em>facit</em></span> <span class='ocrx_word' id='word_1_464' title='bbox 387 2980 559 3046; x_wconf 85' lang='lat' dir='ltr'><em>quod</em></span> <span class='ocrx_word' id='word_1_465' title='bbox 583 2974 842 3044; x_wconf 86' lang='lat' dir='ltr'><em>sequitur</em></span> <span class='ocrx_word' id='word_1_466' title='bbox 891 2973 1040 3043; x_wconf 90' lang='lat' dir='ltr'><em>apud</em></span> <span class='ocrx_word' id='word_1_467' title='bbox 1073 2973 1339 3027; x_wconf 84' lang='lat' dir='ltr'><em>eumdem</em></span> <span class='ocrx_word' id='word_1_468' title='bbox 1374 2990 1385 3026; x_wconf 94' lang='lat'><strong>:</strong></span> <span class='ocrx_word' id='word_1_469' title='bbox 1419 2975 1606 3028; x_wconf 83' lang='lat' dir='ltr'><em>Multis</em></span> <span class='ocrx_word' id='word_1_470' title='bbox 1642 2974 1771 3029; x_wconf 85' lang='lat' dir='ltr'><em>locis</em></span> <span class='ocrx_word' id='word_1_471' title='bbox 1809 2982 1848 3037; x_wconf 84' lang='lat' dir='ltr'><strong>C</strong></span> <span class='ocrx_word' id='word_1_472' title='bbox 1881 2973 2055 3026; x_wconf 83' lang='lat' dir='ltr'><em>tinem</em></span> <span class='ocrx_word' id='word_1_473' title='bbox 2102 2987 2286 3041; x_wconf 89' lang='lat' dir='ltr'><em>usque</em></span> <span class='ocrx_word' id='word_1_474' title='bbox 2317 2969 2448 3024; x_wconf 68' lang='lat' dir='ltr'><em>vitta</em></span> <span class='ocrx_word' id='word_1_475' title='bbox 2483 2969 2786 3039; x_wconf 85' lang='lat' dir='ltr'><em>Evangelio</em></span> <span class='ocrx_word' id='word_1_476' title='bbox 2834 2970 3065 3023; x_wconf 88' lang='lat' dir='ltr'><em>habere.</em></span> <span class='ocrx_word' id='word_1_477' title='bbox 3124 2969 3425 3039; x_wconf 80' lang='lat' dir='ltr'><em>Presbyter</em></span> <span class='ocrx_word' id='word_1_478' title='bbox 3469 2970 3577 3023; x_wconf 87' lang='lat' dir='ltr'><em>hoc</em></span> 
     </span>
    </p>
   </div>
   <div class='ocr_carea' id='block_1_61' title="bbox 115 3061 1765 3134">
    <p class='ocr_par' dir='ltr' id='par_1_61' title="bbox 115 3061 1765 3134">
     <span class='ocr_line' id='line_1_61' title="bbox 115 3061 1765 3134; baseline 0.001 -19"><span class='ocrx_word' id='word_1_479' title='bbox 115 3061 179 3115; x_wconf 66' lang='lat' dir='ltr'><em>hoc</em></span> <span class='ocrx_word' id='word_1_480' title='bbox 210 3080 331 3134; x_wconf 73' lang='lat' dir='ltr'><em>saepe</em></span> <span class='ocrx_word' id='word_1_481' title='bbox 378 3067 644 3128; x_wconf 80' lang='lat' dir='ltr'><em>testatur,</em></span> <span class='ocrx_word' id='word_1_482' title='bbox 687 3061 820 3132; x_wconf 78' lang='lat' dir='ltr'><em>ﬁdei</em></span> <span class='ocrx_word' id='word_1_483' title='bbox 866 3064 1105 3129; x_wconf 89' lang='lat' dir='ltr'><em>gratiam</em></span> <span class='ocrx_word' id='word_1_484' title='bbox 1143 3076 1457 3129; x_wconf 68' lang='lat' dir='ltr'><em>praeponens</em></span> <span class='ocrx_word' id='word_1_485' title='bbox 1498 3064 1765 3131; x_wconf 88' lang='lat' dir='ltr'><em>operibus,</em></span> 
     </span>
    </p>
   </div>
   <div class='ocr_carea' id='block_1_62' title="bbox 110 3150 1773 3222">
    <p class='ocr_par' dir='ltr' id='par_1_62' title="bbox 110 3150 1773 3222">
     <span class='ocr_line' id='line_1_62' title="bbox 110 3150 1773 3222; baseline 0 -19"><span class='ocrx_word' id='word_1_486' title='bbox 110 3166 183 3204; x_wconf 81' lang='lat' dir='ltr'><em>non</em></span> <span class='ocrx_word' id='word_1_487' title='bbox 207 3160 257 3206; x_wconf 87' lang='lat' dir='ltr'><em>ut</em></span> <span class='ocrx_word' id='word_1_488' title='bbox 290 3170 452 3222; x_wconf 83' lang='lat' dir='ltr'><em>opera</em></span> <span class='ocrx_word' id='word_1_489' title='bbox 481 3154 830 3219; x_wconf 67' lang='lat' dir='ltr'><em>apstinguat,</em></span> <span class='ocrx_word' id='word_1_490' title='bbox 852 3151 947 3205; x_wconf 88' lang='lat' dir='ltr'><em>sed</em></span> <span class='ocrx_word' id='word_1_491' title='bbox 977 3154 1044 3204; x_wconf 87' lang='lat' dir='ltr'><em>ut</em></span> <span class='ocrx_word' id='word_1_492' title='bbox 1064 3150 1311 3204; x_wconf 87' lang='lat' dir='ltr'><em>ostendat</em></span> <span class='ocrx_word' id='word_1_493' title='bbox 1338 3166 1444 3203; x_wconf 86' lang='lat' dir='ltr'><em>non</em></span> <span class='ocrx_word' id='word_1_494' title='bbox 1473 3166 1583 3204; x_wconf 89' lang='lat' dir='ltr'><em>esse</em></span> <span class='ocrx_word' id='word_1_495' title='bbox 1610 3166 1773 3220; x_wconf 86' lang='lat' dir='ltr'><em>opera</em></span> 
     </span>
    </p>
   </div>
   <div class='ocr_carea' id='block_1_63' title="bbox 106 3240 1772 3311">
    <p class='ocr_par' dir='ltr' id='par_1_63' title="bbox 106 3240 1772 3311">
     <span class='ocr_line' id='line_1_63' title="bbox 106 3240 1772 3311; baseline 0.001 -18"><span class='ocrx_word' id='word_1_496' title='bbox 106 3242 410 3306; x_wconf 64' lang='lat' dir='ltr'><em>precedentia</em></span> <span class='ocrx_word' id='word_1_497' title='bbox 441 3244 719 3311; x_wconf 73' lang='lat' dir='ltr'><em>gratiam,</em></span> <span class='ocrx_word' id='word_1_498' title='bbox 742 3240 837 3293; x_wconf 83' lang='lat' dir='ltr'><em>sed</em></span> <span class='ocrx_word' id='word_1_499' title='bbox 865 3241 1240 3308; x_wconf 86' lang='lat' dir='ltr'><em>consequentia</em></span> <span class='ocrx_word' id='word_1_500' title='bbox 1264 3258 1279 3305; x_wconf 83' lang='lat'><em>;</em></span> <span class='ocrx_word' id='word_1_501' title='bbox 1306 3244 1383 3305; x_wconf 88' lang='lat' dir='ltr'><em>ut,</em></span> <span class='ocrx_word' id='word_1_502' title='bbox 1411 3241 1634 3308; x_wconf 86' lang='lat' dir='ltr'><em>scilicet,</em></span> <span class='ocrx_word' id='word_1_503' title='bbox 1666 3256 1772 3294; x_wconf 87' lang='lat' dir='ltr'><em>non</em></span> 
     </span>
    </p>
   </div>
   <div class='ocr_carea' id='block_1_64' title="bbox 105 3331 1772 3401">
    <p class='ocr_par' dir='ltr' id='par_1_64' title="bbox 105 3331 1772 3401">
     <span class='ocr_line' id='line_1_64' title="bbox 105 3331 1772 3401; baseline 0.001 -21"><span class='ocrx_word' id='word_1_504' title='bbox 105 3344 144 3382; x_wconf 76' lang='lat' dir='ltr'><em>se</em></span> <span class='ocrx_word' id='word_1_505' title='bbox 162 3336 361 3401; x_wconf 77' lang='lat' dir='ltr'><em>quisque</em></span> <span class='ocrx_word' id='word_1_506' title='bbox 388 3332 706 3385; x_wconf 69' lang='lat' dir='ltr'><em>arbitretur</em></span> <span class='ocrx_word' id='word_1_507' title='bbox 736 3331 852 3384; x_wconf 84' lang='lat' dir='ltr'><em>ideo</em></span> <span class='ocrx_word' id='word_1_508' title='bbox 868 3333 1169 3398; x_wconf 86' lang='lat' dir='ltr'><em>percepisse</em></span> <span class='ocrx_word' id='word_1_509' title='bbox 1197 3332 1456 3395; x_wconf 86' lang='lat' dir='ltr'><em>gratiam,</em></span> <span class='ocrx_word' id='word_1_510' title='bbox 1488 3332 1620 3397; x_wconf 84' lang='lat' dir='ltr'><em>quia</em></span> <span class='ocrx_word' id='word_1_511' title='bbox 1648 3331 1772 3383; x_wconf 88' lang='lat' dir='ltr'><em>bene</em></span> 
     </span>
    </p>
   </div>
   <div class='ocr_carea' id='block_1_65' title="bbox 105 3417 1769 3487">
    <p class='ocr_par' dir='ltr' id='par_1_65' title="bbox 105 3417 1769 3487">
     <span class='ocr_line' id='line_1_65' title="bbox 105 3417 1769 3487; baseline 0.002 -18"><span class='ocrx_word' id='word_1_512' title='bbox 105 3425 308 3486; x_wconf 75' lang='lat' dir='ltr'><em>operatus</em></span> <span class='ocrx_word' id='word_1_513' title='bbox 332 3426 439 3483; x_wconf 90' lang='lat' dir='ltr'><em>est;</em></span> <span class='ocrx_word' id='word_1_514' title='bbox 474 3418 585 3474; x_wconf 90' lang='lat' dir='ltr'><em>sed</em></span> <span class='ocrx_word' id='word_1_515' title='bbox 615 3419 738 3472; x_wconf 88' lang='lat' dir='ltr'><em>bene</em></span> <span class='ocrx_word' id='word_1_516' title='bbox 764 3420 981 3487; x_wconf 83' lang='lat' dir='ltr'><em>operari</em></span> <span class='ocrx_word' id='word_1_517' title='bbox 1012 3433 1118 3471; x_wconf 88' lang='lat' dir='ltr'><em>non</em></span> <span class='ocrx_word' id='word_1_518' title='bbox 1154 3432 1328 3487; x_wconf 87' lang='lat' dir='ltr'><em>posse,</em></span> <span class='ocrx_word' id='word_1_519' title='bbox 1358 3417 1470 3471; x_wconf 85' lang='lat' dir='ltr'><em>nisi</em></span> <span class='ocrx_word' id='word_1_520' title='bbox 1496 3434 1593 3485; x_wconf 88' lang='lat' dir='ltr'><em>per</em></span> <span class='ocrx_word' id='word_1_521' title='bbox 1611 3418 1769 3486; x_wconf 81' lang='lat' dir='ltr'><em>fidem</em></span> 
     </span>
    </p>
   </div>
   <div class='ocr_carea' id='block_1_66' title="bbox 102 3507 1771 3578">
    <p class='ocr_par' dir='ltr' id='par_1_66' title="bbox 102 3507 1771 3578">
     <span class='ocr_line' id='line_1_66' title="bbox 102 3507 1771 3578; baseline 0.001 -19"><span class='ocrx_word' id='word_1_522' title='bbox 102 3513 351 3577; x_wconf 78' lang='lat' dir='ltr'><em>perceperit</em></span> <span class='ocrx_word' id='word_1_523' title='bbox 390 3510 663 3578; x_wconf 83' lang='lat' dir='ltr'><em>gratiam.</em></span> <span class='ocrx_word' id='word_1_524' title='bbox 703 3509 906 3575; x_wconf 88' lang='lat' dir='ltr'><em>Incipit</em></span> <span class='ocrx_word' id='word_1_525' title='bbox 938 3511 1116 3559; x_wconf 89' lang='lat' dir='ltr'><em>autem</em></span> <span class='ocrx_word' id='word_1_526' title='bbox 1155 3507 1306 3559; x_wconf 84' lang='lat' dir='ltr'><em>homo</em></span> <span class='ocrx_word' id='word_1_527' title='bbox 1334 3508 1608 3574; x_wconf 84' lang='lat' dir='ltr'><em>percipere</em></span> <span class='ocrx_word' id='word_1_528' title='bbox 1636 3523 1771 3574; x_wconf 86' lang='lat' dir='ltr'><em>gra-</em></span> 
     </span>
    </p>
   </div>
   <div class='ocr_carea' id='block_1_67' title="bbox 108 3594 1771 3665">
    <p class='ocr_par' dir='ltr' id='par_1_67' title="bbox 108 3594 1771 3665">
     <span class='ocr_line' id='line_1_67' title="bbox 108 3594 1771 3665; baseline 0.001 -19"><span class='ocrx_word' id='word_1_529' title='bbox 108 3597 228 3661; x_wconf 78' lang='lat' dir='ltr'><em>tiam,</em></span> <span class='ocrx_word' id='word_1_530' title='bbox 249 3614 308 3651; x_wconf 75' lang='lat' dir='ltr'><em>ea:</em></span> <span class='ocrx_word' id='word_1_531' title='bbox 332 3615 433 3665; x_wconf 86' lang='lat' dir='ltr'><em>quo</em></span> <span class='ocrx_word' id='word_1_532' title='bbox 460 3598 665 3665; x_wconf 87' lang='lat' dir='ltr'><em>incipit</em></span> <span class='ocrx_word' id='word_1_533' title='bbox 684 3598 789 3649; x_wconf 90' lang='lat' dir='ltr'><em>Deo</em></span> <span class='ocrx_word' id='word_1_534' title='bbox 814 3594 1055 3660; x_wconf 80' lang='lat' dir='ltr'><em>credere;</em></span> <span class='ocrx_word' id='word_1_535' title='bbox 1080 3595 1163 3648; x_wconf 89' lang='lat' dir='ltr'><em>vel</em></span> <span class='ocrx_word' id='word_1_536' title='bbox 1197 3596 1411 3647; x_wconf 87' lang='lat' dir='ltr'><em>interna</em></span> <span class='ocrx_word' id='word_1_537' title='bbox 1436 3595 1519 3647; x_wconf 84' lang='lat' dir='ltr'><em>vel</em></span> <span class='ocrx_word' id='word_1_538' title='bbox 1547 3600 1771 3648; x_wconf 70' lang='lat' dir='ltr'><em>externa</em></span> 
     </span>
    </p>
   </div>
   <div class='ocr_carea' id='block_1_68' title="bbox 106 3682 1770 3753">
    <p class='ocr_par' dir='ltr' id='par_1_68' title="bbox 106 3682 1770 3753">
     <span class='ocr_line' id='line_1_68' title="bbox 106 3682 1770 3753; baseline -0.002 -16"><span class='ocrx_word' id='word_1_539' title='bbox 106 3684 429 3741; x_wconf 81' lang='lat' dir='ltr'><em>admonitione</em></span> <span class='ocrx_word' id='word_1_540' title='bbox 479 3690 660 3739; x_wconf 89' lang='lat' dir='ltr'><em>motus</em></span> <span class='ocrx_word' id='word_1_541' title='bbox 735 3685 809 3737; x_wconf 89' lang='lat' dir='ltr'><em>ad</em></span> <span class='ocrx_word' id='word_1_542' title='bbox 875 3683 1051 3753; x_wconf 81' lang='lat' dir='ltr'><em>ﬁdem.</em></span> <span class='ocrx_word' id='word_1_543' title='bbox 1129 3683 1270 3737; x_wconf 89' lang='lat' dir='ltr'><em>Nolo</em></span> <span class='ocrx_word' id='word_1_544' title='bbox 1334 3682 1455 3735; x_wconf 64' lang='lat' dir='ltr'><em>haec</em></span> <span class='ocrx_word' id='word_1_545' title='bbox 1511 3688 1770 3735; x_wconf 83' lang='lat' dir='ltr'><em>excutere</em></span> 
     </span>
    </p>
   </div>
   <div class='ocr_carea' id='block_1_69' title="bbox 106 3770 1765 3845">
    <p class='ocr_par' dir='ltr' id='par_1_69' title="bbox 106 3770 1765 3845">
     <span class='ocr_line' id='line_1_69' title="bbox 106 3770 1765 3845; baseline 0.001 -23"><span class='ocrx_word' id='word_1_546' title='bbox 106 3772 181 3825; x_wconf 86' lang='lat' dir='ltr'><em>sed</em></span> <span class='ocrx_word' id='word_1_547' title='bbox 221 3791 462 3845; x_wconf 90' lang='lat' dir='ltr'><em>pernego</em></span> <span class='ocrx_word' id='word_1_548' title='bbox 504 3774 752 3828; x_wconf 88' lang='lat' dir='ltr'><em>Paulum</em></span> <span class='ocrx_word' id='word_1_549' title='bbox 803 3772 1119 3842; x_wconf 89' lang='lat' dir='ltr'><em>quidquam</em></span> <span class='ocrx_word' id='word_1_550' title='bbox 1169 3770 1765 3841; x_wconf 88' lang='lat' dir='ltr'><em>ejusmodicogitasse,</em></span> 
     </span>
    </p>
   </div>
   <div class='ocr_carea' id='block_1_70' title="bbox 103 3860 1774 3934">
    <p class='ocr_par' dir='ltr' id='par_1_70' title="bbox 103 3860 1774 3934">
     <span class='ocr_line' id='line_1_70' title="bbox 103 3860 1774 3934; baseline 0.001 -23"><span class='ocrx_word' id='word_1_551' title='bbox 103 3878 206 3916; x_wconf 82' lang='lat' dir='ltr'><em>cum</em></span> <span class='ocrx_word' id='word_1_552' title='bbox 228 3864 539 3934; x_wconf 82' lang='lat' dir='ltr'><em>disputaret</em></span> <span class='ocrx_word' id='word_1_553' title='bbox 574 3867 767 3917; x_wconf 88' lang='lat' dir='ltr'><em>contra</em></span> <span class='ocrx_word' id='word_1_554' title='bbox 792 3862 1041 3915; x_wconf 73' lang='lat' dir='ltr'><em>Iudaeos.</em></span> <span class='ocrx_word' id='word_1_555' title='bbox 1102 3863 1212 3914; x_wconf 85' lang='lat' dir='ltr'><em>Nec</em></span> <span class='ocrx_word' id='word_1_556' title='bbox 1263 3860 1323 3915; x_wconf 91' lang='lat' dir='ltr'><em>hi</em></span> <span class='ocrx_word' id='word_1_557' title='bbox 1352 3861 1774 3915; x_wconf 89' lang='lat' dir='ltr'><em>contendebant</em></span> 
     </span>
    </p>
   </div>
   <div class='ocr_carea' id='block_1_71' title="bbox 102 3949 1771 4020">
    <p class='ocr_par' dir='ltr' id='par_1_71' title="bbox 102 3949 1771 4020">
     <span class='ocr_line' id='line_1_71' title="bbox 102 3949 1771 4020; baseline 0.001 -19"><span class='ocrx_word' id='word_1_558' title='bbox 102 3952 306 4017; x_wconf 81' lang='lat' dir='ltr'><em>gratiam</em></span> <span class='ocrx_word' id='word_1_559' title='bbox 345 3953 483 4007; x_wconf 81' lang='lat' dir='ltr'><em>ﬁdei</em></span> <span class='ocrx_word' id='word_1_560' title='bbox 516 3951 626 4005; x_wconf 87' lang='lat' dir='ltr'><em>sibi</em></span> <span class='ocrx_word' id='word_1_561' title='bbox 660 3956 759 4005; x_wconf 89' lang='lat' dir='ltr'><em>aut</em></span> <span class='ocrx_word' id='word_1_562' title='bbox 795 3950 900 4004; x_wconf 90' lang='lat' dir='ltr'><em>ulli</em></span> <span class='ocrx_word' id='word_1_563' title='bbox 931 3950 1028 4003; x_wconf 88' lang='lat' dir='ltr'><em>alii</em></span> <span class='ocrx_word' id='word_1_564' title='bbox 1075 3949 1294 4018; x_wconf 90' lang='lat' dir='ltr'><em>deberi,</em></span> <span class='ocrx_word' id='word_1_565' title='bbox 1325 3967 1429 4004; x_wconf 89' lang='lat' dir='ltr'><em>nec</em></span> <span class='ocrx_word' id='word_1_566' title='bbox 1468 3951 1771 4020; x_wconf 87' lang='lat' dir='ltr'><em>Apostolus</em></span> 
     </span>
    </p>
   </div>
   <div class='ocr_carea' id='block_1_72' title="bbox 100 4038 1771 4111">
    <p class='ocr_par' dir='ltr' id='par_1_72' title="bbox 100 4038 1771 4111">
     <span class='ocr_line' id='line_1_72' title="bbox 100 4038 1771 4111; baseline 0.001 -21"><span class='ocrx_word' id='word_1_567' title='bbox 100 4042 417 4096; x_wconf 86' lang='lat' dir='ltr'><em>contrarium</em></span> <span class='ocrx_word' id='word_1_568' title='bbox 476 4040 703 4111; x_wconf 90' lang='lat' dir='ltr'><em>probat.</em></span> <span class='ocrx_word' id='word_1_569' title='bbox 769 4039 948 4093; x_wconf 87' lang='lat' dir='ltr'><em>Adeat</em></span> <span class='ocrx_word' id='word_1_570' title='bbox 994 4040 1169 4092; x_wconf 89' lang='lat' dir='ltr'><em>lector</em></span> <span class='ocrx_word' id='word_1_571' title='bbox 1218 4038 1465 4108; x_wconf 91' lang='lat' dir='ltr'><em>optimos</em></span> <span class='ocrx_word' id='word_1_572' title='bbox 1510 4054 1771 4109; x_wconf 89' lang='lat' dir='ltr'><em>quosque</em></span> 
     </span>
    </p>
   </div>
   <div class='ocr_carea' id='block_1_73' title="bbox 100 4127 1765 4200">
    <p class='ocr_par' dir='ltr' id='par_1_73' title="bbox 100 4127 1765 4200">
     <span class='ocr_line' id='line_1_73' title="bbox 100 4127 1765 4200; baseline 0 -21"><span class='ocrx_word' id='word_1_573' title='bbox 100 4127 234 4181; x_wconf 85' lang='lat' dir='ltr'><em>Pauli</em></span> <span class='ocrx_word' id='word_1_574' title='bbox 270 4130 637 4200; x_wconf 87' lang='lat' dir='ltr'><em>interpretes,</em></span> <span class='ocrx_word' id='word_1_575' title='bbox 677 4128 777 4182; x_wconf 88' lang='lat' dir='ltr'><em>sed</em></span> <span class='ocrx_word' id='word_1_576' title='bbox 818 4127 1141 4198; x_wconf 62' lang='lat' dir='ltr'><em>praisertim</em></span> <span class='ocrx_word' id='word_1_577' title='bbox 1179 4127 1301 4196; x_wconf 91' lang='lat' dir='ltr'><em>ipse</em></span> <span class='ocrx_word' id='word_1_578' title='bbox 1330 4128 1573 4180; x_wconf 89' lang='lat' dir='ltr'><em>Paulum</em></span> <span class='ocrx_word' id='word_1_579' title='bbox 1596 4127 1765 4196; x_wconf 88' lang='lat' dir='ltr'><em>legat,</em></span> 
     </span>
    </p>
   </div>
   <div class='ocr_carea' id='block_1_74' title="bbox 99 4213 1769 4290">
    <p class='ocr_par' dir='ltr' id='par_1_74' title="bbox 99 4213 1769 4290">
     <span class='ocr_line' id='line_1_74' title="bbox 99 4213 1769 4290; baseline 0.001 -23"><span class='ocrx_word' id='word_1_580' title='bbox 99 4213 463 4290; x_wconf 88' lang='lat' dir='ltr'><em>intelligetque</em></span> <span class='ocrx_word' id='word_1_581' title='bbox 524 4218 594 4271; x_wconf 87' lang='lat' dir='ltr'><em>ab</em></span> <span class='ocrx_word' id='word_1_582' title='bbox 646 4217 968 4286; x_wconf 79' lang='lat' dir='ltr'><em>Augustino</em></span> <span class='ocrx_word' id='word_1_583' title='bbox 1003 4216 1260 4287; x_wconf 90' lang='lat' dir='ltr'><em>Apostoli</em></span> <span class='ocrx_word' id='word_1_584' title='bbox 1318 4232 1555 4286; x_wconf 90' lang='lat' dir='ltr'><em>scopum</em></span> <span class='ocrx_word' id='word_1_585' title='bbox 1610 4216 1769 4269; x_wconf 90' lang='lat' dir='ltr'><em>nullo</em></span> 
     </span>
    </p>
   </div>
   <div class='ocr_carea' id='block_1_75' title="bbox 98 4305 1771 4362">
    <p class='ocr_par' dir='ltr' id='par_1_75' title="bbox 98 4305 1771 4362">
     <span class='ocr_line' id='line_1_75' title="bbox 98 4305 1771 4362; baseline 0.001 -5"><span class='ocrx_word' id='word_1_586' title='bbox 98 4306 239 4360; x_wconf 88' lang='lat' dir='ltr'><em>modo</em></span> <span class='ocrx_word' id='word_1_587' title='bbox 277 4308 741 4362; x_wconf 88' lang='lat' dir='ltr'><em>animadversum</em></span> <span class='ocrx_word' id='word_1_588' title='bbox 795 4305 988 4359; x_wconf 87' lang='lat' dir='ltr'><em>fuisse.</em></span> <span class='ocrx_word' id='word_1_589' title='bbox 1048 4308 1125 4358; x_wconf 86' lang='lat' dir='ltr'><em>Ac</em></span> <span class='ocrx_word' id='word_1_590' title='bbox 1181 4320 1316 4358; x_wconf 88' lang='lat' dir='ltr'><em>sane</em></span> <span class='ocrx_word' id='word_1_591' title='bbox 1365 4305 1658 4358; x_wconf 89' lang='lat' dir='ltr'><em>obscurior</em></span> <span class='ocrx_word' id='word_1_592' title='bbox 1688 4310 1771 4359; x_wconf 91' lang='lat' dir='ltr'><em>est</em></span> 
     </span>
    </p>
   </div>
   <div class='ocr_carea' id='block_1_76' title="bbox 98 4392 1769 4464">
    <p class='ocr_par' dir='ltr' id='par_1_76' title="bbox 98 4392 1769 4464">
     <span class='ocr_line' id='line_1_76' title="bbox 98 4392 1769 4464; baseline 0.002 -20"><span class='ocrx_word' id='word_1_593' title='bbox 98 4392 312 4462; x_wconf 88' lang='lat' dir='ltr'><em>Epistola</em></span> <span class='ocrx_word' id='word_1_594' title='bbox 349 4397 423 4450; x_wconf 88' lang='lat' dir='ltr'><em>ad</em></span> <span class='ocrx_word' id='word_1_595' title='bbox 461 4396 749 4449; x_wconf 81' lang='lat' dir='ltr'><em>Romanos</em></span> <span class='ocrx_word' id='word_1_596' title='bbox 779 4410 952 4464; x_wconf 90' lang='lat' dir='ltr'><em>quam</em></span> <span class='ocrx_word' id='word_1_597' title='bbox 988 4397 1052 4447; x_wconf 91' lang='lat' dir='ltr'><em>ut</em></span> <span class='ocrx_word' id='word_1_598' title='bbox 1088 4409 1121 4445; x_wconf 90' lang='lat' dir='ltr'><em>a</em></span> <span class='ocrx_word' id='word_1_599' title='bbox 1152 4393 1585 4462; x_wconf 88' lang='lat' dir='ltr'><em>semiplatonico</em></span> <span class='ocrx_word' id='word_1_600' title='bbox 1643 4394 1769 4448; x_wconf 90' lang='lat' dir='ltr'><em>rhe-</em></span> 
     </span>
    </p>
   </div>
   <div class='ocr_carea' id='block_1_77' title="bbox 99 4482 1447 4554">
    <p class='ocr_par' dir='ltr' id='par_1_77' title="bbox 99 4482 1447 4554">
     <span class='ocr_line' id='line_1_77' title="bbox 99 4482 1447 4554; baseline 0.003 -23"><span class='ocrx_word' id='word_1_601' title='bbox 99 4485 215 4549; x_wconf 85' lang='lat' dir='ltr'><em>tore,</em></span> <span class='ocrx_word' id='word_1_602' title='bbox 246 4484 450 4538; x_wconf 87' lang='lat' dir='ltr'><em>criticae</em></span> <span class='ocrx_word' id='word_1_603' title='bbox 482 4485 653 4554; x_wconf 90' lang='lat' dir='ltr'><em>plane</em></span> <span class='ocrx_word' id='word_1_604' title='bbox 679 4482 967 4552; x_wconf 91' lang='lat' dir='ltr'><em>imperito,</em></span> <span class='ocrx_word' id='word_1_605' title='bbox 1012 4482 1447 4551; x_wconf 89' lang='lat' dir='ltr'><em>intelligeretur.</em></span> 
     </span>
    </p>
   </div>
   <div class='ocr_carea' id='block_1_78' title="bbox 156 4569 1767 4639">
    <p class='ocr_par' dir='ltr' id='par_1_78' title="bbox 156 4569 1767 4639">
     <span class='ocr_line' id='line_1_78' title="bbox 156 4569 1767 4639; baseline 0.001 -17"><span class='ocrx_word' id='word_1_606' title='bbox 156 4570 305 4637; x_wconf 86' lang='lat' dir='ltr'><em>lbid.,</em></span> <span class='ocrx_word' id='word_1_607' title='bbox 340 4575 368 4639; x_wconf 84' lang='lat'><strong>§</strong></span> <span class='ocrx_word' id='word_1_608' title='bbox 408 4575 465 4626; x_wconf 76' lang='grc'><em>4.</em></span> <span class='ocrx_word' id='word_1_609' title='bbox 509 4570 709 4624; x_wconf 89' lang='lat' dir='ltr'><em>Allatis</em></span> <span class='ocrx_word' id='word_1_610' title='bbox 766 4569 952 4623; x_wconf 86' lang='lat' dir='ltr'><em>verbis</em></span> <span class='ocrx_word' id='word_1_611' title='bbox 1007 4570 1167 4622; x_wconf 84' lang='lat' dir='ltr'><em>Pauli</em></span> <span class='ocrx_word' id='word_1_612' title='bbox 1215 4570 1378 4623; x_wconf 83' lang='lat' dir='ltr'><em>Rom.</em></span> <span class='ocrx_word' id='word_1_613' title='bbox 1412 4586 1485 4636; x_wconf 83' lang='lat' dir='ltr'><em>ix,</em></span> <span class='ocrx_word' id='word_1_614' title='bbox 1544 4574 1629 4635; x_wconf 84' lang='lat' dir='ltr'><em>ll,</em></span> <span class='ocrx_word' id='word_1_615' title='bbox 1687 4573 1767 4623; x_wconf 80' lang='lat' dir='ltr'><em>l2.</em></span> 
     </span>
    </p>
   </div>
   <div class='ocr_carea' id='block_1_79' title="bbox 103 4658 1774 4731">
    <p class='ocr_par' dir='ltr' id='par_1_79' title="bbox 103 4658 1774 4731">
     <span class='ocr_line' id='line_1_79' title="bbox 103 4658 1774 4731; baseline 0.001 -22"><span class='ocrx_word' id='word_1_616' title='bbox 103 4658 244 4721; x_wconf 71' lang='lat' dir='ltr'><em>Unde,</em></span> <span class='ocrx_word' id='word_1_617' title='bbox 275 4660 469 4731; x_wconf 87' lang='lat' dir='ltr'><em>inquit</em></span> <span class='ocrx_word' id='word_1_618' title='bbox 512 4661 746 4713; x_wconf 87' lang='lat' dir='ltr'><em>occurrit</em></span> <span class='ocrx_word' id='word_1_619' title='bbox 784 4661 961 4711; x_wconf 82' lang='lat' dir='ltr'><em>animo</em></span> <span class='ocrx_word' id='word_1_620' title='bbox 1005 4673 1242 4725; x_wconf 66' lang='lat' dir='ltr'><em>qum-rere</em></span> <span class='ocrx_word' id='word_1_621' title='bbox 1292 4674 1386 4711; x_wconf 89' lang='lat' dir='ltr'><em>cur</em></span> <span class='ocrx_word' id='word_1_622' title='bbox 1424 4658 1674 4711; x_wconf 51' lang='lat' dir='ltr'><em>decerit:</em></span> <span class='ocrx_word' id='word_1_623' title='bbox 1709 4663 1774 4712; x_wconf 90' lang='lat' dir='ltr'><em>ut</em></span> 
     </span>
    </p>
   </div>
   <div class='ocr_carea' id='block_1_80' title="bbox 101 4746 1771 4817">
    <p class='ocr_par' dir='ltr' id='par_1_80' title="bbox 101 4746 1771 4817">
     <span class='ocr_line' id='line_1_80' title="bbox 101 4746 1771 4817; baseline 0.002 -22"><span class='ocrx_word' id='word_1_624' title='bbox 101 4750 389 4802; x_wconf 87' lang='lat' dir='ltr'><em>secundum</em></span> <span class='ocrx_word' id='word_1_625' title='bbox 406 4748 746 4802; x_wconf 89' lang='lat' dir='ltr'><em>electionem</em></span> <span class='ocrx_word' id='word_1_626' title='bbox 775 4746 1133 4817; x_wconf 88' lang='lat' dir='ltr'><em>propositum</em></span> <span class='ocrx_word' id='word_1_627' title='bbox 1162 4746 1263 4800; x_wconf 86' lang='lat' dir='ltr'><em>Dei</em></span> <span class='ocrx_word' id='word_1_628' title='bbox 1292 4747 1597 4801; x_wconf 82' lang='lat' dir='ltr'><em>maneret?</em></span> <span class='ocrx_word' id='word_1_629' title='bbox 1627 4747 1771 4811; x_wconf 86' lang='lat' dir='ltr'><em>Quo-</em></span> 
     </span>
    </p>
   </div>
   <div class='ocr_carea' id='block_1_81' title="bbox 98 4836 1772 4905">
    <p class='ocr_par' dir='ltr' id='par_1_81' title="bbox 98 4836 1772 4905">
     <span class='ocr_line' id='line_1_81' title="bbox 98 4836 1772 4905; baseline 0.001 -20"><span class='ocrx_word' id='word_1_630' title='bbox 98 4836 230 4889; x_wconf 87' lang='lat' dir='ltr'><em>modo</em></span> <span class='ocrx_word' id='word_1_631' title='bbox 253 4842 329 4891; x_wconf 88' lang='lat' dir='ltr'><em>est</em></span> <span class='ocrx_word' id='word_1_632' title='bbox 357 4839 503 4891; x_wconf 86' lang='lat' dir='ltr'><em>enim</em></span> <span class='ocrx_word' id='word_1_633' title='bbox 526 4838 702 4905; x_wconf 85' lang='lat' dir='ltr'><em>justa,</em></span> <span class='ocrx_word' id='word_1_634' title='bbox 756 4841 852 4888; x_wconf 89' lang='lat' dir='ltr'><em>aut</em></span> <span class='ocrx_word' id='word_1_635' title='bbox 880 4837 1271 4904; x_wconf 85' lang='lat' dir='ltr'><em>qualiscunque</em></span> <span class='ocrx_word' id='word_1_636' title='bbox 1319 4837 1531 4888; x_wconf 85' lang='lat' dir='ltr'><em>omnino</em></span> <span class='ocrx_word' id='word_1_637' title='bbox 1565 4836 1772 4902; x_wconf 86' lang='lat' dir='ltr'><em>electio,</em></span> 
     </span>
    </p>
   </div>
   <div class='ocr_carea' id='block_1_82' title="bbox 98 4924 1775 4979">
    <p class='ocr_par' dir='ltr' id='par_1_82' title="bbox 98 4924 1775 4979">
     <span class='ocr_line' id='line_1_82' title="bbox 98 4924 1775 4979; baseline 0.001 -6"><span class='ocrx_word' id='word_1_638' title='bbox 98 4924 177 4975; x_wconf 84' lang='lat' dir='ltr'><em>ubi</em></span> <span class='ocrx_word' id='word_1_639' title='bbox 202 4927 347 4979; x_wconf 88' lang='lat' dir='ltr'><em>nulla</em></span> <span class='ocrx_word' id='word_1_640' title='bbox 376 4926 647 4979; x_wconf 87' lang='lat' dir='ltr'><em>distantia</em></span> <span class='ocrx_word' id='word_1_641' title='bbox 678 4926 795 4978; x_wconf 79' lang='lat' dir='ltr'><em>est?</em></span> <span class='ocrx_word' id='word_1_642' title='bbox 832 4924 895 4978; x_wconf 87' lang='lat' dir='ltr'><em>Si</em></span> <span class='ocrx_word' id='word_1_643' title='bbox 914 4926 1053 4977; x_wconf 88' lang='lat' dir='ltr'><em>enim</em></span> <span class='ocrx_word' id='word_1_644' title='bbox 1082 4924 1229 4976; x_wconf 90' lang='lat' dir='ltr'><em>nullo</em></span> <span class='ocrx_word' id='word_1_645' title='bbox 1258 4926 1450 4977; x_wconf 85' lang='lat' dir='ltr'><em>merito</em></span> <span class='ocrx_word' id='word_1_646' title='bbox 1475 4924 1665 4976; x_wconf 88' lang='lat' dir='ltr'><em>electus</em></span> <span class='ocrx_word' id='word_1_647' title='bbox 1697 4928 1775 4975; x_wconf 88' lang='lat' dir='ltr'><em>est</em></span> 
     </span>
    </p>
   </div>
   <div class='ocr_carea' id='block_1_83' title="bbox 90 5010 1774 5079">
    <p class='ocr_par' dir='ltr' id='par_1_83' title="bbox 90 5010 1774 5079">
     <span class='ocr_line' id='line_1_83' title="bbox 90 5010 1774 5079; baseline 0.001 -20"><span class='ocrx_word' id='word_1_648' title='bbox 90 5010 261 5079; x_wconf 86' lang='lat' dir='ltr'><em>Jacob,</em></span> <span class='ocrx_word' id='word_1_649' title='bbox 308 5013 549 5067; x_wconf 80' lang='lat' dir='ltr'><em>nondum</em></span> <span class='ocrx_word' id='word_1_650' title='bbox 605 5018 766 5066; x_wconf 88' lang='lat' dir='ltr'><em>natus</em></span> <span class='ocrx_word' id='word_1_651' title='bbox 813 5016 862 5064; x_wconf 89' lang='lat' dir='ltr'><em>et</em></span> <span class='ocrx_word' id='word_1_652' title='bbox 908 5011 1050 5063; x_wconf 86' lang='lat' dir='ltr'><em>nihil</em></span> <span class='ocrx_word' id='word_1_653' title='bbox 1100 5013 1375 5078; x_wconf 87' lang='lat' dir='ltr'><em>operatus,</em></span> <span class='ocrx_word' id='word_1_654' title='bbox 1416 5025 1508 5062; x_wconf 89' lang='lat' dir='ltr'><em>nec</em></span> <span class='ocrx_word' id='word_1_655' title='bbox 1560 5012 1774 5062; x_wconf 88' lang='lat' dir='ltr'><em>omnino</em></span> 
     </span>
    </p>
   </div>
   <div class='ocr_carea' id='block_1_84' title="bbox 93 5098 1768 5168">
    <p class='ocr_par' dir='ltr' id='par_1_84' title="bbox 93 5098 1768 5168">
     <span class='ocr_line' id='line_1_84' title="bbox 93 5098 1768 5168; baseline 0 -19"><span class='ocrx_word' id='word_1_656' title='bbox 93 5098 204 5165; x_wconf 77' lang='lat' dir='ltr'><em>eligi</em></span> <span class='ocrx_word' id='word_1_657' title='bbox 220 5104 397 5168; x_wconf 85' lang='lat' dir='ltr'><em>potuit</em></span> <span class='ocrx_word' id='word_1_658' title='bbox 440 5102 591 5154; x_wconf 87' lang='lat' dir='ltr'><em>nulla</em></span> <span class='ocrx_word' id='word_1_659' title='bbox 623 5103 909 5153; x_wconf 70' lang='lat' dir='ltr'><em>ezrsistente</em></span> <span class='ocrx_word' id='word_1_660' title='bbox 955 5098 1288 5166; x_wconf 78' lang='lat' dir='ltr'><em>differentia,</em></span> <span class='ocrx_word' id='word_1_661' title='bbox 1331 5113 1440 5165; x_wconf 88' lang='lat' dir='ltr'><em>qua</em></span> <span class='ocrx_word' id='word_1_662' title='bbox 1466 5099 1768 5163; x_wconf 86' lang='lat' dir='ltr'><em>eligeretur.</em></span> 
     </span>
    </p>
   </div>
   <div class='ocr_carea' id='block_1_85' title="bbox 94 5184 1774 5256">
    <p class='ocr_par' dir='ltr' id='par_1_85' title="bbox 94 5184 1774 5256">
     <span class='ocr_line' id='line_1_85' title="bbox 94 5184 1774 5256; baseline 0.001 -21"><span class='ocrx_word' id='word_1_663' title='bbox 94 5184 211 5240; x_wconf 82' lang='lat' dir='ltr'><em>Item</em></span> <span class='ocrx_word' id='word_1_664' title='bbox 238 5191 287 5241; x_wconf 90' lang='lat' dir='ltr'><em>si</em></span> <span class='ocrx_word' id='word_1_665' title='bbox 318 5191 469 5242; x_wconf 88' lang='lat' dir='ltr'><em>nullo</em></span> <span class='ocrx_word' id='word_1_666' title='bbox 502 5192 687 5243; x_wconf 74' lang='lat' dir='ltr'><em>merito</em></span> <span class='ocrx_word' id='word_1_667' title='bbox 717 5188 1052 5256; x_wconf 85' lang='lat' dir='ltr'><em>improbatus</em></span> <span class='ocrx_word' id='word_1_668' title='bbox 1085 5191 1163 5239; x_wconf 90' lang='lat' dir='ltr'><em>est</em></span> <span class='ocrx_word' id='word_1_669' title='bbox 1206 5189 1374 5250; x_wconf 86' lang='lat' dir='ltr'><em>Esau,</em></span> <span class='ocrx_word' id='word_1_670' title='bbox 1409 5188 1540 5253; x_wconf 86' lang='lat' dir='ltr'><em>quia</em></span> <span class='ocrx_word' id='word_1_671' title='bbox 1571 5192 1620 5238; x_wconf 89' lang='lat' dir='ltr'><em>et</em></span> <span class='ocrx_word' id='word_1_672' title='bbox 1658 5188 1774 5254; x_wconf 82' lang='lat' dir='ltr'><em>ipse</em></span> 
     </span>
    </p>
   </div>
   <div class='ocr_carea' id='block_1_86' title="bbox 92 5274 1775 5344">
    <p class='ocr_par' dir='ltr' id='par_1_86' title="bbox 92 5274 1775 5344">
     <span class='ocr_line' id='line_1_86' title="bbox 92 5274 1775 5344; baseline 0.001 -19"><span class='ocrx_word' id='word_1_673' title='bbox 92 5275 306 5329; x_wconf 83' lang='lat' dir='ltr'><em>nondum</em></span> <span class='ocrx_word' id='word_1_674' title='bbox 335 5281 501 5330; x_wconf 88' lang='lat' dir='ltr'><em>natus</em></span> <span class='ocrx_word' id='word_1_675' title='bbox 534 5282 583 5330; x_wconf 88' lang='lat' dir='ltr'><em>et</em></span> <span class='ocrx_word' id='word_1_676' title='bbox 620 5277 760 5330; x_wconf 86' lang='lat' dir='ltr'><em>nihil</em></span> <span class='ocrx_word' id='word_1_677' title='bbox 791 5280 1043 5344; x_wconf 86' lang='lat' dir='ltr'><em>operatus</em></span> <span class='ocrx_word' id='word_1_678' title='bbox 1074 5278 1213 5338; x_wconf 86' lang='lat' dir='ltr'><em>erat,</em></span> <span class='ocrx_word' id='word_1_679' title='bbox 1254 5290 1374 5328; x_wconf 90' lang='lat' dir='ltr'><em>cum</em></span> <span class='ocrx_word' id='word_1_680' title='bbox 1420 5274 1688 5326; x_wconf 83' lang='lat' dir='ltr'><em>diceretur</em></span> <span class='ocrx_word' id='word_1_681' title='bbox 1718 5277 1775 5326; x_wconf 93' lang='lat' dir='ltr'><em>et</em></span> 
     </span>
    </p>
   </div>
   <div class='ocr_carea' id='block_1_87' title="bbox 94 5362 1772 5433">
    <p class='ocr_par' dir='ltr' id='par_1_87' title="bbox 94 5362 1772 5433">
     <span class='ocr_line' id='line_1_87' title="bbox 94 5362 1772 5433; baseline 0.001 -18"><span class='ocrx_word' id='word_1_682' title='bbox 94 5365 254 5433; x_wconf 79' lang='lat' dir='ltr'><em>major</em></span> <span class='ocrx_word' id='word_1_683' title='bbox 297 5365 507 5419; x_wconf 87' lang='lat' dir='ltr'><em>serviet</em></span> <span class='ocrx_word' id='word_1_684' title='bbox 542 5365 753 5420; x_wconf 89' lang='lat' dir='ltr'><em>minori</em></span> <span class='ocrx_word' id='word_1_685' title='bbox 794 5364 1054 5433; x_wconf 86' lang='lat' dir='ltr'><em>quomodo</em></span> <span class='ocrx_word' id='word_1_686' title='bbox 1097 5364 1209 5431; x_wconf 86' lang='lat' dir='ltr'><em>ejus</em></span> <span class='ocrx_word' id='word_1_687' title='bbox 1261 5362 1583 5430; x_wconf 86' lang='lat' dir='ltr'><em>improbatio</em></span> <span class='ocrx_word' id='word_1_688' title='bbox 1611 5362 1772 5431; x_wconf 84' lang='lat' dir='ltr'><em>justa</em></span> 
     </span>
    </p>
   </div>
   <div class='ocr_carea' id='block_1_88' title="bbox 93 5451 1772 5524">
    <p class='ocr_par' dir='ltr' id='par_1_88' title="bbox 93 5451 1772 5524">
     <span class='ocr_line' id='line_1_88' title="bbox 93 5451 1772 5524; baseline -0.001 -21"><span class='ocrx_word' id='word_1_689' title='bbox 93 5451 188 5505; x_wconf 80' lang='lat' dir='ltr'><em>dici</em></span> <span class='ocrx_word' id='word_1_690' title='bbox 210 5457 433 5523; x_wconf 85' lang='lat' dir='ltr'><em>potest?</em></span> <span class='ocrx_word' id='word_1_691' title='bbox 462 5452 592 5524; x_wconf 77' lang='lat' dir='ltr'><em>etc.]</em></span> <span class='ocrx_word' id='word_1_692' title='bbox 625 5453 681 5509; x_wconf 89' lang='lat' dir='ltr'><em>Si</em></span> <span class='ocrx_word' id='word_1_693' title='bbox 703 5455 855 5508; x_wconf 89' lang='lat' dir='ltr'><em>hunc</em></span> <span class='ocrx_word' id='word_1_694' title='bbox 881 5452 1069 5523; x_wconf 89' lang='lat' dir='ltr'><em>ipsum</em></span> <span class='ocrx_word' id='word_1_695' title='bbox 1094 5453 1283 5505; x_wconf 90' lang='lat' dir='ltr'><em>locum</em></span> <span class='ocrx_word' id='word_1_696' title='bbox 1304 5451 1474 5521; x_wconf 89' lang='lat' dir='ltr'><em>paulo</em></span> <span class='ocrx_word' id='word_1_697' title='bbox 1497 5451 1772 5503; x_wconf 86' lang='lat' dir='ltr'><em>attentius</em></span> 
     </span>
    </p>
   </div>
   <div class='ocr_carea' id='block_1_89' title="bbox 94 5539 1772 5613">
    <p class='ocr_par' dir='ltr' id='par_1_89' title="bbox 94 5539 1772 5613">
     <span class='ocr_line' id='line_1_89' title="bbox 94 5539 1772 5613; baseline 0.001 -23"><span class='ocrx_word' id='word_1_698' title='bbox 94 5544 155 5604; x_wconf 88' lang='lat' dir='ltr'><em>et,</em></span> <span class='ocrx_word' id='word_1_699' title='bbox 185 5548 243 5594; x_wconf 88' lang='lat' dir='ltr'><em>ut</em></span> <span class='ocrx_word' id='word_1_700' title='bbox 298 5543 379 5595; x_wconf 88' lang='lat' dir='ltr'><em>ita</em></span> <span class='ocrx_word' id='word_1_701' title='bbox 429 5542 625 5607; x_wconf 86' lang='lat' dir='ltr'><em>dicam,</em></span> <span class='ocrx_word' id='word_1_702' title='bbox 669 5550 1014 5613; x_wconf 68' lang='grc' dir='ltr'><em>κριτικωτέρως</em></span> <span class='ocrx_word' id='word_1_703' title='bbox 1053 5540 1469 5594; x_wconf 87' lang='lat' dir='ltr'><em>considerasset</em></span> <span class='ocrx_word' id='word_1_704' title='bbox 1501 5539 1772 5609; x_wconf 86' lang='lat' dir='ltr'><em>Augusti-</em></span> 
     </span>
    </p>
   </div>
   <div class='ocr_carea' id='block_1_90' title="bbox 1879 3057 3576 3131">
    <p class='ocr_par' dir='ltr' id='par_1_90' title="bbox 1879 3057 3576 3131">
     <span class='ocr_line' id='line_1_90' title="bbox 1879 3057 3576 3131; baseline -0.003 -16"><span class='ocrx_word' id='word_1_705' title='bbox 1879 3066 1996 3115; x_wconf 90' lang='lat' dir='ltr'><em>tam</em></span> <span class='ocrx_word' id='word_1_706' title='bbox 2024 3061 2239 3131; x_wconf 88' lang='lat' dir='ltr'><em>grande</em></span> <span class='ocrx_word' id='word_1_707' title='bbox 2270 3075 2543 3113; x_wconf 87' lang='lat' dir='ltr'><em>arcanum</em></span> <span class='ocrx_word' id='word_1_708' title='bbox 2582 3059 2920 3125; x_wconf 87' lang='lat' dir='ltr'><em>nesciverat,</em></span> <span class='ocrx_word' id='word_1_709' title='bbox 2968 3057 3051 3110; x_wconf 89' lang='lat' dir='ltr'><em>uti</em></span> <span class='ocrx_word' id='word_1_710' title='bbox 3078 3073 3180 3111; x_wconf 92' lang='lat' dir='ltr'><em>nec</em></span> <span class='ocrx_word' id='word_1_711' title='bbox 3201 3074 3329 3110; x_wconf 91' lang='lat' dir='ltr'><em>cum</em></span> <span class='ocrx_word' id='word_1_712' title='bbox 3361 3057 3576 3127; x_wconf 86' lang='lat' dir='ltr'><em>episco-</em></span> 
     </span>
    </p>
   </div>
   <div class='ocr_carea' id='block_1_91' title="bbox 1878 3146 3581 3222">
    <p class='ocr_par' dir='ltr' id='par_1_91' title="bbox 1878 3146 3581 3222">
     <span class='ocr_line' id='line_1_91' title="bbox 1878 3146 3581 3222; baseline -0.004 -18"><span class='ocrx_word' id='word_1_713' title='bbox 1878 3167 1985 3222; x_wconf 91' lang='lat' dir='ltr'><em>pus</em></span> <span class='ocrx_word' id='word_1_714' title='bbox 2031 3150 2281 3220; x_wconf 89' lang='lat' dir='ltr'><em>primum</em></span> <span class='ocrx_word' id='word_1_715' title='bbox 2327 3149 2509 3202; x_wconf 85' lang='lat' dir='ltr'><em>factus</em></span> <span class='ocrx_word' id='word_1_716' title='bbox 2549 3151 2650 3213; x_wconf 89' lang='lat' dir='ltr'><em>est,</em></span> <span class='ocrx_word' id='word_1_717' title='bbox 2692 3149 2789 3201; x_wconf 83' lang='lat' dir='ltr'><em>sed</em></span> <span class='ocrx_word' id='word_1_718' title='bbox 2833 3147 2972 3201; x_wconf 91' lang='lat' dir='ltr'><em>dum</em></span> <span class='ocrx_word' id='word_1_719' title='bbox 3001 3146 3308 3200; x_wconf 89' lang='lat' dir='ltr'><em>meditatur</em></span> <span class='ocrx_word' id='word_1_720' title='bbox 3353 3146 3477 3199; x_wconf 63' lang='lat' dir='ltr'><em>haec</em></span> <span class='ocrx_word' id='word_1_721' title='bbox 3497 3162 3581 3199; x_wconf 89' lang='lat' dir='ltr'><em>re-</em></span> 
     </span>
    </p>
   </div>
   <div class='ocr_carea' id='block_1_92' title="bbox 1878 3233 3580 3308">
    <p class='ocr_par' dir='ltr' id='par_1_92' title="bbox 1878 3233 3580 3308">
     <span class='ocr_line' id='line_1_92' title="bbox 1878 3233 3580 3308; baseline -0.004 -16"><span class='ocrx_word' id='word_1_722' title='bbox 1878 3254 2087 3308; x_wconf 89' lang='lat' dir='ltr'><em>sponsa</em></span> <span class='ocrx_word' id='word_1_723' title='bbox 2116 3238 2186 3292; x_wconf 90' lang='lat' dir='ltr'><em>ad</em></span> <span class='ocrx_word' id='word_1_724' title='bbox 2208 3235 2664 3308; x_wconf 88' lang='lat' dir='ltr'><em>Simplicianum,</em></span> <span class='ocrx_word' id='word_1_725' title='bbox 2699 3234 2955 3300; x_wconf 89' lang='lat' dir='ltr'><em>invenit;</em></span> <span class='ocrx_word' id='word_1_726' title='bbox 2980 3238 3151 3304; x_wconf 90' lang='lat' dir='ltr'><em>atque</em></span> <span class='ocrx_word' id='word_1_727' title='bbox 3176 3233 3244 3287; x_wconf 91' lang='lat' dir='ltr'><em>ad</em></span> <span class='ocrx_word' id='word_1_728' title='bbox 3274 3234 3382 3287; x_wconf 92' lang='lat' dir='ltr'><em>hoc</em></span> <span class='ocrx_word' id='word_1_729' title='bbox 3413 3250 3580 3287; x_wconf 89' lang='lat' dir='ltr'><em>suum</em></span> 
     </span>
    </p>
   </div>
   <div class='ocr_carea' id='block_1_93' title="bbox 1878 3322 3575 3396">
    <p class='ocr_par' dir='ltr' id='par_1_93' title="bbox 1878 3322 3575 3396">
     <span class='ocr_line' id='line_1_93' title="bbox 1878 3322 3575 3396; baseline -0.002 -16"><span class='ocrx_word' id='word_1_730' title='bbox 1878 3328 2087 3396; x_wconf 90' lang='lat' dir='ltr'><em>dogma</em></span> <span class='ocrx_word' id='word_1_731' title='bbox 2124 3332 2320 3395; x_wconf 90' lang='lat' dir='ltr'><em>poster</em></span> <span class='ocrx_word' id='word_1_732' title='bbox 2360 3324 2735 3395; x_wconf 87' lang='lat' dir='ltr'><em>Scripturam,</em></span> <span class='ocrx_word' id='word_1_733' title='bbox 2784 3325 3158 3377; x_wconf 87' lang='lat' dir='ltr'><em>reluctantem</em></span> <span class='ocrx_word' id='word_1_734' title='bbox 3190 3322 3340 3387; x_wconf 90' lang='lat' dir='ltr'><em>licet,</em></span> <span class='ocrx_word' id='word_1_735' title='bbox 3371 3322 3575 3389; x_wconf 88' lang='lat' dir='ltr'><em>traxit;</em></span> 
     </span>
    </p>
   </div>
   <div class='ocr_carea' id='block_1_94' title="bbox 1878 3412 3573 3482">
    <p class='ocr_par' dir='ltr' id='par_1_94' title="bbox 1878 3412 3573 3482">
     <span class='ocr_line' id='line_1_94' title="bbox 1878 3412 3573 3482; baseline -0.002 -14"><span class='ocrx_word' id='word_1_736' title='bbox 1878 3416 2035 3468; x_wconf 89' lang='lat' dir='ltr'><em>nulla</em></span> <span class='ocrx_word' id='word_1_737' title='bbox 2063 3415 2254 3468; x_wconf 86' lang='lat' dir='ltr'><em>habita</em></span> <span class='ocrx_word' id='word_1_738' title='bbox 2283 3415 2500 3468; x_wconf 89' lang='lat' dir='ltr'><em>ratione</em></span> <span class='ocrx_word' id='word_1_739' title='bbox 2550 3430 2728 3467; x_wconf 86' lang='lat' dir='ltr'><em>nexus</em></span> <span class='ocrx_word' id='word_1_740' title='bbox 2783 3412 3075 3475; x_wconf 87' lang='lat' dir='ltr'><em>orationis,</em></span> <span class='ocrx_word' id='word_1_741' title='bbox 3111 3412 3461 3482; x_wconf 77' lang='lat' dir='ltr'><em>significatus</em></span> <span class='ocrx_word' id='word_1_742' title='bbox 3487 3428 3573 3465; x_wconf 90' lang='lat' dir='ltr'><em>re-</em></span> 
     </span>
    </p>
   </div>
   <div class='ocr_carea' id='block_1_95' title="bbox 1878 3498 3581 3571">
    <p class='ocr_par' dir='ltr' id='par_1_95' title="bbox 1878 3498 3581 3571">
     <span class='ocr_line' id='line_1_95' title="bbox 1878 3498 3581 3571; baseline -0.001 -16"><span class='ocrx_word' id='word_1_743' title='bbox 1878 3501 2028 3571; x_wconf 89' lang='lat' dir='ltr'><em>cepti</em></span> <span class='ocrx_word' id='word_1_744' title='bbox 2061 3502 2384 3567; x_wconf 90' lang='lat' dir='ltr'><em>verborum,</em></span> <span class='ocrx_word' id='word_1_745' title='bbox 2420 3500 2921 3571; x_wconf 68' lang='lat' dir='ltr'><em>qumstionumque</em></span> <span class='ocrx_word' id='word_1_746' title='bbox 2972 3515 3035 3552; x_wconf 89' lang='lat' dir='ltr'><em>ac</em></span> <span class='ocrx_word' id='word_1_747' title='bbox 3066 3498 3581 3553; x_wconf 84' lang='lat' dir='ltr'><em>controversiarum</em></span> 
     </span>
    </p>
   </div>
   <div class='ocr_carea' id='block_1_96' title="bbox 1880 3588 3581 3661">
    <p class='ocr_par' dir='ltr' id='par_1_96' title="bbox 1880 3588 3581 3661">
     <span class='ocr_line' id='line_1_96' title="bbox 1880 3588 3581 3661; baseline -0.001 -18"><span class='ocrx_word' id='word_1_748' title='bbox 1880 3607 2007 3661; x_wconf 70' lang='lat' dir='ltr'><em>quae</em></span> <span class='ocrx_word' id='word_1_749' title='bbox 2034 3590 2184 3644; x_wconf 88' lang='lat' dir='ltr'><em>inter</em></span> <span class='ocrx_word' id='word_1_750' title='bbox 2230 3592 2513 3660; x_wconf 86' lang='lat' dir='ltr'><em>apostolos</em></span> <span class='ocrx_word' id='word_1_751' title='bbox 2543 3596 2601 3643; x_wconf 84' lang='lat' dir='ltr'><em>et</em></span> <span class='ocrx_word' id='word_1_752' title='bbox 2629 3590 2854 3644; x_wconf 68' lang='lat' dir='ltr'><em>Judzeos</em></span> <span class='ocrx_word' id='word_1_753' title='bbox 2895 3588 3280 3659; x_wconf 88' lang='lat' dir='ltr'><em>agitabantur.</em></span> <span class='ocrx_word' id='word_1_754' title='bbox 3308 3589 3390 3641; x_wconf 89' lang='lat' dir='ltr'><em>Ita</em></span> <span class='ocrx_word' id='word_1_755' title='bbox 3418 3588 3581 3659; x_wconf 82' lang='lat' dir='ltr'><em>lege-</em></span> 
     </span>
    </p>
   </div>
   <div class='ocr_carea' id='block_1_97' title="bbox 1878 3676 3581 3749">
    <p class='ocr_par' dir='ltr' id='par_1_97' title="bbox 1878 3676 3581 3749">
     <span class='ocr_line' id='line_1_97' title="bbox 1878 3676 3581 3749; baseline -0.003 -16"><span class='ocrx_word' id='word_1_756' title='bbox 1878 3679 1977 3733; x_wconf 89' lang='lat' dir='ltr'><em>bat</em></span> <span class='ocrx_word' id='word_1_757' title='bbox 2005 3679 2376 3748; x_wconf 84' lang='lat' dir='ltr'><em>Scripturam,</em></span> <span class='ocrx_word' id='word_1_758' title='bbox 2417 3678 2581 3748; x_wconf 90' lang='lat' dir='ltr'><em>quasi</em></span> <span class='ocrx_word' id='word_1_759' title='bbox 2612 3678 2853 3749; x_wconf 73' lang='lat' dir='ltr'><em>singulae</em></span> <span class='ocrx_word' id='word_1_760' title='bbox 2883 3676 3106 3747; x_wconf 89' lang='lat' dir='ltr'><em>periodi</em></span> <span class='ocrx_word' id='word_1_761' title='bbox 3143 3682 3240 3729; x_wconf 88' lang='lat' dir='ltr'><em>aut</em></span> <span class='ocrx_word' id='word_1_762' title='bbox 3285 3676 3581 3730; x_wconf 78' lang='lat' dir='ltr'><em>sententiae</em></span> 
     </span>
    </p>
   </div>
   <div class='ocr_carea' id='block_1_98' title="bbox 1881 3764 3580 3837">
    <p class='ocr_par' dir='ltr' id='par_1_98' title="bbox 1881 3764 3580 3837">
     <span class='ocr_line' id='line_1_98' title="bbox 1881 3764 3580 3837; baseline -0.002 -17"><span class='ocrx_word' id='word_1_763' title='bbox 1881 3773 2068 3820; x_wconf 91' lang='lat' dir='ltr'><em>essent</em></span> <span class='ocrx_word' id='word_1_764' title='bbox 2090 3768 2375 3820; x_wconf 87' lang='lat' dir='ltr'><em>axiomata</em></span> <span class='ocrx_word' id='word_1_765' title='bbox 2406 3768 2671 3837; x_wconf 67' lang='lat' dir='ltr'><em>quaedam</em></span> <span class='ocrx_word' id='word_1_766' title='bbox 2702 3765 3121 3831; x_wconf 85' lang='lat' dir='ltr'><em>mathematica,</em></span> <span class='ocrx_word' id='word_1_767' title='bbox 3154 3780 3284 3817; x_wconf 90' lang='lat' dir='ltr'><em>cum</em></span> <span class='ocrx_word' id='word_1_768' title='bbox 3323 3764 3580 3834; x_wconf 89' lang='lat' dir='ltr'><em>superio-</em></span> 
     </span>
    </p>
   </div>
   <div class='ocr_carea' id='block_1_99' title="bbox 1878 3852 3582 3926">
    <p class='ocr_par' dir='ltr' id='par_1_99' title="bbox 1878 3852 3582 3926">
     <span class='ocr_line' id='line_1_99' title="bbox 1878 3852 3582 3926; baseline -0.003 -17"><span class='ocrx_word' id='word_1_769' title='bbox 1878 3856 2038 3909; x_wconf 88' lang='lat' dir='ltr'><em>ribus</em></span> <span class='ocrx_word' id='word_1_770' title='bbox 2060 3872 2123 3908; x_wconf 87' lang='lat' dir='ltr'><em>ac</em></span> <span class='ocrx_word' id='word_1_771' title='bbox 2194 3856 2564 3926; x_wconf 89' lang='lat' dir='ltr'><em>sequentibus</em></span> <span class='ocrx_word' id='word_1_772' title='bbox 2624 3854 2861 3908; x_wconf 88' lang='lat' dir='ltr'><em>minime</em></span> <span class='ocrx_word' id='word_1_773' title='bbox 2944 3868 3220 3918; x_wconf 85' lang='lat' dir='ltr'><em>connexa,</em></span> <span class='ocrx_word' id='word_1_774' title='bbox 3286 3852 3383 3905; x_wconf 91' lang='lat' dir='ltr'><em>sed</em></span> <span class='ocrx_word' id='word_1_775' title='bbox 3454 3867 3582 3921; x_wconf 84' lang='lat' dir='ltr'><em>quae</em></span> 
     </span>
    </p>
   </div>
   <div class='ocr_carea' id='block_1_100' title="bbox 1880 3939 3577 4014">
    <p class='ocr_par' dir='ltr' id='par_1_100' title="bbox 1880 3939 3577 4014">
     <span class='ocr_line' id='line_1_100' title="bbox 1880 3939 3577 4014; baseline -0.004 -17"><span class='ocrx_word' id='word_1_776' title='bbox 1880 3944 2119 3998; x_wconf 90' lang='lat' dir='ltr'><em>seorsim</em></span> <span class='ocrx_word' id='word_1_777' title='bbox 2149 3948 2204 3997; x_wconf 92' lang='lat' dir='ltr'><em>et</em></span> <span class='ocrx_word' id='word_1_778' title='bbox 2223 3960 2325 4014; x_wconf 91' lang='lat' dir='ltr'><em>per</em></span> <span class='ocrx_word' id='word_1_779' title='bbox 2365 3960 2423 3997; x_wconf 90' lang='lat' dir='ltr'><em>se</em></span> <span class='ocrx_word' id='word_1_780' title='bbox 2454 3949 2683 4014; x_wconf 87' lang='lat' dir='ltr'><em>possent</em></span> <span class='ocrx_word' id='word_1_781' title='bbox 2712 3942 3010 4012; x_wconf 84' lang='lat' dir='ltr'><em>explicari;</em></span> <span class='ocrx_word' id='word_1_782' title='bbox 3047 3946 3103 3994; x_wconf 89' lang='lat' dir='ltr'><em>et</em></span> <span class='ocrx_word' id='word_1_783' title='bbox 3130 3941 3175 3993; x_wconf 90' lang='lat' dir='ltr'><em>si</em></span> <span class='ocrx_word' id='word_1_784' title='bbox 3208 3939 3347 4010; x_wconf 89' lang='lat' dir='ltr'><em>quid</em></span> <span class='ocrx_word' id='word_1_785' title='bbox 3378 3955 3577 3993; x_wconf 84' lang='lat' dir='ltr'><em>occur-</em></span> 
     </span>
    </p>
   </div>
   <div class='ocr_carea' id='block_1_101' title="bbox 1880 4027 3579 4101">
    <p class='ocr_par' dir='ltr' id='par_1_101' title="bbox 1880 4027 3579 4101">
     <span class='ocr_line' id='line_1_101' title="bbox 1880 4027 3579 4101; baseline -0.004 -15"><span class='ocrx_word' id='word_1_786' title='bbox 1880 4038 2031 4087; x_wconf 87' lang='lat' dir='ltr'><em>reret</em></span> <span class='ocrx_word' id='word_1_787' title='bbox 2080 4033 2231 4101; x_wconf 91' lang='lat' dir='ltr'><em>quod</em></span> <span class='ocrx_word' id='word_1_788' title='bbox 2294 4032 2564 4101; x_wconf 76' lang='lat' dir='ltr'><em>speciosae</em></span> <span class='ocrx_word' id='word_1_789' title='bbox 2628 4030 3158 4085; x_wconf 68' lang='lat' dir='ltr'><em>declamatiunculas</em></span> <span class='ocrx_word' id='word_1_790' title='bbox 3224 4027 3579 4081; x_wconf 87' lang='lat' dir='ltr'><em>occasionem</em></span> 
     </span>
    </p>
   </div>
   <div class='ocr_carea' id='block_1_102' title="bbox 1880 4114 3577 4191">
    <p class='ocr_par' dir='ltr' id='par_1_102' title="bbox 1880 4114 3577 4191">
     <span class='ocr_line' id='line_1_102' title="bbox 1880 4114 3577 4191; baseline -0.005 -17"><span class='ocrx_word' id='word_1_791' title='bbox 1880 4122 2161 4191; x_wconf 85' lang='lat' dir='ltr'><em>praeberet</em></span> <span class='ocrx_word' id='word_1_792' title='bbox 2188 4125 2284 4173; x_wconf 90' lang='lat' dir='ltr'><em>aut</em></span> <span class='ocrx_word' id='word_1_793' title='bbox 2324 4121 2583 4189; x_wconf 62' lang='lat' dir='ltr'><em>praebere</em></span> <span class='ocrx_word' id='word_1_794' title='bbox 2633 4119 2941 4183; x_wconf 77' lang='lat' dir='ltr'><em>videretur,</em></span> <span class='ocrx_word' id='word_1_795' title='bbox 2984 4118 3041 4171; x_wconf 90' lang='lat' dir='ltr'><em>id</em></span> <span class='ocrx_word' id='word_1_796' title='bbox 3076 4133 3207 4170; x_wconf 92' lang='lat' dir='ltr'><em>vero</em></span> <span class='ocrx_word' id='word_1_797' title='bbox 3236 4116 3397 4169; x_wconf 88' lang='lat' dir='ltr'><em>avide</em></span> <span class='ocrx_word' id='word_1_798' title='bbox 3431 4114 3577 4167; x_wconf 90' lang='lat' dir='ltr'><em>arri-</em></span> 
     </span>
    </p>
   </div>
   <div class='ocr_carea' id='block_1_103' title="bbox 1880 4203 3581 4282">
    <p class='ocr_par' dir='ltr' id='par_1_103' title="bbox 1880 4203 3581 4282">
     <span class='ocr_line' id='line_1_103' title="bbox 1880 4203 3581 4282; baseline -0.005 -19"><span class='ocrx_word' id='word_1_799' title='bbox 1880 4211 2092 4282; x_wconf 89' lang='lat' dir='ltr'><em>piebat,</em></span> <span class='ocrx_word' id='word_1_800' title='bbox 2139 4214 2194 4262; x_wconf 91' lang='lat' dir='ltr'><em>et</em></span> <span class='ocrx_word' id='word_1_801' title='bbox 2228 4208 2455 4262; x_wconf 73' lang='lat' dir='ltr'><em>Punicae</em></span> <span class='ocrx_word' id='word_1_802' title='bbox 2502 4207 2846 4277; x_wconf 65' lang='lat' dir='ltr'><em>eloquentia:</em></span> <span class='ocrx_word' id='word_1_803' title='bbox 2886 4207 3007 4259; x_wconf 83' lang='lat' dir='ltr'><em>vela</em></span> <span class='ocrx_word' id='word_1_804' title='bbox 3050 4205 3358 4274; x_wconf 87' lang='lat' dir='ltr'><em>pandebat.</em></span> <span class='ocrx_word' id='word_1_805' title='bbox 3412 4203 3581 4257; x_wconf 82' lang='lat' dir='ltr'><em>Nullo</em></span> 
     </span>
    </p>
   </div>
   <div class='ocr_carea' id='block_1_104' title="bbox 1879 4292 3582 4369">
    <p class='ocr_par' dir='ltr' id='par_1_104' title="bbox 1879 4292 3582 4369">
     <span class='ocr_line' id='line_1_104' title="bbox 1879 4292 3582 4369; baseline -0.005 -17"><span class='ocrx_word' id='word_1_806' title='bbox 1879 4299 1939 4353; x_wconf 89' lang='lat' dir='ltr'><em>in</em></span> <span class='ocrx_word' id='word_1_807' title='bbox 1960 4314 2130 4368; x_wconf 90' lang='lat' dir='ltr'><em>opere</em></span> <span class='ocrx_word' id='word_1_808' title='bbox 2162 4297 2451 4369; x_wconf 88' lang='lat' dir='ltr'><em>specimen</em></span> <span class='ocrx_word' id='word_1_809' title='bbox 2481 4296 2637 4350; x_wconf 92' lang='lat' dir='ltr'><em>dedit</em></span> <span class='ocrx_word' id='word_1_810' title='bbox 2668 4294 2949 4348; x_wconf 88' lang='lat' dir='ltr'><em>illustrius</em></span> <span class='ocrx_word' id='word_1_811' title='bbox 2976 4293 3231 4347; x_wconf 73' lang='lat' dir='ltr'><em>miriticae</em></span> <span class='ocrx_word' id='word_1_812' title='bbox 3268 4292 3421 4345; x_wconf 90' lang='lat' dir='ltr'><em>illius</em></span> <span class='ocrx_word' id='word_1_813' title='bbox 3452 4307 3582 4344; x_wconf 90' lang='lat' dir='ltr'><em>con-</em></span> 
     </span>
    </p>
   </div>
   <div class='ocr_carea' id='block_1_105' title="bbox 1880 4384 3585 4457">
    <p class='ocr_par' dir='ltr' id='par_1_105' title="bbox 1880 4384 3585 4457">
     <span class='ocr_line' id='line_1_105' title="bbox 1880 4384 3585 4457; baseline -0.005 -16"><span class='ocrx_word' id='word_1_814' title='bbox 1880 4388 2215 4453; x_wconf 87' lang='lat' dir='ltr'><em>suetudinis,</em></span> <span class='ocrx_word' id='word_1_815' title='bbox 2268 4402 2440 4457; x_wconf 88' lang='lat' dir='ltr'><em>quam</em></span> <span class='ocrx_word' id='word_1_816' title='bbox 2480 4385 2540 4438; x_wconf 89' lang='lat' dir='ltr'><em>in</em></span> <span class='ocrx_word' id='word_1_817' title='bbox 2586 4384 2732 4449; x_wconf 86' lang='lat' dir='ltr'><em>hoc;</em></span> <span class='ocrx_word' id='word_1_818' title='bbox 2783 4399 2849 4436; x_wconf 84' lang='lat' dir='ltr'><em>ex</em></span> <span class='ocrx_word' id='word_1_819' title='bbox 2891 4399 3004 4453; x_wconf 88' lang='lat' dir='ltr'><em>quo</em></span> <span class='ocrx_word' id='word_1_820' title='bbox 3053 4388 3245 4436; x_wconf 89' lang='lat' dir='ltr'><em>tamen</em></span> <span class='ocrx_word' id='word_1_821' title='bbox 3276 4386 3470 4451; x_wconf 86' lang='lat' dir='ltr'><em>postea</em></span> <span class='ocrx_word' id='word_1_822' title='bbox 3500 4385 3585 4433; x_wconf 91' lang='lat' dir='ltr'><em>tot</em></span> 
     </span>
    </p>
   </div>
   <div class='ocr_carea' id='block_1_106' title="bbox 1878 4469 3584 4544">
    <p class='ocr_par' dir='ltr' id='par_1_106' title="bbox 1878 4469 3584 4544">
     <span class='ocr_line' id='line_1_106' title="bbox 1878 4469 3584 4544; baseline -0.005 -13"><span class='ocrx_word' id='word_1_823' title='bbox 1878 4478 2095 4531; x_wconf 81' lang='lat' dir='ltr'><em>ﬂuxere</em></span> <span class='ocrx_word' id='word_1_824' title='bbox 2137 4474 2588 4541; x_wconf 89' lang='lat' dir='ltr'><em>allucinationes,</em></span> <span class='ocrx_word' id='word_1_825' title='bbox 2644 4488 2774 4544; x_wconf 66' lang='lat' dir='ltr'><em>quae</em></span> <span class='ocrx_word' id='word_1_826' title='bbox 2823 4472 2946 4525; x_wconf 87' lang='lat' dir='ltr'><em>tolli</em></span> <span class='ocrx_word' id='word_1_827' title='bbox 2994 4471 3334 4542; x_wconf 89' lang='lat' dir='ltr'><em>potuissent,</em></span> <span class='ocrx_word' id='word_1_828' title='bbox 3370 4469 3481 4523; x_wconf 88' lang='lat' dir='ltr'><em>nisi</em></span> <span class='ocrx_word' id='word_1_829' title='bbox 3502 4469 3584 4522; x_wconf 89' lang='lat' dir='ltr'><em>vis</em></span> 
     </span>
    </p>
   </div>
   <div class='ocr_carea' id='block_1_107' title="bbox 1881 4557 3585 4630">
    <p class='ocr_par' dir='ltr' id='par_1_107' title="bbox 1881 4557 3585 4630">
     <span class='ocr_line' id='line_1_107' title="bbox 1881 4557 3585 4630; baseline -0.005 -12"><span class='ocrx_word' id='word_1_830' title='bbox 1881 4570 1938 4618; x_wconf 90' lang='lat' dir='ltr'><em>et</em></span> <span class='ocrx_word' id='word_1_831' title='bbox 1983 4564 2295 4618; x_wconf 87' lang='lat' dir='ltr'><em>auctoritas</em></span> <span class='ocrx_word' id='word_1_832' title='bbox 2354 4561 2621 4616; x_wconf 90' lang='lat' dir='ltr'><em>remediis</em></span> <span class='ocrx_word' id='word_1_833' title='bbox 2667 4560 2906 4614; x_wconf 88' lang='lat' dir='ltr'><em>fuissent</em></span> <span class='ocrx_word' id='word_1_834' title='bbox 2971 4561 3226 4630; x_wconf 69' lang='lat' dir='ltr'><em>objectaa.</em></span> <span class='ocrx_word' id='word_1_835' title='bbox 3268 4557 3585 4613; x_wconf 88' lang='lat' dir='ltr'><em>Humilium</em></span> 
     </span>
    </p>
   </div>
   <div class='ocr_carea' id='block_1_108' title="bbox 1880 4648 3585 4709">
    <p class='ocr_par' dir='ltr' id='par_1_108' title="bbox 1880 4648 3585 4709">
     <span class='ocr_line' id='line_1_108' title="bbox 1880 4648 3585 4709; baseline -0.005 -3"><span class='ocrx_word' id='word_1_836' title='bbox 1880 4653 2036 4706; x_wconf 91' lang='lat' dir='ltr'><em>enim</em></span> <span class='ocrx_word' id='word_1_837' title='bbox 2075 4652 2286 4705; x_wconf 90' lang='lat' dir='ltr'><em>scilicet</em></span> <span class='ocrx_word' id='word_1_838' title='bbox 2328 4657 2621 4704; x_wconf 88' lang='lat' dir='ltr'><em>oratorum</em></span> <span class='ocrx_word' id='word_1_839' title='bbox 2645 4650 2798 4702; x_wconf 88' lang='lat' dir='ltr'><em>illius</em></span> <span class='ocrx_word' id='word_1_840' title='bbox 2833 4649 2939 4702; x_wconf 72' lang='lat' dir='ltr'><em>invi</em></span> <span class='ocrx_word' id='word_1_841' title='bbox 2969 4650 3089 4702; x_wconf 88' lang='lat' dir='ltr'><em>haec</em></span> <span class='ocrx_word' id='word_1_842' title='bbox 3119 4648 3225 4701; x_wconf 90' lang='lat' dir='ltr'><em>fuit</em></span> <span class='ocrx_word' id='word_1_843' title='bbox 3248 4648 3485 4709; x_wconf 84' lang='lat' dir='ltr'><em>indoles,</em></span> <span class='ocrx_word' id='word_1_844' title='bbox 3522 4650 3585 4699; x_wconf 90' lang='lat' dir='ltr'><em>ut</em></span> 
     </span>
    </p>
   </div>
   <div class='ocr_carea' id='block_1_109' title="bbox 1881 4734 3579 4809">
    <p class='ocr_par' dir='ltr' id='par_1_109' title="bbox 1881 4734 3579 4809">
     <span class='ocr_line' id='line_1_109' title="bbox 1881 4734 3579 4809; baseline -0.006 -15"><span class='ocrx_word' id='word_1_845' title='bbox 1881 4741 1951 4794; x_wconf 90' lang='lat' dir='ltr'><em>ad</em></span> <span class='ocrx_word' id='word_1_846' title='bbox 2006 4739 2363 4809; x_wconf 89' lang='lat' dir='ltr'><em>loquendum</em></span> <span class='ocrx_word' id='word_1_847' title='bbox 2394 4737 2463 4791; x_wconf 92' lang='lat' dir='ltr'><em>de</em></span> <span class='ocrx_word' id='word_1_848' title='bbox 2520 4737 2590 4789; x_wconf 91' lang='lat' dir='ltr'><em>iis</em></span> <span class='ocrx_word' id='word_1_849' title='bbox 2644 4753 2773 4807; x_wconf 65' lang='lat' dir='ltr'><em>quae</em></span> <span class='ocrx_word' id='word_1_850' title='bbox 2809 4753 2925 4790; x_wconf 92' lang='lat' dir='ltr'><em>non</em></span> <span class='ocrx_word' id='word_1_851' title='bbox 2965 4735 3381 4805; x_wconf 88' lang='lat' dir='ltr'><em>intelligebant,</em></span> <span class='ocrx_word' id='word_1_852' title='bbox 3424 4734 3579 4785; x_wconf 81' lang='lat' dir='ltr'><em>nullo</em></span> 
     </span>
    </p>
   </div>
   <div class='ocr_carea' id='block_1_110' title="bbox 1881 4819 3577 4899">
    <p class='ocr_par' dir='ltr' id='par_1_110' title="bbox 1881 4819 3577 4899">
     <span class='ocr_line' id='line_1_110' title="bbox 1881 4819 3577 4899; baseline -0.006 -17"><span class='ocrx_word' id='word_1_853' title='bbox 1881 4828 2141 4899; x_wconf 89' lang='lat' dir='ltr'><em>quamvis</em></span> <span class='ocrx_word' id='word_1_854' title='bbox 2186 4826 2456 4896; x_wconf 61' lang='lat' dir='ltr'><em>praesidio</em></span> <span class='ocrx_word' id='word_1_855' title='bbox 2496 4825 2664 4878; x_wconf 91' lang='lat' dir='ltr'><em>cincti</em></span> <span class='ocrx_word' id='word_1_856' title='bbox 2720 4824 2991 4879; x_wconf 89' lang='lat' dir='ltr'><em>facillime</em></span> <span class='ocrx_word' id='word_1_857' title='bbox 3056 4823 3431 4885; x_wconf 88' lang='lat' dir='ltr'><em>accederent;</em></span> <span class='ocrx_word' id='word_1_858' title='bbox 3482 4819 3577 4872; x_wconf 90' lang='lat' dir='ltr'><em>sed</em></span> 
     </span>
    </p>
   </div>
   <div class='ocr_carea' id='block_1_111' title="bbox 1882 4910 3583 4985">
    <p class='ocr_par' dir='ltr' id='par_1_111' title="bbox 1882 4910 3583 4985">
     <span class='ocr_line' id='line_1_111' title="bbox 1882 4910 3583 4985; baseline -0.008 -14"><span class='ocrx_word' id='word_1_859' title='bbox 1882 4916 2217 4971; x_wconf 79' lang='lat' dir='ltr'><em>difﬁcillime</em></span> <span class='ocrx_word' id='word_1_860' title='bbox 2241 4932 2272 4967; x_wconf 89' lang='lat' dir='ltr'><em>a</em></span> <span class='ocrx_word' id='word_1_861' title='bbox 2300 4914 2709 4985; x_wconf 69' lang='lat' dir='ltr'><em>praeconceptis</em></span> <span class='ocrx_word' id='word_1_862' title='bbox 2739 4914 2914 4967; x_wconf 88' lang='lat' dir='ltr'><em>semel</em></span> <span class='ocrx_word' id='word_1_863' title='bbox 2961 4910 3331 4982; x_wconf 86' lang='lat' dir='ltr'><em>opinionibus</em></span> <span class='ocrx_word' id='word_1_864' title='bbox 3352 4912 3583 4978; x_wconf 86' lang='lat' dir='ltr'><em>possent</em></span> 
     </span>
    </p>
   </div>
   <div class='ocr_carea' id='block_1_112' title="bbox 1881 4995 3579 5075">
    <p class='ocr_par' dir='ltr' id='par_1_112' title="bbox 1881 4995 3579 5075">
     <span class='ocr_line' id='line_1_112' title="bbox 1881 4995 3579 5075; baseline -0.006 -16"><span class='ocrx_word' id='word_1_865' title='bbox 1881 5005 2153 5071; x_wconf 88' lang='lat' dir='ltr'><em>revocari,</em></span> <span class='ocrx_word' id='word_1_866' title='bbox 2216 5020 2357 5075; x_wconf 89' lang='lat' dir='ltr'><em>quas</em></span> <span class='ocrx_word' id='word_1_867' title='bbox 2425 5002 2885 5057; x_wconf 76' lang='lat' dir='ltr'><em>anathematitus</em></span> <span class='ocrx_word' id='word_1_868' title='bbox 2928 5006 2983 5055; x_wconf 92' lang='lat' dir='ltr'><em>et</em></span> <span class='ocrx_word' id='word_1_869' title='bbox 3051 4999 3247 5053; x_wconf 78' lang='lat' dir='ltr'><em>edictis</em></span> <span class='ocrx_word' id='word_1_870' title='bbox 3304 4995 3579 5049; x_wconf 88' lang='lat' dir='ltr'><em>acerrime</em></span> 
     </span>
    </p>
   </div>
   <div class='ocr_carea' id='block_1_113' title="bbox 1880 5089 3254 5163">
    <p class='ocr_par' dir='ltr' id='par_1_113' title="bbox 1880 5089 3254 5163">
     <span class='ocr_line' id='line_1_113' title="bbox 1880 5089 3254 5163; baseline -0.006 -16"><span class='ocrx_word' id='word_1_871' title='bbox 1880 5094 2209 5159; x_wconf 88' lang='lat' dir='ltr'><em>tuebantur,</em></span> <span class='ocrx_word' id='word_1_872' title='bbox 2243 5092 2290 5145; x_wconf 89' lang='lat' dir='ltr'><em>si</em></span> <span class='ocrx_word' id='word_1_873' title='bbox 2340 5093 2466 5163; x_wconf 89' lang='lat' dir='ltr'><em>quis</em></span> <span class='ocrx_word' id='word_1_874' title='bbox 2507 5108 2599 5145; x_wconf 86' lang='lat' dir='ltr'><em>eas</em></span> <span class='ocrx_word' id='word_1_875' title='bbox 2643 5106 2977 5161; x_wconf 88' lang='lat' dir='ltr'><em>oppugnare</em></span> <span class='ocrx_word' id='word_1_876' title='bbox 3002 5089 3254 5142; x_wconf 89' lang='lat' dir='ltr'><em>auderet.</em></span> 
     </span>
    </p>
   </div>
   <div class='ocr_carea' id='block_1_114' title="bbox 1955 5174 3579 5250">
    <p class='ocr_par' dir='ltr' id='par_1_114' title="bbox 1955 5174 3579 5250">
     <span class='ocr_line' id='line_1_114' title="bbox 1955 5174 3579 5250; baseline -0.006 -13"><span class='ocrx_word' id='word_1_877' title='bbox 1955 5184 2119 5237; x_wconf 64' lang='grc' dir='ltr'><em>ιλιιΒο</em></span> <span class='ocrx_word' id='word_1_878' title='bbox 2152 5200 2208 5237; x_wconf 83' lang='grc' dir='ltr'><em>ιι.</em></span> <span class='ocrx_word' id='word_1_879' title='bbox 2260 5183 2468 5246; x_wconf 82' lang='lat' dir='ltr'><em>Quaest.</em></span> <span class='ocrx_word' id='word_1_880' title='bbox 2522 5184 2576 5247; x_wconf 76' lang='grc'><em>4,</em></span> <span class='ocrx_word' id='word_1_881' title='bbox 2610 5181 2636 5250; x_wconf 79' lang='lat'><strong>§</strong></span> <span class='ocrx_word' id='word_1_882' title='bbox 2681 5186 2735 5235; x_wconf 76' lang='lat'><em>2.</em></span> <span class='ocrx_word' id='word_1_883' title='bbox 2779 5180 2862 5233; x_wconf 83' lang='lat' dir='ltr'><em>Ad</em></span> <span class='ocrx_word' id='word_1_884' title='bbox 2888 5176 3266 5248; x_wconf 60' lang='lat' dir='ltr'><em>quaestionem</em></span> <span class='ocrx_word' id='word_1_885' title='bbox 3290 5174 3579 5245; x_wconf 91' lang='lat' dir='ltr'><em>quomodo</em></span> 
     </span>
    </p>
   </div>
   <div class='ocr_carea' id='block_1_115' title="bbox 1881 5264 3581 5342">
    <p class='ocr_par' dir='ltr' id='par_1_115' title="bbox 1881 5264 3581 5342">
     <span class='ocr_line' id='line_1_115' title="bbox 1881 5264 3581 5342; baseline -0.005 -17"><span class='ocrx_word' id='word_1_886' title='bbox 1881 5272 2107 5326; x_wconf 89' lang='lat' dir='ltr'><em>Samuel</em></span> <span class='ocrx_word' id='word_1_887' title='bbox 2140 5286 2242 5342; x_wconf 89' lang='lat' dir='ltr'><em>per</em></span> <span class='ocrx_word' id='word_1_888' title='bbox 2286 5270 2673 5342; x_wconf 84' lang='lat' dir='ltr'><em>pythonissam</em></span> <span class='ocrx_word' id='word_1_889' title='bbox 2717 5266 2935 5322; x_wconf 87' lang='lat' dir='ltr'><em>evocari</em></span> <span class='ocrx_word' id='word_1_890' title='bbox 2958 5264 3232 5335; x_wconf 90' lang='lat' dir='ltr'><em>potuerit,</em></span> <span class='ocrx_word' id='word_1_891' title='bbox 3277 5269 3581 5335; x_wconf 89' lang='lat' dir='ltr'><em>postquam</em></span> 
     </span>
    </p>
   </div>
   <div class='ocr_carea' id='block_1_116' title="bbox 1881 5352 3580 5429">
    <p class='ocr_par' dir='ltr' id='par_1_116' title="bbox 1881 5352 3580 5429">
     <span class='ocr_line' id='line_1_116' title="bbox 1881 5352 3580 5429; baseline -0.006 -14"><span class='ocrx_word' id='word_1_892' title='bbox 1881 5361 2021 5415; x_wconf 82' lang='lat' dir='ltr'><em>dixit</em></span> <span class='ocrx_word' id='word_1_893' title='bbox 2049 5360 2326 5415; x_wconf 90' lang='lat' dir='ltr'><em>Samuelis</em></span> <span class='ocrx_word' id='word_1_894' title='bbox 2358 5360 2537 5429; x_wconf 91' lang='lat' dir='ltr'><em>ipsius</em></span> <span class='ocrx_word' id='word_1_895' title='bbox 2568 5358 2823 5411; x_wconf 87' lang='lat' dir='ltr'><em>animum</em></span> <span class='ocrx_word' id='word_1_896' title='bbox 2854 5354 3103 5424; x_wconf 88' lang='lat' dir='ltr'><em>potuisse</em></span> <span class='ocrx_word' id='word_1_897' title='bbox 3150 5352 3296 5407; x_wconf 83' lang='lat' dir='ltr'><em>forte</em></span> <span class='ocrx_word' id='word_1_898' title='bbox 3336 5353 3580 5419; x_wconf 88' lang='lat' dir='ltr'><em>evocari,</em></span> 
     </span>
    </p>
   </div>
   <div class='ocr_carea' id='block_1_117' title="bbox 1882 5442 3580 5519">
    <p class='ocr_par' dir='ltr' id='par_1_117' title="bbox 1882 5442 3580 5519">
     <span class='ocr_line' id='line_1_117' title="bbox 1882 5442 3580 5519; baseline -0.006 -16"><span class='ocrx_word' id='word_1_899' title='bbox 1882 5450 2144 5519; x_wconf 86' lang='lat' dir='ltr'><em>subjicit:</em></span> <span class='ocrx_word' id='word_1_900' title='bbox 2187 5451 2507 5516; x_wconf 84' lang='lat' dir='ltr'><em>Quanquam</em></span> <span class='ocrx_word' id='word_1_901' title='bbox 2552 5449 2611 5499; x_wconf 87' lang='lat' dir='ltr'><em>in</em></span> <span class='ocrx_word' id='word_1_902' title='bbox 2648 5447 2741 5498; x_wconf 88' lang='lat' dir='ltr'><em>hoc</em></span> <span class='ocrx_word' id='word_1_903' title='bbox 2782 5446 2929 5507; x_wconf 86' lang='lat' dir='ltr'><em>facto</em></span> <span class='ocrx_word' id='word_1_904' title='bbox 2956 5446 3132 5511; x_wconf 86' lang='lat' dir='ltr'><em>potest</em></span> <span class='ocrx_word' id='word_1_905' title='bbox 3161 5457 3271 5496; x_wconf 88' lang='lat' dir='ltr'><em>esse</em></span> <span class='ocrx_word' id='word_1_906' title='bbox 3301 5442 3443 5495; x_wconf 87' lang='lat' dir='ltr'><em>alius</em></span> <span class='ocrx_word' id='word_1_907' title='bbox 3480 5444 3580 5506; x_wconf 83' lang='lat' dir='ltr'><em>fa-</em></span> 
     </span>
    </p>
   </div>
   <div class='ocr_carea' id='block_1_118' title="bbox 1883 5530 3582 5604">
    <p class='ocr_par' dir='ltr' id='par_1_118' title="bbox 1883 5530 3582 5604">
     <span class='ocr_line' id='line_1_118' title="bbox 1883 5530 3582 5604; baseline -0.006 -13"><span class='ocrx_word' id='word_1_908' title='bbox 1883 5540 2037 5593; x_wconf 83' lang='lat' dir='ltr'><em>cilior</em></span> <span class='ocrx_word' id='word_1_909' title='bbox 2056 5542 2233 5592; x_wconf 69' lang='lat' dir='ltr'><em>exitus</em></span> <span class='ocrx_word' id='word_1_910' title='bbox 2263 5543 2313 5591; x_wconf 91' lang='lat' dir='ltr'><em>et</em></span> <span class='ocrx_word' id='word_1_911' title='bbox 2340 5536 2644 5604; x_wconf 64' lang='lat' dir='ltr'><em>expeditior</em></span> <span class='ocrx_word' id='word_1_912' title='bbox 2670 5532 2994 5596; x_wconf 88' lang='lat' dir='ltr'><em>intellectus,</em></span> <span class='ocrx_word' id='word_1_913' title='bbox 3033 5536 3093 5584; x_wconf 89' lang='lat' dir='ltr'><em>ut</em></span> <span class='ocrx_word' id='word_1_914' title='bbox 3129 5546 3237 5585; x_wconf 88' lang='lat' dir='ltr'><em>non</em></span> <span class='ocrx_word' id='word_1_915' title='bbox 3264 5545 3386 5583; x_wconf 87' lang='lat' dir='ltr'><em>vere</em></span> <span class='ocrx_word' id='word_1_916' title='bbox 3415 5530 3582 5597; x_wconf 85' lang='lat' dir='ltr'><em>spiri-</em></span> 
     </span>
    </p>
   </div>
  </div>
