3890 6186
334 299 438 352 415

1341 295 1898 352 SUPPLEMENTUM
1939 298 2030 352 AD
2068 297 2297 355 OPERA
2335 298 2390 352 S.
2433 295 2819 353 AUGUSTINI.
3670 309 3749 361 416

329 424 442 475 tum
467 417 736 474 Samuelis
754 421 1045 474 excitatum
1070 435 1104 472 a
1124 420 1305 486 requie
1323 433 1422 472 sua
1452 419 1751 486 credamus,
1784 419 1879 474 sed
1906 420 2019 474 ali-
2047 421 2092 475 A
2129 421 2225 491 qui
2257 436 2316 474 se
2350 421 2468 490 ipse
2502 435 2618 474 non
2663 418 2838 472 semel
2888 415 3171 481 exscribit,
3205 417 3260 470 in
3288 421 3553 488 superiore
3573 424 3752 492 libello,

329 508 476 577 quod
493 510 822 578 phantasma
861 514 909 562 et
937 510 1332 574 imaginariam
1357 509 1658 562 illusionem
1681 509 1888 562 diaboli
1907 525 2024 563 ma-

325 597 725 651 chinationibus
749 601 976 662 factam,
1001 613 1164 664 quam
1185 601 1475 665 propterea
1494 598 1788 666 Scriptura
1814 599 2027 651 nomine

334 685 600 740 Samuelis
647 686 905 753 appellat,
963 688 1092 752 quia
1130 686 1298 738 solent
1327 687 1592 752 imagines
1629 701 1806 738 rerum
1842 701 2026 738 earum

334 773 641 827 nominibus
693 773 982 841 appellari,
1019 788 1252 842 quarum
1275 774 1534 838 imagines
1569 775 1737 842 sunt.J
1770 775 1881 828 Cur
1913 789 2030 826 non

337 860 530 931 potuis
561 860 703 914 dixit
731 860 1252 931 loquiScripturam
1284 861 1399 914 illic
1429 878 1495 915 ex
1523 862 1803 916 sententia
1824 861 2027 927 Saulis,

338 949 437 1019 qui
464 964 660 1002 revera
690 949 1014 1004 Samuelem
1065 953 1356 1002 evocatum
1394 949 1680 1004 credidit?
1714 951 1826 1005 Cur
1857 949 2031 1003 etiam

335 1038 481 1093 nihil
515 1039 584 1093 de
633 1038 832 1092 fraude
863 1038 1210 1108 pythonissaa
1259 1038 1381 1092 viro
1413 1042 1577 1092 acuto
1609 1038 1876 1103 suboluit,
1903 1054 2032 1108 quae

330 1131 525 1181 tamen
561 1128 731 1197 plane
782 1127 1004 1180 videtur
1049 1143 1112 1179 os
1156 1125 1390 1180 credulo
1422 1130 1480 1180 et
1522 1127 1824 1197 perterrito
1874 1126 2030 1181 Sauli

330 1215 636 1270 sublevisse
663 1217 692 1269 ?
722 1215 864 1269 Sane
902 1231 972 1268 ne
995 1215 1114 1285 ipse
1163 1215 1392 1286 quidem
1425 1215 1557 1269 Saul
1589 1215 1794 1270 vidisse
1826 1231 2030 1269 narra-

331 1311 424 1361 tur
454 1308 742 1374 spectrum
783 1305 908 1370 hoc,
958 1305 1119 1373 cujus
1165 1303 1398 1358 nomine
1432 1305 1591 1375 loqui
1643 1305 1801 1358 facile
1845 1303 2035 1374 potuit

330 1393 675 1448 subornatus
728 1393 964 1464 quidam
1022 1393 1229 1447 nebulo
1279 1410 1311 1446 a
1364 1393 1712 1464 pylhonissa.
1761 1393 1866 1447 Sed
1906 1392 2033 1446 vide

332 1482 438 1536 hac
468 1482 536 1535 de
579 1497 640 1535 re
682 1485 910 1536 acutum
953 1487 1120 1552 atque
1152 1481 1441 1536 eruditum
1489 1482 1674 1536 virum
1716 1481 2031 1536 Antonium

334 1570 454 1623 Van
484 1570 638 1638 Dale,
680 1569 740 1624 in
789 1569 1186 1624 dissertatione
1232 1571 1300 1624 de
1342 1569 1801 1625 Divinationibus
1850 1569 2032 1624 idolo-

334 1657 544 1714 latricis
573 1658 678 1713 sub
729 1660 789 1714 V.
818 1660 903 1724 T.,
936 1676 1059 1729 cap.
1094 1663 1145 1713 9.

862 1755 1511 1810 ANIMADVERSIONES

551 1859 606 1897 IN
638 1859 837 1898 LIBRUM
869 1860 936 1897 DE
963 1860 1092 1898 OCTO
1114 1861 1342 1898 DL'LCITII
1374 1859 1799 1906 QU£STIONIBUS.

405 1930 616 1994 Quaest.
659 1934 708 1995 1,
761 1929 788 2000 §
837 1933 887 1985 6.
942 1932 1026 1986 Ad
1082 1932 1271 1986 locum
1318 1933 1492 1988 ICor.
1544 1949 1623 1996 ιιι,
1665 1935 1719 1986 Η
1785 1940 1842 1986 et
1881 1947 2028 2002 seq.,

335 2018 534 2072 statuit
579 2019 995 2085 fundamentum
1043 2036 1162 2073 esse
1194 2019 1367 2074 fidem
1416 2021 1476 2074 in
1503 2020 1814 2086 Christum,
1839 2035 2036 2073 aurum

335 2123 490 2175 vero,
531 2114 814 2173 argentum
844 2112 900 2162 et
939 2109 1148 2177 lapides
1179 2111 1442 2178 pretiosas
1481 2124 1602 2162 esse
1633 2108 1841 2162 eximia
1872 2124 2033 2179 quae-

335 2195 468 2250 dam
511 2196 664 2250 bona
694 2212 904 2266 opera;
953 2197 1105 2263 ligna
1153 2213 1306 2261 vero,
1365 2198 1639 2267 fenumget
1659 2197 1921 2266 stipulam
1969 2211 2036 2248 ea

337 2299 458 2338 esse
490 2285 698 2354 quibus
748 2285 973 2339 carnale
1023 2285 1240 2355 aliquid
1287 2284 1600 2339 admissum
1638 2289 1739 2339 est.
1785 2285 1956 2339 Miror
1985 2284 2037 2338 ei

337 2371 397 2426 in
440 2378 694 2428 mentem
751 2389 868 2427 non
909 2374 1131 2428 venisse
1163 2373 1255 2427 hic
1286 2374 1376 2444 agi
1419 2373 1489 2428 de
1539 2373 1813 2435 doctrina,
1863 2377 1920 2426 et
1958 2378 2039 2427 tot

336 2461 660 2531 propositas
699 2461 1040 2532 quaestiones
1076 2462 1299 2516 homini
1331 2462 1431 2532 qui
1476 2463 1534 2515 in
1568 2479 1626 2515 re
1657 2462 1829 2532 plana
1856 2477 2038 2532 usque

340 2549 481 2604 adeo
525 2549 857 2620 cespitabat,
911 2555 1008 2604 aut
1055 2567 1188 2604 eum
1238 2555 1354 2604 tam
1397 2551 1597 2606 leviter
1645 2551 1706 2604 in
1744 2550 2038 2620 Scriptura

341 2641 627 2691 versatum
661 2641 744 2690 tot
773 2636 1028 2708 quaesitis
1068 2638 1416 2708 respondere
1465 2637 1821 2692 sustinuisse.
1874 2638 1916 2692 Ο
1945 2654 2039 2691 va-

338 2741 502 2778 cuam
535 2725 798 2778 studiosis
821 2725 1126 2796 Scriptura:
1153 2725 1435 2780 Africam!
1470 2726 1513 2780 Ο
1542 2727 1801 2797 stupidos
1831 2726 2040 2796 quibus

339 2816 460 2868 haec
507 2813 872 2868 admirationi
913 2819 1076 2868 erant
1102 2818 1160 2868 et
1203 2815 1300 2885 qui
1331 2819 1448 2868 tam
1489 2815 1753 2869 verbosas
1784 2815 2039 2885 disputa-

340 2903 545 2970 tiones,
573 2907 637 2956 ut
658 2903 798 2956 nihil
829 2902 1126 2968 discerent,
1172 2904 1361 2974 legere
1401 2903 1788 2958 sustinebant!

413 2992 444 3061 §
477 2995 558 3046 13.
600 2993 726 3046 Tale
756 2992 971 3060 aliquid
992 2999 1114 3062 post
1146 2993 1282 3046 hanc
1325 2994 1496 3045 vitam
1541 2991 1692 3063 ﬁdei,
1726 2992 2041 3050 incredibile
2070 2995 2108 3051 C

345 3083 571 3145 nonest,
614 3083 664 3132 et
694 3084 877 3133 utrum
921 3081 1003 3133 ita
1043 3083 1117 3133 sit
1165 3082 1338 3148 quaeri
1375 3085 1550 3148 potest
1579 3098 1591 3147 ;
1616 3085 1665 3134 et
1690 3085 1786 3135 aut
1802 3082 2042 3135 invenire

342 3172 437 3220 aut
467 3169 652 3232 latere,
685 3167 968 3221 nonnullos
1015 3167 1196 3236 ﬁdeles
1232 3183 1331 3236 per
1373 3171 1551 3234 ignem
1582 3169 1868 3237 quemdam
1902 3183 2040 3236 pur-

343 3257 637 3322 gatorium,
660 3261 861 3323 quanto
881 3258 1077 3323 magis,
1101 3258 1343 3310 minusve
1372 3256 1508 3309 bona
1527 3259 1810 3325 pereuntia
1832 3257 2040 3310 dilexe-

343 3347 492 3408 runt,
537 3347 686 3395 tanto
734 3341 946 3395 tardius
993 3344 1218 3396 citiusve
1257 3343 1355 3411 (sic
1397 3343 1550 3412 lego,
1591 3359 1708 3396 non
1753 3345 2041 3412 citiusque)

344 3431 553 3485 salvari
573 3447 590 3492 ;
612 3445 718 3484 non
748 3434 924 3483 tamen
952 3431 1084 3484 tales
1115 3431 1180 3484 de
1199 3431 1395 3498 quibus
1425 3432 1632 3486 dictum
1658 3435 1768 3486 est:
1803 3447 2044 3501 regnum

349 3518 447 3573 Dei
492 3535 606 3572 non
646 3517 1072 3590 possidebunt]
1107 3519 1315 3589 Majore
1355 3535 1482 3572 cum
1515 3519 1724 3573 ﬁducia
1749 3519 1853 3573 hac
1885 3520 1954 3573 de
1984 3535 2045 3572 re

349 3607 608 3678 loquitur
655 3607 714 3660 in
745 3623 916 3670 opere
972 3607 1042 3662 de
1091 3607 1326 3662 Civitate
1374 3607 1474 3661 Dei
1504 3608 1605 3663 lib.
1643 3625 1752 3674 xxx,
1798 3623 1920 3679 cap.
1959 3610 2042 3662 l3.

345 3695 482 3750 Vide
513 3699 570 3750 et
599 3711 727 3766 quas
756 3696 1106 3766 collegerunt
1139 3695 1487 3750 Benedictini
1515 3698 1577 3750 in
1620 3696 1954 3767 praefatione
1977 3697 2046 3750 ad

349 3783 627 3838 Hilarium
657 3799 780 3854 cap.
838 3786 899 3839 8.
949 3783 1093 3838 Sane
1137 3784 1206 3838 ad
1237 3783 1645 3838 afﬁrmandum
1690 3800 1810 3838 esse
1853 3784 2049 3854 ignem

343 3871 744 3943 purgatorium
769 3876 926 3927 recta
950 3871 1268 3926 deducebat
1293 3873 1644 3927 consuetudo
1662 3873 1784 3944 jam
1817 3876 2046 3942 recepta

349 3977 416 4014 eo
469 3967 727 4032 tempore
781 3960 986 4015 orandi
1015 3977 1119 4031 pro
1158 3961 1423 4026 mortuis,
1465 3962 1533 4017 de
1555 3977 1670 4033 qua
1697 3961 2050 4032 Augustinus

351 4049 417 4104 ad
441 4049 815 4120 quaestionem
847 4055 1202 4122 sequentem.
1245 4050 1630 4114 Quamobrem
1670 4050 1902 4104 tandem
1934 4049 2052 4120 opi-

350 4135 448 4190 nio
471 4136 540 4190 de
560 4137 744 4207 poenis
775 4138 1140 4208 purgatoriis,
1175 4139 1326 4209 apud
1354 4139 1654 4209 plerosque
1679 4137 2049 4202 Christianos,

352 4225 593 4279 decretis
660 4226 1008 4295 synodorum
1080 4233 1404 4280 consecrata
1475 4231 1595 4291 est;
1662 4243 1734 4282 ne
1795 4226 2048 4281 Ecclesiae

352 4327 548 4382 preces
577 4312 908 4368 viderentur
937 4315 1178 4368 mortuis
1197 4315 1452 4380 inutiles,
1476 4315 1689 4386 quippe
1720 4331 1848 4385 qua:
1879 4314 2051 4368 nullis

357 4400 542 4468 poenis
558 4417 655 4454 eos
685 4401 1008 4456 liberarent.
1046 4403 1122 4456 De
1157 4402 1226 4455 iis
1260 4402 1522 4472 precibus
1550 4419 1650 4456 suo
1686 4404 1806 4457 loco
1837 4403 2050 4472 aliquid

356 4487 631 4542 dicemus.

427 4575 634 4638 Quaest.
668 4579 718 4643 6,
763 4579 790 4643 §
820 4579 873 4632 2.
904 4579 1036 4632 Item
1057 4579 1274 4646 quaeris,
1325 4580 1570 4647 inquam,
1619 4584 1800 4633 utrum
1825 4581 2051 4648 spiritus

355 4663 686 4729 immundus,
719 4667 817 4733 qui
848 4670 965 4720 erat
1013 4668 1070 4719 in
1119 4667 1463 4735 pythonissa,
1509 4669 1748 4736 potuerit
1795 4683 1954 4734 agere
1994 4671 2054 4722 ut

356 4753 572 4807 Samuel
596 4768 630 4806 a
676 4753 838 4808 Saule
881 4753 1178 4822 videretur,
1209 4753 1343 4824 etc.]
1376 4755 1510 4809 Vide
1559 4758 1754 4808 notata
1783 4755 1850 4809 ad
1885 4755 1982 4809 lib.
2015 4772 2051 4809 ιι

356 4841 711 4896 diversarum
742 4842 1136 4905 Quaestionum
1185 4843 1254 4897 ad
1303 4843 1738 4914 Simplicianum
1765 4847 1964 4915 quaest.
1997 4846 2051 4898 4.

712 4948 1064 5003 DESIDERII
1095 4948 1350 5004 ERASMI
1381 4949 1699 5004 CENSURA

986 5053 1129 5090 LIBRI
1161 5053 1226 5090 DE
1255 5054 1396 5091 FIDE.

361 5123 602 5196 Libellus
651 5124 741 5178 hic
785 5141 851 5178 ex
898 5125 1136 5180 diversis
1181 5126 1488 5196 Augustini
1537 5126 1790 5196 epistolis
1829 5141 2055 5180 consar-

430 5194 652 5266 cinatus
692 5201 798 5260 est,
839 5197 1087 5250 maxime
1137 5194 1296 5266 quod
1340 5197 1408 5251 ad
1474 5194 1782 5250 sententias
1830 5198 2052 5251 attinet.

429 5265 732 5320 Probabile
765 5272 852 5320 est
876 5268 1028 5322 hunc
1053 5265 1173 5322 esse
1213 5268 1466 5337 Hugonis
1518 5267 1807 5322 Victorini.

429 5363 498 5416 At
521 5362 668 5416 hanc
696 5364 910 5417 Erasmi
943 5380 1240 5418 censuram
1284 5370 1435 5418 recte
1463 5365 1832 5418 confutarunt
1875 5365 2059 5418 Bene-

362 5448 580 5504 dictini.
607 5450 767 5514 Quod
799 5452 845 5504 si
889 5453 1024 5523 quid
1085 5452 1418 5524 decerptum
1441 5452 1531 5505 hic
1574 5457 1657 5505 est
1713 5469 1779 5506 ex
1803 5451 2060 5522 epistolis

361 5537 688 5607 Augustini,
719 5538 856 5592 nihil
903 5545 1053 5593 vetat
1082 5541 1138 5594 id
1176 5542 1246 5595 ab
1277 5541 1400 5612 ipso
1437 5539 1754 5611 Augustino
1800 5540 2010 5594 factum
2042 5557 2056 5606 ;

2135 526 2246 582 quo
2276 508 2505 563 Dulcitii
2544 505 2955 579 quaestionibus
3002 503 3321 574 respondet.

2205 594 2339 663 Cap.
2375 599 2423 661 l,
2457 598 2483 663 §
2514 599 2564 650 3.
2613 597 2772 649 Certe
2809 598 2947 648 enim
2986 596 3037 648 si
3089 594 3244 648 rebus
3294 610 3392 649 non
3428 600 3547 652 visis
3591 603 3760 658 credere

2133 698 2240 736 non
2264 683 2532 752 debemus,
2563 683 2999 752 quandoquidem
3025 690 3075 737 et
3098 683 3328 737 nondum
3357 689 3536 739 certius
3554 691 3758 756 probatis

2137 775 2431 826 amicorum
2465 773 2715 827 cordibus
2769 772 3056 831 credimus,
3103 776 3154 824 et
3183 786 3296 824 cum
3333 788 3392 826 ea
3423 776 3568 828 malis
3607 783 3765 834 nostris

2139 861 2276 914 bona
2292 861 2726 930 probaverimus,
2765 864 2929 914 etiam
2971 865 3096 914 tunc
3128 875 3305 914 eorum
3329 877 3444 928 ergo
3471 878 3555 916 nos
3583 864 3766 919 benevo-

2138 950 2357 1003 lentiam
2413 949 2681 1004 credimus
2727 951 2911 1018 potius
2970 964 3135 1016 quam
3171 947 3452 1020 videmus]
3508 949 3763 1008 Ascribunt

2138 1038 2383 1092 editores
2421 1037 2763 1092 Parisienses
2817 1035 3061 1107 margini
3105 1037 3275 1090 locum
3329 1038 3460 1090 hunc
3505 1041 3770 1108 perplexum

2138 1141 2248 1181 esse
2279 1131 2328 1180 et
2357 1129 2615 1181 vitiatum
2639 1145 2654 1192 ;
2676 1125 2774 1179 sed
2815 1124 3008 1186 omnis
3031 1124 3352 1191 difficultas,
3375 1125 3478 1178 nisi
3499 1125 3662 1193 fallor,
3681 1131 3765 1181 tol-

2140 1216 2290 1270 letur
2304 1215 2351 1268 si
2379 1231 2483 1284 pro
2513 1214 2749 1282 quando,
2804 1213 3060 1282 legamus
3093 1213 3369 1281 quomodo,
3423 1217 3475 1266 et
3511 1220 3682 1268 notam
3709 1217 3771 1270 in-

2141 1303 2543 1374 terrogationis
2589 1301 2692 1356 ﬁni
2743 1301 2964 1372 periodi
3009 1301 3332 1356 addamus:
3370 1303 3475 1355 nisi
3513 1305 3630 1371 quia
3655 1307 3776 1356 tanta

2141 1392 2272 1460 ﬁdes
2301 1396 2379 1445 est
2405 1391 2746 1462 (sequuntur
2783 1390 2907 1444 haec
2940 1389 3203 1460 proxime
3236 1389 3399 1442 allata
3421 1390 3596 1459 verba)
3622 1395 3672 1444 ut
3693 1407 3773 1443 non

2143 1482 2554 1547 incongruenter
2609 1479 2937 1547 quibusdam
2983 1479 3149 1532 oculis
3208 1479 3320 1547 ejus
3376 1493 3468 1532 nos
3526 1479 3778 1546 judicemus

2141 1569 2326 1622 videre
2345 1568 2489 1636 quod
2515 1568 2779 1621 credimus
2803 1584 2820 1620 :
2855 1582 2974 1620 cum
2999 1571 3287 1636 propterea
3307 1566 3508 1620 credere
3527 1565 3780 1634 debeamus,

2144 1659 2277 1725 quia
2304 1656 2487 1710 videre
2526 1671 2631 1709 non
2665 1657 2991 1724 possumus?
3031 1654 3119 1709 Sic
3169 1655 3363 1708 omnia
3391 1659 3517 1708 sunt
3543 1655 3708 1724 plana,
3733 1661 3782 1708 ut

2143 1743 2427 1814 intelliget
2485 1743 2742 1816 quisquis
2801 1743 3107 1814 periodum
3155 1742 3436 1813 integram
3483 1743 3652 1812 legere
3694 1757 3784 1794 non

2143 1831 2498 1903 gravabitur.

2214 1921 2348 1990 Cap.
2381 1922 2434 1986 2,
2460 1922 2487 1986 §
2521 1921 2574 1974 4.
2599 1919 2796 1975 Omitto
2826 1919 3000 1974 dicere
3029 1934 3194 1987 quam
3243 1918 3413 1972 multa
3467 1919 3575 1978 isti,
3606 1919 3689 1986 qui
3716 1931 3785 1970 nos

2141 2009 2557 2078 reprehendunt,
2592 2010 2725 2076 quia
2754 2007 3023 2063 credimus
3053 2022 3172 2074 quae
3200 2022 3308 2061 non
3336 2005 3585 2069 videmus,
3608 2005 3788 2058 credant

2141 2099 2306 2163 famae
2334 2101 2384 2150 et
2410 2098 2667 2162 historiae,
2692 2097 2774 2149 vel
2803 2095 2868 2148 de
2899 2097 3026 2149 locis
3054 2094 3149 2148 ubi
3196 2095 3310 2162 ipsi
3341 2109 3443 2146 non
3467 2094 3669 2158 fuerunt
3689 2109 3700 2156 ;
3719 2107 3788 2144 nec

2144 2185 2334 2239 dicant
2361 2201 2373 2238 :
2413 2200 2521 2238 non
2552 2185 2840 2249 credimus,
2871 2186 3002 2252 quia
3025 2198 3132 2237 non
3159 2179 3450 2252 videmus]
3483 2181 3559 2234 Ad
3594 2180 3686 2233 hoc
3710 2179 3791 2232 fuit

2144 2272 2486 2343 palmarium
2504 2277 2930 2343 argumentum,
2954 2288 3068 2342 quo
3091 2271 3444 2325 adversarios
3459 2269 3526 2324 ad
3545 2268 3789 2322 silentium

2145 2361 2374 2430 adigere
2404 2360 2565 2414 facile
2595 2359 2802 2430 potuit,
2834 2359 3007 2429 idque
3039 2359 3110 2411 ab
3133 2358 3403 2411 omnibus
3433 2371 3542 2410 non
3571 2370 3701 2424 aegre
3722 2353 3791 2406 in-

2146 2447 2546 2519 telligendum,
2582 2453 2637 2502 et
2668 2447 2752 2501 rei
2797 2463 2925 2518 quas
2967 2445 3060 2500 hic
3089 2445 3284 2516 agitur
3326 2441 3792 2498 accommodatissi-

2147 2552 2309 2591 mum
2332 2553 2345 2603 ;
2379 2535 2860 2608 quandoquidem,
2885 2534 2931 2588 si
2951 2551 3072 2588 rem
3096 2534 3275 2604 probe
3300 2533 3654 2604 pensitemus,
3682 2529 3790 2583 ﬁdes

2147 2629 2342 2679 nostra
2379 2624 2585 2678 nititur
2635 2623 3000 2694 potissimum
3037 2622 3384 2693 evangelicae
3413 2619 3650 2675 historias
3677 2617 3792 2670 veri-

2149 2717 2282 2768 tate.
2341 2712 2452 2767 Sed
2500 2711 2690 2766 nescio
2745 2710 3036 2782 quomodo
3076 2713 3296 2763 veteres
3346 2724 3472 2780 quas
3519 2705 3797 2760 firmissima

2149 2806 2309 2856 erant
2355 2801 2436 2854 rei
2480 2799 3220 2870 Christianaa‘fundamenta
3269 2813 3418 2868 saepe
3462 2797 3629 2850 ferme
3657 2793 3795 2861 negli-

2149 2895 2313 2962 gunt,
2343 2894 2441 2944 aut
2487 2889 2671 2943 obiter
2715 2892 2865 2942 certe
2897 2887 3186 2956 attingunt
3214 2905 3228 2954 ;
3264 2886 3400 2940 dum
3424 2898 3645 2955 operose
3671 2896 3801 2949 expo-

2152 2983 2298 3034 nunt
2318 2995 2447 3050 quas
2476 2978 2628 3049 apud
2667 2976 2988 3032 incredulos
3026 2976 3141 3029 vim
3172 2976 3395 3029 nullam
3426 2973 3623 3027 habere
3644 2975 3801 3040 potue-

2150 3074 2306 3122 runt.
2338 3067 2428 3122 Sic
2468 3067 2821 3138 Augustinus
2868 3064 3256 3136 copiosissime
3287 3065 3356 3118 de
3390 3060 3685 3134 prophetiis
3711 3056 3801 3126 agit

2149 3158 2210 3212 in
2239 3156 2631 3228 sequentibus,
2663 3155 2946 3225 habetque
2978 3170 3108 3224 quae
3147 3151 3307 3223 apud
3336 3150 3671 3206 Christianos
3694 3160 3794 3198 cum

2154 3247 2340 3300 fructu
2371 3244 2481 3299 dici
2502 3247 2791 3315 poterant,
2823 3243 2923 3297 sed
2947 3242 3095 3312 apud
3123 3240 3454 3295 incredulos
3477 3237 3684 3308 pondus
3706 3232 3802 3286 nul-

2155 3335 2272 3388 lum
2302 3333 2607 3400 habebant,
2634 3348 2764 3386 cum
2786 3331 2876 3384 vix
2909 3346 3162 3401 unquam
3192 3345 3262 3382 ex
3290 3329 3348 3382 vi
3379 3342 3586 3380 vocum.
3607 3329 3657 3377 et
3686 3335 3802 3375 nexu

2155 3421 2449 3488 orationis,
2480 3420 2529 3474 si
2565 3435 2696 3473 cum
2741 3418 2972 3473 homine
3014 3417 3317 3472 veritatem
3339 3414 3579 3469 Iudaica:
3607 3414 3657 3464 et
3679 3405 3803 3463 Chri-

2156 3511 2354 3565 stianaa
2371 3508 2667 3579 religionis
2694 3511 2940 3576 negante
2962 3506 3035 3560 sit
3066 3505 3233 3560 nobis
3272 3503 3586 3574 negotium,
3607 3497 3806 3570 probare

2155 3597 2441 3670 possimus
2473 3612 2541 3650 ea
2569 3595 2834 3649 vaticinia
2875 3595 2946 3648 ad
2978 3593 3272 3649 Christum
3312 3591 3614 3663 pertinere.
3645 3589 3803 3653 Itaque

2157 3686 2306 3758 apud
2356 3685 2677 3740 incredulos
2707 3683 2796 3738 his
2824 3683 3016 3753 potius
3073 3681 3438 3753 argumentis
3461 3674 3807 3734 abstinendum

2156 3775 2284 3842 fuit,
2335 3774 2702 3846 historiisque
2749 3773 3051 3839 utendum,
3099 3771 3313 3842 quibus
3341 3768 3486 3823 nihil
3523 3778 3704 3820 sanum
3743 3774 3808 3811 re-

2157 3864 2297 3936 poni
2350 3863 2422 3918 ab
2473 3863 2543 3918 iis
2581 3867 2823 3934 poterat.

2699 3947 3371 4006 ANIMADVERSIONES

2547 4054 2605 4092 IN
2640 4055 2839 4093 LIBRUM
2876 4055 2942 4091 DE
2973 4053 3093 4091 FIDE
3119 4053 3180 4090 ετ
3213 4049 3496 4090 SYMBOLO.

2232 4128 2371 4198 Cap.
2411 4130 2461 4195 3,
2495 4128 2522 4196 ξ
2552 4130 2604 4182 3.
2649 4127 2880 4182 Verbum
2919 4131 3100 4180 autem
3149 4127 3337 4180 Patris
3367 4123 3488 4178 ideo
3528 4120 3712 4174 dictum
3734 4116 3810 4170 est.

2162 4217 2296 4285 quia
2323 4231 2420 4284 per
2449 4217 2625 4284 ipsum
2649 4217 2931 4270 innotescit
2980 4217 3158 4269 Pater.
3193 4215 3351 4269 Sicut
3398 4213 3539 4266 enim
3566 4205 3721 4262 verbis
3737 4216 3811 4254 no—

2163 4305 2294 4358 stris
2325 4303 2384 4356 id
2411 4305 2646 4370 agimus,
2679 4319 2798 4358 cum
2826 4319 3011 4357 verum
3041 4303 3339 4372 loquimur‘,
3363 4305 3425 4354 ut
3451 4303 3621 4352 noster
3643 4294 3815 4347 animus

2160 4395 2458 4446 innotescat
2487 4391 2751 4459 audienti,
2779 4396 2830 4445 et
2859 4389 3132 4459 quidquid
3161 4394 3433 4443 secretum
3459 4389 3515 4439 in
3543 4381 3685 4438 corde
3709 4376 3816 4444 geti-

2160 4495 2299 4546 mus,
2334 4495 2435 4548 per
2459 4483 2620 4547 signa
2653 4479 2966 4548 hujusmodi
2998 4477 3072 4531 ad
3091 4479 3452 4544 cognitionem
3481 4472 3690 4526 alterius
3713 4477 3816 4534 pro-

2159 4571 2422 4636 feratur:
2468 4570 2544 4621 sic
2591 4567 2690 4620 illa
2731 4567 3015 4635 Sapientia
3055 4581 3220 4634 quam
3268 4567 3408 4618 Deus
3457 4564 3610 4616 Pater
3652 4553 3816 4624 genuit.

2162 4658 2418 4725 quoniam
2452 4671 2552 4724 per
2579 4657 2758 4724 ipsam
2795 4656 3077 4709 innotescit
3115 4653 3305 4722 dignis
3327 4653 3527 4706 animis
3573 4641 3817 4725 secretissif

2161 4723 2279 4799 mus
2309 4723 2500 4810 Pater,
2540 4723 2768 4797 Verbum
2791 4743 2909 4812 ejus
2953 4743 3455 4796 convenientissime
3498 4723 3817 4792 nominatur-l

2164 4831 2333 4886 Miror
2361 4830 2782 4885 catechumenis
2802 4829 3121 4900 propositas
3142 4845 3233 4883 res
3255 4845 3443 4899 usque
3467 4826 3604 4880 adeo
3631 4817 3814 4876 dubias.

2165 4919 2329 4990 quasi
2360 4918 2494 4974 ﬁdei
2524 4919 2730 4989 capita.
2781 4919 2922 4973 Nam
2953 4917 2999 4972 si
3059 4917 3188 4988 quis
3237 4920 3507 4986 negasset
3549 4904 3820 4980 Augustino

2165 5023 2360 5061 vocem
2384 5004 2525 5067 λόγος
2561 5006 2714 5076 apud
2765 5007 3045 5060 Joannem
3087 5005 3424 5058 vertendam
3468 5000 3690 5062 verbum,
3717 5003 3821 5045 con-

2166 5095 2552 5165 tendissetque
2606 5111 2727 5148 esse
2805 5096 3088 5158 rationem,
3155 5091 3449 5164 quomodo
3517 5080 3822 5171 contrarium.

2166 5185 2411 5256 probare
2440 5183 2626 5254 potuit
2651 5183 2678 5237 τ
2709 5182 2978 5247 Quinimo
3026 5182 3471 5242 Platonicorum,
3508 5191 3643 5249 quos
3665 5179 3826 5237 magn!

2167 5273 2428 5339 faciebat,
2485 5271 2807 5342 similiaque
2847 5271 3180 5326 Christianis
3209 5272 3319 5325 hac
3356 5269 3416 5322 in
3438 5284 3498 5321 re
3521 5263 3715 5319 sentire
3742 5270 3825 5326 pu-

2170 5363 2343 5427 tabat,
2369 5360 2703 5416 auctoritate
2757 5360 2942 5430 premi
2968 5362 3174 5430 potuit.
3226 5360 3514 5412 Praeterea
3538 5352 3583 5406 si
3607 5347 3724 5421 quis
3749 5357 3825 5397 ne-

2169 5455 2354 5521 gasset
2383 5465 2594 5504 munus
2625 5465 2743 5502 esse
2793 5448 2940 5514 Filii,
2971 5451 3036 5501 ut
3065 5446 3286 5500 animos
3324 5460 3427 5516 per
3454 5458 3512 5495 se
3540 5433 3825 5524 illustraret.

2172 5555 2239 5592 eo
2271 5538 2442 5594 modo
2459 5552 2631 5609 quem
2663 5536 2801 5592 dicit
2838 5535 3188 5607 Augustinus
3217 5550 3232 5599 ;
3257 5533 3358 5604 qui
3382 5529 3617 5603 probare
3644 5524 3826 5593 potuis-
