3920 6180
106 321 185 372 il?

829 307 1191 363 VARIORUM
1234 307 1838 362 EXERCITATIONES
1878 308 1942 360 IN
1984 308 2020 361 S
2080 306 2443 362 AUGUSTINI
2486 307 2734 362 OI’ERA.

3429 310 3532 363 418

102 454 167 500 set
194 444 319 513 quod
346 441 429 495 hic
453 440 757 501 contendit,
798 438 907 493 nisi
939 439 1083 493 forte
1132 455 1196 492 ex
1227 438 1345 493 suis
1385 439 1711 505 Platonicis,
1749 430 1793 483 Α
1829 444 1980 490 recta
2007 430 2173 495 ratio,
2216 430 2583 499 postulatque
2632 428 2900 483 humanae
2944 430 3225 485 societatis
3272 431 3530 498 felicitas,

104 536 181 607 qui
206 531 427 587 homines
450 529 751 583 rationales
783 545 901 582 esse
934 528 1233 599 putabant,
1286 527 1724 597 participatione

106 634 170 677 τοῦ
207 629 349 687 Λόγου,
397 635 540 688 quos
586 627 776 671 tamen
827 617 1025 670 audire
1062 615 1341 670 noluisset
1385 615 1453 669 de
1493 614 1726 685 propria

105 713 230 780 hujus
248 707 376 761 vocis
406 706 855 777 signiﬁcatione?
900 706 1070 759 Multa
1114 704 1224 758 alia
1255 704 1365 758 dici
1395 710 1724 774 potuerunt,

99 816 194 869 qua
218 796 396 849 omitto
426 801 481 847 et
507 810 633 864 quae
658 794 773 863 legi
814 798 1129 863 potuerunt
1175 793 1324 862 apud
1374 793 1602 845 Joannis
1631 792 1726 846 in—

96 888 317 953 terpretes
346 882 413 935 ad
442 897 565 950 cap.
600 897 638 944 1,
676 883 728 934 l.
762 883 834 934 At
855 895 921 933 eo
944 884 1224 949 tempore,
1249 878 1295 931 si
1316 894 1513 931 verum
1540 878 1727 931 dicere

92 972 300 1038 velimus,
329 985 436 1022 non
458 968 819 1039 quierebatur
850 973 966 1022 tam
999 967 1135 1038 quid
1167 972 1312 1022 esset
1341 982 1556 1021 verum.
1593 983 1726 1036 pos-

91 1064 241 1129 setque
282 1061 471 1111 contra
518 1056 744 1127 quosvis
794 1055 1145 1110 adversarios
1203 1055 1384 1109 ﬁrmis
1405 1054 1728 1108 rationibus

89 1146 284 1212 defendi,
334 1161 506 1216 quam
556 1144 709 1215 quod
757 1144 845 1197 vel
888 1144 999 1198 levi
1042 1144 1445 1213 probabilitate
1482 1143 1727 1197 tinctum

89 1239 192 1299 erat,
221 1238 271 1285 et
297 1232 440 1301 apud
470 1247 635 1286 aures
665 1230 861 1285 omnia
892 1232 1190 1286 admittere
1217 1236 1444 1301 paratas
1472 1230 1726 1300 speciose

92 1322 171 1376 dici
212 1321 402 1391 potuit.
437 1321 722 1390 Legantur
751 1320 1066 1391 sequentia,
1119 1319 1626 1390 expendanturque
1657 1319 1727 1372 ab

85 1411 233 1463 animo
268 1410 513 1463 Veritatis
545 1413 794 1474 amante,
823 1413 879 1462 et
908 1408 968 1461 ni
990 1424 1189 1461 verum
1216 1407 1415 1461 tulisse
1442 1406 1727 1476 judicium

87 1499 217 1563 dicar,
246 1496 574 1566 abjiciantur
607 1498 695 1550 hee
728 1497 961 1563 chartae,
986 1495 1272 1567 tineisque
1304 1500 1361 1549 et
1391 1495 1584 1549 blattis
1624 1495 1729 1548 de-

87 1584 297 1639 vorandaz
321 1583 745 1653 permittantur.

136 1674 244 1742 Cap.
278 1676 325 1737 5,
359 1672 461 1742 §8.
496 1673 655 1726 Dono
671 1674 811 1725 enim
839 1672 956 1737 Dei,
992 1670 1085 1724 hoc
1115 1675 1209 1734 est,
1258 1675 1442 1725 sancto
1491 1671 1724 1739 Spiritu,

84 1776 278 1815 concessa
302 1761 450 1814 nobis
488 1765 567 1814 est
618 1764 771 1814 tanta
811 1760 1099 1814 humilitas
1142 1762 1283 1813 tanti
1307 1762 1422 1825 Dei,
1460 1764 1521 1814 ut
1561 1764 1729 1814 totum

87 1852 293 1903 hominem
318 1851 589 1917 suscipere
618 1849 958 1915 dignaretur.
994 1846 1013 1919 ]
1050 1847 1173 1902 Scio
1207 1852 1262 1900 et
1293 1848 1431 1901 alios
1453 1848 1532 1901 sic
1570 1848 1728 1901 locu-

88 1944 164 2001 tos,
200 1935 284 1989 sed
332 1934 588 2005 profecto
620 1940 676 1987 et
721 1934 1037 2003 Scripturee‘
1057 1950 1231 1987 sacra:
1263 1939 1320 1988 et
1350 1940 1499 1987 recte
1522 1932 1731 1987 rationi

88 2025 214 2092 plane
247 2023 595 2078 contrarium
637 2023 1002 2076 humilitatem
1076 2021 1282 2075 divinae
1346 2027 1568 2075 natura:
1636 2020 1733 2075 tri-

89 2109 238 2162 buere.
288 2108 467 2160 Virtus
525 2111 613 2159 est
668 2103 920 2158 hominis
977 2120 1107 2174 qua:
1153 2121 1187 2157 a
1238 2104 1445 2158 Latinis
1469 2104 1733 2158 modestia

90 2197 263 2258 dicitur,
290 2196 381 2249 sed
408 2212 541 2265 quae
577 2196 689 2248 Deo
724 2194 899 2247 tribui
926 2209 1042 2246 non
1068 2198 1257 2263 potest
1298 2194 1421 2247 sine
1470 2194 1729 2263 blasphe-

91 2284 187 2337 mia:
214 2285 442 2356 quadam
474 2282 691 2354 specie,
727 2282 888 2351 cujus
917 2287 1112 2335 tamen
1158 2281 1419 2335 incusare
1463 2281 1733 2350 Augusti-

92 2390 193 2425 num
216 2373 397 2426 nolim.
428 2374 645 2425 Locum
677 2371 744 2423 ad
780 2370 1173 2441 Philippenses
1203 2388 1265 2439 ιι,
1311 2373 1363 2435 6,
1414 2369 1514 2440 qui
1564 2369 1734 2438 objici

95 2460 199 2511 forte
226 2465 419 2529 posset,
452 2458 901 2528 intelligendum
930 2457 999 2511 de
1030 2462 1234 2511 natura
1260 2457 1513 2510 humana
1531 2454 1735 2509 Christi

92 2547 403 2601 ostenderunt
457 2549 626 2616 llugo
681 2545 906 2600 Grotius
954 2550 1010 2598 et
1070 2546 1316 2599 Joannes
1382 2544 1626 2598 Clericus
1675 2543 1737 2597 in

89 2635 434 2689 additamentis
471 2636 555 2688 ad
614 2635 683 2688 ΙΙ.
718 2632 1060 2687 Hammondi
1090 2631 1498 2685 Adnotationes
1528 2632 1595 2685 ad
1631 2633 1736 2685 No-

92 2738 185 2775 vum
212 2724 655 2777 Testamentum.
691 2721 854 2785 Quod
882 2720 1093 2774 factum
1124 2721 1194 2774 ab
1244 2724 1459 2773 aeterna
1492 2719 1732 2783 ratione,

92 2812 262 2878 quando
301 2827 425 2867 caro
449 2813 619 2877 facta
648 2815 744 2877 est,
778 2809 832 2863 id
869 2825 985 2862 non
1028 2809 1389 2874 humilitatis,
1422 2808 1603 2861 absit!
1638 2808 1734 2862 sed

96 2914 270 2953 summa:
293 2899 575 2953 bonitatis
602 2903 657 2952 et
682 2898 1089 2955 muniﬁcentiae
1112 2898 1399 2967 specimen
1430 2896 1555 2950 fuit.

148 2986 241 3056 Cap.
271 2991 321 3056 5,
352 2990 377 3053 §
406 2991 457 3041 lt
490 3030 504 3039 .
539 2986 827 3039 Credimus
858 2988 1042 3053 itaque
1071 2988 1127 3038 in
1149 3001 1267 3038 eum
1297 2987 1391 3054 qui
1420 2984 1515 3038 sub
1544 2986 1734 3039 Pontio
1773 2994 1811 3049 ς,

100 3072 215 3127 Pilato
240 3078 537 3143 cruciﬁxus
576 3079 653 3128 est
690 3078 739 3127 et
790 3075 1050 3142 sepultus.
1104 3072 1431 3127 Addendum
1454 3074 1594 3126 enim
1622 3078 1738 3127 erat

88 3160 236 3225 judicis
259 3181 454 3231 nomen,
514 3167 736 3232 propter
784 3168 1079 3231 temporum
1129 3163 1500 3227 cognitionem,
1554 3166 1665 3215 etc.
1715 3159 1736 3231 ]

90 3249 188 3303 Tum
210 3254 349 3306 nulla
397 3252 705 3306 mentione
753 3250 899 3304 facta
928 3251 1209 3304 descensus
1240 3250 1313 3303 ad
1342 3252 1565 3317 inferos,
1595 3266 1739 3320 pro-

88 3340 196 3392 xime
232 3342 567 3411 subjicitur:
602 3341 869 3394 credimus
900 3343 1064 3393 etiam
1112 3341 1267 3393 illum
1314 3339 1483 3393 tertio
1512 3340 1601 3393 die
1654 3355 1739 3391 re-

89 3430 338 3484 surrexisse
368 3448 399 3483 a
433 3429 715 3496 mortuis,
734 3430 1158 3497 primogenitum
1201 3431 1561 3482 consecuturis
1603 3431 1733 3493 fra—

88 3514 235 3584 tribus,
258 3524 354 3571 etc.
418 3520 455 3572 U
487 3517 591 3570 nde
639 3516 818 3587 liquet
847 3532 913 3569 eo
950 3520 1206 3585 tempore
1246 3514 1306 3567 in
1338 3516 1608 3585 Symbolo
1644 3517 1741 3569 Ec-

85 3602 226 3656 clesiae
256 3606 565 3670 Africanae,
608 3609 670 3657 ut
699 3608 753 3656 et
786 3603 845 3656 in
902 3604 1160 3657 Romano
1196 3602 1454 3673 aliisque,
1496 3604 1741 3657 abfuisse

83 3696 214 3759 caput
252 3694 315 3747 de
365 3694 633 3747 descensu
669 3692 742 3745 ad
763 3693 993 3758 inferos;
1027 3692 1175 3762 quod
1206 3696 1397 3745 tamen
1432 3697 1631 3762 postea
1651 3698 1742 3746 te-

88 3792 205 3832 mere
230 3784 593 3851 conjuuctum
626 3785 727 3834 est.
762 3780 899 3833 Vide
931 3796 1059 3850 quas
1088 3780 1450 3834 doctissimus
1482 3780 1738 3834 omnium

87 3864 409 3937 interpretum
460 3868 725 3940 Symboli
769 3868 1016 3922 Joannes
1062 3869 1398 3936 Pearsonus,
1457 3870 1560 3922 hac
1591 3869 1739 3923 dere

86 3952 128 4006 in
152 3958 362 4029 Angliea
393 3957 871 4027 interpretatione
903 3956 1157 4027 Symboli
1179 3955 1422 4026 scripsit.

564 4044 1223 4100 ANIMADVERSIONES

440 4153 495 4189 ΙΝ
534 4152 675 4188 LIBRI
705 4152 769 4187 DE
799 4151 920 4187 FIDE
954 4150 1014 4187 ΕΤ
1042 4149 1323 4187 OI’ERIBUS.

134 4217 249 4287 Cap.
278 4226 331 4288 7,
358 4227 384 4289 ξ
411 4226 496 4276 ll.
528 4220 813 4288 Quidquid
836 4222 977 4274 enim
997 4221 1147 4274 homo
1172 4220 1342 4273 veluti
1365 4224 1503 4273 recte
1521 4220 1730 4286 fecerit,

81 4308 165 4357 nisi
190 4309 255 4360 ad
279 4313 533 4377 pietatem
551 4325 668 4377 qua:
690 4309 763 4363 ad
791 4313 951 4363 Deum
976 4313 1052 4362 est
1071 4312 1364 4375 referatur,
1394 4312 1596 4361 rectum
1624 4309 1736 4362 dici

81 4410 161 4446 ιιυη
184 4403 393 4464 oportet.
430 4399 444 4467 ]
480 4397 778 4461 Quomodo
808 4397 930 4450 haec
961 4396 1306 4450 intellexerit
1353 4396 1736 4467 Augustinus,

81 4485 121 4531 et
146 4484 331 4552 quibus
360 4486 681 4540 rationibus
712 4486 892 4539 fretus
935 4484 1013 4538 ita
1066 4485 1290 4539 locutus
1331 4485 1424 4553 sit,
1476 4484 1739 4555 quisquis

84 4569 195 4623 scire
214 4572 410 4640 av’ebit,
436 4575 608 4628 adeat
638 4580 796 4627 tomo
819 4576 859 4627 Χ
891 4573 1099 4627 librum
1136 4590 1185 4626 1v
1216 4578 1414 4628 contra
1447 4573 1738 4628 Julianum

82 4672 178 4726 cap.
224 4664 272 4726 3,
319 4663 411 4717 ubi
466 4662 663 4716 multis
710 4663 817 4715 hac
874 4662 944 4715 de
990 4677 1050 4713 re
1082 4661 1223 4730 agit.
1265 4661 1658 4715 Consulendus
1684 4668 1741 4716 et

84 4746 396 4805 eminentiss.
446 4750 752 4805 cardiualis
804 4750 974 4803 Henr.
1042 4748 1293 4802 Norisius
1356 4749 1417 4802 in
1468 4750 1741 4803 Vindiciis

82 4836 470 4903 Augustinianis
500 4854 729 4909 paragr.
754 4840 810 4891 4.
842 4840 1127 4903 Attamen,
1159 4836 1206 4890 si
1233 4853 1426 4891 verum
1460 4854 1737 4905 amamus,

80 4924 261 4976 nemini
282 4926 425 4981 hanc
445 4944 605 4981 suam
620 4925 961 4980 sententiam
980 4924 1347 4995 persuadebit
1362 4924 1738 4995 Augustinus,

78 5010 157 5073 qui
182 5013 402 5081 quidem
430 5016 489 5069 iu
519 5016 671 5069 nuda
700 5016 825 5085 ejus
866 5013 1202 5067 auctoritate
1240 5029 1358 5067 non
1402 5014 1739 5084 acquiescat,

77 5096 149 5148 sed
180 5100 415 5155 rationes
464 5103 765 5174 expendat.
817 5103 958 5156 Nam
1007 5106 1223 5155 certum
1270 5107 1354 5155 est
1384 5116 1740 5172 quacunque

78 5182 194 5238 tiuut
216 5192 519 5245 secundum
544 5196 765 5245 natura:
787 5194 842 5243 et
862 5190 1098 5244 rationis
1117 5195 1288 5243 rectae
1306 5190 1644 5259 impulsum,
1674 5204 1737 5241 ea

78 5286 171 5324 esse
197 5275 358 5343 bona,
394 5281 652 5348 quamvis
689 5278 957 5332 revelatio
990 5294 1106 5330 non
1137 5277 1453 5330 accesserit.
1484 5274 1740 5344 Exempli

80 5376 236 5431 causa,
274 5369 457 5421 colere
500 5374 783 5439 parentes,
839 5383 1052 5436 eosque
1108 5366 1267 5419 omni
1300 5381 1407 5434 ope
1449 5365 1734 5434 adjuvare,

1766 4281 1814 4333 D

85 5448 387 5507 miserorum
422 5456 579 5509 malis
604 5460 761 5525 tangi
788 5460 844 5509 et
865 5454 1155 5526 opitulari,
1190 5454 1502 5508 castitatem
1532 5453 1739 5519 colere,

84 5536 255 5598 pudice
278 5541 549 5598 familiam
581 5544 824 5599 educare
849 5548 906 5599 et
932 5548 1197 5599 sexcenta
1220 5542 1355 5597 talia
1385 5558 1513 5613 quae
1542 5541 1743 5596 suadet

1835 522 1985 571 recta
2006 522 2205 571 suntet
2227 519 2340 571 Deo
2360 518 2604 587 placent,
2619 518 2718 588 qui
2743 523 2906 571 rectm
2930 520 3162 573 rationis
3177 526 3231 573 et
3264 521 3532 575 humanae

1837 606 2120 661 societatis
2152 623 2268 660 non
2312 606 2501 659 minus
2533 612 2731 659 auctor
2778 611 2861 659 est
2904 624 3077 676 quam
3134 608 3522 662 revelationis.

1836 693 1943 757 Qui
1985 694 2106 747 sine
2169 693 2512 747 revelatione
2567 697 2807 764 possunt
2832 693 3093 747 damnari
3126 695 3195 748 ob
3230 696 3434 750 delicta
3473 698 3532 751 in

1837 788 2050 836 rectam
2081 783 2363 836 rationem
2395 782 2660 848 admissa,
2686 782 2916 835 eosdem
2942 799 3164 835 necesse
3188 788 3269 836 est
3292 790 3347 838 et
3369 803 3532 855 posse

1838 871 2073 937 absolvi,
2130 871 2175 923 si
2212 875 2362 923 recte
2412 870 2620 924 rationi
2670 870 3095 938 obsequantur;
3154 872 3307 940 quod
3371 873 3535 929 docet

1839 958 2009 1013 etiam
2039 960 2244 1013 Paulus
2272 960 2433 1013 Rom.
2470 976 2525 1026 ιι,
2567 961 2647 1025 14,
2685 962 2766 1012 15.
2800 960 2975 1012 Nemo
3007 960 3105 1029 qui
3153 975 3271 1012 rem
3320 976 3533 1031 expen-

1837 1047 1982 1101 derit
2014 1047 2119 1100 sibi
2138 1048 2505 1117 persuadebit
2524 1048 2708 1116 legem
2735 1051 2953 1100 naturas
2979 1065 3011 1100 a
3032 1048 3147 1100 Deo
3180 1064 3281 1117 per
3318 1055 3531 1103 rectam

1838 1135 2116 1189 rationem
2150 1137 2341 1203 latam,
2372 1141 2427 1189 et
2450 1152 2550 1205 per
2579 1136 2761 1205 ipsam
2790 1137 3056 1189 humanae
3082 1141 3301 1190 natura:
3322 1138 3529 1191 consti-

1836 1224 2116 1277 tutionem
2164 1226 2579 1288 conﬁrmatam,
2629 1224 2971 1294 perfractam
3017 1228 3116 1276 aut
3176 1225 3529 1279 observatam

1835 1312 2052 1380 pariter
2095 1313 2403 1378 damnare;
2468 1328 2569 1365 nec
2596 1311 2757 1380 pium
2788 1326 2923 1379 erga
2947 1317 3212 1380 parentes
3261 1329 3383 1366 esse
3414 1315 3527 1367 Deo

1838 1401 2146 1470 gratiorem
2195 1418 2365 1472 quam
2420 1400 2780 1471 parricidam.
2844 1401 3089 1453 Monstra
3137 1406 3270 1454 sunt
3314 1402 3413 1455 illa
3462 1418 3528 1456 ex

1838 1490 2219 1543 contendendi
2249 1494 2303 1542 et
2332 1491 2618 1560 paradoxa
2640 1487 2980 1541 defendendi
3009 1488 3243 1542 libidine
3271 1496 3422 1545 nata.

1914 1578 2047 1647 Cap.
2086 1581 2167 1640 l5,
2203 1579 2345 1645 §24.
2387 1578 2729 1645 Quapropter
2776 1577 3308 1645 diligenteroportet
3352 1584 3532 1633 atten-

1839 1664 1963 1718 dere
1995 1665 2254 1734 quomodo
2284 1664 2597 1732 accipienda
2626 1666 2699 1717 sit
2728 1666 2959 1731 apostoli
2986 1666 3160 1719 Pauli
3187 1667 3285 1720 illa
3321 1672 3537 1722 senten-

1842 1754 1921 1806 tia
1958 1753 2123 1821 plane
2168 1752 2242 1805 ad
2271 1753 2675 1820 intelligendum
2724 1752 2995 1822 difﬁcilis,
3040 1754 3136 1806 ubi
3165 1756 3273 1807 ait:
3306 1756 3538 1810 Funda—

1840 1845 2097 1893 mentum
2119 1840 2271 1893 enim
2304 1840 2453 1893 aliud
2485 1856 2654 1892 nemo
2682 1844 2871 1908 potest
2912 1856 3142 1909 ponere,
3193 1846 3288 1895 etc.
3332 1842 3353 1894 Ι
3406 1843 3533 1897 Cor.

1842 1945 1918 1995 ιιι,
1965 1932 2019 1982 ll
2079 1933 2136 1982 et
2164 1944 2322 1998 seqq.
2357 1927 2377 1999 ]
2427 1930 2549 1982 Jam
2598 1929 2666 1981 de
2720 1928 2825 1981 hoc
2852 1929 2970 1982 loco
3001 1929 3118 1998 egit
3144 1928 3205 1982 in
3234 1930 3427 1984 libello
3470 1932 3537 1985 de

1839 2016 2260 2080 Quaestionibus
2294 2015 2540 2080 Dulcitii,
2576 2032 2677 2069 nec
2707 2021 2898 2069 tamen
2931 2016 3022 2069 hic
3060 2016 3251 2087 potuit
3291 2034 3411 2071 sese
3442 2035 3536 2072 ex-

1838 2105 2037 2174 pedire
2094 2104 2446 2169 difﬁcultate,
2508 2120 2635 2175 quas
2705 2120 2916 2174 magna
2976 2122 3096 2159 esse
3156 2122 3270 2159 non
3327 2111 3536 2175 potest,

1845 2193 1957 2247 nisi
1998 2192 2274 2247 oscitanti.
2325 2193 2531 2262 Liquet
2579 2193 2732 2246 enim
2776 2194 3018 2247 Paulum
3062 2210 3231 2263 agere
3276 2194 3391 2248 illic
3427 2210 3541 2249 non

1841 2282 1910 2335 de
1958 2282 2234 2347 moribus,
2282 2281 2381 2335 sed
2429 2281 2499 2335 de
2545 2281 2933 2351 dogmatibus,
2982 2298 3112 2335 cum
3152 2298 3340 2335 sermo
3374 2283 3445 2335 sit
3472 2283 3541 2337 de

1842 2367 2170 2422 doctoribus
2200 2384 2213 2434 ;
2249 2369 2433 2439 qualis
2464 2368 2585 2439 ipse
2618 2375 2787 2439 atque
2819 2370 3041 2439 Apollo,
3079 2386 3325 2440 quorum
3350 2388 3407 2423 se
3452 2370 3541 2425 di-

1842 2456 2090 2526 scipulos
2136 2457 2405 2511 dicebant
2461 2458 2761 2523 Corinthii,
2817 2463 3235 2529 proptereaque
3264 2459 3323 2512 in
3352 2463 3542 2530 partes

1843 2545 2018 2625 ibant.
2757 2536 2769 2547 ’

2369 2636 3024 2689 ANIMADVERSIONES

2213 2740 2265 2776 IN
2300 2739 2651 2776 ENCHIRIDION
2689 2740 2757 2776 AD
2789 2739 3167 2777 LAURENTIUM.
3456 2756 3467 2765 ο

1918 2812 2052 2882 Cap.
2094 2816 2178 2877 ll,
2210 2812 2241 2881 §
2272 2812 2324 2864 4.
2367 2811 2510 2875 Quid
2551 2816 2630 2864 est
2677 2812 2832 2863 aliud
2874 2811 3018 2878 quod
3066 2813 3267 2865 malum
3315 2811 3541 2880 dicitur,

1842 2902 1953 2953 nisi
1979 2903 2219 2968 privatio
2251 2899 2415 2952 boni?
2444 2897 2465 2970 ]
2502 2899 2713 2952 Eodem
2738 2899 2867 2967 jure
2896 2898 3047 2952 dicas
3080 2900 3252 2952 Paene
3283 2898 3543 2969 philoso-

1848 2987 1962 3056 pho
2000 3002 2013 3039 :
2045 2987 2184 3057 quid
2214 2991 2298 3039 est
2327 2986 2483 3039 aliud
2510 2986 2665 3057 quod
2695 2986 2874 3039 virtus
2897 2986 3126 3056 dicitur,
3160 2986 3267 3040 nisi
3298 2986 3542 3058 privatio

1853 3074 2023 3128 vitii?
2058 3076 2197 3128 Nam
2232 3091 2365 3128 sane
2396 3074 2593 3140 virtus,
2646 3075 2893 3145 exempli
2940 3092 3125 3138 causa,
3181 3076 3339 3141 ﬁdes,
3393 3092 3541 3146 spes,

1850 3163 2072 3229 caritas,
2102 3168 2231 3229 etc.,
2264 3180 2381 3217 non
2412 3170 2498 3217 est
2530 3164 2710 3233 magis
2740 3164 2971 3217 habitus
3002 3164 3181 3217 animi
3218 3164 3416 3231 nostri,
3450 3181 3541 3218 re-

1851 3252 2043 3323 petitis
2091 3252 2309 3305 actibus
2352 3258 2736 3322 comparatus,
2799 3268 2973 3323 quam
3027 3251 3409 3317 incredulitas,
3447 3253 3546 3306 de-

1849 3340 2097 3411 speratio
2148 3345 2205 3394 et
2252 3340 2451 3395 odium
2502 3341 2792 3409 proximi;
2844 3357 2945 3395 nec
2995 3341 3225 3395 effectus
3271 3341 3542 3395 vitiorum

1849 3434 1980 3483 sunt
2008 3429 2198 3483 minus
2225 3429 2419 3499 magni
2451 3445 2625 3499 quam
2650 3430 2941 3484 virtutum.
2975 3430 3133 3494 Quod
3158 3429 3203 3482 si
3233 3429 3403 3496 dicas,
3438 3430 3535 3483 de-

1848 3522 2028 3571 tracto
2061 3517 2217 3581 vitio,
2272 3516 2412 3587 poni
2460 3517 2733 3570 virtutum
2765 3534 2777 3582 ;
2814 3517 3075 3571 similiter
3101 3518 3316 3581 dixero,
3361 3516 3545 3569 detra-

1848 3612 1933 3659 cta
1964 3605 2190 3671 virtute,
2224 3605 2361 3675 poni
2394 3604 2616 3657 vitium.
2654 3605 2947 3658 Contraria
2978 3606 3097 3658 haec
3128 3605 3363 3675 quidem
3386 3609 3541 3674 sunt,

1848 3695 1948 3748 sed
1997 3711 2115 3748 non
2173 3693 2453 3764 opposita,
2488 3697 2549 3746 ut
2588 3692 2832 3762 privatio
2855 3697 2911 3746 et
2940 3693 3185 3759 habitus,
3218 3692 3547 3763 ignorantia

1847 3786 1904 3836 et
1932 3781 2186 3836 scientia.
2216 3782 2425 3836 Verum
2457 3780 2808 3851 Augustinus
2841 3780 3268 3850 comparatione
3307 3782 3455 3835 hanc
3481 3782 3542 3835 in

1847 3888 1970 3926 rem
1992 3871 2195 3935 utitur,
2227 3886 2339 3940 qua
2370 3871 2513 3923 forte
2543 3868 2825 3939 quispiam
2872 3869 3167 3938 negotium
3222 3869 3545 3924 confectum

1848 3963 2026 4028 putet.
2062 3959 2185 4010 Non
2213 3958 2395 4011 dicam
2429 3957 2854 4025 comparatione
2896 3972 3016 4010 rem
3060 3974 3255 4012 seram
3301 3966 3356 4012 et
3406 3974 3547 4028 pro-

1851 4049 2044 4100 batam
2072 4046 2346 4099 illustrari
2376 4050 2622 4111 tantum,
2649 4052 2745 4098 aut
2774 4045 2942 4098 altius
2995 4048 3285 4101 memoriae
3342 4047 3507 4119 inﬁgi
3532 4066 3546 4116 ;

1847 4150 1963 4186 non
1995 4150 2150 4198 vero,
2186 4133 2231 4185 si
2262 4133 2434 4186 dubia
2464 4138 2568 4194 est,
2605 4132 2870 4202 probari;
2904 4133 2999 4185 sed
3029 4132 3212 4200 ipsam
3251 4150 3547 4203 compara-

1845 4223 2061 4276 tionem
2119 4221 2459 4290 expendam.
2520 4223 2659 4275 Nam
2721 4222 2879 4284 sicut,
2960 4219 3169 4289 inquit,
3237 4222 3548 4290 corporibus

1846 4311 2166 4364 animalium
2194 4309 2336 4362 nihil
2361 4314 2437 4362 est
2469 4308 2623 4362 aliud
2651 4308 2886 4362 moribus
2922 4313 2972 4361 et
3019 4310 3330 4363 vulneribus
3372 4312 3544 4377 afﬁci,

1847 4414 2011 4466 quam
2038 4401 2275 4452 sanitate
2293 4399 2509 4467 privari
2529 4413 2545 4449 :
2565 4398 2646 4449 ita
2666 4402 2715 4449 et
2740 4399 3048 4451 animorum
3071 4413 3396 4467 quaecunque
3438 4400 3549 4451 sint

1845 4488 2003 4551 vitia,
2032 4488 2365 4541 naturalium
2396 4489 2523 4539 sunt
2564 4486 2895 4553 privationes
2937 4485 3212 4553 bonorum,
3273 4502 3392 4554 quae
3429 4501 3547 4540 cum

1845 4579 2113 4629 sanantur
2157 4590 2263 4627 non
2309 4574 2494 4641 aliquo
2545 4574 2995 4637 transferuntur;
3046 4573 3140 4626 sed
3185 4589 3247 4627 ea
3299 4589 3418 4641 qua:
3469 4574 3549 4627 ibi

1848 4669 2001 4717 erant
2029 4678 2299 4731 nusquam
2327 4666 2503 4727 erunt,
2525 4661 2741 4729 quando
2763 4663 2820 4714 in
2852 4662 2949 4715 illa
2968 4664 3203 4715 sanitate
3223 4678 3327 4716 non
3369 4667 3543 4716 erunt.

1848 4754 1919 4803 At
1942 4752 2126 4804 morbi
2166 4756 2264 4805 aut
2308 4752 2550 4803 vulnera
2590 4764 2703 4801 non
2753 4754 2885 4802 sunt
2932 4753 3155 4803 tantum
3204 4749 3549 4819 privationes

1848 4837 2108 4891 sanitatis
2134 4854 2147 4903 ;
2180 4837 2291 4890 nisi
2321 4837 2449 4907 quis
2480 4836 2629 4890 dicat
2656 4836 2887 4900 febrim,
2926 4836 3175 4907 exempli
3218 4853 3402 4903 causa,
3448 4852 3551 4888 cu-

1842 4927 1938 4995 jus
1971 4931 2106 4979 sunt
2157 4929 2241 4977 tot
2284 4940 2513 4994 genera,
2561 4929 2617 4978 et
2660 4930 3061 4994 symptomata,
3094 4940 3383 4995 quamque
3424 4938 3544 4976 om-

1850 5030 1949 5067 nes
1977 5016 2190 5066 norunt
2219 5012 2385 5066 sitam
2424 5028 2542 5065 esse
2568 5016 2626 5065 ut
2655 5013 2967 5082 plurimum
3016 5014 3077 5065 in
3100 5016 3259 5065 motu
3291 5016 3544 5064 extraor-

1849 5101 2072 5155 dinario
2104 5100 2418 5170 sanguinis,
2451 5117 2667 5155 meram
2701 5117 2819 5154 esse
2871 5100 3248 5170 privationem
3276 5118 3290 5164 ;
3339 5115 3545 5169 quem-

1848 5188 2162 5243 admodum
2193 5192 2403 5254 motus,
2437 5188 2697 5259 quamvis
2742 5188 3046 5252 violentus,
3095 5200 3253 5238 mera
3318 5191 3401 5239 est
3427 5188 3544 5256 pri-

1850 5277 1998 5330 vatio
2048 5277 2272 5347 quietis.
2325 5277 2461 5341 Quis
2508 5277 2681 5330 ferret
2725 5292 2791 5329 eo
2847 5275 3013 5327 modo
3070 5273 3547 5329 ratiocinantem?

1851 5365 1987 5429 Quis
2018 5365 2167 5419 dicat
2206 5364 2515 5418 sectionem
2547 5364 2791 5418 musculi
2822 5367 2921 5413 aut
2973 5362 3152 5430 nervi,
3205 5363 3544 5418 effusionem

1849 5454 2163 5523 sanguinis,
2200 5453 2548 5506 laxationem
2573 5457 2668 5505 aut
2688 5448 3024 5503 fractionem
3046 5450 3187 5504 ossis
3206 5467 3390 5505 meras
3424 5467 3547 5505 esse

1848 5541 2194 5611 privationes
2237 5556 2436 5595 eorum
2486 5555 2615 5609 quae
2655 5541 2825 5591 antea
2866 5539 3033 5593 erat?
3073 5538 3453 5611 Caprimulgis
3492 5544 3550 5594 et
