3890 6186
343 282 445 334 419

1351 276 1909 332 SUPPLEMENTUM
1950 277 2040 331 AD
2079 275 2312 331 OPERA
2351 279 2407 330 S.
2447 277 2836 332 AUGUSTINI.
3682 295 3766 347 1,20

343 399 654 454 fossoribus
683 399 806 452 haec
833 397 1194 468 philosophia
1221 396 1478 451 tradatur
1511 441 1524 463 ,
1556 413 1673 451 non
1703 396 2036 451 hominibus
2072 400 2112 452 A
2145 399 2216 451 In
2249 398 2332 452 his
2378 401 2540 467 atque
2589 399 2903 468 hujusmodi
2940 398 3276 465 falsitatibus
3303 403 3444 457 salva
3469 408 3562 474 ﬁde
3595 426 3695 478 quae
3725 419 3766 468 in

342 489 668 542 litterarum
714 487 915 541 studiis
958 485 1238 555 expolitis.
1296 487 1457 550 Quod
1510 486 1668 540 addit
1704 486 1862 554 vitia,
1906 502 2036 539 cum

346 581 638 645 sanantur,
668 593 784 630 non
813 575 924 628 alio
956 573 1270 639 transferri,
1304 575 1398 628 sed
1430 591 1714 644 nusquam
1746 591 1886 640 esse,
1919 580 2037 627 tam

345 666 497 718 valet
541 681 612 717 an
659 662 1025 732 probandum
1071 661 1340 714 virtutem
1386 677 1507 714 esse
1545 661 1715 728 nihil,
1762 676 1934 730 quam
1965 659 2035 714 ad

349 752 766 807 ostendendum
795 750 998 803 vitium
1029 765 1247 803 meram
1275 765 1396 803 esse
1435 749 1852 818 privationem;
1905 765 2037 802 nam

344 842 542 902 virtus,
569 855 741 910 quam
771 839 1056 910 quispiam
1081 838 1367 892 contrario
1385 838 1520 891 vitio
1553 841 1753 905 mutat,
1779 854 1897 890 non
1930 836 2039 890 ali-

345 945 459 998 quo
484 928 840 992 transfertur,
870 927 968 982 sed
1002 943 1284 998 nusquam
1309 931 1408 981 est.
1450 928 1584 990 Quis
1632 927 1692 981 in
1735 928 2003 998 metaphy
2023 957 2041 966 -

343 1017 472 1070 sicis
501 1016 768 1070 nonnihil
800 1016 1135 1070 exercitatus
1155 1017 1333 1070 nescit
1359 1017 1668 1071 accidentia
1695 1033 1807 1070 non
1852 1021 2037 1070 trans-

344 1105 498 1171 ferri,
539 1121 672 1159 cum
716 1109 1017 1158 mutantur
1062 1109 1161 1158 aut
1204 1105 1513 1172 intereunt,
1559 1122 1664 1160 nec
1694 1111 1886 1159 tamen
1920 1121 2038 1159 esse

347 1211 568 1248 merum
617 1194 811 1247 nihil?
861 1193 1042 1256 Quam
1082 1194 1191 1246 hoc
1221 1193 1292 1246 sit
1322 1195 1688 1247 manifestum
1720 1210 1891 1248 nemo
1922 1209 2039 1246 non

344 1282 517 1348 videt,
552 1297 654 1334 nec
686 1297 752 1334 eo
779 1281 961 1333 secius
991 1280 1051 1333 in
1081 1285 1198 1334 tam
1228 1281 1466 1334 miriﬁca
1498 1282 1722 1353 argutia
1765 1281 1872 1334 sibi
1909 1281 2038 1351 pla-

346 1375 432 1424 cet
461 1369 832 1440 Augustinus,
861 1368 960 1439 qui
986 1369 1138 1422 inter
1188 1370 1300 1422 duo
1351 1370 1608 1423 membra
1651 1370 1834 1423 allata).
1879 1384 2037 1422 com-

344 1458 663 1527 parationis
689 1457 836 1511 hanc
864 1456 1228 1526 parenthesin
1260 1456 1524 1510 infarcit:
1561 1459 1738 1526 Neque
1793 1461 1933 1512 enim
1979 1457 2040 1511 id

346 1550 554 1614 agitur,
579 1563 697 1600 cum
727 1545 1015 1599 adhibetur
1031 1548 1260 1610 curatio,
1284 1550 1343 1597 ut
1362 1547 1505 1598 mala
1528 1548 1635 1598 ista
1654 1562 1772 1614 qua:
1802 1550 2034 1611 inerant,

347 1637 407 1688 id
449 1639 525 1689 est
561 1634 735 1687 morbi
787 1650 848 1687 ac
878 1634 1123 1702 vulnera,
1172 1632 1424 1686 recedant
1471 1634 1616 1700 hinc,
1650 1638 1699 1686 et
1729 1635 1865 1687 alibi
1903 1636 2034 1699 sint,

344 1723 438 1778 sed
465 1726 670 1790 utique,
720 1727 781 1775 ut
808 1737 914 1776 non
950 1724 1080 1774 sint.
1125 1723 1244 1776 Non
1283 1723 1422 1774 enim
1440 1722 1556 1775 ulla
1586 1722 1915 1788 substantia,
1948 1722 2042 1775 sed

344 1809 584 1866 carnalis
615 1810 934 1865 substantiae
961 1811 1153 1863 vitium
1182 1814 1259 1862 est
1289 1811 1480 1864 vulnus
1511 1816 1606 1865 aut
1633 1811 1891 1878 morbus;
1925 1827 2044 1865 cum

343 1917 468 1954 caro
493 1902 565 1955 sit
591 1915 710 1969 ipsa
756 1899 1082 1964 substantia,
1130 1903 1370 1968 profecto
1420 1900 1644 1968 aliquod
1689 1900 1902 1968 bonum,
1957 1902 2046 1953 cui

343 1990 596 2044 accidunt
642 1991 750 2042 ista
796 1990 963 2054 mala,
1017 1987 1078 2040 id
1107 1993 1184 2042 est
1211 1990 1542 2056 privationes
1577 1989 1692 2056 ejus
1717 1989 1858 2056 boni,
1901 1989 2044 2057 quod

345 2079 550 2132 dicitur
570 2079 800 2132 sanitas.
834 2076 1053 2131 Pariter
1083 2075 1413 2130 ratiocinari
1442 2093 1651 2147 queam
1677 2081 1740 2130 ut
1777 2077 2040 2146 probem,

345 2170 544 2220 contra
571 2165 980 2235 Augustinum,
1003 2165 1306 2219 sanitatem
1329 2181 1448 2218 esse
1496 2169 1716 2218 tantum
1766 2165 2046 2234 privatio-

345 2271 481 2308 nem
511 2255 698 2308 morbi
725 2273 739 2321 ;
770 2270 900 2306 nam
935 2253 1165 2324 quando
1196 2253 1562 2322 propinatur,
1582 2254 1827 2324 exempli
1853 2270 2042 2319 causa,

350 2346 696 2396 venenatum
748 2343 1043 2412 poculum,
1096 2347 1162 2396 ut
1229 2341 1440 2396 sanitas
1487 2343 1876 2409 labefactetur,
1935 2343 2044 2396 hoc

356 2447 474 2484 non
504 2431 577 2484 sit
603 2436 664 2483 ut
711 2430 851 2484 alibi
894 2430 965 2483 sit
1013 2429 1247 2498 sanitas,
1285 2430 1383 2483 sed
1415 2446 1484 2484 ne
1516 2431 1752 2484 omnino
1784 2430 1875 2485 sit.
1910 2430 2046 2494 Quis

346 2524 630 2588 praeterea
655 2535 770 2572 non
814 2519 1055 2572 miretur
1103 2524 1362 2572 nostrum
1411 2520 1565 2572 hunc
1611 2519 2044 2590 philosophum,

348 2624 522 2678 quem
548 2624 727 2679 usque
745 2607 888 2660 adeo
911 2611 1143 2661 acutum
1170 2607 1336 2661 multi
1360 2611 1583 2677 putant,
1613 2607 1690 2660 ita
1713 2589 1866 2677 loqui
1885 2589 2046 2679 quasi

317 2707 319 2709 '
349 2696 498 2758 inter
528 2695 901 2750 substantiam
923 2700 978 2748 et
997 2695 1139 2748 nihil
1164 2711 1265 2749 ens
1295 2696 1538 2758 nullum,
1564 2700 1627 2749 ut
1647 2695 2045 2766 philosophice

354 2787 579 2856 loquar,
612 2785 928 2849 interesset,
962 2784 1392 2854 accidentiaque
1413 2785 1608 2837 omnia
1628 2800 1731 2854 pro
1753 2785 1933 2838 nihilo
1959 2801 2045 2839 es-

353 2878 480 2927 sent
507 2873 816 2928 habenda?
849 2873 906 2928 Si
936 2889 1134 2926 verum
1167 2873 1274 2925 hoc
1324 2877 1490 2939 esset,
1545 2875 1756 2927 sanitas
1788 2878 1844 2926 et
1871 2875 2047 2926 virtus

353 2961 615 3016 habenda
644 2962 816 3016 etiam
849 2966 1037 3014 essent
1068 2960 1302 3014 nomina
1329 2960 1471 3013 meri
1508 2960 1698 3029 nihili,
1729 2965 1862 3014 sunt
1893 2961 2046 3014 enim
2078 2971 2116 3024 ο

354 3049 731 3104 accidentium
761 3049 1054 3102 vocabula.
1095 3049 1294 3112 Nescio,
1324 3049 1462 3119 quid
1496 3049 1650 3102 hisce
1703 3054 2051 3119 reponerent

353 3137 801 3204 Manichmi;sed
833 3136 879 3189 si
917 3136 994 3190 ita
1035 3153 1092 3189 se
1131 3136 1416 3190 confutari
1469 3137 1624 3190 taciti
1663 3137 2046 3206 patiebantur,

345 3226 507 3279 valde
536 3225 772 3278 stolidos
801 3224 971 3277 fuisse
1003 3230 1244 3292 oportet.
1285 3225 1446 3279 l-lisce
1474 3230 1668 3279 tamen
1699 3242 1879 3296 usque
1909 3227 2048 3280 adeo

346 3329 465 3366 non
497 3312 855 3375 immorarer,
891 3312 999 3365 nisi
1028 3313 1283 3366 viderem
1314 3318 1371 3366 et
1403 3313 1765 3367 scholasticos
1805 3319 1861 3367 et
1905 3314 2048 3368 alios

346 3401 626 3456 acutiores
647 3401 1038 3471 philosophos,
1058 3401 1124 3481 in
1145 3406 1374 3471 accepto
1401 3403 1510 3455 hoc
1531 3418 1562 3454 a
1585 3402 1872 3455 veteribus
1892 3419 2046 3456 com-

349 3495 563 3552 mento,
593 3489 769 3544 veluti
798 3490 866 3543 de
901 3505 1074 3543 manu
1101 3490 1162 3542 in
1189 3506 1446 3554 manum,
1496 3490 1861 3560 acquievisse.
1910 3494 2046 3546 Pro-

347 3581 545 3646 pterea
590 3578 844 3647 argutias
894 3577 1320 3648 phiIOSOphicas
1369 3595 1496 3649 quae
1556 3583 1878 3649 sequuntur
1934 3596 2049 3634 non

349 3682 562 3731 moror,
597 3665 853 3736 quamvis
875 3682 1078 3736 parum
1103 3666 1311 3721 idoneo
1339 3668 1462 3721 loco
1481 3667 1593 3721 siut
1617 3668 1906 3721 collocatae
1940 3685 1952 3720 :
1987 3668 2046 3722 in

351 3753 674 3808 Enchiridio
697 3754 934 3825 quippe,
965 3771 1079 3825 quo
1130 3755 1464 3810 Laurentius
1509 3756 1733 3810 volebat
1781 3772 1897 3810 non
1928 3773 2046 3810 me-

345 3843 667 3914 tapbysicas
695 3844 1226 3914 contemplationes,
1260 3845 1356 3898 sed
1383 3845 1722 3914 religionem
1777 3845 2047 3899 Christia-

346 3949 480 3987 nam
507 3933 567 3986 in
594 3949 819 3986 summa
848 3933 1035 4003 capita
1065 3937 1432 3998 contractam,
1467 3935 1829 4004 breviterque
1873 3934 2049 4005 expli-

351 4026 532 4076 catam
563 4021 791 4075 habere.
825 4021 932 4075 Sed
964 4023 1070 4075 hoc
1100 4025 1186 4074 est
1225 4021 1526 4076 hominum
1573 4022 1901 4092 loquacium
1957 4023 2048 4076 in-

347 4109 606 4180 genium,
628 4114 694 4163 ut
724 4109 948 4180 quidvis
973 4110 1127 4180 quod
1178 4127 1301 4165 sese
1353 4111 1544 4165 animo
1591 4112 1806 4182 objicit,
1849 4113 2048 4182 quovis

346 4207 606 4270 tempore
637 4203 692 4253 et
720 4200 845 4254 loco
876 4200 1193 4255 effundant.

417 4291 552 4360 Cap.
596 4292 738 4355 21,§
776 4293 831 4341 7.
863 4291 926 4342 1η
969 4290 1164 4356 quibus
1200 4293 1378 4342 autem
1429 4290 1587 4343 rebus
1640 4291 1782 4343 nihil
1826 4292 2047 4344 interest

352 4377 427 4430 ad
457 4376 839 4445 capessendum
861 4379 956 4430 Dei
985 4393 1228 4444 regnum,
1270 4382 1450 4430 utrum
1484 4377 1776 4431 credantur
1803 4394 1874 4430 an
1905 4393 2048 4444 non;

350 4465 432 4516 vel
463 4469 642 4517 utrum
669 4479 798 4515 vera
821 4465 932 4515 sive
959 4465 1091 4531 sint,
1117 4465 1229 4516 sive
1253 4468 1531 4531 putentur,
1559 4480 1628 4517 an
1647 4466 1797 4529 falsa
1820 4482 1833 4530 ;
1869 4467 1926 4518 in
1962 4467 2046 4519 his

350 4567 554 4615 errare,
588 4551 649 4603 id
668 4555 744 4604 est
764 4551 916 4604 aliud
932 4566 1034 4619 pro
1055 4551 1168 4605 alio
1186 4555 1400 4619 putare,
1423 4567 1529 4604 non
1559 4553 1940 4606 arbitrandum
1969 4559 2050 4607 est

347 4655 457 4694 esse
483 4643 786 4708 peccatum;
810 4645 904 4692 aut
925 4642 976 4693 si
999 4644 1096 4706 est,
1120 4642 1403 4694 minimum
1427 4656 1537 4694 esse
1555 4656 1617 4695 ac
1650 4642 1994 4695 levissimum.
2020 4641 2042 4712 ]

345 4727 402 4782 Si
431 4731 732 4796 peccatum,
758 4726 870 4780 dici
891 4732 1064 4798 queat
1085 4743 1244 4781 error
1265 4744 1379 4798 quo
1403 4729 1592 4782 minus
1615 4729 1716 4783 Dei
1752 4729 2040 4795 timentes,

347 4833 412 4870 ac
442 4820 859 4887 praeceptorum
889 4816 1012 4885 ejus
1041 4814 1233 4868 minus
1263 4816 1626 4870 observantes
1678 4835 1793 4871 non
1833 4819 2040 4884 ﬁmus;

347 4909 432 4959 est
479 4909 778 4974 peccatum,
825 4908 887 4958 ut
938 4904 1018 4958 ita
1067 4905 1292 4975 loquar,
1327 4907 1781 4975 philOSOphicum,
1825 4907 1932 4960 hoc
1962 4912 2046 4962 est

349 4993 622 5047 delictum
676 4992 735 5046 in
789 4991 940 5062 leges
986 4992 1220 5062 logicas,
1271 5010 1420 5063 quae,
1453 4994 1500 5047 si
1539 5011 1765 5065 semper
1818 5011 1848 5047 a
1877 4995 2044 5048 nobis

349 5081 806 5147 observarentur,
835 5097 936 5135 nos
965 5081 1037 5135 ab
1068 5097 1257 5135 errore
1295 5082 1582 5135 immunes
1620 5088 2040 5138 conservarent.

349 5170 461 5223 Sed
501 5170 640 5224 talia
683 5175 934 5240 peccata,
984 5169 1195 5239 quibus
1242 5186 1358 5223 non
1407 5170 1472 5223 iit
1513 5174 1576 5223 ut
1605 5171 1672 5224 de
1705 5172 1819 5224 Deo
1851 5172 2042 5225 minus

350 5256 648 5326 magniﬁce
671 5258 1004 5326 sentiamus,
1027 5258 1112 5310 vel
1128 5262 1192 5311 ut
1212 5257 1552 5327 evangelicis
1591 5258 1816 5328 legibus
1851 5259 2044 5312 minus

351 5343 530 5397 teneri
563 5361 664 5397 nos
693 5351 981 5414 putemus,
1017 5362 1131 5400 non
1163 5350 1298 5400 sunt
1336 5362 1404 5398 ea
1454 5346 1661 5415 quibus
1717 5348 2044 5417 evangelica

350 5431 608 5485 doctrina
626 5448 822 5502 poenas
844 5434 1111 5488 minatur.
1145 5435 1344 5504 Itaque
1376 5439 1526 5487 recte
1561 5434 1623 5486 in
1671 5435 2042 5505 sequentibus

352 5519 725 5590 Augustinus,
748 5522 1076 5576 memoratis
1098 5521 1389 5577 nonnullis
1409 5521 1670 5576 innocuis
1705 5523 1992 5577 erroribus
2023 5538 2035 5580 :

2151 491 2312 542 Deum
2342 489 2494 543 nobis
2523 494 2620 555 est,
2647 490 2919 556 fallimur,
2965 493 3015 541 et
3050 490 3143 541 via
3171 503 3274 542 non
3300 493 3473 545 relicta
3500 510 3605 562 quae
3643 500 3704 551 ad
3729 505 3772 555 il-

2149 577 2258 630 lum
2292 577 2459 645 ducit,
2515 593 2790 645 erramus;
2841 581 2939 646 qui
2975 592 3200 642 errores,
3249 580 3447 634 etiamsi
3468 591 3662 649 peccata
3692 604 3772 642 non

2147 670 2292 730 sunt,
2326 671 2502 720 tamen
2548 670 2608 720 in
2643 667 2798 720 malis
2838 668 2999 735 hujus
3031 668 3155 720 vitae
3184 666 3470 734 deputandi
3507 678 3651 738 sunt;
3682 693 3773 744 quae
3803 650 3811 658 ’

2147 757 2229 808 ita
2257 755 2500 823 subjecta
2529 762 2605 809 est
2633 759 2887 822 vanitati,
2920 761 2980 809 ut
3021 755 3381 824 approbentur
3415 758 3493 812 hic
3537 761 3664 824 falsa
3697 780 3776 830 pro

2147 846 2306 909 veris,
2340 849 2670 912 respuantur
2705 860 2833 897 vera
2855 859 2957 913 pro
2984 845 3167 909 falsis,
3202 847 3466 898 teneantur
3492 849 3670 902 incerta
3703 868 3778 918 pro

2148 934 2326 985 certis.
2365 934 2492 986 Haec
2541 936 2811 1002 reputare
2855 947 3047 986 secum
3095 931 3368 986 deberent
3409 933 3638 1005 theologi
3671 953 3781 991 non-

2149 1019 2312 1084 nulli,
2348 1020 2447 1090 qui
2479 1035 2606 1072 cum
2630 1019 2828 1089 magni
2877 1019 3260 1088 Augustinum
3306 1019 3479 1074 facere
3519 1022 3675 1076 videri
3705 1041 3778 1078 ve-

2149 1106 2275 1172 lint,
2310 1111 2561 1160 attamen
2583 1107 2939 1161 contendunt
2967 1096 3166 1160 omnes
3191 1123 3403 1160 errores
3431 1124 3542 1162 esse
3577 1117 3779 1179 peccata,

2149 1195 2456 1264 omniaque
2505 1200 2754 1264 peccata,
2812 1199 2879 1248 ut
2930 1195 3135 1248 scholae
3191 1195 3438 1264 theologi
3501 1196 3781 1266 loquuntur,

2149 1298 2270 1336 esse
2299 1283 2595 1347 mortalia;
2634 1283 2806 1348 unde,
2841 1287 2900 1336 ut
2927 1267 3150 1353 putant,
3183 1283 3435 1352 sequitur
3464 1284 3632 1337 nullos
3657 1301 3782 1338 erro-

2148 1387 2238 1424 res
2268 1371 2404 1424 ferri
2433 1376 2718 1442 oportere,
2751 1371 3218 1442 quandoquidem
3246 1371 3401 1424 nulla
3431 1371 3666 1424 lethifera
3691 1389 3786 1443 pec.

2152 1465 2276 1514 cata
2306 1462 2539 1515 ferenda
2566 1467 2715 1516 sunt.

2147 1601 2153 1610 ,
2219 1549 2454 1616 Ibidem,
2489 1555 2793 1620 postquam
2824 1549 3088 1619 probavit
3125 1565 3294 1604 omne
3339 1551 3674 1604 mendacium
3698 1569 3789 1605 esse

2149 1642 2464 1708 peccatum,
2495 1640 2793 1706 plurimum
2819 1639 3055 1707 quidem,
3088 1639 3296 1709 inquit,
3349 1639 3420 1692 ad
3466 1640 3639 1693 bonum
3684 1657 3789 1708 pro-

2149 1729 2340 1793 fecisse
2371 1729 2628 1794 homines,
2661 1730 2758 1796 qui
2784 1743 2888 1781 non
2917 1729 3028 1782 nisi
3058 1743 3164 1797 pro
3206 1729 3377 1782 salute
3427 1730 3637 1782 hominis
3673 1745 3791 1782 men.-

2153 1817 2384 1880 tiuntur,
2417 1831 2522 1868 non
2551 1820 2628 1869 est
2656 1815 2969 1881 negandum
2987 1835 3008 1880 ;
3033 1816 3129 1870 sed
3157 1819 3216 1869 in
3241 1832 3419 1870 eorum
3457 1818 3552 1871 tali
3571 1819 3792 1885 profectu,

2150 1906 2341 1958 merito
2385 1903 2666 1971 laudatur,
2725 1905 2807 1957 vel
2853 1906 3016 1958 etiam
3074 1907 3438 1974 temporaliter
3473 1910 3795 1960 remuneratur

2153 1993 2534 2059 benevolentia,
2586 2008 2691 2046 non
2735 1994 2984 2059 fallacia,
3033 2009 3152 2062 quae
3206 1998 3270 2047 ut
3307 1996 3602 2062 ignoscatur
3627 1999 3700 2048 sat
3721 1999 3793 2058 est,

2150 2097 2257 2134 non
2296 2086 2356 2134 ut
2384 2084 2547 2134 etiam
2571 2081 2918 2150 praedicetur,
2955 2085 3058 2134 etc.
3093 2080 3106 2151 l
3133 2081 3368 2135 Videtur
3386 2080 3706 2150 Augustinus
3733 2080 3794 2131 lo-

2156 2168 2255 2239 qui
2285 2169 2354 2222 de
2385 2171 2558 2223 salute
2587 2173 2822 2234 interna,
2865 2169 2939 2223 ad
2985 2185 3161 2240 quam
3209 2170 3502 2223 nonnullis
3533 2167 3796 2222 concilian-

2153 2257 2287 2310 dam
2325 2257 2492 2311 multi
2540 2261 2675 2310 tunc
2717 2257 2990 2327 temporis
3034 2258 3484 2322 mentiebantur,
3534 2255 3798 2309 innumeris

2153 2345 2445 2400 miraculis
2469 2346 2756 2414 conﬁctis;
2789 2361 2946 2412 eum,
2977 2350 3042 2400 ut
3067 2347 3353 2414 dicebant,
3388 2347 3642 2401 duntaxat
3680 2344 3730 2397 in
3751 2345 3799 2396 ti-

2155 2450 2308 2500 nem,
2341 2439 2408 2488 ut
2451 2434 2710 2488 inﬁdeles
2759 2435 2826 2488 ad
2867 2434 3044 2488 ﬁdem
3093 2436 3529 2488 adducerentur.
3588 2435 3680 2486 Eos
3713 2447 3799 2485 non

2153 2523 2349 2578 laudat
2388 2523 2763 2594 Augustinus,
2812 2523 2908 2576 sed
2954 2522 3118 2578 facile
3150 2523 3517 2593 iisiguoscit;
3551 2521 3687 2592 quod
3713 2521 3800 2573 fre-

2155 2627 2358 2682 quens,
2390 2615 2453 2665 ut
2472 2611 2704 2682 quidem
2726 2612 2974 2678 videtur,
3035 2612 3252 2665 malum
3313 2617 3457 2665 esset
3488 2612 3628 2664 inter
3661 2609 3802 2663 eccle-

2156 2699 2410 2754 siasticos
2440 2700 2705 2754 homines
2735 2700 2889 2754 illius
2911 2701 3044 2755 aevi.
3084 2701 3191 2754 Sed
3241 2701 3483 2770 dignum
3537 2703 3616 2751 est
3649 2697 3802 2750 obser-

2154 2793 2311 2851 vatu,
2344 2789 2596 2858 primum
2627 2805 2726 2843 eos
2756 2789 2855 2859 qui
2896 2789 3155 2843 servandi
3199 2789 3451 2858 proximi
3489 2803 3644 2841 causa
3684 2799 3805 2838 men-

2155 2877 2466 2944 tiebantur,
2500 2877 2812 2948 srepissime
2864 2895 2934 2931 ex
2973 2879 3072 2931 illo
3123 2877 3428 2932 mendacio
3457 2893 3570 2930 non
3596 2877 3805 2927 contem-

2161 2965 2414 3018 nendum
2440 2965 2665 3019 lucrum
2695 2965 2912 3020 fecisse.
2937 2965 3197 3035 Exempli
3223 2981 3416 3033 causa,
3449 2961 3805 3034 quiﬁngebant

2159 3058 2244 3107 tot
2270 3054 2546 3107 miracula
2574 3053 2636 3107 in
2665 3053 2782 3107 suis
2808 3053 3059 3107 ecclesiis
3088 3053 3214 3107 ﬁeri
3258 3069 3366 3122 ope
3401 3049 3744 3120 reliquiarum
3759 3045 3799 3096 S.

2161 3142 2455 3212 Stephani,
2489 3141 2530 3194 ii
2560 3142 2637 3194 ita
2667 3157 2724 3194 se
2751 3142 3026 3211 gerebant
3055 3146 3116 3194 ut
3131 3141 3397 3196 inﬁdeles
3420 3144 3516 3193 aut
3535 3137 3808 3192 dubitantes

2158 3230 2227 3284 de
2253 3230 2365 3283 ﬁde
2398 3229 2795 3284 lucrifacerent
2823 3230 2967 3296 ;’sed
3001 3231 3202 3284 eadem
3234 3246 3410 3300 opera
3441 3226 3728 3282 oblationes
3756 3221 3806 3274 ab

2159 3318 2230 3371 iis
2270 3317 2624 3388 accipiebant
2671 3317 2911 3371 minime
2956 3319 3353 3387 spernendas;
3406 3317 3531 3388 quis
3581 3313 3731 3370 enim.
3775 3309 3808 3360 si

2158 3407 2328 3462 modo
2354 3411 2564 3476 posset,
2595 3423 2713 3460 non
2742 3407 2958 3477 aliquid
2983 3407 3318 3461 contulisset
3367 3407 3426 3460 in
3469 3420 3625 3459 usum
3675 3399 3808 3454 eccle-

2159 3495 2279 3561 siae,
2302 3511 2475 3566 quam
2505 3499 2591 3548 tot
2621 3511 2684 3548 ac
2709 3495 2879 3548 tantis
2928 3495 3220 3548 miraculis
3265 3495 3606 3565 dignabatur
3651 3489 3809 3542 beatus

2158 3585 2522 3654 Stephanus?
2581 3584 2776 3653 Itaque
2828 3583 2949 3636 sine
2997 3583 3178 3636 nimia
3229 3582 3606 3653 malignitate,
3637 3574 3808 3631 menti-

2159 3675 2244 3725 tos
2271 3688 2368 3725 eos
2401 3672 2627 3732 dixeris,
2657 3687 2770 3724 nou
2803 3671 2992 3725 minus
3025 3688 3122 3742 spe
3156 3671 3303 3725 lucri
3339 3686 3514 3742 quam
3553 3664 3809 3737 cupiditate

2159 3760 2420 3813 servandi
2450 3758 2708 3829 proximi.
2743 3759 2903 3812 Certe
2925 3759 3022 3829 qui
3055 3759 3132 3812 ita
3163 3759 3527 3812 mentiuntur
3554 3753 3695 3824 digni
3721 3763 3808 3803 non

2159 3855 2291 3902 sunt
2337 3847 2437 3918 qui
2485 3847 2754 3902 meliores
2804 3863 2838 3900 a
2879 3846 3043 3900 nobis
3086 3852 3391 3916 putentur.
3452 3842 3691 3901 Secundo
3719 3841 3811 3892 loco

2159 3936 2561 4006 gravissimum
2588 3940 2673 3988 est
2701 3938 2996 4004 peccatum
3027 3934 3087 3987 in
3112 3935 3299 3988 Deum
3328 3934 3503 4004 inque
3542 3932 3808 3984 humanum

2159 4041 2359 4094 genus,
2385 4040 2516 4077 cum
2560 4022 2898 4077 certissimas
2943 4022 3192 4076 rationes
3239 4023 3452 4081 habeas
3484 4020 3679 4091 quibus
3705 4013 3810 4068 inti-

2160 4114 2336 4179 deles,
2369 4113 2415 4166 si
2445 4113 2571 4166 ﬁeri
2601 4113 2656 4166 id
2679 4113 2874 4183 possit,
2915 4111 2986 4165 ad
3016 4112 3370 4166 credendum
3419 4111 3672 4171 adducas,
3701 4117 3811 4156 con-

2159 4201 2357 4270 fugere
2379 4200 2450 4253 ad
2479 4199 2772 4253 mendacia
2796 4215 2809 4265 ;
2836 4199 3176 4252 dehonestas
3191 4199 3352 4253 enim
3376 4198 3542 4269 plane
3562 4193 3809 4248 veritatem

2161 4305 2336 4360 quam
2364 4288 2662 4342 mendacio
2686 4287 2900 4353 tueris;
2932 4288 3139 4342 deinde
3171 4303 3300 4342 eam
3333 4289 3393 4341 in
3421 4301 3588 4356 grave
3629 4279 3812 4352 pericu-

2157 4379 2278 4432 lum
2301 4377 2554 4448 conjicis,
2578 4377 2713 4447 quia
2738 4376 2786 4430 si
2813 4377 2956 4430 forte
2972 4377 3343 4430 mendacium
3366 4381 3528 4429 tuum
3551 4372 3810 4438 retegatur.

2157 4468 2362 4521 veritas
2389 4467 2511 4537 ipsa
2540 4465 2598 4519 in
2614 4465 2854 4520 dubium
2875 4465 3255 4518 revocabitur.
3278 4465 3391 4519 Sed
3440 4457 3705 4516 mendacii
3725 4461 3811 4507 tam

2156 4555 2424 4608 inimicus
2453 4570 2566 4606 non
2597 4557 2718 4606 erat
2745 4553 3098 4621 Augustinus
3127 4569 3304 4622 quam
3338 4551 3561 4605 volebat
3587 4544 3758 4600 videri.

2227 4644 2359 4713 Cap.
2395 4645 2481 4696 30.
2523 4642 2661 4695 Haec
2686 4657 2820 4709 pars
2852 4642 3078 4694 humani
3101 4644 3340 4710 generis,
3368 4642 3458 4694 cui
3497 4636 3815 4693 liberationem

2154 4733 2314 4796 Deus,
2364 4746 2692 4798 regnumque
2738 4731 2994 4798 promisit
3036 4734 3318 4796 aeternum,
3367 4726 3613 4795 nunquid
3647 4719 3815 4775 meritis

2153 4836 2371 4889 operum
2391 4835 2609 4874 suorum
2638 4820 2892 4887 reparari
2916 4821 3092 4886 potest
3119 4819 3147 4870 ?
3203 4819 3390 4872 Absit.
3426 4814 3448 4887 ]
3498 4813 3628 4878 Quis
3657 4815 3812 4877 Augu.

2153 4907 2303 4961 stino
2332 4924 2446 4960 non
2475 4907 2864 4977 astipuletur?
2910 4907 3076 4959 Nulla
3118 4905 3274 4959 enim
3323 4908 3563 4976 possunt
3587 4916 3695 4955 esse
3725 4910 3817 4948 me-

2153 4995 2263 5049 rita
2291 4996 2592 5062 malorum,
2640 4995 2776 5049 dum
2829 4994 2964 5047 mali
3013 4998 3166 5060 sunt,
3210 5010 3345 5064 quin
3392 4995 3504 5047 Deo
3533 4993 3684 5061 grata
3723 4995 3816 5038 esse

2154 5087 2385 5154 queant,
2436 5083 2513 5136 ita
2567 5086 2628 5136 ut
2671 5086 2978 5152 propterea
3028 5081 3097 5135 de
3137 5082 3208 5135 iis
3239 5083 3314 5136 ad
3358 5098 3416 5135 se
3466 5070 3819 5133 convertendis

2152 5172 2452 5226 consilium
2482 5171 2684 5241 capiat.
2709 5170 2933 5241 Pergit:
2969 5171 3112 5236 Quid
3140 5174 3283 5224 enim
3307 5171 3433 5223 boni
3448 5170 3691 5239 operatur
3715 5173 3817 5230 pcr-

2153 5261 2322 5327 ditus,
2362 5262 2474 5314 nisi
2503 5263 2766 5328 quantum
2792 5260 2965 5323 fuerit
2984 5274 3018 5311 a
3044 5258 3353 5328 perditione
3378 5254 3670 5310 liberatus?
3699 5252 3819 5304 Nun-

2153 5349 2291 5416 quid
2316 5349 2482 5402 libero
2508 5348 2808 5401 voluntatis
2833 5346 3106 5400 arbitrio?
3150 5349 3220 5401 Et
3251 5347 3348 5399 hoc
3387 5345 3548 5398 absit.
3582 5341 3698 5394 Hinc
3721 5346 3819 5387 om-

2151 5437 2248 5490 nia
2275 5453 2411 5490 vera
2440 5441 2592 5503 sunt,
2621 5452 2792 5490 nemo
2822 5435 2978 5490 enim
3003 5436 3188 5490 malus
3218 5440 3373 5489 recte
3415 5432 3712 5503 quidquam
3751 5422 3822 5473 f3-

2150 5525 2226 5578 cit
2273 5529 2562 5596 quatenus
2597 5524 2784 5578 malus
2826 5529 2928 5580 est.
2979 5525 3158 5579 Nemo
3185 5522 3360 5577 etiam
3396 5520 3498 5592 qui
3534 5532 3644 5572 nou
3682 5510 3822 5583 plane
