3920 6180
115 294 191 345 421
847 288 1204 345 VARIORUM
1245 291 1844 349 EXERCITATIONES
1882 295 1948 348 IN
1989 297 2044 350 S.
2087 299 2453 356 AUGUSTINI
2489 303 2748 360 OPERA.

3448 317 3554 370 422

115 412 263 464 malus
296 413 371 462 est
419 407 577 461 liberi
605 408 825 462 arbitrii
858 410 944 462 sui
985 413 1191 465 meritis
1248 417 1503 483 reparari
1541 418 1748 484 potest,
1786 415 1831 468 A
1859 423 2192 487 revocatur;
2223 423 2357 492 quia
2387 440 2556 479 nemo
2587 433 2753 496 putat
2782 445 2911 484 eum
2941 433 3056 486 ulla
3095 435 3423 491 necessitate
3472 443 3552 492 te-

115 499 238 552 nulla
265 496 401 549 enim
429 495 543 549 illic
568 501 696 550 sunt
737 499 961 564 merita,
996 498 1042 552 si
1081 499 1264 569 rigide
1295 502 1624 573 loquamur,
1652 505 1752 558 ubi

119 589 244 642 venia
267 601 391 655 opus
420 590 522 651 est,
551 602 649 639 nec
681 587 782 640 ulli
829 587 1052 641 homini
1092 590 1240 654 Deus
1269 591 1512 646 salutem
1561 593 1745 648 debet.

119 676 319 747 Speciosa
341 674 455 727 haec
486 678 614 728 sunt
641 675 930 746 dogmata,
964 677 1280 749 eademque
1303 680 1619 749 verissima,
1653 680 1749 734 sed

113 763 361 817 videndum
393 779 461 815 an
492 764 786 834 sequentia
810 765 889 817 eis
930 767 1312 840 respondeant
1341 784 1353 821 :
1394 785 1522 822 nam
1560 769 1743 837 libero,

105 851 267 922 inquit,
293 851 516 904 arbitrio
547 853 682 906 male
705 859 855 908 utens
878 855 1029 908 homo
1052 862 1101 908 et
1129 871 1184 909 se
1198 858 1448 925 perdidit
1472 864 1523 913 et
1547 861 1745 927 ipsum.

103 938 303 990 Adamus
326 938 573 1006 quidem,
596 940 696 1009 qui
739 940 956 1011 primus
985 943 1132 997 male
1160 960 1296 998 usus
1327 950 1412 998 est
1441 946 1621 999 libero
1649 961 1745 999 ar-

101 1025 231 1078 bitrio
254 1026 379 1094 (imo
409 1043 543 1080 vero
572 1030 742 1094 solus,
789 1029 835 1082 si
877 1031 1265 1100 Augustinum
1305 1034 1646 1103 audiamus),
1688 1050 1746 1088 se

100 1114 213 1167 malo
238 1114 326 1167 illo
356 1131 459 1168 usu
503 1116 559 1169 in
582 1121 859 1172 aeternum
893 1121 1259 1190 perdidisset,
1294 1123 1406 1176 nisi
1429 1123 1622 1178 divina
1645 1123 1747 1178 mi-

96 1203 351 1256 sericordia
379 1204 647 1259 delictum
685 1207 824 1261 illud
868 1208 920 1262 ei
949 1208 1294 1280 ignovisset;
1348 1213 1447 1266 sed
1477 1229 1580 1266 nec
1614 1229 1744 1283 per-

95 1290 203 1342 didit
229 1290 458 1346 liberum
509 1293 833 1362 arbitrium,
868 1313 1057 1368 neque
1087 1299 1244 1353 enim
1279 1317 1346 1352 ea
1375 1302 1493 1354 sola
1523 1301 1743 1356 actione

93 1378 150 1428 sic
183 1380 477 1431 necessario
527 1387 790 1450 peccator
819 1383 998 1436 factus
1047 1390 1150 1450 est,
1183 1391 1247 1440 ut
1273 1387 1420 1440 nihil
1460 1387 1595 1441 boni
1626 1405 1743 1441 am-

90 1465 222 1533 plius,
253 1466 353 1519 nisi
383 1467 734 1523 ineluctabili
767 1471 866 1525 Dei
903 1473 1087 1541 gratia
1117 1473 1367 1545 adjutus,
1400 1475 1584 1530 facere
1616 1493 1743 1546 pos-

92 1557 168 1606 set.
203 1554 352 1607 Nullo
392 1555 504 1609 hoc
541 1556 846 1628 Scripturee
895 1561 1020 1614 loco
1069 1568 1310 1629 constat,
1360 1579 1464 1616 nec
1521 1564 1740 1617 ratione

91 1643 175 1694 ulla
213 1643 420 1698 nititur.
463 1647 684 1700 Posteri
724 1649 846 1718 ejus
902 1650 1074 1703 etiam
1124 1667 1242 1704 non
1279 1651 1361 1704 ita
1402 1651 1717 1705 amiserunt

89 1733 447 1786 consuetudine
492 1736 789 1804 peccandi,
832 1737 1172 1805 libertatem,
1210 1744 1272 1793 ut
1301 1740 1736 1811 sensimjugum

87 1820 277 1886 peccati,
340 1821 576 1876 meliore
631 1830 920 1878 contracta
989 1828 1421 1895 consuetudine,
1478 1833 1738 1884 excutere

89 1923 173 1961 non
198 1909 414 1978 possint,
446 1910 558 1964 nisi
581 1913 778 1966 afﬂatu
798 1914 1024 1968 interno
1048 1916 1138 1969 cui
1155 1916 1417 1971 resistere
1446 1923 1737 1988 nequeant

87 1997 391 2066 adjuventur.
429 2001 661 2054 Frustra
692 2002 844 2056 enim
892 2004 1108 2074 alioqui
1140 2006 1285 2059 Deus
1325 2006 1406 2060 eis
1442 2007 1600 2077 leges
1629 2007 1737 2060 fer-

87 2089 150 2137 ret
179 2087 395 2140 sancitas
439 2089 697 2160 praemiis
750 2096 806 2144 et
847 2093 1052 2162 poenis,
1106 2109 1246 2163 quas
1279 2095 1349 2147 ab
1388 2096 1456 2148 iis
1497 2095 1737 2150 minime

87 2189 209 2241 posse
237 2175 512 2230 observari
556 2179 733 2248 probe
781 2187 992 2240 nosset,
1043 2182 1153 2235 nisi
1183 2198 1279 2236 eos
1307 2188 1634 2237 constanter
1660 2185 1739 2238 af-

87 2262 224 2328 tlaret,
255 2265 396 2334 quod
426 2269 625 2320 tamen
655 2284 786 2338 erga
822 2285 1020 2323 omnes
1041 2270 1224 2324 facere
1256 2271 1734 2338 minimefconsti-

87 2351 186 2403 tuit.
231 2352 427 2407 Verum
466 2354 565 2407 hic
605 2371 719 2408 non
753 2361 838 2410 est
877 2358 1031 2410 locus
1061 2358 1425 2413 confutandaa
1457 2361 1579 2430 ejus
1606 2378 1733 2414 sen-

87 2439 269 2507 tentiae;
300 2441 404 2494 hoc
434 2446 665 2497 tantum
684 2445 991 2516 diligenter
1016 2446 1312 2501 memoriae
1341 2449 1732 2503 mandandum

86 2528 478 2601 quotiescunque
507 2535 860 2602 Augustinus
895 2535 1122 2589 liberum
1153 2536 1446 2590 hominem
1483 2539 1737 2608 agnoscit

84 2615 122 2666 in
144 2615 276 2670 libris
301 2625 426 2689 post
468 2623 890 2675 controversias
920 2625 1254 2694 Pelagianas
1285 2626 1640 2696 conscriptis,
1675 2627 1734 2682 id

83 2720 126 2756 ex
143 2705 239 2774 ejus
258 2709 548 2763 sententia
576 2710 738 2764 valde
774 2709 1090 2782 improprie
1118 2714 1578 2783 intelligendum,
1603 2732 1733 2769 cum

83 2790 144 2843 hic
176 2793 537 2849 disertissime
570 2797 767 2851 doceat
812 2799 1111 2853 hominem
1149 2806 1207 2855 et
1259 2818 1318 2855 se
1371 2807 1428 2856 et
1487 2803 1732 2857 liberum

85 2881 320 2938 arbitrium
360 2885 710 2955 perdidisse.
757 2888 1074 2942 Audiamus
1121 2893 1176 2942 et
1207 2895 1540 2961 sequentem
1571 2908 1729 2945 com-

1723 1693 1734 1718 ’
1776 1696 1818 1750 B

1859 507 1983 558 neri
2010 509 2319 576 quominus
2347 513 2510 565 malis
2541 515 2796 569 moribus
2828 518 3122 574 valedicat.

1928 594 2122 674 Pergit
2146 598 2497 664 Augustinus
2523 617 2534 652 :
2562 603 2712 654 Petri
2739 608 2876 656 certe
2921 609 3153 674 apostoli
3184 615 3263 662 est
3290 612 3398 664 ista
3431 626 3556 664 sen-

1858 673 2047 742 tentia,
2079 691 2198 742 qua?
2226 693 2344 731 cum
2372 696 2498 734 vera
2527 685 2618 750 sit,
2644 686 2823 751 qualis
2859 702 3034 753 quazso
3068 694 3247 757 potest
3283 694 3428 744 servi
3456 691 3557 745 ad-

1857 761 1992 815 dicti
2039 779 2148 818 esse
2197 765 2441 834 libertas,
2491 771 2600 822 nisi
2628 773 2844 838 quando
2883 790 3000 828 eum
3027 792 3250 844 peccare
3282 779 3557 834 delectat?

1855 851 2177 907 Liberaliter
2205 857 2346 909 enim
2375 860 2561 920 servit,
2603 861 2699 926 qui
2745 862 2832 912 sui
2877 865 3091 916 Domini
3115 867 3440 919 voluntatem
3471 869 3551 920 li—

1856 938 2034 993 benter
2079 946 2253 1009 facit;
2307 961 2369 999 ac
2406 961 2502 1014 per
2552 948 2644 1000 hoc
2692 949 2766 1000 ad
2809 952 3138 1017 peccandum
3175 955 3309 1016 liber
3337 961 3416 1008 est
3455 958 3552 1023 qui

1851 1032 2255 1096 peccatiservus
2287 1038 2382 1087 est.
2425 1037 2498 1088 At
2543 1052 2654 1105 quo
2703 1036 2970 1092 libentius
3024 1046 3249 1110 peccato
3297 1043 3552 1098 serviunt

1852 1116 2132 1186 homines,
2166 1137 2232 1174 eo
2265 1122 2448 1193 magis
2479 1124 2531 1178 ei
2562 1131 2697 1178 sunt
2726 1125 2937 1180 addicti
2969 1133 3025 1180 et
3065 1129 3406 1200 mancipati;
3450 1132 3548 1185 sed

1852 1221 1978 1259 eam
2027 1210 2357 1264 servitutem
2405 1212 2614 1266 sensim
2668 1221 2930 1268 excutere
2971 1223 3228 1286 possunt.
3262 1219 3427 1272 Aliud
3466 1224 3552 1273 est

1852 1295 2145 1352 liberaliter
2169 1300 2291 1353 hero
2317 1304 2535 1367 servire,
2573 1301 2730 1354 aliud
2758 1303 2920 1357 libere
2961 1308 3180 1358 servire.
3231 1307 3393 1359 Prius
3430 1323 3549 1360 esse

1849 1387 2056 1452 potest,
2088 1385 2134 1438 si
2165 1402 2358 1440 servus
2383 1387 2585 1441 herum
2617 1395 2788 1454 amet,
2814 1390 3050 1460 ejusque
3081 1395 3311 1447 caritate
3359 1394 3548 1448 liben-

1849 1476 1937 1525 ter
1963 1473 2033 1526 ad
2063 1475 2380 1543 parendum
2414 1477 2728 1530 adducatur
2751 1493 2766 1546 ;
2802 1484 2858 1530 at
2878 1480 3162 1548 posterius
3185 1499 3304 1534 esse
3326 1483 3548 1552 nequit,

1849 1559 1984 1630 quia
2024 1569 2306 1633 repugnat
2354 1565 2601 1618 liberum
2655 1582 2774 1618 esse
2825 1568 2924 1636 qui
2975 1569 3146 1622 servit
3174 1570 3251 1624 ita
3280 1577 3345 1623 ut
3369 1571 3551 1624 servi-

1849 1647 1986 1701 tutis
2007 1648 2214 1720 jugum
2247 1656 2506 1704 excutere
2541 1669 2653 1705 non
2686 1653 2883 1724 possit.
2919 1656 3115 1725 Itaque
3147 1674 3214 1710 ex
3267 1657 3551 1711 sententia

1849 1738 2157 1807 Augustini
2198 1740 2526 1809 negandum
2572 1746 2658 1794 est
2701 1757 2924 1794 servum
2970 1744 3188 1812 peccati
3225 1745 3341 1798 ullo
3373 1747 3547 1800 modo

1849 1826 2095 1879 liberum
2125 1843 2265 1894 esse,
2309 1827 2354 1880 si
2403 1828 2630 1898 proprie
2678 1829 2838 1898 loqui
2887 1831 3147 1885 velimus.
3194 1833 3403 1887 Verum
3451 1834 3546 1888 ille

1849 1928 1998 1982 sazpe
2027 1912 2717 1986 improprieloquebatur,
2745 1918 2880 1987 quia
2910 1935 3225 1988 paucorum
3256 1921 3545 1983 auresali-

1847 2003 1934 2053 ter
1961 2001 2289 2073 loquentem
2322 2005 2470 2058 ferre
2494 2011 2776 2075 poterant.
3114 1993 3119 2000 ’

1923 2091 2087 2157 Unde,
2123 2091 2330 2160 inquit,
2365 2093 2438 2145 ad
2458 2093 2606 2160 juste
2629 2095 2944 2159 faciendum
2972 2095 3104 2148 liber
3135 2113 3241 2150 non
3288 2101 3408 2166 erit,
3440 2102 3549 2154 nisi

1846 2194 1880 2231 a
1903 2185 2122 2247 peccato
2171 2181 2430 2235 liberatus
2451 2197 2563 2237 esse
2579 2183 2812 2251 justitia:
2842 2186 3058 2252 carperit
3087 2200 3292 2239 servus.
3323 2189 3451 2255 Ipsa
3471 2191 3547 2241 est

1844 2284 1973 2321 vera
2019 2270 2259 2332 libertas,
2301 2274 2527 2339 propter
2573 2275 2709 2324 recte
2754 2274 2896 2337 facti
2929 2273 3208 2326 libentium
3250 2273 3549 2341 (assentior

1847 2357 1997 2410 enim
2053 2358 2429 2412 Benedictinis
2474 2359 2553 2412 ita
2607 2360 2949 2434 legentibus,
2992 2377 3094 2430 pro
3144 2363 3391 2416 laetitiam
3452 2369 3550 2417 aut

1845 2446 2138 2512 licentiam,
2163 2450 2226 2499 ut
2255 2447 2467 2500 habent
2495 2447 2621 2500 aliae
2656 2447 2936 2501 editiones
2976 2454 3032 2502 et
3081 2449 3260 2517 libri),
3306 2453 3470 2506 simul
3499 2456 3550 2505 et

1843 2536 1940 2602 pia
1969 2538 2219 2603 servitus,
2248 2542 2471 2606 propter
2495 2541 2756 2607 praecepti
2783 2539 3162 2592 obedientium.
3207 2540 3346 2594 Hinc
3396 2541 3546 2596 videv

1843 2639 1972 2676 mus
2035 2631 2524 2693 regeneratorum,
2575 2626 2696 2696 qui,
2758 2643 2825 2679 ex
2867 2627 3172 2696 Augustini
3237 2630 3537 2697 sententia,

1845 2710 2193 2764 ineluctabili
2242 2714 2438 2766 afflatu
2487 2718 2757 2784 aguntur,
2806 2715 3023 2767 nullam
3055 2715 3228 2768 etiam
3259 2733 3379 2769 esse
3410 2733 3546 2786 pro-

1847 2800 1970 2868 prie
2021 2801 2227 2854 dictam
2276 2802 2621 2867 libertatem,
2671 2803 2716 2855 si
2739 2802 2821 2854 illi
2852 2803 3154 2868 credimus,
3194 2804 3290 2856 sed
3324 2808 3546 2858 tantum

1842 2887 2081 2955 parendi
2125 2889 2422 2956 libentium,
2474 2905 2602 2958 quae
2624 2888 2926 2950 rhetorice,
2982 2905 3094 2942 non
3129 2905 3280 2954 vere,
3313 2889 3548 2943 libertas

90 2972 411 3036 perationem:
457 2975 626 3029 Sicut
669 2979 810 3030 enim
854 2977 1064 3048 inquit,
1096 2981 1194 3048 qui
1235 2995 1289 3032 se
1308 2980 1523 3043 occidit,
1545 2983 1732 3048 utique
1769 2977 1806 3032 C
1846 2973 1956 3028 dici
2002 2979 2207 3043 potest.
2261 2977 2376 3029 Vox
2428 2977 2650 3031 libentia
2688 2977 2933 3029 occurrit
2976 2977 3125 3046 apud
3180 2980 3246 3031 A.
3301 2978 3546 3052 Gellium

93 3060 246 3114 urendo
272 3078 322 3116 se
347 3063 578 3129 occidit,
608 3065 702 3118 sed
739 3081 793 3120 se
838 3067 1122 3120 occidendo
1164 3083 1269 3121 non
1321 3070 1476 3134 vivit,
1510 3085 1602 3122 nec
1647 3084 1733 3122 se-

85 3152 210 3216 ipsum
237 3157 424 3222 poterit
462 3156 802 3207 resuscitare
831 3170 948 3208 cum
977 3155 1260 3221 occiderit;
1307 3157 1387 3209 ita
1416 3172 1533 3209 cum
1570 3157 1735 3211 libero

79 3247 333 3304 peccaretur
358 3243 627 3308 arbitrio,
662 3244 859 3296 victore
880 3248 1118 3311 peccato,
1174 3245 1434 3298 amissum
1471 3249 1547 3297 est
1597 3244 1734 3297 libe—

79 3342 164 3381 rum
187 3331 458 3386 arbitrium
482 3371 494 3383 .
523 3334 568 3384 A
602 3347 714 3400 quo
759 3331 914 3384 enim
945 3331 1074 3401 quis
1107 3331 1359 3385 devictus
1389 3336 1490 3398 est,
1523 3332 1655 3385 huic
1680 3336 1736 3385 et

79 3431 223 3470 servus
259 3420 525 3473 addictus
566 3423 650 3472 est
688 3421 757 3490 (II
784 3421 928 3472 Petr.
961 3437 1021 3486 ιι,
1072 3421 1172 3487 l6).
1230 3421 1299 3473 Ut
1349 3420 1734 3490 comparatio-

79 3519 173 3557 nem
187 3507 282 3560 alia
309 3507 751 3578 comparatione
778 3507 1026 3574 eludam,
1068 3507 1253 3561 dicam
1284 3511 1348 3561 ut
1376 3525 1547 3562 nemo
1578 3508 1644 3562 ﬁt
1672 3508 1731 3561 in

78 3590 188 3645 bello
214 3611 412 3661 servus,
445 3593 569 3648 nisi
607 3594 838 3660 invitus,
874 3601 930 3648 et
955 3595 1386 3664 quamprimum
1411 3595 1732 3650 libertatem

80 3695 358 3752 recuperare
385 3688 602 3754 potest,
635 3683 991 3737 occasionem
1012 3683 1173 3738 avide
1204 3684 1440 3754 arripit:
1477 3684 1555 3738 sic
1588 3701 1731 3754 quo-

77 3783 158 3835 que
178 3772 474 3834 hominem,
529 3773 628 3842 qui
661 3789 719 3826 se
749 3789 782 3826 a
814 3776 1046 3842 peccato
1075 3771 1285 3825 victum
1309 3772 1730 3839 animadvertit,

76 3857 264 3930 ejusque
291 3861 579 3916 servitutis
605 3862 970 3915 incommoda
994 3861 1182 3927 sentit,
1216 3861 1264 3914 si
1291 3861 1418 3932 quis
1448 3878 1579 3914 eum
1611 3877 1729 3914 me-

75 3945 156 3998 lius
187 3949 387 4016 doceat,
422 3954 656 4020 peccato
701 3949 948 4003 libenter
987 3949 1322 4003 valedicere.
1359 3950 1469 4004 Sed
1495 3954 1559 4003 ut
1579 3949 1728 4003 Ada-

72 4047 170 4087 mus
190 4053 290 4090 uno
317 4043 552 4108 peccato
584 4054 697 4091 non
725 4037 914 4107 potuit
933 4037 1195 4092 amittere
1239 4054 1472 4091 omnem
1506 4038 1731 4092 liberta-

71 4126 177 4187 tem,
207 4125 276 4178 ita
301 4143 400 4180 nec
430 4142 553 4180 una
591 4127 770 4196 proba
808 4127 1032 4180 actione
1061 4127 1337 4196 peccandi
1372 4126 1730 4180 consuetudi-

72 4224 173 4263 nem
197 4214 495 4286 quisquam
519 4215 709 4268 delere
739 4220 945 4285 potest.
971 4214 1117 4268 Vicit
1137 4215 1368 4285 quidem
1407 4220 1724 4286 peccatum,

70 4297 266 4369 ejusque
304 4303 448 4356 servi
496 4302 632 4355 facti
660 4306 793 4355 sunt
839 4301 1118 4365 homines,
1153 4303 1287 4373 quia
1319 4303 1371 4356 ei
1405 4320 1606 4373 parere
1635 4320 1730 4357 vo-

70 4384 260 4441 luerunt
291 4406 303 4455 ;
334 4391 434 4444 sed
461 4390 610 4444 nihil
640 4394 790 4444 vetat
828 4396 892 4444 ut
922 4392 1109 4444 nolint
1139 4392 1192 4444 ei
1221 4392 1486 4464 obsequi,
1517 4397 1728 4463 prmter

67 4477 520 4545 consuetudinem,
545 4493 676 4548 quae
705 4478 982 4548 paulatim
1031 4479 1180 4532 vinci
1209 4483 1396 4548 potest
1425 4498 1438 4546 ;
1465 4485 1526 4533 ut
1553 4480 1733 4550 liquet

69 4576 120 4612 ex
152 4578 209 4616 eo
265 4566 417 4636 quod
477 4568 626 4620 Deus
660 4582 858 4620 omnes
897 4566 1162 4620 homines
1209 4568 1278 4621 ad
1335 4569 1731 4637 paenitentiam

67 4656 214 4706 vocet.
260 4655 330 4708 Ex
377 4655 664 4710 locutione
729 4655 1089 4720 translatitia,
1145 4655 1330 4726 qualis
1390 4661 1472 4710 est
1530 4659 1732 4710 servire

68 4747 260 4809 peccato,
284 4759 403 4797 non
436 4744 514 4798 ita
536 4743 994 4798 ratiocinandum
1023 4744 1189 4814 quasi
1219 4748 1282 4797 ut
1311 4743 1567 4814 captivus
1589 4743 1730 4796 ami-

69 4825 124 4878 sit
149 4828 453 4886 libertatem
485 4833 761 4902 corporis,
792 4848 965 4902 quam
996 4848 1336 4902 recuperare
1365 4832 1567 4902 nequit
1593 4832 1732 4886 dum

67 4912 251 4968 vinctus
271 4924 395 4972 est:
443 4918 522 4972 sic
550 4918 650 4988 qui
679 4933 862 4972 servus
908 4922 991 4971 est
1020 4921 1224 4988 peccati
1268 4935 1566 4990 nunquam
1610 4919 1731 4989 ejus

66 4999 486 5060 dominationem
543 5011 807 5060 excutere
863 5011 1072 5076 posset.
1121 5007 1316 5076 Neque
1355 5007 1508 5060 enim
1539 5006 1728 5060 homi-

67 5103 174 5145 nem
201 5094 507 5163 captitum,
546 5094 876 5165 catenisque
907 5094 1182 5161 vinctum,
1238 5099 1294 5148 et
1331 5111 1554 5149 carcere
1583 5095 1732 5148 clau-

69 5192 167 5232 sum
215 5181 470 5236 hortatur
507 5183 813 5254 quisquam
844 5189 907 5237 ut
946 5183 1193 5236 excussis
1251 5184 1465 5237 catenis
1506 5199 1729 5237 carcere

68 5272 218 5335 exeat,
246 5275 300 5323 et
339 5269 451 5322 nisi
505 5271 673 5325 faciat
707 5269 1066 5341 indignatur,
1103 5269 1238 5339 quia
1272 5286 1468 5324 omnes
1517 5274 1731 5324 norunt

68 5365 161 5407 non
187 5373 299 5410 esse
327 5358 436 5412 hoc
475 5358 535 5412 in
589 5359 710 5429 ejus
746 5363 1068 5429 potestate;
1099 5363 1156 5412 at
1201 5358 1425 5412 homini
1479 5374 1726 5428 nequam

67 5455 234 5498 omnes
263 5445 654 5517 indignantur,
688 5463 818 5501 cum
849 5448 1066 5501 nullam
1118 5446 1400 5500 rationem
1438 5446 1609 5501 habet
1634 5447 1729 5499 ad-

67 5527 421 5588 hortationum
469 5551 665 5590 eorum
717 5552 749 5590 a
782 5535 992 5606 quibus
1036 5534 1108 5589 ad
1154 5533 1452 5589 meliorem
1499 5534 1728 5606 frugem

1846 3063 1942 3118 lib.
1977 3080 2068 3132 xv,
2099 3080 2220 3135 cap.
2248 3068 2312 3118 2:
2343 3065 2445 3120 Cui
2477 3065 2708 3118 libentiae
2750 3066 3046 3132 gratiaque
3076 3080 3251 3120 omnes
3281 3069 3548 3121 convivio-

1842 3167 1964 3205 rum
2001 3154 2286 3220 incognitae
2317 3155 2448 3220 sint,
2473 3155 2674 3222 quique
2711 3154 2925 3206 illorum
2955 3155 3169 3207 omnino
3198 3169 3388 3222 expers
3435 3157 3507 3209 sit
3525 3175 3546 3219 ,-

1843 3241 1893 3293 si
1922 3255 2036 3293 eum
2057 3243 2201 3306 forte
2231 3242 2304 3294 ad
2329 3240 2747 3310 participandas
2791 3240 3059 3308 ejusmodi
3105 3242 3405 3310 voluptates
3449 3247 3544 3297 aut

1842 3330 2093 3384 voluntas
2149 3332 2351 3397 tulerit,
2407 3335 2501 3383 aut
2547 3344 2701 3383 casus
2759 3330 3060 3395 induxerit,
3119 3335 3213 3384 aut
3259 3334 3546 3387 necessitas

1843 3419 2176 3485 compulerit,
2224 3419 2449 3471 deliniri
2470 3419 2786 3487 plerumque
2817 3423 2866 3470 et
2886 3421 3047 3487 capi;
3076 3419 3374 3488 nimirum,
3410 3420 3548 3474 dicit

1842 3507 1995 3560 Plato
2025 3507 2287 3560 similiter
2329 3507 2387 3560 in
2420 3507 2606 3560 Veteri
2636 3507 2991 3561 Onomastico
3031 3525 3042 3561 :
3097 3509 3355 3574 iubentia,
3391 3507 3540 3554 εὐπά-

1840 3593 1958 3641 θεια.
1991 3595 2127 3658 Quae
2157 3595 2388 3666 quidem
2415 3594 2754 3664 significatio
2803 3594 3066 3648 nonnihil
3098 3595 3268 3649 distat
3315 3596 3385 3648 ab
3423 3598 3538 3649 Au-

1840 3683 2199 3753 gustiuiaua,
2250 3699 2383 3737 nam
2424 3684 2704 3736 libentium
2760 3688 2924 3735 vocat
2982 3699 3106 3736 eam
3185 3683 3546 3737 allectionem

1841 3771 2017 3824 animi
2058 3788 2172 3842 qua
2218 3772 2463 3825 libenter
2508 3771 2804 3842 quidpiam
2866 3772 3000 3825 facit
3033 3792 3047 3838 ;
3079 3772 3292 3825 Gellius
3320 3789 3452 3826 vero
3485 3777 3544 3827 et

1840 3861 2261 3922 Onomasticon,
2301 3861 2650 3930 voluptatem
2677 3881 2691 3926 ;
2724 3859 2822 3913 sed
2852 3865 3066 3924 tamen,
3099 3875 3216 3912 non
3249 3860 3542 3930 analogiae

1838 3952 2062 4003 tantum
2112 3949 2415 4002 formatam
2470 3963 2665 4000 vocem
2727 3948 2971 4012 libentia,
3024 3947 3120 4000 sed
3171 3952 3226 4000 et
3271 3948 3538 4002 usitatam

1839 4037 2166 4090 ostendunt.
2228 4037 2332 4092 Sed
2372 4037 2448 4090 ad
2490 4037 2614 4088 bene
2662 4035 2980 4098 faciendum
3011 4037 3118 4088 ista
3150 4036 3368 4090 libertas
3404 4036 3544 4105 (imo

1838 4123 2096 4192 libentia)
2128 4123 2269 4177 unde
2307 4125 2409 4176 erit
2441 4124 2644 4175 homini
2671 4122 2889 4174 addicto
2915 4128 2966 4175 et
2991 4123 3228 4187 vendito,
3255 4125 3365 4177 nisi
3392 4123 3542 4177 redi-

1842 4215 1956 4265 mat
1985 4211 2139 4277 cujus
2170 4212 2268 4264 illa
2295 4226 2400 4264 vom
2440 4214 2518 4263 est
2571 4208 2752 4277 (Joan.
2809 4225 2925 4274 vui,
2976 4210 3103 4280 36):
3152 4209 3209 4262 Si
3242 4227 3338 4263 vos
3366 4209 3540 4264 Filius

1770 4261 1814 4314 D
1844 4297 2189 4362 liberaverit,
2242 4300 2376 4349 tunc
2423 4312 2554 4350 vere
2597 4295 2762 4349 liberi
2804 4295 3005 4349 eritis?
3055 4295 3207 4361 Quod
3252 4301 3544 4365 antequam

1839 4388 1960 4454 ﬁeri
1990 4388 2048 4439 in
2096 4384 2311 4440 homine
2353 4387 2605 4453 incipiat,
2658 4383 2918 4453 quomodo
2961 4387 3252 4453 quisquam
3279 4385 3344 4437 de
3374 4385 3540 4439 libero

1841 4475 2064 4528 arbitrio
2085 4477 2143 4528 in
2164 4475 2294 4527 bono
2319 4475 2589 4541 gloriatur
2619 4489 2792 4542 opere,
2824 4475 2920 4543 qui
2947 4473 3185 4527 nondum
3205 4475 3439 4527 estliber
3467 4473 3542 4527 ad

1841 4563 2174 4633 operandam
2223 4563 2366 4629 bene,
2413 4564 2523 4616 nisi
2561 4578 2615 4616 se
2657 4579 2801 4616 vana
2831 4563 3095 4632 superbia
3126 4565 3345 4630 inﬂatus
3370 4565 3538 4617 extol-

1842 4653 1964 4706 lat?
2017 4652 2198 4715 Quam
2250 4651 2477 4705 cohibet
2517 4653 2826 4721 Apostolus
2857 4651 3088 4706 dicens:
3139 4653 3340 4705 Gratia
3403 4652 3546 4705 salvi

1840 4742 1980 4806 facti
2007 4742 2134 4794 estis
2154 4756 2254 4808 per
2282 4740 2451 4809 fidem
2480 4740 2700 4809 (Ephes.
2735 4758 2792 4807 ιι,
2816 4742 2892 4808 8).
2929 4742 3145 4794 Revera
3174 4740 3408 4794 libentia
3440 4739 3541 4792 illa

1840 4833 1991 4882 recte
2020 4829 2264 4882 faciendi
2286 4844 2401 4882 non
2429 4828 2681 4881 nascitur
2711 4829 2772 4881 in
2823 4829 3059 4882 homine
3110 4829 3282 4892 malo,
3330 4826 3439 4879 nisi
3477 4826 3543 4878 li-

1840 4915 2135 4968 beratione
2177 4915 2338 4981 Filii;
2392 4916 2494 4985 qui
2526 4916 2779 4987 praemiis
2821 4921 2876 4969 et
2903 4916 3088 4986 pugnis
3120 4915 3180 4968 in
3215 4913 3543 4983 Evangelio,

1840 5003 2080 5056 caelestis
2133 5001 2384 5056 veritatis
2441 5003 2567 5056 luce
2616 5003 2894 5072 fulgente,
2957 5000 3218 5055 homines
3285 4998 3543 5052 servituti

1838 5091 2056 5163 peccati
2100 5091 2289 5161 eripit,
2341 5091 2439 5146 sed
2481 5091 2641 5145 nulla
2675 5096 2867 5145 tamen
2927 5088 3280 5153 necessitate,
3328 5091 3392 5139 ut
3438 5103 3542 5140 nec

1840 5181 1956 5234 ulla
1977 5179 2308 5234 necessitate
2340 5195 2435 5232 eos
2468 5178 2529 5232 in
2560 5178 2744 5232 ofﬁcio
2773 5176 3028 5231 continet
3052 5192 3064 5241 ;
3097 5189 3210 5244 quo
3229 5173 3398 5227 modo
3423 5189 3542 5228 non

1839 5270 2062 5323 libenter
2091 5273 2312 5322 tantum
2342 5267 2508 5322 bonis
2538 5267 2698 5321 factis
2727 5266 3046 5330 adhaerent,
3102 5261 3198 5315 sed
3247 5266 3302 5315 et
3351 5263 3535 5318 libere.

1839 5360 1948 5412 Nec
1981 5358 2287 5429 quisquam
2320 5361 2504 5428 potest
2517 5357 2732 5426 jactare
2763 5353 3008 5407 liberum
3053 5351 3379 5414 arbitrium,
3440 5369 3541 5406 an-

1836 5451 2069 5517 tequam
2126 5462 2192 5499 eo
2246 5450 2392 5498 recte
2439 5449 2673 5509 utatur;
2721 5457 2821 5495 nec
2871 5444 3179 5510 postquam
3217 5444 3370 5494 recte
3408 5456 3546 5494 usus

1838 5540 1942 5603 est,
1969 5533 2203 5605 gloriari
2232 5538 2426 5586 tamen
2454 5534 2661 5602 potest,
2693 5534 2757 5582 ut
2787 5528 3142 5583 ostendimus
3183 5528 3256 5584 ad
3282 5533 3422 5584 tom.
3473 5530 3542 5595 II,
