  <div class='ocr_page' id='page_1' title='image "/cluster/home/n/w/nwhite01/storage/ocr_20150623/47/hvd.32044096580683/217.png"; bbox 0 0 3890 6186; ppageno 0'>
   <div class='ocr_carea' id='block_1_1' title="bbox 371 303 476 356">
    <p class='ocr_par' dir='ltr' id='par_1_1' title="bbox 371 303 476 356">
     <span class='ocr_line' id='line_1_1' title="bbox 371 303 476 356; baseline 0 -1"><span class='ocrx_word' id='word_1_1' title='bbox 371 303 476 356; x_wconf 75' lang='grc'><strong>423</strong></span> 
     </span>
    </p>
   </div>
   <div class='ocr_carea' id='block_1_2' title="bbox 1382 284 3787 346">
    <p class='ocr_par' dir='ltr' id='par_1_2' title="bbox 1382 284 3787 346">
     <span class='ocr_line' id='line_1_2' title="bbox 1382 284 3787 346; baseline 0 -1"><span class='ocrx_word' id='word_1_2' title='bbox 1382 287 1940 345; x_wconf 74' lang='lat' dir='ltr'>SUPPLEMENTUM</span> <span class='ocrx_word' id='word_1_3' title='bbox 1983 285 2073 340; x_wconf 85' lang='lat' dir='ltr'>AD</span> <span class='ocrx_word' id='word_1_4' title='bbox 2113 284 2344 340; x_wconf 81' lang='lat' dir='ltr'>OPERA</span> <span class='ocrx_word' id='word_1_5' title='bbox 2384 288 2438 341; x_wconf 94' lang='lat' dir='ltr'>S.</span> <span class='ocrx_word' id='word_1_6' title='bbox 2481 285 2872 342; x_wconf 84' lang='lat' dir='ltr'>AUGUSTINI.</span> <span class='ocrx_word' id='word_1_7' title='bbox 3711 294 3787 346; x_wconf 66' lang='lat' dir='ltr'>iii</span> 
     </span>
    </p>
   </div>
   <div class='ocr_carea' id='block_1_3' title="bbox 370 407 3790 492">
    <p class='ocr_par' dir='ltr' id='par_1_3' title="bbox 370 407 3790 492">
     <span class='ocr_line' id='line_1_3' title="bbox 370 407 3790 492; baseline -0.005 -1"><span class='ocrx_word' id='word_1_8' title='bbox 370 420 538 491; x_wconf 64' lang='lat' dir='ltr'>ePist-</span> <span class='ocrx_word' id='word_1_9' title='bbox 582 423 699 485; x_wconf 59' lang='lat'>‘75:</span> <span class='ocrx_word' id='word_1_10' title='bbox 728 418 834 489; x_wconf 65' lang='lat'>§2-</span> <span class='ocrx_word' id='word_1_11' title='bbox 891 417 1050 471; x_wconf 65' lang='lat' dir='ltr'>Fides</span> <span class='ocrx_word' id='word_1_12' title='bbox 1106 429 1240 468; x_wconf 69' lang='lat' dir='ltr'>sane</span> <span class='ocrx_word' id='word_1_13' title='bbox 1285 415 1381 466; x_wconf 76' lang='grc' dir='ltr'>Πθί</span> <span class='ocrx_word' id='word_1_14' title='bbox 1433 411 1631 465; x_wconf 74' lang='lat' dir='ltr'><strong><em>donum</em></strong></span> <span class='ocrx_word' id='word_1_15' title='bbox 1663 414 1765 473; x_wconf 65' lang='grc' dir='ltr'>θεῖν</span> <span class='ocrx_word' id='word_1_16' title='bbox 1794 409 1888 464; x_wconf 71' lang='lat' dir='ltr'>59d</span> <span class='ocrx_word' id='word_1_17' title='bbox 1918 407 2068 462; x_wconf 69' lang='grc' dir='ltr'>ίυνί·</span> <span class='ocrx_word' id='word_1_18' title='bbox 2099 409 2142 462; x_wconf 74' lang='grc' dir='ltr'>Α</span> <span class='ocrx_word' id='word_1_19' title='bbox 2181 424 2347 476; x_wconf 86' lang='lat' dir='ltr'>vellet</span> <span class='ocrx_word' id='word_1_20' title='bbox 2387 422 2505 492; x_wconf 88' lang='lat' dir='ltr'>ipse</span> <span class='ocrx_word' id='word_1_21' title='bbox 2544 419 2826 482; x_wconf 88' lang='lat' dir='ltr'>homines,</span> <span class='ocrx_word' id='word_1_22' title='bbox 2861 414 3022 470; x_wconf 91' lang='lat' dir='ltr'>nulla</span> <span class='ocrx_word' id='word_1_23' title='bbox 3059 414 3276 468; x_wconf 85' lang='lat' dir='ltr'>ratione</span> <span class='ocrx_word' id='word_1_24' title='bbox 3318 416 3492 472; x_wconf 85' lang='lat' dir='ltr'>habita</span> <span class='ocrx_word' id='word_1_25' title='bbox 3528 435 3694 477; x_wconf 89' lang='lat' dir='ltr'>eorum</span> <span class='ocrx_word' id='word_1_26' title='bbox 3723 443 3790 479; x_wconf 85' lang='lat' dir='ltr'>vo-</span> 
     </span>
    </p>
   </div>
   <div class='ocr_carea' id='block_1_4' title="bbox 369 498 2066 568">
    <p class='ocr_par' dir='ltr' id='par_1_4' title="bbox 369 498 2066 568">
     <span class='ocr_line' id='line_1_4' title="bbox 369 498 2066 568; baseline -0.009 -3"><span class='ocrx_word' id='word_1_27' title='bbox 369 511 442 564; x_wconf 89' lang='lat' dir='ltr'>tis</span> <span class='ocrx_word' id='word_1_28' title='bbox 475 516 671 564; x_wconf 87' lang='lat' dir='ltr'>tamen</span> <span class='ocrx_word' id='word_1_29' title='bbox 705 524 820 560; x_wconf 90' lang='lat' dir='ltr'>non</span> <span class='ocrx_word' id='word_1_30' title='bbox 850 507 1130 568; x_wconf 93' lang='lat' dir='ltr'>donatur;</span> <span class='ocrx_word' id='word_1_31' title='bbox 1164 501 1358 555; x_wconf 86' lang='lat' dir='ltr'>invitis</span> <span class='ocrx_word' id='word_1_32' title='bbox 1410 501 1564 554; x_wconf 88' lang='lat' dir='ltr'>enim</span> <span class='ocrx_word' id='word_1_33' title='bbox 1614 514 1813 568; x_wconf 90' lang='lat' dir='ltr'>rapere</span> <span class='ocrx_word' id='word_1_34' title='bbox 1866 498 2066 567; x_wconf 89' lang='lat' dir='ltr'>possis,</span> 
     </span>
    </p>
   </div>
   <div class='ocr_carea' id='block_1_5' title="bbox 371 587 2065 663">
    <p class='ocr_par' dir='ltr' id='par_1_5' title="bbox 371 587 2065 663">
     <span class='ocr_line' id='line_1_5' title="bbox 371 587 2065 663; baseline -0.008 -11"><span class='ocrx_word' id='word_1_35' title='bbox 371 598 564 652; x_wconf 79' lang='lat' dir='ltr'>invitis</span> <span class='ocrx_word' id='word_1_36' title='bbox 604 598 738 651; x_wconf 89' lang='lat' dir='ltr'>dare</span> <span class='ocrx_word' id='word_1_37' title='bbox 769 591 1122 663; x_wconf 88' lang='lat' dir='ltr'>nihilpossis.</span> <span class='ocrx_word' id='word_1_38' title='bbox 1149 593 1221 646; x_wconf 81' lang='lat' dir='ltr'>Ac</span> <span class='ocrx_word' id='word_1_39' title='bbox 1252 607 1387 644; x_wconf 85' lang='lat' dir='ltr'>sane</span> <span class='ocrx_word' id='word_1_40' title='bbox 1412 591 1558 644; x_wconf 89' lang='lat' dir='ltr'>Deus</span> <span class='ocrx_word' id='word_1_41' title='bbox 1578 589 1748 642; x_wconf 83' lang='lat' dir='ltr'>fidem</span> <span class='ocrx_word' id='word_1_42' title='bbox 1775 587 1891 652; x_wconf 88' lang='lat' dir='ltr'>dat,</span> <span class='ocrx_word' id='word_1_43' title='bbox 1916 587 2065 657; x_wconf 92' lang='lat' dir='ltr'>quod</span> 
     </span>
    </p>
   </div>
   <div class='ocr_carea' id='block_1_6' title="bbox 373 675 2064 750">
    <p class='ocr_par' dir='ltr' id='par_1_6' title="bbox 373 675 2064 750">
     <span class='ocr_line' id='line_1_6' title="bbox 373 675 2064 750; baseline -0.008 -10"><span class='ocrx_word' id='word_1_44' title='bbox 373 687 447 742; x_wconf 85' lang='lat' dir='ltr'>sit</span> <span class='ocrx_word' id='word_1_45' title='bbox 479 691 681 740; x_wconf 86' lang='lat' dir='ltr'>auctor</span> <span class='ocrx_word' id='word_1_46' title='bbox 714 681 987 738; x_wconf 61' lang='lat' dir='ltr'>doctrinm</span> <span class='ocrx_word' id='word_1_47' title='bbox 1019 697 1147 750; x_wconf 64' lang='lat' dir='ltr'>quas</span> <span class='ocrx_word' id='word_1_48' title='bbox 1173 678 1455 733; x_wconf 88' lang='lat' dir='ltr'>credenda</span> <span class='ocrx_word' id='word_1_49' title='bbox 1491 676 1849 747; x_wconf 85' lang='lat' dir='ltr'>proponitur,</span> <span class='ocrx_word' id='word_1_50' title='bbox 1912 675 2064 744; x_wconf 87' lang='lat' dir='ltr'>quod</span> 
     </span>
    </p>
   </div>
   <div class='ocr_carea' id='block_1_7' title="bbox 373 763 2069 830">
    <p class='ocr_par' dir='ltr' id='par_1_7' title="bbox 373 763 2069 830">
     <span class='ocr_line' id='line_1_7' title="bbox 373 763 2069 830; baseline -0.01 1"><span class='ocrx_word' id='word_1_51' title='bbox 373 775 637 830; x_wconf 89' lang='lat' dir='ltr'>homines</span> <span class='ocrx_word' id='word_1_52' title='bbox 686 788 810 826; x_wconf 89' lang='lat' dir='ltr'>eam</span> <span class='ocrx_word' id='word_1_53' title='bbox 862 769 1224 824; x_wconf 91' lang='lat' dir='ltr'>nuntiaturos</span> <span class='ocrx_word' id='word_1_54' title='bbox 1277 767 1346 822; x_wconf 90' lang='lat' dir='ltr'>ad</span> <span class='ocrx_word' id='word_1_55' title='bbox 1380 782 1484 820; x_wconf 92' lang='lat' dir='ltr'>nos</span> <span class='ocrx_word' id='word_1_56' title='bbox 1513 764 1752 829; x_wconf 85' lang='lat' dir='ltr'>miserit,</span> <span class='ocrx_word' id='word_1_57' title='bbox 1789 767 1844 816; x_wconf 91' lang='lat' dir='ltr'>et</span> <span class='ocrx_word' id='word_1_58' title='bbox 1874 763 2069 816; x_wconf 86' lang='lat' dir='ltr'>omnia</span> 
     </span>
    </p>
   </div>
   <div class='ocr_carea' id='block_1_8' title="bbox 365 852 2065 931">
    <p class='ocr_par' dir='ltr' id='par_1_8' title="bbox 365 852 2065 931">
     <span class='ocr_line' id='line_1_8' title="bbox 365 852 2065 931; baseline -0.009 -13"><span class='ocrx_word' id='word_1_59' title='bbox 365 863 563 918; x_wconf 89' lang='lat' dir='ltr'>fecerit</span> <span class='ocrx_word' id='word_1_60' title='bbox 592 877 720 931; x_wconf 75' lang='lat' dir='ltr'>qua:</span> <span class='ocrx_word' id='word_1_61' title='bbox 756 860 823 913; x_wconf 93' lang='lat' dir='ltr'>ad</span> <span class='ocrx_word' id='word_1_62' title='bbox 857 857 1314 929; x_wconf 87' lang='lat' dir='ltr'>persuadendam</span> <span class='ocrx_word' id='word_1_63' title='bbox 1346 855 1641 908; x_wconf 85' lang='lat' dir='ltr'>veritatem</span> <span class='ocrx_word' id='word_1_64' title='bbox 1671 852 1867 907; x_wconf 90' lang='lat' dir='ltr'>liberis</span> <span class='ocrx_word' id='word_1_65' title='bbox 1912 867 2065 904; x_wconf 87' lang='lat' dir='ltr'>crea-</span> 
     </span>
    </p>
   </div>
   <div class='ocr_carea' id='block_1_9' title="bbox 370 939 2065 1008">
    <p class='ocr_par' dir='ltr' id='par_1_9' title="bbox 370 939 2065 1008">
     <span class='ocr_line' id='line_1_9' title="bbox 370 939 2065 1008; baseline -0.009 -3"><span class='ocrx_word' id='word_1_66' title='bbox 370 951 515 1006; x_wconf 90' lang='lat' dir='ltr'>turis</span> <span class='ocrx_word' id='word_1_67' title='bbox 547 967 577 1004; x_wconf 89' lang='lat' dir='ltr'>a</span> <span class='ocrx_word' id='word_1_68' title='bbox 609 951 723 1004; x_wconf 91' lang='lat' dir='ltr'>Deo</span> <span class='ocrx_word' id='word_1_69' title='bbox 755 948 882 1002; x_wconf 82' lang='lat' dir='ltr'>fieri</span> <span class='ocrx_word' id='word_1_70' title='bbox 909 947 1249 1002; x_wconf 90' lang='lat' dir='ltr'>debuerunt.</span> <span class='ocrx_word' id='word_1_71' title='bbox 1293 945 1501 997; x_wconf 85' lang='lat' dir='ltr'>Verum</span> <span class='ocrx_word' id='word_1_72' title='bbox 1548 942 1668 996; x_wconf 66' lang='lat' dir='ltr'>haec</span> <span class='ocrx_word' id='word_1_73' title='bbox 1702 939 1837 993; x_wconf 85' lang='lat' dir='ltr'>satis</span> <span class='ocrx_word' id='word_1_74' title='bbox 1866 953 2065 1008; x_wconf 88' lang='lat' dir='ltr'>super-</span> 
     </span>
    </p>
   </div>
   <div class='ocr_carea' id='block_1_10' title="bbox 367 1028 2069 1110">
    <p class='ocr_par' dir='ltr' id='par_1_10' title="bbox 367 1028 2069 1110">
     <span class='ocr_line' id='line_1_10' title="bbox 367 1028 2069 1110; baseline -0.009 -17"><span class='ocrx_word' id='word_1_75' title='bbox 367 1055 478 1110; x_wconf 86' lang='lat' dir='ltr'>que</span> <span class='ocrx_word' id='word_1_76' title='bbox 507 1038 576 1092; x_wconf 91' lang='lat' dir='ltr'>de</span> <span class='ocrx_word' id='word_1_77' title='bbox 607 1037 894 1104; x_wconf 85' lang='lat' dir='ltr'>libertate,</span> <span class='ocrx_word' id='word_1_78' title='bbox 929 1039 1134 1088; x_wconf 61' lang='lat' dir='ltr'>caetera</span> <span class='ocrx_word' id='word_1_79' title='bbox 1161 1049 1289 1103; x_wconf 70' lang='lat' dir='ltr'>quas</span> <span class='ocrx_word' id='word_1_80' title='bbox 1318 1033 1490 1085; x_wconf 88' lang='lat' dir='ltr'>habet</span> <span class='ocrx_word' id='word_1_81' title='bbox 1536 1028 1888 1100; x_wconf 81' lang='lat' dir='ltr'>Augustinus</span> <span class='ocrx_word' id='word_1_82' title='bbox 1952 1042 2069 1079; x_wconf 88' lang='lat' dir='ltr'>non</span> 
     </span>
    </p>
   </div>
   <div class='ocr_carea' id='block_1_11' title="bbox 368 1114 2066 1198">
    <p class='ocr_par' dir='ltr' id='par_1_11' title="bbox 368 1114 2066 1198">
     <span class='ocr_line' id='line_1_11' title="bbox 368 1114 2066 1198; baseline -0.009 -16"><span class='ocrx_word' id='word_1_83' title='bbox 368 1127 740 1198; x_wconf 81' lang='lat' dir='ltr'>attingemus.</span> <span class='ocrx_word' id='word_1_84' title='bbox 795 1125 898 1181; x_wconf 90' lang='lat' dir='ltr'>Sed</span> <span class='ocrx_word' id='word_1_85' title='bbox 939 1123 1260 1193; x_wconf 84' lang='lat' dir='ltr'>intelligere</span> <span class='ocrx_word' id='word_1_86' title='bbox 1306 1121 1470 1175; x_wconf 86' lang='lat' dir='ltr'>facile</span> <span class='ocrx_word' id='word_1_87' title='bbox 1544 1119 1672 1172; x_wconf 87' lang='lat' dir='ltr'>licet</span> <span class='ocrx_word' id='word_1_88' title='bbox 1735 1117 1887 1170; x_wconf 88' lang='lat' dir='ltr'>bono</span> <span class='ocrx_word' id='word_1_89' title='bbox 1946 1114 2066 1167; x_wconf 88' lang='lat' dir='ltr'>viro</span> 
     </span>
    </p>
   </div>
   <div class='ocr_carea' id='block_1_12' title="bbox 368 1201 2069 1284">
    <p class='ocr_par' dir='ltr' id='par_1_12' title="bbox 368 1201 2069 1284">
     <span class='ocr_line' id='line_1_12' title="bbox 368 1201 2069 1284; baseline -0.01 -15"><span class='ocrx_word' id='word_1_90' title='bbox 368 1215 549 1269; x_wconf 92' lang='lat' dir='ltr'>multo</span> <span class='ocrx_word' id='word_1_91' title='bbox 579 1215 708 1284; x_wconf 83' lang='lat' dir='ltr'>plus</span> <span class='ocrx_word' id='word_1_92' title='bbox 753 1212 912 1266; x_wconf 93' lang='lat' dir='ltr'>cordi</span> <span class='ocrx_word' id='word_1_93' title='bbox 955 1210 1126 1265; x_wconf 85' lang='lat' dir='ltr'>fuisse</span> <span class='ocrx_word' id='word_1_94' title='bbox 1176 1207 1546 1262; x_wconf 88' lang='lat' dir='ltr'>Laurentium</span> <span class='ocrx_word' id='word_1_95' title='bbox 1577 1211 1936 1259; x_wconf 87' lang='lat' dir='ltr'>controversa</span> <span class='ocrx_word' id='word_1_96' title='bbox 1971 1201 2069 1253; x_wconf 91' lang='lat' dir='ltr'>illa</span> 
     </span>
    </p>
   </div>
   <div class='ocr_carea' id='block_1_13' title="bbox 368 1290 2063 1372">
    <p class='ocr_par' dir='ltr' id='par_1_13' title="bbox 368 1290 2063 1372">
     <span class='ocr_line' id='line_1_13' title="bbox 368 1290 2063 1372; baseline -0.009 -16"><span class='ocrx_word' id='word_1_97' title='bbox 368 1319 470 1356; x_wconf 90' lang='lat' dir='ltr'>sua</span> <span class='ocrx_word' id='word_1_98' title='bbox 495 1302 784 1372; x_wconf 82' lang='lat' dir='ltr'>dogmata,</span> <span class='ocrx_word' id='word_1_99' title='bbox 809 1314 979 1370; x_wconf 90' lang='lat' dir='ltr'>quam</span> <span class='ocrx_word' id='word_1_100' title='bbox 1014 1296 1390 1352; x_wconf 86' lang='lat' dir='ltr'>Christianam</span> <span class='ocrx_word' id='word_1_101' title='bbox 1421 1293 1780 1363; x_wconf 85' lang='lat' dir='ltr'>religionem,</span> <span class='ocrx_word' id='word_1_102' title='bbox 1839 1290 2063 1343; x_wconf 88' lang='lat' dir='ltr'>docere.</span> 
     </span>
    </p>
   </div>
   <div class='ocr_carea' id='block_1_14' title="bbox 435 1379 2064 1460">
    <p class='ocr_par' dir='ltr' id='par_1_14' title="bbox 435 1379 2064 1460">
     <span class='ocr_line' id='line_1_14' title="bbox 435 1379 2064 1460; baseline -0.009 -16"><span class='ocrx_word' id='word_1_103' title='bbox 435 1391 573 1460; x_wconf 87' lang='lat' dir='ltr'>Cap.</span> <span class='ocrx_word' id='word_1_104' title='bbox 621 1390 707 1449; x_wconf 78' lang='grc'>94.</span> <span class='ocrx_word' id='word_1_105' title='bbox 737 1391 762 1456; x_wconf 87' lang='lat'><strong>§</strong></span> <span class='ocrx_word' id='word_1_106' title='bbox 790 1389 878 1441; x_wconf 75' lang='grc'>24.</span> <span class='ocrx_word' id='word_1_107' title='bbox 932 1387 1293 1456; x_wconf 74' lang='lat' dir='ltr'>Apertissime</span> <span class='ocrx_word' id='word_1_108' title='bbox 1320 1397 1552 1449; x_wconf 87' lang='lat' dir='ltr'>namque</span> <span class='ocrx_word' id='word_1_109' title='bbox 1599 1382 1862 1434; x_wconf 91' lang='lat' dir='ltr'>Dominus</span> <span class='ocrx_word' id='word_1_110' title='bbox 1887 1379 2023 1431; x_wconf 80' lang='lat' dir='ltr'>dicit</span> <span class='ocrx_word' id='word_1_111' title='bbox 2051 1393 2064 1430; x_wconf 90' lang='lat'><strong>:</strong></span> 
     </span>
    </p>
   </div>
   <div class='ocr_carea' id='block_1_15' title="bbox 365 1465 2065 1542">
    <p class='ocr_par' dir='ltr' id='par_1_15' title="bbox 365 1465 2065 1542">
     <span class='ocr_line' id='line_1_15' title="bbox 365 1465 2065 1542; baseline -0.008 -12"><span class='ocrx_word' id='word_1_112' title='bbox 365 1479 458 1532; x_wconf 67' lang='lat' dir='ltr'>Vae</span> <span class='ocrx_word' id='word_1_113' title='bbox 506 1475 633 1542; x_wconf 89' lang='lat' dir='ltr'>tibi,</span> <span class='ocrx_word' id='word_1_114' title='bbox 685 1474 1010 1529; x_wconf 83' lang='lat' dir='ltr'>Corozaim!</span> <span class='ocrx_word' id='word_1_115' title='bbox 1054 1489 1137 1526; x_wconf 64' lang='lat' dir='ltr'>vae</span> <span class='ocrx_word' id='word_1_116' title='bbox 1184 1472 1308 1539; x_wconf 91' lang='lat' dir='ltr'>tibi,</span> <span class='ocrx_word' id='word_1_117' title='bbox 1355 1468 1680 1524; x_wconf 88' lang='lat' dir='ltr'>Bethsaida!</span> <span class='ocrx_word' id='word_1_118' title='bbox 1735 1466 1871 1536; x_wconf 88' lang='lat' dir='ltr'>quia</span> <span class='ocrx_word' id='word_1_119' title='bbox 1917 1465 1964 1518; x_wconf 92' lang='lat' dir='ltr'>si</span> <span class='ocrx_word' id='word_1_120' title='bbox 2008 1465 2065 1517; x_wconf 91' lang='lat' dir='ltr'>in</span> 
     </span>
    </p>
   </div>
   <div class='ocr_carea' id='block_1_16' title="bbox 364 1556 2070 1634">
    <p class='ocr_par' dir='ltr' id='par_1_16' title="bbox 364 1556 2070 1634">
     <span class='ocr_line' id='line_1_16' title="bbox 364 1556 2070 1634; baseline -0.008 -16"><span class='ocrx_word' id='word_1_121' title='bbox 364 1565 510 1634; x_wconf 74' lang='lat' dir='ltr'>Tyro</span> <span class='ocrx_word' id='word_1_122' title='bbox 533 1568 590 1617; x_wconf 89' lang='lat' dir='ltr'>et</span> <span class='ocrx_word' id='word_1_123' title='bbox 613 1563 821 1617; x_wconf 91' lang='lat' dir='ltr'>Sidone</span> <span class='ocrx_word' id='word_1_124' title='bbox 851 1563 1011 1615; x_wconf 66' lang='lat' dir='ltr'>facta:</span> <span class='ocrx_word' id='word_1_125' title='bbox 1039 1559 1277 1614; x_wconf 83' lang='lat' dir='ltr'>fuissent</span> <span class='ocrx_word' id='word_1_126' title='bbox 1306 1559 1541 1610; x_wconf 83' lang='lat' dir='ltr'>virtutes</span> <span class='ocrx_word' id='word_1_127' title='bbox 1577 1573 1706 1626; x_wconf 66' lang='lat' dir='ltr'>quae</span> <span class='ocrx_word' id='word_1_128' title='bbox 1739 1556 1898 1608; x_wconf 79' lang='lat' dir='ltr'>factae</span> <span class='ocrx_word' id='word_1_129' title='bbox 1939 1557 2070 1606; x_wconf 90' lang='lat' dir='ltr'>sunt</span> 
     </span>
    </p>
   </div>
   <div class='ocr_carea' id='block_1_17' title="bbox 2180 505 3790 575">
    <p class='ocr_par' dir='ltr' id='par_1_17' title="bbox 2180 505 3790 575">
     <span class='ocr_line' id='line_1_17' title="bbox 2180 505 3790 575; baseline 0.001 -11"><span class='ocrx_word' id='word_1_130' title='bbox 2180 511 2437 575; x_wconf 90' lang='lat' dir='ltr'>luntatis,</span> <span class='ocrx_word' id='word_1_131' title='bbox 2479 509 2731 562; x_wconf 86' lang='lat' dir='ltr'>volentes</span> <span class='ocrx_word' id='word_1_132' title='bbox 2780 507 3041 559; x_wconf 83' lang='lat' dir='ltr'>uolentes</span> <span class='ocrx_word' id='word_1_133' title='bbox 3094 508 3298 556; x_wconf 83' lang='lat' dir='ltr'>aeterna</span> <span class='ocrx_word' id='word_1_134' title='bbox 3344 505 3581 561; x_wconf 86' lang='lat' dir='ltr'>beatitate</span> <span class='ocrx_word' id='word_1_135' title='bbox 3621 510 3790 567; x_wconf 79' lang='lat' dir='ltr'>donare</span> 
     </span>
    </p>
   </div>
   <div class='ocr_carea' id='block_1_18' title="bbox 2182 592 3792 664">
    <p class='ocr_par' dir='ltr' id='par_1_18' title="bbox 2182 592 3792 664">
     <span class='ocr_line' id='line_1_18' title="bbox 2182 592 3792 664; baseline 0.001 -11"><span class='ocrx_word' id='word_1_136' title='bbox 2182 601 2326 653; x_wconf 81' lang='lat' dir='ltr'>Deus</span> <span class='ocrx_word' id='word_1_137' title='bbox 2356 599 2474 652; x_wconf 90' lang='lat' dir='ltr'>vult</span> <span class='ocrx_word' id='word_1_138' title='bbox 2505 612 2702 650; x_wconf 85' lang='lat' dir='ltr'>omnes</span> <span class='ocrx_word' id='word_1_139' title='bbox 2724 594 2984 649; x_wconf 88' lang='lat' dir='ltr'>homines</span> <span class='ocrx_word' id='word_1_140' title='bbox 3025 592 3206 645; x_wconf 82' lang='lat' dir='ltr'>salvos</span> <span class='ocrx_word' id='word_1_141' title='bbox 3237 592 3372 658; x_wconf 77' lang='lat' dir='ltr'>fieri,</span> <span class='ocrx_word' id='word_1_142' title='bbox 3424 595 3543 664; x_wconf 82' lang='lat' dir='ltr'>quia</span> <span class='ocrx_word' id='word_1_143' title='bbox 3576 600 3792 654; x_wconf 86' lang='lat' dir='ltr'>omnibus</span> 
     </span>
    </p>
   </div>
   <div class='ocr_carea' id='block_1_19' title="bbox 2178 681 3792 756">
    <p class='ocr_par' dir='ltr' id='par_1_19' title="bbox 2178 681 3792 756">
     <span class='ocr_line' id='line_1_19' title="bbox 2178 681 3792 756; baseline 0.001 -13"><span class='ocrx_word' id='word_1_144' title='bbox 2178 703 2540 743; x_wconf 86' lang='lat' dir='ltr'>communem</span> <span class='ocrx_word' id='word_1_145' title='bbox 2592 685 2940 756; x_wconf 52' lang='lat' dir='ltr'>paenitentia).</span> <span class='ocrx_word' id='word_1_146' title='bbox 2993 683 3179 753; x_wconf 87' lang='lat' dir='ltr'>legem</span> <span class='ocrx_word' id='word_1_147' title='bbox 3236 681 3376 748; x_wconf 88' lang='lat' dir='ltr'>tulit,</span> <span class='ocrx_word' id='word_1_148' title='bbox 3407 699 3507 752; x_wconf 86' lang='lat' dir='ltr'>qua</span> <span class='ocrx_word' id='word_1_149' title='bbox 3551 685 3792 744; x_wconf 83' lang='lat' dir='ltr'>observata</span> 
     </span>
    </p>
   </div>
   <div class='ocr_carea' id='block_1_20' title="bbox 2177 773 3792 848">
    <p class='ocr_par' dir='ltr' id='par_1_20' title="bbox 2177 773 3792 848">
     <span class='ocr_line' id='line_1_20' title="bbox 2177 773 3792 848; baseline 0.001 -16"><span class='ocrx_word' id='word_1_150' title='bbox 2177 778 2315 832; x_wconf 87' lang='lat' dir='ltr'>salvi</span> <span class='ocrx_word' id='word_1_151' title='bbox 2345 777 2470 830; x_wconf 76' lang='lat' dir='ltr'>fieri</span> <span class='ocrx_word' id='word_1_152' title='bbox 2501 775 2716 848; x_wconf 86' lang='lat' dir='ltr'>possint</span> <span class='ocrx_word' id='word_1_153' title='bbox 2755 781 2809 829; x_wconf 89' lang='lat' dir='ltr'>et</span> <span class='ocrx_word' id='word_1_154' title='bbox 2837 790 3011 845; x_wconf 89' lang='lat' dir='ltr'>quam</span> <span class='ocrx_word' id='word_1_155' title='bbox 3056 787 3254 827; x_wconf 82' lang='lat' dir='ltr'>revera</span> <span class='ocrx_word' id='word_1_156' title='bbox 3299 773 3572 829; x_wconf 85' lang='lat' dir='ltr'>observare</span> <span class='ocrx_word' id='word_1_157' title='bbox 3599 787 3792 846; x_wconf 84' lang='lat' dir='ltr'>possunt</span> 
     </span>
    </p>
   </div>
   <div class='ocr_carea' id='block_1_21' title="bbox 2177 863 3790 935">
    <p class='ocr_par' dir='ltr' id='par_1_21' title="bbox 2177 863 3790 935">
     <span class='ocr_line' id='line_1_21' title="bbox 2177 863 3790 935; baseline -0.009 -14"><span class='ocrx_word' id='word_1_158' title='bbox 2177 868 2223 922; x_wconf 90' lang='lat' dir='ltr'>si</span> <span class='ocrx_word' id='word_1_159' title='bbox 2273 866 2481 930; x_wconf 84' lang='lat' dir='ltr'>velint;</span> <span class='ocrx_word' id='word_1_160' title='bbox 2511 871 2569 920; x_wconf 92' lang='lat' dir='ltr'>et</span> <span class='ocrx_word' id='word_1_161' title='bbox 2618 864 2755 935; x_wconf 90' lang='lat' dir='ltr'>quia</span> <span class='ocrx_word' id='word_1_162' title='bbox 2795 863 3041 917; x_wconf 89' lang='lat' dir='ltr'>neminis</span> <span class='ocrx_word' id='word_1_163' title='bbox 3095 863 3318 916; x_wconf 89' lang='lat' dir='ltr'>animus</span> <span class='ocrx_word' id='word_1_164' title='bbox 3359 879 3525 933; x_wconf 84' lang='lat' dir='ltr'>usque</span> <span class='ocrx_word' id='word_1_165' title='bbox 3564 865 3681 920; x_wconf 85' lang='lat' dir='ltr'>adeo</span> <span class='ocrx_word' id='word_1_166' title='bbox 3724 869 3790 921; x_wconf 84' lang='lat' dir='ltr'>de.</span> 
     </span>
    </p>
   </div>
   <div class='ocr_carea' id='block_1_22' title="bbox 2175 952 3792 1028">
    <p class='ocr_par' dir='ltr' id='par_1_22' title="bbox 2175 952 3792 1028">
     <span class='ocr_line' id='line_1_22' title="bbox 2175 952 3792 1028; baseline 0.001 -18"><span class='ocrx_word' id='word_1_167' title='bbox 2175 960 2440 1028; x_wconf 85' lang='lat' dir='ltr'>pravatus</span> <span class='ocrx_word' id='word_1_168' title='bbox 2463 960 2566 1021; x_wconf 88' lang='lat' dir='ltr'>est,</span> <span class='ocrx_word' id='word_1_169' title='bbox 2598 959 2662 1008; x_wconf 90' lang='lat' dir='ltr'>ut</span> <span class='ocrx_word' id='word_1_170' title='bbox 2688 952 2980 1008; x_wconf 83' lang='lat' dir='ltr'>beneficiis</span> <span class='ocrx_word' id='word_1_171' title='bbox 3024 969 3152 1022; x_wconf 71' lang='lat' dir='ltr'>qum</span> <span class='ocrx_word' id='word_1_172' title='bbox 3175 953 3323 1006; x_wconf 89' lang='lat' dir='ltr'>Deus</span> <span class='ocrx_word' id='word_1_173' title='bbox 3368 952 3423 1006; x_wconf 90' lang='lat' dir='ltr'>in</span> <span class='ocrx_word' id='word_1_174' title='bbox 3452 969 3630 1008; x_wconf 88' lang='lat' dir='ltr'>omnes</span> <span class='ocrx_word' id='word_1_175' title='bbox 3651 957 3792 1011; x_wconf 87' lang='lat' dir='ltr'>homi-</span> 
     </span>
    </p>
   </div>
   <div class='ocr_carea' id='block_1_23' title="bbox 2177 1041 3795 1116">
    <p class='ocr_par' dir='ltr' id='par_1_23' title="bbox 2177 1041 3795 1116">
     <span class='ocr_line' id='line_1_23' title="bbox 2177 1041 3795 1116; baseline 0.001 -17"><span class='ocrx_word' id='word_1_176' title='bbox 2177 1062 2276 1099; x_wconf 87' lang='lat' dir='ltr'>nes</span> <span class='ocrx_word' id='word_1_177' title='bbox 2309 1046 2544 1116; x_wconf 77' lang='lat' dir='ltr'>spargit,</span> <span class='ocrx_word' id='word_1_178' title='bbox 2590 1043 2866 1112; x_wconf 85' lang='lat' dir='ltr'>paulatim</span> <span class='ocrx_word' id='word_1_179' title='bbox 2907 1047 3057 1096; x_wconf 89' lang='lat' dir='ltr'>certe</span> <span class='ocrx_word' id='word_1_180' title='bbox 3088 1041 3374 1095; x_wconf 86' lang='lat' dir='ltr'>emendari</span> <span class='ocrx_word' id='word_1_181' title='bbox 3401 1047 3640 1112; x_wconf 86' lang='lat' dir='ltr'>nequeat.</span> <span class='ocrx_word' id='word_1_182' title='bbox 3668 1045 3712 1098; x_wconf 91' lang='lat' dir='ltr'>Si</span> <span class='ocrx_word' id='word_1_183' title='bbox 3732 1047 3795 1100; x_wconf 79' lang='lat' dir='ltr'>lex</span> 
     </span>
    </p>
   </div>
   <div class='ocr_carea' id='block_1_24' title="bbox 2176 1130 3793 1205">
    <p class='ocr_par' dir='ltr' id='par_1_24' title="bbox 2176 1130 3793 1205">
     <span class='ocr_line' id='line_1_24' title="bbox 2176 1130 3793 1205; baseline 0.001 -21"><span class='ocrx_word' id='word_1_184' title='bbox 2176 1151 2346 1205; x_wconf 87' lang='lat' dir='ltr'>quam</span> <span class='ocrx_word' id='word_1_185' title='bbox 2385 1135 2493 1187; x_wconf 86' lang='lat' dir='ltr'>fert</span> <span class='ocrx_word' id='word_1_186' title='bbox 2526 1135 2673 1187; x_wconf 90' lang='lat' dir='ltr'>Deus</span> <span class='ocrx_word' id='word_1_187' title='bbox 2708 1131 3040 1185; x_wconf 91' lang='lat' dir='ltr'>hominibus</span> <span class='ocrx_word' id='word_1_188' title='bbox 3091 1133 3143 1183; x_wconf 91' lang='lat' dir='ltr'>et</span> <span class='ocrx_word' id='word_1_189' title='bbox 3191 1146 3258 1182; x_wconf 78' lang='lat' dir='ltr'>ex</span> <span class='ocrx_word' id='word_1_190' title='bbox 3315 1146 3421 1199; x_wconf 86' lang='lat' dir='ltr'>qua</span> <span class='ocrx_word' id='word_1_191' title='bbox 3447 1130 3639 1198; x_wconf 85' lang='lat' dir='ltr'>pendet</span> <span class='ocrx_word' id='word_1_192' title='bbox 3664 1134 3793 1196; x_wconf 77' lang='lat' dir='ltr'>salus,</span> 
     </span>
    </p>
   </div>
   <div class='ocr_carea' id='block_1_25' title="bbox 2178 1217 3799 1288">
    <p class='ocr_par' dir='ltr' id='par_1_25' title="bbox 2178 1217 3799 1288">
     <span class='ocr_line' id='line_1_25' title="bbox 2178 1217 3799 1288; baseline -0.002 -13"><span class='ocrx_word' id='word_1_193' title='bbox 2178 1221 2465 1276; x_wconf 88' lang='lat' dir='ltr'>observari</span> <span class='ocrx_word' id='word_1_194' title='bbox 2510 1221 2580 1274; x_wconf 87' lang='lat' dir='ltr'>ab</span> <span class='ocrx_word' id='word_1_195' title='bbox 2623 1221 2690 1273; x_wconf 91' lang='lat' dir='ltr'>iis</span> <span class='ocrx_word' id='word_1_196' title='bbox 2743 1236 2856 1274; x_wconf 90' lang='lat' dir='ltr'>non</span> <span class='ocrx_word' id='word_1_197' title='bbox 2909 1223 3120 1288; x_wconf 78' lang='lat' dir='ltr'>posset,</span> <span class='ocrx_word' id='word_1_198' title='bbox 3183 1217 3434 1287; x_wconf 85' lang='lat' dir='ltr'>quamvis</span> <span class='ocrx_word' id='word_1_199' title='bbox 3463 1217 3694 1271; x_wconf 85' lang='lat' dir='ltr'>homines</span> <span class='ocrx_word' id='word_1_200' title='bbox 3717 1222 3799 1273; x_wconf 85' lang='lat' dir='ltr'>vel-</span> 
     </span>
    </p>
   </div>
   <div class='ocr_carea' id='block_1_26' title="bbox 2177 1306 3799 1376">
    <p class='ocr_par' dir='ltr' id='par_1_26' title="bbox 2177 1306 3799 1376">
     <span class='ocr_line' id='line_1_26' title="bbox 2177 1306 3799 1376; baseline -0.002 -13"><span class='ocrx_word' id='word_1_201' title='bbox 2177 1312 2296 1364; x_wconf 89' lang='lat' dir='ltr'>lent</span> <span class='ocrx_word' id='word_1_202' title='bbox 2321 1331 2335 1376; x_wconf 92' lang='lat'>;</span> <span class='ocrx_word' id='word_1_203' title='bbox 2363 1315 2459 1363; x_wconf 90' lang='lat' dir='ltr'>aut</span> <span class='ocrx_word' id='word_1_204' title='bbox 2489 1311 2533 1362; x_wconf 94' lang='lat' dir='ltr'>si</span> <span class='ocrx_word' id='word_1_205' title='bbox 2565 1315 2754 1363; x_wconf 81' lang='lat' dir='ltr'>essent</span> <span class='ocrx_word' id='word_1_206' title='bbox 2784 1309 2861 1363; x_wconf 86' lang='lat' dir='ltr'>ita</span> <span class='ocrx_word' id='word_1_207' title='bbox 2895 1307 3078 1362; x_wconf 74' lang='lat' dir='ltr'>affecti</span> <span class='ocrx_word' id='word_1_208' title='bbox 3119 1311 3183 1360; x_wconf 91' lang='lat' dir='ltr'>ut</span> <span class='ocrx_word' id='word_1_209' title='bbox 3213 1306 3463 1360; x_wconf 88' lang='lat' dir='ltr'>voluntas</span> <span class='ocrx_word' id='word_1_210' title='bbox 3502 1308 3587 1360; x_wconf 87' lang='lat' dir='ltr'>illa</span> <span class='ocrx_word' id='word_1_211' title='bbox 3613 1309 3799 1374; x_wconf 86' lang='lat' dir='ltr'>parendi</span> 
     </span>
    </p>
   </div>
   <div class='ocr_carea' id='block_1_27' title="bbox 2180 1393 3799 1466">
    <p class='ocr_par' dir='ltr' id='par_1_27' title="bbox 2180 1393 3799 1466">
     <span class='ocr_line' id='line_1_27' title="bbox 2180 1393 3799 1466; baseline -0.003 -15"><span class='ocrx_word' id='word_1_212' title='bbox 2180 1401 2294 1452; x_wconf 92' lang='lat' dir='ltr'>Deo</span> <span class='ocrx_word' id='word_1_213' title='bbox 2319 1399 2473 1452; x_wconf 90' lang='lat' dir='ltr'>nasci</span> <span class='ocrx_word' id='word_1_214' title='bbox 2499 1399 2556 1452; x_wconf 90' lang='lat' dir='ltr'>in</span> <span class='ocrx_word' id='word_1_215' title='bbox 2590 1398 2660 1452; x_wconf 91' lang='lat' dir='ltr'>iis</span> <span class='ocrx_word' id='word_1_216' title='bbox 2702 1414 2814 1451; x_wconf 91' lang='lat' dir='ltr'>non</span> <span class='ocrx_word' id='word_1_217' title='bbox 2846 1400 3058 1466; x_wconf 86' lang='lat' dir='ltr'>posset,</span> <span class='ocrx_word' id='word_1_218' title='bbox 3097 1393 3208 1447; x_wconf 92' lang='lat' dir='ltr'>nisi</span> <span class='ocrx_word' id='word_1_219' title='bbox 3247 1393 3390 1446; x_wconf 91' lang='lat' dir='ltr'>Deus</span> <span class='ocrx_word' id='word_1_220' title='bbox 3426 1411 3516 1448; x_wconf 94' lang='lat' dir='ltr'>eos</span> <span class='ocrx_word' id='word_1_221' title='bbox 3543 1394 3707 1448; x_wconf 82' lang='lat' dir='ltr'>afﬂatu</span> <span class='ocrx_word' id='word_1_222' title='bbox 3737 1396 3799 1447; x_wconf 89' lang='lat' dir='ltr'>in-</span> 
     </span>
    </p>
   </div>
   <div class='ocr_carea' id='block_1_28' title="bbox 2178 1483 3799 1556">
    <p class='ocr_par' dir='ltr' id='par_1_28' title="bbox 2178 1483 3799 1556">
     <span class='ocr_line' id='line_1_28' title="bbox 2178 1483 3799 1556; baseline -0.004 -15"><span class='ocrx_word' id='word_1_223' title='bbox 2178 1487 2463 1542; x_wconf 87' lang='lat' dir='ltr'>eluctabili</span> <span class='ocrx_word' id='word_1_224' title='bbox 2498 1503 2723 1541; x_wconf 88' lang='lat' dir='ltr'>movere</span> <span class='ocrx_word' id='word_1_225' title='bbox 2754 1485 3109 1556; x_wconf 83' lang='lat' dir='ltr'>dignaretur,</span> <span class='ocrx_word' id='word_1_226' title='bbox 3139 1500 3254 1554; x_wconf 89' lang='lat' dir='ltr'>quo</span> <span class='ocrx_word' id='word_1_227' title='bbox 3301 1485 3471 1536; x_wconf 85' lang='lat' dir='ltr'>nollet.</span> <span class='ocrx_word' id='word_1_228' title='bbox 3507 1499 3680 1536; x_wconf 90' lang='lat' dir='ltr'>omnes</span> <span class='ocrx_word' id='word_1_229' title='bbox 3707 1483 3799 1552; x_wconf 76' lang='lat' dir='ltr'>dig-</span> 
     </span>
    </p>
   </div>
   <div class='ocr_carea' id='block_1_29' title="bbox 2176 1571 3800 1646">
    <p class='ocr_par' dir='ltr' id='par_1_29' title="bbox 2176 1571 3800 1646">
     <span class='ocr_line' id='line_1_29' title="bbox 2176 1571 3800 1646; baseline -0.004 -16"><span class='ocrx_word' id='word_1_230' title='bbox 2176 1575 2300 1630; x_wconf 90' lang='lat' dir='ltr'>nari</span> <span class='ocrx_word' id='word_1_231' title='bbox 2331 1580 2485 1629; x_wconf 86' lang='lat' dir='ltr'>:tum</span> <span class='ocrx_word' id='word_1_232' title='bbox 2515 1591 2648 1629; x_wconf 86' lang='lat' dir='ltr'>vero</span> <span class='ocrx_word' id='word_1_233' title='bbox 2672 1575 2969 1646; x_wconf 88' lang='lat' dir='ltr'>negandus</span> <span class='ocrx_word' id='word_1_234' title='bbox 3011 1577 3157 1628; x_wconf 86' lang='lat' dir='ltr'>esset</span> <span class='ocrx_word' id='word_1_235' title='bbox 3198 1574 3343 1626; x_wconf 88' lang='lat' dir='ltr'>Deus</span> <span class='ocrx_word' id='word_1_236' title='bbox 3370 1571 3612 1626; x_wconf 89' lang='lat' dir='ltr'>homines</span> <span class='ocrx_word' id='word_1_237' title='bbox 3649 1589 3800 1625; x_wconf 88' lang='lat' dir='ltr'>omnes</span> 
     </span>
    </p>
   </div>
   <div class='ocr_carea' id='block_1_30' title="bbox 367 1642 2715 1738">
    <p class='ocr_par' dir='ltr' id='par_1_30' title="bbox 367 1642 2715 1738">
     <span class='ocr_line' id='line_1_30' title="bbox 367 1642 2715 1738; baseline -0.003 -32"><span class='ocrx_word' id='word_1_238' title='bbox 367 1651 425 1706; x_wconf 91' lang='lat' dir='ltr'>in</span> <span class='ocrx_word' id='word_1_239' title='bbox 455 1652 638 1719; x_wconf 85' lang='lat' dir='ltr'>vobis,</span> <span class='ocrx_word' id='word_1_240' title='bbox 670 1651 807 1705; x_wconf 92' lang='lat' dir='ltr'>olim</span> <span class='ocrx_word' id='word_1_241' title='bbox 837 1650 898 1703; x_wconf 91' lang='lat' dir='ltr'>in</span> <span class='ocrx_word' id='word_1_242' title='bbox 927 1649 1108 1702; x_wconf 92' lang='lat' dir='ltr'>cilicio</span> <span class='ocrx_word' id='word_1_243' title='bbox 1140 1653 1194 1701; x_wconf 93' lang='lat' dir='ltr'>et</span> <span class='ocrx_word' id='word_1_244' title='bbox 1230 1646 1418 1699; x_wconf 89' lang='lat' dir='ltr'>cinere</span> <span class='ocrx_word' id='word_1_245' title='bbox 1464 1643 1860 1715; x_wconf 88' lang='lat' dir='ltr'>poenitentiam</span> <span class='ocrx_word' id='word_1_246' title='bbox 1914 1642 2067 1711; x_wconf 70' lang='lat' dir='ltr'>egis-</span> <span class='ocrx_word' id='word_1_247' title='bbox 2099 1684 2139 1738; x_wconf 78' lang='lat' dir='ltr'>B</span> <span class='ocrx_word' id='word_1_248' title='bbox 2179 1665 2321 1718; x_wconf 68' lang='lat' dir='ltr'>vene</span> <span class='ocrx_word' id='word_1_249' title='bbox 2343 1665 2526 1718; x_wconf 63' lang='lat' dir='ltr'>salvos</span> <span class='ocrx_word' id='word_1_250' title='bbox 2571 1664 2715 1718; x_wconf 50' lang='lat' dir='ltr'>ﬁeri.</span> 
     </span>
    </p>
   </div>
   <div class='ocr_carea' id='block_1_31' title="bbox 270 1733 2063 1806">
    <p class='ocr_par' dir='ltr' id='par_1_31' title="bbox 270 1733 2063 1806">
     <span class='ocr_line' id='line_1_31' title="bbox 270 1733 2063 1806; baseline -0.006 -12"><span class='ocrx_word' id='word_1_251' title='bbox 270 1794 281 1806; x_wconf 83' lang='lat'><strong>_</strong></span> <span class='ocrx_word' id='word_1_252' title='bbox 365 1744 508 1794; x_wconf 91' lang='lat' dir='ltr'>sent.</span> <span class='ocrx_word' id='word_1_253' title='bbox 557 1741 664 1795; x_wconf 90' lang='lat' dir='ltr'>Nec</span> <span class='ocrx_word' id='word_1_254' title='bbox 704 1741 890 1806; x_wconf 80' lang='lat' dir='ltr'>utique</span> <span class='ocrx_word' id='word_1_255' title='bbox 939 1739 1084 1791; x_wconf 86' lang='lat' dir='ltr'>Deus</span> <span class='ocrx_word' id='word_1_256' title='bbox 1140 1735 1343 1804; x_wconf 77' lang='lat' dir='ltr'>injuste</span> <span class='ocrx_word' id='word_1_257' title='bbox 1363 1734 1534 1788; x_wconf 78' lang='lat' dir='ltr'>noluit</span> <span class='ocrx_word' id='word_1_258' title='bbox 1563 1733 1738 1786; x_wconf 80' lang='lat' dir='ltr'>salvos</span> <span class='ocrx_word' id='word_1_259' title='bbox 1779 1733 1918 1800; x_wconf 85' lang='lat' dir='ltr'>ﬁeri,</span> <span class='ocrx_word' id='word_1_260' title='bbox 1947 1746 2063 1784; x_wconf 88' lang='lat' dir='ltr'>cum</span> 
     </span>
    </p>
   </div>
   <div class='ocr_carea' id='block_1_32' title="bbox 362 1819 2066 1897">
    <p class='ocr_par' dir='ltr' id='par_1_32' title="bbox 362 1819 2066 1897">
     <span class='ocr_line' id='line_1_32' title="bbox 362 1819 2066 1897; baseline -0.006 -16"><span class='ocrx_word' id='word_1_261' title='bbox 362 1831 580 1897; x_wconf 80' lang='lat' dir='ltr'>possent</span> <span class='ocrx_word' id='word_1_262' title='bbox 623 1827 764 1881; x_wconf 83' lang='lat' dir='ltr'>salvi</span> <span class='ocrx_word' id='word_1_263' title='bbox 805 1841 933 1891; x_wconf 88' lang='lat' dir='ltr'>esse,</span> <span class='ocrx_word' id='word_1_264' title='bbox 983 1842 1028 1878; x_wconf 87' lang='lat' dir='ltr'>SI</span> <span class='ocrx_word' id='word_1_265' title='bbox 1058 1839 1315 1877; x_wconf 61' lang='lat' dir='ltr'>venam.</span> <span class='ocrx_word' id='word_1_266' title='bbox 1351 1821 1370 1892; x_wconf 91' lang='lat'>]</span> <span class='ocrx_word' id='word_1_267' title='bbox 1404 1819 1755 1875; x_wconf 88' lang='lat' dir='ltr'>Benedictini</span> <span class='ocrx_word' id='word_1_268' title='bbox 1783 1823 2066 1873; x_wconf 87' lang='lat' dir='ltr'>testantur</span> 
     </span>
    </p>
   </div>
   <div class='ocr_carea' id='block_1_33' title="bbox 363 1907 2065 1985">
    <p class='ocr_par' dir='ltr' id='par_1_33' title="bbox 363 1907 2065 1985">
     <span class='ocr_line' id='line_1_33' title="bbox 363 1907 2065 1985; baseline -0.006 -17"><span class='ocrx_word' id='word_1_269' title='bbox 363 1914 568 1985; x_wconf 85' lang='lat' dir='ltr'>viginti</span> <span class='ocrx_word' id='word_1_270' title='bbox 599 1913 856 1985; x_wconf 90' lang='lat' dir='ltr'>quinque</span> <span class='ocrx_word' id='word_1_271' title='bbox 877 1913 1094 1966; x_wconf 89' lang='lat' dir='ltr'>codices</span> <span class='ocrx_word' id='word_1_272' title='bbox 1149 1910 1411 1980; x_wconf 84' lang='lat' dir='ltr'>antiquos</span> <span class='ocrx_word' id='word_1_273' title='bbox 1458 1908 1668 1962; x_wconf 89' lang='lat' dir='ltr'>habere</span> <span class='ocrx_word' id='word_1_274' title='bbox 1718 1907 1808 1961; x_wconf 91' lang='lat' dir='ltr'>hic</span> <span class='ocrx_word' id='word_1_275' title='bbox 1848 1923 1892 1958; x_wconf 84' lang='lat' dir='ltr'>SI</span> <span class='ocrx_word' id='word_1_276' title='bbox 1941 1921 2065 1958; x_wconf 81' lang='lat' dir='ltr'>VEL-</span> 
     </span>
    </p>
   </div>
   <div class='ocr_carea' id='block_1_34' title="bbox 362 1995 2063 2074">
    <p class='ocr_par' dir='ltr' id='par_1_34' title="bbox 362 1995 2063 2074">
     <span class='ocr_line' id='line_1_34' title="bbox 362 1995 2063 2074; baseline -0.006 -17"><span class='ocrx_word' id='word_1_277' title='bbox 362 2019 482 2069; x_wconf 77' lang='lat' dir='ltr'>LET,</span> <span class='ocrx_word' id='word_1_278' title='bbox 515 2001 1002 2074; x_wconf 89' lang='lat' dir='ltr'>quemadmodum</span> <span class='ocrx_word' id='word_1_279' title='bbox 1033 1999 1173 2068; x_wconf 85' lang='lat' dir='ltr'>legit</span> <span class='ocrx_word' id='word_1_280' title='bbox 1209 2000 1408 2051; x_wconf 88' lang='lat' dir='ltr'>Petrus</span> <span class='ocrx_word' id='word_1_281' title='bbox 1451 1995 1818 2060; x_wconf 87' lang='lat' dir='ltr'>Lombardus,</span> <span class='ocrx_word' id='word_1_282' title='bbox 1867 1995 2063 2064; x_wconf 89' lang='lat' dir='ltr'>legen-</span> 
     </span>
    </p>
   </div>
   <div class='ocr_carea' id='block_1_35' title="bbox 361 2082 2065 2161">
    <p class='ocr_par' dir='ltr' id='par_1_35' title="bbox 361 2082 2065 2161">
     <span class='ocr_line' id='line_1_35' title="bbox 361 2082 2065 2161; baseline -0.006 -16"><span class='ocrx_word' id='word_1_283' title='bbox 361 2091 616 2161; x_wconf 88' lang='lat' dir='ltr'>dumque</span> <span class='ocrx_word' id='word_1_284' title='bbox 651 2092 996 2142; x_wconf 90' lang='lat' dir='ltr'>censueruut</span> <span class='ocrx_word' id='word_1_285' title='bbox 1053 2085 1430 2140; x_wconf 86' lang='lat' dir='ltr'>Lovanienses</span> <span class='ocrx_word' id='word_1_286' title='bbox 1489 2088 1545 2137; x_wconf 89' lang='lat' dir='ltr'>et</span> <span class='ocrx_word' id='word_1_287' title='bbox 1602 2082 1715 2137; x_wconf 90' lang='lat' dir='ltr'>alii.</span> <span class='ocrx_word' id='word_1_288' title='bbox 1793 2084 1870 2135; x_wconf 88' lang='lat' dir='ltr'>Ac</span> <span class='ocrx_word' id='word_1_289' title='bbox 1931 2097 2065 2134; x_wconf 88' lang='lat' dir='ltr'>sane</span> 
     </span>
    </p>
   </div>
   <div class='ocr_carea' id='block_1_36' title="bbox 363 2170 2066 2247">
    <p class='ocr_par' dir='ltr' id='par_1_36' title="bbox 363 2170 2066 2247">
     <span class='ocr_line' id='line_1_36' title="bbox 363 2170 2066 2247; baseline -0.005 -17"><span class='ocrx_word' id='word_1_290' title='bbox 363 2177 645 2232; x_wconf 88' lang='lat' dir='ltr'>sententia</span> <span class='ocrx_word' id='word_1_291' title='bbox 687 2177 809 2247; x_wconf 88' lang='lat' dir='ltr'>ipsa</span> <span class='ocrx_word' id='word_1_292' title='bbox 852 2173 1156 2245; x_wconf 84' lang='lat' dir='ltr'>Augustini</span> <span class='ocrx_word' id='word_1_293' title='bbox 1207 2178 1262 2226; x_wconf 91' lang='lat' dir='ltr'>et</span> <span class='ocrx_word' id='word_1_294' title='bbox 1304 2171 1602 2243; x_wconf 89' lang='lat' dir='ltr'>sequentia</span> <span class='ocrx_word' id='word_1_295' title='bbox 1644 2171 1722 2225; x_wconf 88' lang='lat' dir='ltr'>ita</span> <span class='ocrx_word' id='word_1_296' title='bbox 1760 2170 2066 2240; x_wconf 88' lang='lat' dir='ltr'>legendum</span> 
     </span>
    </p>
   </div>
   <div class='ocr_carea' id='block_1_37' title="bbox 364 2258 2068 2331">
    <p class='ocr_par' dir='ltr' id='par_1_37' title="bbox 364 2258 2068 2331">
     <span class='ocr_line' id='line_1_37' title="bbox 364 2258 2068 2331; baseline -0.006 -11"><span class='ocrx_word' id='word_1_297' title='bbox 364 2266 620 2320; x_wconf 87' lang='lat' dir='ltr'>suadent.</span> <span class='ocrx_word' id='word_1_298' title='bbox 666 2267 876 2320; x_wconf 88' lang='lat' dir='ltr'>Sensus</span> <span class='ocrx_word' id='word_1_299' title='bbox 916 2268 1033 2317; x_wconf 88' lang='lat' dir='ltr'>est:</span> <span class='ocrx_word' id='word_1_300' title='bbox 1084 2277 1214 2315; x_wconf 93' lang='lat' dir='ltr'>cum</span> <span class='ocrx_word' id='word_1_301' title='bbox 1264 2263 1499 2331; x_wconf 83' lang='lat' dir='ltr'>possent</span> <span class='ocrx_word' id='word_1_302' title='bbox 1545 2258 1756 2313; x_wconf 89' lang='lat' dir='ltr'>servari</span> <span class='ocrx_word' id='word_1_303' title='bbox 1825 2258 1871 2310; x_wconf 92' lang='lat' dir='ltr'>si</span> <span class='ocrx_word' id='word_1_304' title='bbox 1924 2259 2068 2311; x_wconf 88' lang='lat' dir='ltr'>Deus</span> 
     </span>
    </p>
   </div>
   <div class='ocr_carea' id='block_1_38' title="bbox 365 2346 2068 2422">
    <p class='ocr_par' dir='ltr' id='par_1_38' title="bbox 365 2346 2068 2422">
     <span class='ocr_line' id='line_1_38' title="bbox 365 2346 2068 2422; baseline -0.005 -15"><span class='ocrx_word' id='word_1_305' title='bbox 365 2353 656 2418; x_wconf 88' lang='lat' dir='ltr'>voluisset,</span> <span class='ocrx_word' id='word_1_306' title='bbox 679 2353 832 2422; x_wconf 88' lang='lat' dir='ltr'>juste</span> <span class='ocrx_word' id='word_1_307' title='bbox 861 2350 1046 2405; x_wconf 89' lang='lat' dir='ltr'>noluit</span> <span class='ocrx_word' id='word_1_308' title='bbox 1072 2366 1194 2403; x_wconf 90' lang='lat' dir='ltr'>esse</span> <span class='ocrx_word' id='word_1_309' title='bbox 1227 2349 1442 2414; x_wconf 88' lang='lat' dir='ltr'>salvos;</span> <span class='ocrx_word' id='word_1_310' title='bbox 1491 2347 1748 2418; x_wconf 87' lang='lat' dir='ltr'>quamvis</span> <span class='ocrx_word' id='word_1_311' title='bbox 1789 2346 2068 2400; x_wconf 89' lang='lat' dir='ltr'>rationem</span> 
     </span>
    </p>
   </div>
   <div class='ocr_carea' id='block_1_39' title="bbox 365 2435 2068 2511">
    <p class='ocr_par' dir='ltr' id='par_1_39' title="bbox 365 2435 2068 2511">
     <span class='ocr_line' id='line_1_39' title="bbox 365 2435 2068 2511; baseline -0.005 -16"><span class='ocrx_word' id='word_1_312' title='bbox 365 2443 487 2511; x_wconf 86' lang='lat' dir='ltr'>ejus</span> <span class='ocrx_word' id='word_1_313' title='bbox 509 2441 590 2494; x_wconf 90' lang='lat' dir='ltr'>rei</span> <span class='ocrx_word' id='word_1_314' title='bbox 623 2440 958 2507; x_wconf 85' lang='lat' dir='ltr'>nesciamus,</span> <span class='ocrx_word' id='word_1_315' title='bbox 1001 2439 1047 2492; x_wconf 91' lang='lat' dir='ltr'>si</span> <span class='ocrx_word' id='word_1_316' title='bbox 1073 2454 1200 2491; x_wconf 92' lang='lat' dir='ltr'>cum</span> <span class='ocrx_word' id='word_1_317' title='bbox 1233 2437 1359 2490; x_wconf 90' lang='lat' dir='ltr'>aliis</span> <span class='ocrx_word' id='word_1_318' title='bbox 1398 2435 1653 2490; x_wconf 89' lang='lat' dir='ltr'>damnati</span> <span class='ocrx_word' id='word_1_319' title='bbox 1710 2451 1822 2488; x_wconf 92' lang='lat' dir='ltr'>non</span> <span class='ocrx_word' id='word_1_320' title='bbox 1869 2435 2068 2488; x_wconf 91' lang='lat' dir='ltr'>melio-</span> 
     </span>
    </p>
   </div>
   <div class='ocr_carea' id='block_1_40' title="bbox 364 2523 2064 2583">
    <p class='ocr_par' dir='ltr' id='par_1_40' title="bbox 364 2523 2064 2583">
     <span class='ocr_line' id='line_1_40' title="bbox 364 2523 2064 2583; baseline -0.004 -1"><span class='ocrx_word' id='word_1_321' title='bbox 364 2529 522 2583; x_wconf 86' lang='lat' dir='ltr'>ribus</span> <span class='ocrx_word' id='word_1_322' title='bbox 551 2529 938 2582; x_wconf 88' lang='lat' dir='ltr'>conferantur.</span> <span class='ocrx_word' id='word_1_323' title='bbox 959 2529 1223 2580; x_wconf 85' lang='lat' dir='ltr'>Attamen</span> <span class='ocrx_word' id='word_1_324' title='bbox 1246 2525 1522 2579; x_wconf 87' lang='lat' dir='ltr'>editiones</span> <span class='ocrx_word' id='word_1_325' title='bbox 1541 2529 1596 2578; x_wconf 93' lang='lat' dir='ltr'>et</span> <span class='ocrx_word' id='word_1_326' title='bbox 1623 2523 1886 2576; x_wconf 88' lang='lat' dir='ltr'>undecim</span> <span class='ocrx_word' id='word_1_327' title='bbox 1933 2540 2064 2576; x_wconf 87' lang='lat' dir='ltr'>mss.</span> 
     </span>
    </p>
   </div>
   <div class='ocr_carea' id='block_1_41' title="bbox 362 2611 2070 2686">
    <p class='ocr_par' dir='ltr' id='par_1_41' title="bbox 362 2611 2070 2686">
     <span class='ocr_line' id='line_1_41' title="bbox 362 2611 2070 2686; baseline -0.005 -15"><span class='ocrx_word' id='word_1_328' title='bbox 362 2617 577 2671; x_wconf 87' lang='lat' dir='ltr'>habent</span> <span class='ocrx_word' id='word_1_329' title='bbox 623 2618 678 2671; x_wconf 83' lang='lat' dir='ltr'>St</span> <span class='ocrx_word' id='word_1_330' title='bbox 729 2633 988 2680; x_wconf 73' lang='lat' dir='ltr'>VELLENT,</span> <span class='ocrx_word' id='word_1_331' title='bbox 1039 2615 1194 2686; x_wconf 91' lang='lat' dir='ltr'>quod</span> <span class='ocrx_word' id='word_1_332' title='bbox 1242 2614 1521 2668; x_wconf 85' lang='lat' dir='ltr'>nimirum</span> <span class='ocrx_word' id='word_1_333' title='bbox 1559 2611 1933 2682; x_wconf 84' lang='lat' dir='ltr'>exscriptores</span> <span class='ocrx_word' id='word_1_334' title='bbox 1973 2613 2070 2663; x_wconf 88' lang='lat' dir='ltr'>aut</span> 
     </span>
    </p>
   </div>
   <div class='ocr_carea' id='block_1_42' title="bbox 361 2702 2068 2776">
    <p class='ocr_par' dir='ltr' id='par_1_42' title="bbox 361 2702 2068 2776">
     <span class='ocr_line' id='line_1_42' title="bbox 361 2702 2068 2776; baseline -0.005 -17"><span class='ocrx_word' id='word_1_335' title='bbox 361 2705 541 2760; x_wconf 89' lang='lat' dir='ltr'>critici</span> <span class='ocrx_word' id='word_1_336' title='bbox 585 2705 768 2776; x_wconf 88' lang='lat' dir='ltr'>magis</span> <span class='ocrx_word' id='word_1_337' title='bbox 813 2705 1172 2758; x_wconf 88' lang='lat' dir='ltr'>attenderent</span> <span class='ocrx_word' id='word_1_338' title='bbox 1217 2719 1338 2756; x_wconf 89' lang='lat' dir='ltr'>rem</span> <span class='ocrx_word' id='word_1_339' title='bbox 1389 2702 1596 2772; x_wconf 88' lang='lat' dir='ltr'>ipsam,</span> <span class='ocrx_word' id='word_1_340' title='bbox 1663 2705 1721 2754; x_wconf 88' lang='lat' dir='ltr'>et</span> <span class='ocrx_word' id='word_1_341' title='bbox 1781 2704 2068 2768; x_wconf 88' lang='lat' dir='ltr'>receptam</span> 
     </span>
    </p>
   </div>
   <div class='ocr_carea' id='block_1_43' title="bbox 361 2788 2064 2865">
    <p class='ocr_par' dir='ltr' id='par_1_43' title="bbox 361 2788 2064 2865">
     <span class='ocr_line' id='line_1_43' title="bbox 361 2788 2064 2865; baseline -0.004 -19"><span class='ocrx_word' id='word_1_342' title='bbox 361 2811 463 2848; x_wconf 91' lang='lat' dir='ltr'>suo</span> <span class='ocrx_word' id='word_1_343' title='bbox 503 2799 763 2865; x_wconf 88' lang='lat' dir='ltr'>tempore</span> <span class='ocrx_word' id='word_1_344' title='bbox 812 2792 1171 2855; x_wconf 87' lang='lat' dir='ltr'>sententiam,</span> <span class='ocrx_word' id='word_1_345' title='bbox 1229 2808 1403 2862; x_wconf 89' lang='lat' dir='ltr'>quam</span> <span class='ocrx_word' id='word_1_346' title='bbox 1450 2788 1755 2858; x_wconf 87' lang='lat' dir='ltr'>Augustini</span> <span class='ocrx_word' id='word_1_347' title='bbox 1794 2793 2064 2841; x_wconf 88' lang='lat' dir='ltr'>mentem.</span> 
     </span>
    </p>
   </div>
   <div class='ocr_carea' id='block_1_44' title="bbox 357 2875 2064 2953">
    <p class='ocr_par' dir='ltr' id='par_1_44' title="bbox 357 2875 2064 2953">
     <span class='ocr_line' id='line_1_44' title="bbox 357 2875 2064 2953; baseline -0.005 -17"><span class='ocrx_word' id='word_1_348' title='bbox 357 2885 434 2936; x_wconf 89' lang='lat' dir='ltr'>Ac</span> <span class='ocrx_word' id='word_1_349' title='bbox 455 2899 591 2937; x_wconf 90' lang='lat' dir='ltr'>sane</span> <span class='ocrx_word' id='word_1_350' title='bbox 622 2881 993 2953; x_wconf 90' lang='lat' dir='ltr'>sequentibus</span> <span class='ocrx_word' id='word_1_351' title='bbox 1019 2881 1262 2946; x_wconf 68' lang='lat' dir='ltr'>saeculis,</span> <span class='ocrx_word' id='word_1_352' title='bbox 1291 2896 1420 2933; x_wconf 89' lang='lat' dir='ltr'>cum</span> <span class='ocrx_word' id='word_1_353' title='bbox 1465 2883 1616 2932; x_wconf 90' lang='lat' dir='ltr'>totus</span> <span class='ocrx_word' id='word_1_354' title='bbox 1667 2878 1845 2931; x_wconf 88' lang='lat' dir='ltr'>ferme</span> <span class='ocrx_word' id='word_1_355' title='bbox 1910 2875 2064 2930; x_wconf 91' lang='lat' dir='ltr'>Occi-</span> 
     </span>
    </p>
   </div>
   <div class='ocr_carea' id='block_1_45' title="bbox 2247 1751 3803 1822">
    <p class='ocr_par' dir='ltr' id='par_1_45' title="bbox 2247 1751 3803 1822">
     <span class='ocr_line' id='line_1_45' title="bbox 2247 1751 3803 1822; baseline -0.004 -15"><span class='ocrx_word' id='word_1_356' title='bbox 2247 1751 2485 1821; x_wconf 84' lang='lat' dir='ltr'>Subjicit</span> <span class='ocrx_word' id='word_1_357' title='bbox 2522 1752 2904 1822; x_wconf 84' lang='lat' dir='ltr'>Augustinus:</span> <span class='ocrx_word' id='word_1_358' title='bbox 2945 1751 3092 1820; x_wconf 89' lang='lat' dir='ltr'>quod</span> <span class='ocrx_word' id='word_1_359' title='bbox 3129 1751 3346 1819; x_wconf 79' lang='lat' dir='ltr'>quidem</span> <span class='ocrx_word' id='word_1_360' title='bbox 3388 1751 3492 1804; x_wconf 86' lang='lat' dir='ltr'>dici</span> <span class='ocrx_word' id='word_1_361' title='bbox 3519 1751 3577 1804; x_wconf 89' lang='lat' dir='ltr'>de</span> <span class='ocrx_word' id='word_1_362' title='bbox 3609 1753 3803 1819; x_wconf 70' lang='lat' dir='ltr'>parvulis</span> 
     </span>
    </p>
   </div>
   <div class='ocr_carea' id='block_1_46' title="bbox 2171 1839 3803 1910">
    <p class='ocr_par' dir='ltr' id='par_1_46' title="bbox 2171 1839 3803 1910">
     <span class='ocr_line' id='line_1_46' title="bbox 2171 1839 3803 1910; baseline -0.002 -15"><span class='ocrx_word' id='word_1_363' title='bbox 2171 1858 2276 1895; x_wconf 89' lang='lat' dir='ltr'>non</span> <span class='ocrx_word' id='word_1_364' title='bbox 2327 1847 2520 1910; x_wconf 84' lang='lat' dir='ltr'>potest,</span> <span class='ocrx_word' id='word_1_365' title='bbox 2579 1857 2805 1909; x_wconf 84' lang='lat' dir='ltr'>quorum</span> <span class='ocrx_word' id='word_1_366' title='bbox 2858 1842 3096 1894; x_wconf 85' lang='lat' dir='ltr'>nondum</span> <span class='ocrx_word' id='word_1_367' title='bbox 3139 1845 3220 1894; x_wconf 89' lang='lat' dir='ltr'>est</span> <span class='ocrx_word' id='word_1_368' title='bbox 3273 1841 3400 1893; x_wconf 66' lang='lat' dir='ltr'>velle</span> <span class='ocrx_word' id='word_1_369' title='bbox 3443 1855 3528 1892; x_wconf 83' lang='lat' dir='ltr'>seu</span> <span class='ocrx_word' id='word_1_370' title='bbox 3565 1840 3698 1893; x_wconf 86' lang='lat' dir='ltr'>nolle.</span> <span class='ocrx_word' id='word_1_371' title='bbox 3725 1839 3803 1892; x_wconf 79' lang='lat' dir='ltr'>Sed</span> 
     </span>
    </p>
   </div>
   <div class='ocr_carea' id='block_1_47' title="bbox 2174 1921 3805 2001">
    <p class='ocr_par' dir='ltr' id='par_1_47' title="bbox 2174 1921 3805 2001">
     <span class='ocr_line' id='line_1_47' title="bbox 2174 1921 3805 2001; baseline -0.003 -19"><span class='ocrx_word' id='word_1_372' title='bbox 2174 1921 2301 2001; x_wconf 83' lang='lat' dir='ltr'>quis</span> <span class='ocrx_word' id='word_1_373' title='bbox 2344 1945 2475 1983; x_wconf 91' lang='lat' dir='ltr'>eum</span> <span class='ocrx_word' id='word_1_374' title='bbox 2512 1929 2707 1982; x_wconf 88' lang='lat' dir='ltr'>docuit</span> <span class='ocrx_word' id='word_1_375' title='bbox 2771 1930 3039 2000; x_wconf 87' lang='lat' dir='ltr'>parvulos</span> <span class='ocrx_word' id='word_1_376' title='bbox 3095 1926 3376 1991; x_wconf 88' lang='lat' dir='ltr'>damnari,</span> <span class='ocrx_word' id='word_1_377' title='bbox 3435 1943 3554 1980; x_wconf 91' lang='lat' dir='ltr'>cum</span> <span class='ocrx_word' id='word_1_378' title='bbox 3605 1925 3805 1981; x_wconf 86' lang='lat' dir='ltr'>Christus</span> 
     </span>
    </p>
   </div>
   <div class='ocr_carea' id='block_1_48' title="bbox 2173 2013 3805 2085">
    <p class='ocr_par' dir='ltr' id='par_1_48' title="bbox 2173 2013 3805 2085">
     <span class='ocr_line' id='line_1_48' title="bbox 2173 2013 3805 2085; baseline -0.005 -14"><span class='ocrx_word' id='word_1_379' title='bbox 2173 2021 2366 2084; x_wconf 86' lang='lat' dir='ltr'>aperte</span> <span class='ocrx_word' id='word_1_380' title='bbox 2416 2016 2563 2070; x_wconf 87' lang='lat' dir='ltr'>dicat</span> <span class='ocrx_word' id='word_1_381' title='bbox 2619 2016 2686 2070; x_wconf 92' lang='lat' dir='ltr'>ad</span> <span class='ocrx_word' id='word_1_382' title='bbox 2732 2017 2874 2070; x_wconf 91' lang='lat' dir='ltr'>tales</span> <span class='ocrx_word' id='word_1_383' title='bbox 2933 2015 3220 2085; x_wconf 87' lang='lat' dir='ltr'>pertinere</span> <span class='ocrx_word' id='word_1_384' title='bbox 3271 2030 3506 2078; x_wconf 79' lang='lat' dir='ltr'>regnum</span> <span class='ocrx_word' id='word_1_385' title='bbox 3541 2013 3805 2067; x_wconf 68' lang='lat' dir='ltr'>caelorum?</span> 
     </span>
    </p>
   </div>
   <div class='ocr_carea' id='block_1_49' title="bbox 2174 2099 3804 2172">
    <p class='ocr_par' dir='ltr' id='par_1_49' title="bbox 2174 2099 3804 2172">
     <span class='ocr_line' id='line_1_49' title="bbox 2174 2099 3804 2172; baseline -0.007 -13"><span class='ocrx_word' id='word_1_386' title='bbox 2174 2105 2279 2159; x_wconf 90' lang='lat' dir='ltr'>Sed</span> <span class='ocrx_word' id='word_1_387' title='bbox 2309 2107 2570 2172; x_wconf 76' lang='lat' dir='ltr'>apertius,</span> <span class='ocrx_word' id='word_1_388' title='bbox 2611 2102 2817 2172; x_wconf 84' lang='lat' dir='ltr'>inquit,</span> <span class='ocrx_word' id='word_1_389' title='bbox 2879 2102 3142 2156; x_wconf 84' lang='lat' dir='ltr'>Dominus</span> <span class='ocrx_word' id='word_1_390' title='bbox 3196 2103 3256 2154; x_wconf 89' lang='lat' dir='ltr'>in</span> <span class='ocrx_word' id='word_1_391' title='bbox 3305 2101 3581 2166; x_wconf 67' lang='lat' dir='ltr'>Evangelia</span> <span class='ocrx_word' id='word_1_392' title='bbox 3627 2099 3804 2165; x_wconf 63' lang='lat' dir='ltr'>compel-</span> 
     </span>
    </p>
   </div>
   <div class='ocr_carea' id='block_1_50' title="bbox 2175 2186 3808 2260">
    <p class='ocr_par' dir='ltr' id='par_1_50' title="bbox 2175 2186 3808 2260">
     <span class='ocr_line' id='line_1_50' title="bbox 2175 2186 3808 2260; baseline -0.007 -15"><span class='ocrx_word' id='word_1_393' title='bbox 2175 2193 2292 2245; x_wconf 84' lang='lat' dir='ltr'>lans</span> <span class='ocrx_word' id='word_1_394' title='bbox 2319 2194 2545 2260; x_wconf 82' lang='lat' dir='ltr'>impiam</span> <span class='ocrx_word' id='word_1_395' title='bbox 2566 2193 2836 2244; x_wconf 71' lang='lat' dir='ltr'>civitatem</span> <span class='ocrx_word' id='word_1_396' title='bbox 2859 2208 2874 2243; x_wconf 92' lang='lat'><em>:</em></span> <span class='ocrx_word' id='word_1_397' title='bbox 2901 2189 3149 2253; x_wconf 81' lang='lat' dir='ltr'>Quoties,</span> <span class='ocrx_word' id='word_1_398' title='bbox 3182 2191 3379 2256; x_wconf 80' lang='lat' dir='ltr'>inquit.</span> <span class='ocrx_word' id='word_1_399' title='bbox 3407 2186 3808 2248; x_wconf 64' lang='lat' dir='ltr'>voluitctilligere</span> 
     </span>
    </p>
   </div>
   <div class='ocr_carea' id='block_1_51' title="bbox 2175 2273 3808 2346">
    <p class='ocr_par' dir='ltr' id='par_1_51' title="bbox 2175 2273 3808 2346">
     <span class='ocr_line' id='line_1_51' title="bbox 2175 2273 3808 2346; baseline -0.007 -13"><span class='ocrx_word' id='word_1_400' title='bbox 2175 2280 2320 2334; x_wconf 85' lang='lat' dir='ltr'>filios</span> <span class='ocrx_word' id='word_1_401' title='bbox 2345 2284 2491 2344; x_wconf 87' lang='lat' dir='ltr'>tuos,</span> <span class='ocrx_word' id='word_1_402' title='bbox 2517 2279 2662 2332; x_wconf 89' lang='lat' dir='ltr'>sicut</span> <span class='ocrx_word' id='word_1_403' title='bbox 2701 2278 2912 2346; x_wconf 82' lang='lat' dir='ltr'>gallina</span> <span class='ocrx_word' id='word_1_404' title='bbox 2942 2279 3127 2346; x_wconf 71' lang='lat' dir='ltr'>pullos</span> <span class='ocrx_word' id='word_1_405' title='bbox 3161 2294 3315 2338; x_wconf 87' lang='lat' dir='ltr'>suos,</span> <span class='ocrx_word' id='word_1_406' title='bbox 3350 2281 3404 2329; x_wconf 86' lang='lat' dir='ltr'>et</span> <span class='ocrx_word' id='word_1_407' title='bbox 3427 2273 3642 2328; x_wconf 91' lang='lat' dir='ltr'>noluisti</span> <span class='ocrx_word' id='word_1_408' title='bbox 3665 2273 3688 2324; x_wconf 82' lang='lat' dir='ltr'>‘l</span> <span class='ocrx_word' id='word_1_409' title='bbox 3715 2278 3808 2324; x_wconf 80' lang='lat' dir='ltr'>tan-</span> 
     </span>
    </p>
   </div>
   <div class='ocr_carea' id='block_1_52' title="bbox 2176 2363 3810 2436">
    <p class='ocr_par' dir='ltr' id='par_1_52' title="bbox 2176 2363 3810 2436">
     <span class='ocr_line' id='line_1_52' title="bbox 2176 2363 3810 2436; baseline -0.007 -17"><span class='ocrx_word' id='word_1_410' title='bbox 2176 2385 2339 2436; x_wconf 82' lang='lat' dir='ltr'>quam</span> <span class='ocrx_word' id='word_1_411' title='bbox 2396 2370 2492 2421; x_wconf 87' lang='lat' dir='ltr'>Dei</span> <span class='ocrx_word' id='word_1_412' title='bbox 2538 2369 2786 2421; x_wconf 78' lang='lat' dir='ltr'>voluntas</span> <span class='ocrx_word' id='word_1_413' title='bbox 2822 2370 3079 2434; x_wconf 83' lang='lat' dir='ltr'>superata</span> <span class='ocrx_word' id='word_1_414' title='bbox 3109 2367 3181 2419; x_wconf 86' lang='lat' dir='ltr'>sit</span> <span class='ocrx_word' id='word_1_415' title='bbox 3227 2367 3492 2418; x_wconf 82' lang='lat' dir='ltr'>hominum</span> <span class='ocrx_word' id='word_1_416' title='bbox 3527 2363 3810 2415; x_wconf 62' lang='lat' dir='ltr'>voluntatem</span> 
     </span>
    </p>
   </div>
   <div class='ocr_carea' id='block_1_53' title="bbox 2175 2450 3811 2523">
    <p class='ocr_par' dir='ltr' id='par_1_53' title="bbox 2175 2450 3811 2523">
     <span class='ocr_line' id='line_1_53' title="bbox 2175 2450 3811 2523; baseline -0.007 -14"><span class='ocrx_word' id='word_1_417' title='bbox 2175 2457 2563 2523; x_wconf 86' lang='lat' dir='ltr'>inﬁrmissimis</span> <span class='ocrx_word' id='word_1_418' title='bbox 2593 2455 2818 2508; x_wconf 82' lang='lat' dir='ltr'>nolendo</span> <span class='ocrx_word' id='word_1_419' title='bbox 2854 2454 3415 2523; x_wconf 78' lang='lat' dir='ltr'>impedientibus,non</span> <span class='ocrx_word' id='word_1_420' title='bbox 3444 2452 3658 2520; x_wconf 76' lang='lat' dir='ltr'>potuerit</span> <span class='ocrx_word' id='word_1_421' title='bbox 3678 2450 3811 2513; x_wconf 64' lang='lat' dir='ltr'>farm?</span> 
     </span>
    </p>
   </div>
   <div class='ocr_carea' id='block_1_54' title="bbox 2171 2535 3813 2614">
    <p class='ocr_par' dir='ltr' id='par_1_54' title="bbox 2171 2535 3813 2614">
     <span class='ocr_line' id='line_1_54' title="bbox 2171 2535 3813 2614; baseline -0.008 -16"><span class='ocrx_word' id='word_1_422' title='bbox 2171 2547 2579 2614; x_wconf 85' lang='lat' dir='ltr'>potentissimus</span> <span class='ocrx_word' id='word_1_423' title='bbox 2603 2544 2747 2612; x_wconf 91' lang='lat' dir='ltr'>quod</span> <span class='ocrx_word' id='word_1_424' title='bbox 2763 2545 2989 2597; x_wconf 78' lang='lat' dir='ltr'>volebat.</span> <span class='ocrx_word' id='word_1_425' title='bbox 3027 2542 3134 2596; x_wconf 89' lang='lat' dir='ltr'>Sed</span> <span class='ocrx_word' id='word_1_426' title='bbox 3177 2541 3332 2596; x_wconf 86' lang='lat' dir='ltr'>aliud</span> <span class='ocrx_word' id='word_1_427' title='bbox 3355 2544 3436 2593; x_wconf 85' lang='lat' dir='ltr'>est</span> <span class='ocrx_word' id='word_1_428' title='bbox 3468 2540 3599 2592; x_wconf 88' lang='lat' dir='ltr'>velle</span> <span class='ocrx_word' id='word_1_429' title='bbox 3626 2535 3813 2606; x_wconf 67' lang='lat' dir='ltr'>praemio</span> 
     </span>
    </p>
   </div>
   <div class='ocr_carea' id='block_1_55' title="bbox 2177 2623 3811 2702">
    <p class='ocr_par' dir='ltr' id='par_1_55' title="bbox 2177 2623 3811 2702">
     <span class='ocr_line' id='line_1_55' title="bbox 2177 2623 3811 2702; baseline -0.008 -16"><span class='ocrx_word' id='word_1_430' title='bbox 2177 2633 2401 2686; x_wconf 84' lang='lat' dir='ltr'>afﬁcere</span> <span class='ocrx_word' id='word_1_431' title='bbox 2444 2632 2782 2702; x_wconf 86' lang='lat' dir='ltr'>obsequium</span> <span class='ocrx_word' id='word_1_432' title='bbox 2837 2635 3171 2684; x_wconf 87' lang='lat' dir='ltr'>naturarum</span> <span class='ocrx_word' id='word_1_433' title='bbox 3202 2629 3529 2692; x_wconf 85' lang='lat' dir='ltr'>liberarum,</span> <span class='ocrx_word' id='word_1_434' title='bbox 3569 2624 3664 2679; x_wconf 90' lang='lat' dir='ltr'>nisi</span> <span class='ocrx_word' id='word_1_435' title='bbox 3710 2623 3811 2689; x_wconf 70' lang='lat' dir='ltr'>ipsa.</span> 
     </span>
    </p>
   </div>
   <div class='ocr_carea' id='block_1_56' title="bbox 2177 2711 3813 2790">
    <p class='ocr_par' dir='ltr' id='par_1_56' title="bbox 2177 2711 3813 2790">
     <span class='ocr_line' id='line_1_56' title="bbox 2177 2711 3813 2790; baseline -0.007 -18"><span class='ocrx_word' id='word_1_436' title='bbox 2177 2719 2415 2790; x_wconf 88' lang='lat' dir='ltr'>obsequi</span> <span class='ocrx_word' id='word_1_437' title='bbox 2439 2721 2624 2774; x_wconf 89' lang='lat' dir='ltr'>nolint</span> <span class='ocrx_word' id='word_1_438' title='bbox 2649 2740 2662 2784; x_wconf 91' lang='lat'>;</span> <span class='ocrx_word' id='word_1_439' title='bbox 2692 2719 2840 2774; x_wconf 85' lang='lat' dir='ltr'>aliud</span> <span class='ocrx_word' id='word_1_440' title='bbox 2883 2719 3067 2772; x_wconf 89' lang='lat' dir='ltr'>facere</span> <span class='ocrx_word' id='word_1_441' title='bbox 3098 2717 3290 2786; x_wconf 90' lang='lat' dir='ltr'>ipsum</span> <span class='ocrx_word' id='word_1_442' title='bbox 3329 2719 3392 2767; x_wconf 91' lang='lat' dir='ltr'>ut</span> <span class='ocrx_word' id='word_1_443' title='bbox 3427 2717 3677 2768; x_wconf 69' lang='lat' dir='ltr'>creaturae</span> <span class='ocrx_word' id='word_1_444' title='bbox 3711 2711 3813 2762; x_wconf 80' lang='lat' dir='ltr'>[iant</span> 
     </span>
    </p>
   </div>
   <div class='ocr_carea' id='block_1_57' title="bbox 2174 2797 3809 2874">
    <p class='ocr_par' dir='ltr' id='par_1_57' title="bbox 2174 2797 3809 2874">
     <span class='ocr_line' id='line_1_57' title="bbox 2174 2797 3809 2874; baseline -0.007 -14"><span class='ocrx_word' id='word_1_445' title='bbox 2174 2806 2385 2860; x_wconf 89' lang='lat' dir='ltr'>felices.</span> <span class='ocrx_word' id='word_1_446' title='bbox 2439 2807 2724 2862; x_wconf 84' lang='lat' dir='ltr'>Posterius</span> <span class='ocrx_word' id='word_1_447' title='bbox 2773 2821 3000 2874; x_wconf 88' lang='lat' dir='ltr'>semper</span> <span class='ocrx_word' id='word_1_448' title='bbox 3041 2805 3190 2857; x_wconf 89' lang='lat' dir='ltr'>Deus</span> <span class='ocrx_word' id='word_1_449' title='bbox 3240 2802 3390 2865; x_wconf 87' lang='lat' dir='ltr'>facit,</span> <span class='ocrx_word' id='word_1_450' title='bbox 3451 2799 3660 2868; x_wconf 86' lang='lat' dir='ltr'>quando</span> <span class='ocrx_word' id='word_1_451' title='bbox 3697 2797 3809 2848; x_wconf 87' lang='lat' dir='ltr'>vult:</span> 
     </span>
    </p>
   </div>
   <div class='ocr_carea' id='block_1_58' title="bbox 2175 2880 3806 2964">
    <p class='ocr_par' dir='ltr' id='par_1_58' title="bbox 2175 2880 3806 2964">
     <span class='ocr_line' id='line_1_58' title="bbox 2175 2880 3806 2964; baseline -0.009 -17"><span class='ocrx_word' id='word_1_452' title='bbox 2175 2893 2332 2964; x_wconf 89' lang='lat' dir='ltr'>prius</span> <span class='ocrx_word' id='word_1_453' title='bbox 2361 2909 2478 2946; x_wconf 90' lang='lat' dir='ltr'>non</span> <span class='ocrx_word' id='word_1_454' title='bbox 2529 2893 2682 2961; x_wconf 90' lang='lat' dir='ltr'>facit,</span> <span class='ocrx_word' id='word_1_455' title='bbox 2733 2892 2867 2964; x_wconf 87' lang='lat' dir='ltr'>quia</span> <span class='ocrx_word' id='word_1_456' title='bbox 2893 2908 3011 2945; x_wconf 90' lang='lat' dir='ltr'>non</span> <span class='ocrx_word' id='word_1_457' title='bbox 3060 2891 3179 2943; x_wconf 91' lang='lat' dir='ltr'>vult</span> <span class='ocrx_word' id='word_1_458' title='bbox 3239 2890 3495 2943; x_wconf 73' lang='lat' dir='ltr'>effectum</span> <span class='ocrx_word' id='word_1_459' title='bbox 3538 2886 3676 2945; x_wconf 88' lang='lat' dir='ltr'>dare,</span> <span class='ocrx_word' id='word_1_460' title='bbox 3727 2880 3806 2933; x_wconf 91' lang='lat' dir='ltr'>nisi</span> 
     </span>
    </p>
   </div>
   <div class='ocr_carea' id='block_1_59' title="bbox 358 2964 3812 3047">
    <p class='ocr_par' dir='ltr' id='par_1_59' title="bbox 358 2964 3812 3047">
     <span class='ocr_line' id='line_1_59' title="bbox 358 2964 3812 3047; baseline -0.007 -1"><span class='ocrx_word' id='word_1_461' title='bbox 358 2971 499 3025; x_wconf 65' lang='lat' dir='ltr'>deus</span> <span class='ocrx_word' id='word_1_462' title='bbox 527 2971 587 3026; x_wconf 67' lang='lat' dir='ltr'>in</span> <span class='ocrx_word' id='word_1_463' title='bbox 618 2969 1099 3039; x_wconf 53' lang='lat' dir='ltr'>pelagianismum</span> <span class='ocrx_word' id='word_1_464' title='bbox 1141 2973 1238 3022; x_wconf 65' lang='grc' dir='ltr'>δίη</span> <span class='ocrx_word' id='word_1_465' title='bbox 1265 2965 1902 3037; x_wconf 67' lang='lat' dir='ltr'>Semipelagianismum</span> <span class='ocrx_word' id='word_1_466' title='bbox 1945 2964 2070 3032; x_wconf 62' lang='grc' dir='ltr'>(ουν</span> <span class='ocrx_word' id='word_1_467' title='bbox 2109 2970 2146 3023; x_wconf 79' lang='lat' dir='ltr'>C</span> <span class='ocrx_word' id='word_1_468' title='bbox 2180 2983 2403 3036; x_wconf 88' lang='lat' dir='ltr'>volente</span> <span class='ocrx_word' id='word_1_469' title='bbox 2431 2987 2711 3047; x_wconf 84' lang='lat' dir='ltr'>creatura,</span> <span class='ocrx_word' id='word_1_470' title='bbox 2746 2981 2835 3035; x_wconf 92' lang='lat' dir='ltr'>cui</span> <span class='ocrx_word' id='word_1_471' title='bbox 2867 2981 3042 3033; x_wconf 89' lang='lat' dir='ltr'>ullam</span> <span class='ocrx_word' id='word_1_472' title='bbox 3069 2979 3183 3032; x_wconf 88' lang='lat' dir='ltr'>vim</span> <span class='ocrx_word' id='word_1_473' title='bbox 3218 2980 3421 3032; x_wconf 76' lang='lat' dir='ltr'>afferre</span> <span class='ocrx_word' id='word_1_474' title='bbox 3451 2974 3635 3029; x_wconf 82' lang='lat' dir='ltr'>noluit.</span> <span class='ocrx_word' id='word_1_475' title='bbox 3662 2973 3812 3038; x_wconf 73' lang='lat' dir='ltr'>ltaqne</span> 
     </span>
    </p>
   </div>
   <div class='ocr_carea' id='block_1_60' title="bbox 358 3056 2063 3127">
    <p class='ocr_par' dir='ltr' id='par_1_60' title="bbox 358 3056 2063 3127">
     <span class='ocr_line' id='line_1_60' title="bbox 358 3056 2063 3127; baseline -0.005 -14"><span class='ocrx_word' id='word_1_476' title='bbox 358 3059 513 3113; x_wconf 90' lang='lat' dir='ltr'>enim</span> <span class='ocrx_word' id='word_1_477' title='bbox 545 3059 653 3112; x_wconf 89' lang='lat' dir='ltr'>hoc</span> <span class='ocrx_word' id='word_1_478' title='bbox 683 3057 1221 3127; x_wconf 85' lang='lat' dir='ltr'>dissimularetur?)</span> <span class='ocrx_word' id='word_1_479' title='bbox 1253 3060 1400 3110; x_wconf 88' lang='lat' dir='ltr'>esset</span> <span class='ocrx_word' id='word_1_480' title='bbox 1420 3056 1704 3125; x_wconf 89' lang='lat' dir='ltr'>delapsus,</span> <span class='ocrx_word' id='word_1_481' title='bbox 1746 3070 1849 3107; x_wconf 91' lang='lat' dir='ltr'>nec</span> <span class='ocrx_word' id='word_1_482' title='bbox 1871 3059 2063 3106; x_wconf 87' lang='lat' dir='ltr'>tamen</span> 
     </span>
    </p>
   </div>
   <div class='ocr_carea' id='block_1_61' title="bbox 358 3143 2063 3215">
    <p class='ocr_par' dir='ltr' id='par_1_61' title="bbox 358 3143 2063 3215">
     <span class='ocr_line' id='line_1_61' title="bbox 358 3143 2063 3215; baseline -0.004 -13"><span class='ocrx_word' id='word_1_483' title='bbox 358 3149 606 3202; x_wconf 85' lang='lat' dir='ltr'>exuisset</span> <span class='ocrx_word' id='word_1_484' title='bbox 657 3164 862 3202; x_wconf 67' lang='lat' dir='ltr'>cazcam</span> <span class='ocrx_word' id='word_1_485' title='bbox 917 3147 1076 3200; x_wconf 90' lang='lat' dir='ltr'>illam</span> <span class='ocrx_word' id='word_1_486' title='bbox 1144 3145 1517 3200; x_wconf 87' lang='lat' dir='ltr'>reverentiam</span> <span class='ocrx_word' id='word_1_487' title='bbox 1575 3161 1688 3215; x_wconf 90' lang='lat' dir='ltr'>qua</span> <span class='ocrx_word' id='word_1_488' title='bbox 1740 3143 2063 3213; x_wconf 85' lang='lat' dir='ltr'>superiores</span> 
     </span>
    </p>
   </div>
   <div class='ocr_carea' id='block_1_62' title="bbox 357 3233 2062 3306">
    <p class='ocr_par' dir='ltr' id='par_1_62' title="bbox 357 3233 2062 3306">
     <span class='ocr_line' id='line_1_62' title="bbox 357 3233 2062 3306; baseline -0.005 -13"><span class='ocrx_word' id='word_1_489' title='bbox 357 3243 551 3292; x_wconf 74' lang='lat' dir='ltr'>tntates</span> <span class='ocrx_word' id='word_1_490' title='bbox 582 3242 745 3291; x_wconf 88' lang='lat' dir='ltr'>erant</span> <span class='ocrx_word' id='word_1_491' title='bbox 783 3235 1170 3306; x_wconf 84' lang='lat' dir='ltr'>Augustinum</span> <span class='ocrx_word' id='word_1_492' title='bbox 1216 3238 1574 3304; x_wconf 60' lang='lat' dir='ltr'>prosecutae;</span> <span class='ocrx_word' id='word_1_493' title='bbox 1624 3233 1686 3286; x_wconf 89' lang='lat' dir='ltr'>in</span> <span class='ocrx_word' id='word_1_494' title='bbox 1731 3249 1797 3285; x_wconf 90' lang='lat' dir='ltr'>eo</span> <span class='ocrx_word' id='word_1_495' title='bbox 1834 3236 2062 3285; x_wconf 83' lang='lat' dir='ltr'>senten-</span> 
     </span>
    </p>
   </div>
   <div class='ocr_carea' id='block_1_63' title="bbox 357 3321 2062 3388">
    <p class='ocr_par' dir='ltr' id='par_1_63' title="bbox 357 3321 2062 3388">
     <span class='ocr_line' id='line_1_63' title="bbox 357 3321 2062 3388; baseline -0.005 -8"><span class='ocrx_word' id='word_1_496' title='bbox 357 3327 497 3380; x_wconf 87' lang='lat' dir='ltr'>tiam</span> <span class='ocrx_word' id='word_1_497' title='bbox 529 3342 688 3380; x_wconf 91' lang='lat' dir='ltr'>suam</span> <span class='ocrx_word' id='word_1_498' title='bbox 723 3324 976 3378; x_wconf 85' lang='lat' dir='ltr'>invenire</span> <span class='ocrx_word' id='word_1_499' title='bbox 1001 3323 1323 3388; x_wconf 85' lang='lat' dir='ltr'>voluerunt,</span> <span class='ocrx_word' id='word_1_500' title='bbox 1356 3338 1428 3374; x_wconf 87' lang='lat' dir='ltr'>ne</span> <span class='ocrx_word' id='word_1_501' title='bbox 1471 3338 1600 3375; x_wconf 90' lang='lat' dir='ltr'>eum</span> <span class='ocrx_word' id='word_1_502' title='bbox 1643 3321 1915 3375; x_wconf 88' lang='lat' dir='ltr'>damnare</span> <span class='ocrx_word' id='word_1_503' title='bbox 1961 3335 2062 3373; x_wconf 92' lang='lat' dir='ltr'>co-</span> 
     </span>
    </p>
   </div>
   <div class='ocr_carea' id='block_1_64' title="bbox 357 3408 2062 3484">
    <p class='ocr_par' dir='ltr' id='par_1_64' title="bbox 357 3408 2062 3484">
     <span class='ocr_line' id='line_1_64' title="bbox 357 3408 2062 3484; baseline -0.005 -15"><span class='ocrx_word' id='word_1_504' title='bbox 357 3420 650 3481; x_wconf 83' lang='lat' dir='ltr'>gerentur,</span> <span class='ocrx_word' id='word_1_505' title='bbox 700 3429 872 3484; x_wconf 91' lang='lat' dir='ltr'>quem</span> <span class='ocrx_word' id='word_1_506' title='bbox 919 3411 1114 3482; x_wconf 89' lang='lat' dir='ltr'>magui</span> <span class='ocrx_word' id='word_1_507' title='bbox 1178 3409 1503 3464; x_wconf 88' lang='lat' dir='ltr'>faciendum</span> <span class='ocrx_word' id='word_1_508' title='bbox 1573 3412 1925 3478; x_wconf 86' lang='lat' dir='ltr'>acceperant.</span> <span class='ocrx_word' id='word_1_509' title='bbox 2001 3408 2062 3460; x_wconf 91' lang='lat' dir='ltr'>lu</span> 
     </span>
    </p>
   </div>
   <div class='ocr_carea' id='block_1_65' title="bbox 356 3496 2063 3573">
    <p class='ocr_par' dir='ltr' id='par_1_65' title="bbox 356 3496 2063 3573">
     <span class='ocr_line' id='line_1_65' title="bbox 356 3496 2063 3573; baseline -0.004 -16"><span class='ocrx_word' id='word_1_510' title='bbox 356 3504 463 3557; x_wconf 92' lang='lat' dir='ltr'>hoc</span> <span class='ocrx_word' id='word_1_511' title='bbox 489 3502 811 3573; x_wconf 68' lang='lat' dir='ltr'>praesertim</span> <span class='ocrx_word' id='word_1_512' title='bbox 859 3500 1003 3564; x_wconf 92' lang='lat' dir='ltr'>loco,</span> <span class='ocrx_word' id='word_1_513' title='bbox 1048 3499 1237 3552; x_wconf 91' lang='lat' dir='ltr'>minus</span> <span class='ocrx_word' id='word_1_514' title='bbox 1282 3497 1462 3551; x_wconf 89' lang='lat' dir='ltr'>acutis</span> <span class='ocrx_word' id='word_1_515' title='bbox 1526 3497 1688 3550; x_wconf 88' lang='lat' dir='ltr'>facile</span> <span class='ocrx_word' id='word_1_516' title='bbox 1734 3496 2063 3566; x_wconf 85' lang='lat' dir='ltr'>persuaderi</span> 
     </span>
    </p>
   </div>
   <div class='ocr_carea' id='block_1_66' title="bbox 356 3584 2064 3663">
    <p class='ocr_par' dir='ltr' id='par_1_66' title="bbox 356 3584 2064 3663">
     <span class='ocr_line' id='line_1_66' title="bbox 356 3584 2064 3663; baseline -0.006 -17"><span class='ocrx_word' id='word_1_517' title='bbox 356 3592 545 3663; x_wconf 91' lang='lat' dir='ltr'>potuit</span> <span class='ocrx_word' id='word_1_518' title='bbox 591 3607 714 3644; x_wconf 93' lang='lat' dir='ltr'>esse</span> <span class='ocrx_word' id='word_1_519' title='bbox 759 3589 1070 3659; x_wconf 89' lang='lat' dir='ltr'>legendum</span> <span class='ocrx_word' id='word_1_520' title='bbox 1117 3589 1328 3653; x_wconf 83' lang='lat' dir='ltr'>vellent,</span> <span class='ocrx_word' id='word_1_521' title='bbox 1381 3586 1530 3656; x_wconf 90' lang='lat' dir='ltr'>quod</span> <span class='ocrx_word' id='word_1_522' title='bbox 1579 3588 1811 3656; x_wconf 65' lang='lat' dir='ltr'>justitiw</span> <span class='ocrx_word' id='word_1_523' title='bbox 1867 3584 2064 3638; x_wconf 88' lang='lat' dir='ltr'>memi-</span> 
     </span>
    </p>
   </div>
   <div class='ocr_carea' id='block_1_67' title="bbox 355 3673 2062 3750">
    <p class='ocr_par' dir='ltr' id='par_1_67' title="bbox 355 3673 2062 3750">
     <span class='ocr_line' id='line_1_67' title="bbox 355 3673 2062 3750; baseline -0.005 -16"><span class='ocrx_word' id='word_1_524' title='bbox 355 3680 533 3734; x_wconf 91' lang='lat' dir='ltr'>nisset</span> <span class='ocrx_word' id='word_1_525' title='bbox 557 3678 944 3750; x_wconf 84' lang='lat' dir='ltr'>Augustinus;</span> <span class='ocrx_word' id='word_1_526' title='bbox 991 3693 1118 3747; x_wconf 84' lang='lat' dir='ltr'>quae</span> <span class='ocrx_word' id='word_1_527' title='bbox 1165 3676 1323 3729; x_wconf 91' lang='lat' dir='ltr'>nulla</span> <span class='ocrx_word' id='word_1_528' title='bbox 1361 3675 1616 3746; x_wconf 89' lang='lat' dir='ltr'>profecto</span> <span class='ocrx_word' id='word_1_529' title='bbox 1657 3679 1760 3741; x_wconf 91' lang='lat' dir='ltr'>est,</span> <span class='ocrx_word' id='word_1_530' title='bbox 1808 3673 1856 3726; x_wconf 90' lang='lat' dir='ltr'>si</span> <span class='ocrx_word' id='word_1_531' title='bbox 1893 3674 2062 3741; x_wconf 84' lang='lat' dir='ltr'>longe</span> 
     </span>
    </p>
   </div>
   <div class='ocr_carea' id='block_1_68' title="bbox 355 3763 2063 3838">
    <p class='ocr_par' dir='ltr' id='par_1_68' title="bbox 355 3763 2063 3838">
     <span class='ocr_line' id='line_1_68' title="bbox 355 3763 2063 3838; baseline -0.004 -15"><span class='ocrx_word' id='word_1_532' title='bbox 355 3768 606 3823; x_wconf 81' lang='lat' dir='ltr'>maxima</span> <span class='ocrx_word' id='word_1_533' title='bbox 634 3784 768 3838; x_wconf 90' lang='lat' dir='ltr'>pars</span> <span class='ocrx_word' id='word_1_534' title='bbox 805 3765 1132 3833; x_wconf 91' lang='lat' dir='ltr'>hominum,</span> <span class='ocrx_word' id='word_1_535' title='bbox 1181 3767 1349 3835; x_wconf 91' lang='lat' dir='ltr'>culpa</span> <span class='ocrx_word' id='word_1_536' title='bbox 1390 3764 1611 3827; x_wconf 85' lang='lat' dir='ltr'>Adami,</span> <span class='ocrx_word' id='word_1_537' title='bbox 1642 3763 1734 3817; x_wconf 90' lang='lat' dir='ltr'>cui</span> <span class='ocrx_word' id='word_1_538' title='bbox 1770 3763 1915 3816; x_wconf 91' lang='lat' dir='ltr'>Deus</span> <span class='ocrx_word' id='word_1_539' title='bbox 1956 3778 2063 3816; x_wconf 90' lang='lat' dir='ltr'>ne-</span> 
     </span>
    </p>
   </div>
   <div class='ocr_carea' id='block_1_69' title="bbox 354 3851 2061 3926">
    <p class='ocr_par' dir='ltr' id='par_1_69' title="bbox 354 3851 2061 3926">
     <span class='ocr_line' id='line_1_69' title="bbox 354 3851 2061 3926; baseline -0.004 -15"><span class='ocrx_word' id='word_1_540' title='bbox 354 3856 662 3911; x_wconf 91' lang='lat' dir='ltr'>cessarium</span> <span class='ocrx_word' id='word_1_541' title='bbox 721 3871 955 3926; x_wconf 87' lang='lat' dir='ltr'>prorsus</span> <span class='ocrx_word' id='word_1_542' title='bbox 1000 3853 1319 3908; x_wconf 87' lang='lat' dir='ltr'>remedium</span> <span class='ocrx_word' id='word_1_543' title='bbox 1345 3853 1547 3906; x_wconf 74' lang='lat' dir='ltr'>afferre</span> <span class='ocrx_word' id='word_1_544' title='bbox 1579 3851 1782 3915; x_wconf 86' lang='lat' dir='ltr'>noluit,</span> <span class='ocrx_word' id='word_1_545' title='bbox 1814 3867 1930 3904; x_wconf 90' lang='lat' dir='ltr'>non</span> <span class='ocrx_word' id='word_1_546' title='bbox 1959 3867 2061 3920; x_wconf 92' lang='lat' dir='ltr'>po-</span> 
     </span>
    </p>
   </div>
   <div class='ocr_carea' id='block_1_70' title="bbox 354 3939 2062 4010">
    <p class='ocr_par' dir='ltr' id='par_1_70' title="bbox 354 3939 2062 4010">
     <span class='ocr_line' id='line_1_70' title="bbox 354 3939 2062 4010; baseline -0.005 -10"><span class='ocrx_word' id='word_1_547' title='bbox 354 3945 526 4000; x_wconf 89' lang='lat' dir='ltr'>tuerit</span> <span class='ocrx_word' id='word_1_548' title='bbox 572 3945 714 3998; x_wconf 89' lang='lat' dir='ltr'>velle</span> <span class='ocrx_word' id='word_1_549' title='bbox 763 3942 992 3996; x_wconf 87' lang='lat' dir='ltr'>servari.</span> <span class='ocrx_word' id='word_1_550' title='bbox 1049 3942 1178 3994; x_wconf 92' lang='lat' dir='ltr'>Vult</span> <span class='ocrx_word' id='word_1_551' title='bbox 1235 3946 1428 3994; x_wconf 90' lang='lat' dir='ltr'>tamen</span> <span class='ocrx_word' id='word_1_552' title='bbox 1473 3939 1828 4010; x_wconf 86' lang='lat' dir='ltr'>Augustinus</span> <span class='ocrx_word' id='word_1_553' title='bbox 1879 3939 2062 3992; x_wconf 90' lang='lat' dir='ltr'>inesse</span> 
     </span>
    </p>
   </div>
   <div class='ocr_carea' id='block_1_71' title="bbox 355 4027 2062 4104">
    <p class='ocr_par' dir='ltr' id='par_1_71' title="bbox 355 4027 2062 4104">
     <span class='ocr_line' id='line_1_71' title="bbox 355 4027 2062 4104; baseline -0.004 -16"><span class='ocrx_word' id='word_1_554' title='bbox 355 4033 407 4088; x_wconf 90' lang='lat' dir='ltr'>ei</span> <span class='ocrx_word' id='word_1_555' title='bbox 471 4033 550 4087; x_wconf 91' lang='lat' dir='ltr'>rei</span> <span class='ocrx_word' id='word_1_556' title='bbox 597 4032 903 4104; x_wconf 89' lang='lat' dir='ltr'>justitiam,</span> <span class='ocrx_word' id='word_1_557' title='bbox 953 4031 1047 4085; x_wconf 90' lang='lat' dir='ltr'>sed</span> <span class='ocrx_word' id='word_1_558' title='bbox 1101 4046 1273 4101; x_wconf 89' lang='lat' dir='ltr'>quam</span> <span class='ocrx_word' id='word_1_559' title='bbox 1322 4029 1381 4082; x_wconf 91' lang='lat' dir='ltr'>in</span> <span class='ocrx_word' id='word_1_560' title='bbox 1428 4029 1606 4083; x_wconf 89' lang='lat' dir='ltr'>altera</span> <span class='ocrx_word' id='word_1_561' title='bbox 1653 4028 1882 4082; x_wconf 89' lang='lat' dir='ltr'>demum</span> <span class='ocrx_word' id='word_1_562' title='bbox 1953 4027 2062 4081; x_wconf 88' lang='lat' dir='ltr'>vita</span> 
     </span>
    </p>
   </div>
   <div class='ocr_carea' id='block_1_72' title="bbox 365 4121 775 4192">
    <p class='ocr_par' dir='ltr' id='par_1_72' title="bbox 365 4121 775 4192">
     <span class='ocr_line' id='line_1_72' title="bbox 365 4121 775 4192; baseline -0.002 -17"><span class='ocrx_word' id='word_1_563' title='bbox 365 4121 775 4192; x_wconf 85' lang='lat' dir='ltr'>intelligemus.</span> 
     </span>
    </p>
   </div>
   <div class='ocr_carea' id='block_1_73' title="bbox 425 4203 2058 4275">
    <p class='ocr_par' dir='ltr' id='par_1_73' title="bbox 425 4203 2058 4275">
     <span class='ocr_line' id='line_1_73' title="bbox 425 4203 2058 4275; baseline -0.004 -13"><span class='ocrx_word' id='word_1_564' title='bbox 425 4209 500 4262; x_wconf 87' lang='lat' dir='ltr'>Eo</span> <span class='ocrx_word' id='word_1_565' title='bbox 554 4208 775 4262; x_wconf 87' lang='lat' dir='ltr'>facilius</span> <span class='ocrx_word' id='word_1_566' title='bbox 816 4207 874 4260; x_wconf 91' lang='lat' dir='ltr'>in</span> <span class='ocrx_word' id='word_1_567' title='bbox 926 4222 1180 4260; x_wconf 88' lang='lat' dir='ltr'>errorem</span> <span class='ocrx_word' id='word_1_568' title='bbox 1229 4205 1446 4275; x_wconf 90' lang='lat' dir='ltr'>delapsi</span> <span class='ocrx_word' id='word_1_569' title='bbox 1487 4208 1637 4270; x_wconf 91' lang='lat' dir='ltr'>sunt,</span> <span class='ocrx_word' id='word_1_570' title='bbox 1671 4203 1824 4274; x_wconf 92' lang='lat' dir='ltr'>quod</span> <span class='ocrx_word' id='word_1_571' title='bbox 1864 4206 2058 4273; x_wconf 86' lang='lat' dir='ltr'>Augu-</span> 
     </span>
    </p>
   </div>
   <div class='ocr_carea' id='block_1_74' title="bbox 355 4291 2055 4365">
    <p class='ocr_par' dir='ltr' id='par_1_74' title="bbox 355 4291 2055 4365">
     <span class='ocr_line' id='line_1_74' title="bbox 355 4291 2055 4365; baseline -0.003 -15"><span class='ocrx_word' id='word_1_572' title='bbox 355 4296 555 4364; x_wconf 90' lang='lat' dir='ltr'>stinus,</span> <span class='ocrx_word' id='word_1_573' title='bbox 582 4312 650 4349; x_wconf 91' lang='lat' dir='ltr'>ne</span> <span class='ocrx_word' id='word_1_574' title='bbox 680 4295 985 4365; x_wconf 72' lang='lat' dir='ltr'>Scriptura:</span> <span class='ocrx_word' id='word_1_575' title='bbox 1009 4294 1292 4348; x_wconf 83' lang='lat' dir='ltr'>contraria</span> <span class='ocrx_word' id='word_1_576' title='bbox 1323 4293 1610 4346; x_wconf 73' lang='lat' dir='ltr'>affirmare</span> <span class='ocrx_word' id='word_1_577' title='bbox 1641 4297 1834 4362; x_wconf 88' lang='lat' dir='ltr'>aperte</span> <span class='ocrx_word' id='word_1_578' title='bbox 1863 4291 2055 4346; x_wconf 86' lang='lat' dir='ltr'>videa-</span> 
     </span>
    </p>
   </div>
   <div class='ocr_carea' id='block_1_75' title="bbox 351 4372 2060 4449">
    <p class='ocr_par' dir='ltr' id='par_1_75' title="bbox 351 4372 2060 4449">
     <span class='ocr_line' id='line_1_75' title="bbox 351 4372 2060 4449; baseline -0.002 -13"><span class='ocrx_word' id='word_1_579' title='bbox 351 4386 464 4449; x_wconf 89' lang='lat' dir='ltr'>tur,</span> <span class='ocrx_word' id='word_1_580' title='bbox 500 4382 788 4436; x_wconf 89' lang='lat' dir='ltr'>interdum</span> <span class='ocrx_word' id='word_1_581' title='bbox 820 4382 969 4436; x_wconf 90' lang='lat' dir='ltr'>dicat</span> <span class='ocrx_word' id='word_1_582' title='bbox 997 4380 1266 4434; x_wconf 90' lang='lat' dir='ltr'>homines</span> <span class='ocrx_word' id='word_1_583' title='bbox 1297 4380 1429 4433; x_wconf 91' lang='lat' dir='ltr'>ideo</span> <span class='ocrx_word' id='word_1_584' title='bbox 1485 4396 1602 4433; x_wconf 89' lang='lat' dir='ltr'>non</span> <span class='ocrx_word' id='word_1_585' title='bbox 1639 4396 1759 4432; x_wconf 91' lang='lat' dir='ltr'>esse</span> <span class='ocrx_word' id='word_1_586' title='bbox 1808 4372 2060 4432; x_wconf 77' lang='lat' dir='ltr'>servatos</span> 
     </span>
    </p>
   </div>
   <div class='ocr_carea' id='block_1_76' title="bbox 353 4467 2059 4540">
    <p class='ocr_par' dir='ltr' id='par_1_76' title="bbox 353 4467 2059 4540">
     <span class='ocr_line' id='line_1_76' title="bbox 353 4467 2059 4540; baseline -0.001 -17"><span class='ocrx_word' id='word_1_587' title='bbox 353 4470 509 4540; x_wconf 88' lang='lat' dir='ltr'>quod</span> <span class='ocrx_word' id='word_1_588' title='bbox 535 4470 864 4523; x_wconf 88' lang='lat' dir='ltr'>noluerunt.</span> <span class='ocrx_word' id='word_1_589' title='bbox 888 4469 1037 4522; x_wconf 84' lang='lat' dir='ltr'>Audi</span> <span class='ocrx_word' id='word_1_590' title='bbox 1068 4484 1197 4538; x_wconf 67' lang='lat' dir='ltr'>quin</span> <span class='ocrx_word' id='word_1_591' title='bbox 1219 4467 1388 4520; x_wconf 87' lang='lat' dir='ltr'>habet</span> <span class='ocrx_word' id='word_1_592' title='bbox 1408 4483 1530 4536; x_wconf 89' lang='lat' dir='ltr'>cap.</span> <span class='ocrx_word' id='word_1_593' title='bbox 1564 4470 1627 4520; x_wconf 83' lang='lat'>97</span> <span class='ocrx_word' id='word_1_594' title='bbox 1655 4483 1667 4520; x_wconf 94' lang='lat'><strong>:</strong></span> <span class='ocrx_word' id='word_1_595' title='bbox 1711 4467 2059 4532; x_wconf 80' lang='lat' dir='ltr'>Quamobrem</span> 
     </span>
    </p>
   </div>
   <div class='ocr_carea' id='block_1_77' title="bbox 353 4553 2055 4624">
    <p class='ocr_par' dir='ltr' id='par_1_77' title="bbox 353 4553 2055 4624">
     <span class='ocr_line' id='line_1_77' title="bbox 353 4553 2055 4624; baseline -0.001 -14"><span class='ocrx_word' id='word_1_596' title='bbox 353 4556 648 4610; x_wconf 82' lang='lat' dir='ltr'>videndum</span> <span class='ocrx_word' id='word_1_597' title='bbox 677 4561 754 4610; x_wconf 87' lang='lat' dir='ltr'>est</span> <span class='ocrx_word' id='word_1_598' title='bbox 779 4555 1228 4624; x_wconf 84' lang='lat' dir='ltr'>quemadmodum</span> <span class='ocrx_word' id='word_1_599' title='bbox 1257 4557 1329 4608; x_wconf 90' lang='lat' dir='ltr'>sit</span> <span class='ocrx_word' id='word_1_600' title='bbox 1355 4554 1420 4607; x_wconf 88' lang='lat' dir='ltr'>de</span> <span class='ocrx_word' id='word_1_601' title='bbox 1447 4556 1548 4607; x_wconf 88' lang='lat' dir='ltr'>Deo</span> <span class='ocrx_word' id='word_1_602' title='bbox 1575 4553 1778 4608; x_wconf 90' lang='lat' dir='ltr'>dictum</span> <span class='ocrx_word' id='word_1_603' title='bbox 1819 4555 1867 4620; x_wconf 86' lang='grc' dir='ltr'>(ι</span> <span class='ocrx_word' id='word_1_604' title='bbox 1922 4557 2055 4608; x_wconf 83' lang='lat' dir='ltr'>Tim.</span> 
     </span>
    </p>
   </div>
   <div class='ocr_carea' id='block_1_78' title="bbox 353 4642 2059 4715">
    <p class='ocr_par' dir='ltr' id='par_1_78' title="bbox 353 4642 2059 4715">
     <span class='ocr_line' id='line_1_78' title="bbox 353 4642 2059 4715; baseline 0 -18"><span class='ocrx_word' id='word_1_605' title='bbox 353 4661 412 4712; x_wconf 80' lang='grc' dir='ltr'>ιι,</span> <span class='ocrx_word' id='word_1_606' title='bbox 445 4645 518 4712; x_wconf 82' lang='grc'>4),</span> <span class='ocrx_word' id='word_1_607' title='bbox 553 4643 653 4715; x_wconf 92' lang='lat' dir='ltr'>qui</span> <span class='ocrx_word' id='word_1_608' title='bbox 684 4659 884 4697; x_wconf 90' lang='lat' dir='ltr'>omnes</span> <span class='ocrx_word' id='word_1_609' title='bbox 911 4643 1173 4697; x_wconf 85' lang='lat' dir='ltr'>homines</span> <span class='ocrx_word' id='word_1_610' title='bbox 1201 4643 1322 4696; x_wconf 89' lang='lat' dir='ltr'>vult</span> <span class='ocrx_word' id='word_1_611' title='bbox 1345 4643 1526 4695; x_wconf 89' lang='lat' dir='ltr'>salvos</span> <span class='ocrx_word' id='word_1_612' title='bbox 1557 4642 1700 4696; x_wconf 78' lang='lat' dir='ltr'>fieri.</span> <span class='ocrx_word' id='word_1_613' title='bbox 1742 4644 1881 4696; x_wconf 87' lang='lat' dir='ltr'>Cum</span> <span class='ocrx_word' id='word_1_614' title='bbox 1919 4649 2059 4697; x_wconf 86' lang='lat' dir='ltr'>enim</span> 
     </span>
    </p>
   </div>
   <div class='ocr_carea' id='block_1_79' title="bbox 349 4731 2063 4801">
    <p class='ocr_par' dir='ltr' id='par_1_79' title="bbox 349 4731 2063 4801">
     <span class='ocr_line' id='line_1_79' title="bbox 349 4731 2063 4801; baseline -0.002 -14"><span class='ocrx_word' id='word_1_615' title='bbox 349 4749 457 4788; x_wconf 89' lang='lat' dir='ltr'>non</span> <span class='ocrx_word' id='word_1_616' title='bbox 487 4747 686 4797; x_wconf 88' lang='lat' dir='ltr'>omnes,</span> <span class='ocrx_word' id='word_1_617' title='bbox 718 4731 812 4786; x_wconf 91' lang='lat' dir='ltr'>sed</span> <span class='ocrx_word' id='word_1_618' title='bbox 855 4733 1023 4786; x_wconf 86' lang='lat' dir='ltr'>multo</span> <span class='ocrx_word' id='word_1_619' title='bbox 1068 4732 1254 4801; x_wconf 82' lang='lat' dir='ltr'>plures</span> <span class='ocrx_word' id='word_1_620' title='bbox 1309 4747 1415 4785; x_wconf 87' lang='lat' dir='ltr'>non</span> <span class='ocrx_word' id='word_1_621' title='bbox 1442 4731 1582 4800; x_wconf 83' lang='lat' dir='ltr'>ﬁant</span> <span class='ocrx_word' id='word_1_622' title='bbox 1633 4733 1792 4796; x_wconf 88' lang='lat' dir='ltr'>salvi,</span> <span class='ocrx_word' id='word_1_623' title='bbox 1847 4733 2063 4786; x_wconf 82' lang='lat' dir='ltr'>videtur</span> 
     </span>
    </p>
   </div>
   <div class='ocr_carea' id='block_1_80' title="bbox 349 4820 2062 4890">
    <p class='ocr_par' dir='ltr' id='par_1_80' title="bbox 349 4820 2062 4890">
     <span class='ocr_line' id='line_1_80' title="bbox 349 4820 2062 4890; baseline -0.001 -13"><span class='ocrx_word' id='word_1_624' title='bbox 349 4825 539 4890; x_wconf 85' lang='lat' dir='ltr'>utique</span> <span class='ocrx_word' id='word_1_625' title='bbox 582 4837 687 4875; x_wconf 87' lang='lat' dir='ltr'>non</span> <span class='ocrx_word' id='word_1_626' title='bbox 724 4823 845 4888; x_wconf 83' lang='lat' dir='ltr'>ﬁeri</span> <span class='ocrx_word' id='word_1_627' title='bbox 898 4820 1042 4888; x_wconf 90' lang='lat' dir='ltr'>quod</span> <span class='ocrx_word' id='word_1_628' title='bbox 1080 4823 1214 4874; x_wconf 88' lang='lat' dir='ltr'>Deus</span> <span class='ocrx_word' id='word_1_629' title='bbox 1262 4821 1377 4873; x_wconf 72' lang='lat' dir='ltr'>vult</span> <span class='ocrx_word' id='word_1_630' title='bbox 1423 4821 1560 4888; x_wconf 85' lang='lat' dir='ltr'>ﬁeri,</span> <span class='ocrx_word' id='word_1_631' title='bbox 1583 4821 1820 4873; x_wconf 83' lang='lat' dir='ltr'>humana</span> <span class='ocrx_word' id='word_1_632' title='bbox 1860 4822 2062 4875; x_wconf 85' lang='lat' dir='ltr'>scilicet</span> 
     </span>
    </p>
   </div>
   <div class='ocr_carea' id='block_1_81' title="bbox 347 4909 2061 4978">
    <p class='ocr_par' dir='ltr' id='par_1_81' title="bbox 347 4909 2061 4978">
     <span class='ocr_line' id='line_1_81' title="bbox 347 4909 2061 4978; baseline -0.002 -13"><span class='ocrx_word' id='word_1_633' title='bbox 347 4913 623 4965; x_wconf 82' lang='lat' dir='ltr'>voluntate</span> <span class='ocrx_word' id='word_1_634' title='bbox 648 4909 970 4978; x_wconf 84' lang='lat' dir='ltr'>impediente</span> <span class='ocrx_word' id='word_1_635' title='bbox 988 4911 1317 4963; x_wconf 83' lang='lat' dir='ltr'>voluntatem</span> <span class='ocrx_word' id='word_1_636' title='bbox 1347 4911 1462 4962; x_wconf 86' lang='lat' dir='ltr'>Dei.</span> <span class='ocrx_word' id='word_1_637' title='bbox 1493 4909 1722 4974; x_wconf 80' lang='lat' dir='ltr'>Quando</span> <span class='ocrx_word' id='word_1_638' title='bbox 1755 4912 1894 4962; x_wconf 87' lang='lat' dir='ltr'>enim</span> <span class='ocrx_word' id='word_1_639' title='bbox 1924 4926 2061 4978; x_wconf 67' lang='lat' dir='ltr'>quae-</span> 
     </span>
    </p>
   </div>
   <div class='ocr_carea' id='block_1_82' title="bbox 348 4997 2058 5065">
    <p class='ocr_par' dir='ltr' id='par_1_82' title="bbox 348 4997 2058 5065">
     <span class='ocr_line' id='line_1_82' title="bbox 348 4997 2058 5065; baseline -0.001 -13"><span class='ocrx_word' id='word_1_640' title='bbox 348 5001 497 5053; x_wconf 89' lang='lat' dir='ltr'>ritur</span> <span class='ocrx_word' id='word_1_641' title='bbox 524 5013 690 5053; x_wconf 90' lang='lat' dir='ltr'>causa</span> <span class='ocrx_word' id='word_1_642' title='bbox 720 5013 816 5052; x_wconf 88' lang='lat' dir='ltr'>cur</span> <span class='ocrx_word' id='word_1_643' title='bbox 837 5013 944 5051; x_wconf 89' lang='lat' dir='ltr'>non</span> <span class='ocrx_word' id='word_1_644' title='bbox 973 5012 1150 5050; x_wconf 88' lang='lat' dir='ltr'>omnes</span> <span class='ocrx_word' id='word_1_645' title='bbox 1181 4998 1322 5050; x_wconf 86' lang='lat' dir='ltr'>salvi</span> <span class='ocrx_word' id='word_1_646' title='bbox 1349 5000 1503 5065; x_wconf 88' lang='lat' dir='ltr'>ﬁant,</span> <span class='ocrx_word' id='word_1_647' title='bbox 1536 4997 1852 5065; x_wconf 83' lang='lat' dir='ltr'>responderi</span> <span class='ocrx_word' id='word_1_648' title='bbox 1909 4999 2058 5063; x_wconf 90' lang='lat' dir='ltr'>solet,</span> 
     </span>
    </p>
   </div>
   <div class='ocr_carea' id='block_1_83' title="bbox 346 5085 2059 5154">
    <p class='ocr_par' dir='ltr' id='par_1_83' title="bbox 346 5085 2059 5154">
     <span class='ocr_line' id='line_1_83' title="bbox 346 5085 2059 5154; baseline -0.001 -15"><span class='ocrx_word' id='word_1_649' title='bbox 346 5088 481 5154; x_wconf 85' lang='lat' dir='ltr'>quia</span> <span class='ocrx_word' id='word_1_650' title='bbox 520 5087 615 5140; x_wconf 88' lang='lat' dir='ltr'>hoc</span> <span class='ocrx_word' id='word_1_651' title='bbox 645 5087 758 5154; x_wconf 86' lang='lat' dir='ltr'>ipsi</span> <span class='ocrx_word' id='word_1_652' title='bbox 779 5086 987 5139; x_wconf 88' lang='lat' dir='ltr'>nolunt.</span> <span class='ocrx_word' id='word_1_653' title='bbox 1024 5085 1152 5138; x_wconf 68' lang='lat' dir='ltr'>Haec</span> <span class='ocrx_word' id='word_1_654' title='bbox 1185 5088 1325 5150; x_wconf 89' lang='lat' dir='ltr'>erat,</span> <span class='ocrx_word' id='word_1_655' title='bbox 1350 5099 1577 5154; x_wconf 90' lang='lat' dir='ltr'>nempe,</span> <span class='ocrx_word' id='word_1_656' title='bbox 1611 5085 1893 5138; x_wconf 89' lang='lat' dir='ltr'>sententia</span> <span class='ocrx_word' id='word_1_657' title='bbox 1934 5101 2059 5138; x_wconf 91' lang='lat' dir='ltr'>om-</span> 
     </span>
    </p>
   </div>
   <div class='ocr_carea' id='block_1_84' title="bbox 346 5172 2062 5243">
    <p class='ocr_par' dir='ltr' id='par_1_84' title="bbox 346 5172 2062 5243">
     <span class='ocr_line' id='line_1_84' title="bbox 346 5172 2062 5243; baseline 0.001 -18"><span class='ocrx_word' id='word_1_658' title='bbox 346 5172 508 5226; x_wconf 91' lang='lat' dir='ltr'>nium</span> <span class='ocrx_word' id='word_1_659' title='bbox 548 5173 1026 5237; x_wconf 89' lang='lat' dir='ltr'>Christianorum,</span> <span class='ocrx_word' id='word_1_660' title='bbox 1069 5172 1168 5242; x_wconf 92' lang='lat' dir='ltr'>qui</span> <span class='ocrx_word' id='word_1_661' title='bbox 1218 5172 1477 5225; x_wconf 88' lang='lat' dir='ltr'>solebant</span> <span class='ocrx_word' id='word_1_662' title='bbox 1533 5175 1610 5225; x_wconf 86' lang='lat' dir='ltr'>ita</span> <span class='ocrx_word' id='word_1_663' title='bbox 1649 5172 1825 5242; x_wconf 86' lang='lat' dir='ltr'>loqui,</span> <span class='ocrx_word' id='word_1_664' title='bbox 1883 5190 2062 5243; x_wconf 87' lang='lat' dir='ltr'>eaque</span> 
     </span>
    </p>
   </div>
   <div class='ocr_carea' id='block_1_85' title="bbox 348 5259 2061 5330">
    <p class='ocr_par' dir='ltr' id='par_1_85' title="bbox 348 5259 2061 5330">
     <span class='ocr_line' id='line_1_85' title="bbox 348 5259 2061 5330; baseline 0.001 -19"><span class='ocrx_word' id='word_1_665' title='bbox 348 5259 483 5312; x_wconf 85' lang='lat' dir='ltr'>nixa</span> <span class='ocrx_word' id='word_1_666' title='bbox 514 5259 582 5312; x_wconf 92' lang='lat' dir='ltr'>iis</span> <span class='ocrx_word' id='word_1_667' title='bbox 605 5277 733 5330; x_wconf 66' lang='lat' dir='ltr'>qua:</span> <span class='ocrx_word' id='word_1_668' title='bbox 772 5260 840 5313; x_wconf 94' lang='lat' dir='ltr'>de</span> <span class='ocrx_word' id='word_1_669' title='bbox 869 5259 1123 5314; x_wconf 87' lang='lat' dir='ltr'>bonitate</span> <span class='ocrx_word' id='word_1_670' title='bbox 1153 5264 1208 5312; x_wconf 93' lang='lat' dir='ltr'>et</span> <span class='ocrx_word' id='word_1_671' title='bbox 1233 5259 1450 5329; x_wconf 87' lang='lat' dir='ltr'>justitia</span> <span class='ocrx_word' id='word_1_672' title='bbox 1484 5259 1583 5312; x_wconf 91' lang='lat' dir='ltr'>Dei</span> <span class='ocrx_word' id='word_1_673' title='bbox 1623 5265 1678 5313; x_wconf 91' lang='lat' dir='ltr'>et</span> <span class='ocrx_word' id='word_1_674' title='bbox 1716 5265 1869 5313; x_wconf 89' lang='lat' dir='ltr'>recta</span> <span class='ocrx_word' id='word_1_675' title='bbox 1920 5261 2061 5314; x_wconf 86' lang='lat' dir='ltr'>ratio</span> 
     </span>
    </p>
   </div>
   <div class='ocr_carea' id='block_1_86' title="bbox 348 5345 2060 5414">
    <p class='ocr_par' dir='ltr' id='par_1_86' title="bbox 348 5345 2060 5414">
     <span class='ocr_line' id='line_1_86' title="bbox 348 5345 2060 5414; baseline 0.001 -16"><span class='ocrx_word' id='word_1_676' title='bbox 348 5351 405 5399; x_wconf 91' lang='lat' dir='ltr'>et</span> <span class='ocrx_word' id='word_1_677' title='bbox 431 5345 720 5414; x_wconf 87' lang='lat' dir='ltr'>Scriptura</span> <span class='ocrx_word' id='word_1_678' title='bbox 761 5348 983 5402; x_wconf 89' lang='lat' dir='ltr'>docent.</span> <span class='ocrx_word' id='word_1_679' title='bbox 1013 5349 1125 5401; x_wconf 86' lang='lat' dir='ltr'>Nec</span> <span class='ocrx_word' id='word_1_680' title='bbox 1155 5348 1269 5400; x_wconf 89' lang='lat' dir='ltr'>ulla</span> <span class='ocrx_word' id='word_1_681' title='bbox 1298 5347 1464 5399; x_wconf 90' lang='lat' dir='ltr'>estin</span> <span class='ocrx_word' id='word_1_682' title='bbox 1512 5363 1577 5400; x_wconf 91' lang='lat' dir='ltr'>ea</span> <span class='ocrx_word' id='word_1_683' title='bbox 1628 5364 1686 5400; x_wconf 88' lang='lat' dir='ltr'>re</span> <span class='ocrx_word' id='word_1_684' title='bbox 1734 5348 2060 5402; x_wconf 68' lang='lat' dir='ltr'>difficultas:</span> 
     </span>
    </p>
   </div>
   <div class='ocr_carea' id='block_1_87' title="bbox 349 5435 2062 5491">
    <p class='ocr_par' dir='ltr' id='par_1_87' title="bbox 349 5435 2062 5491">
     <span class='ocr_line' id='line_1_87' title="bbox 349 5435 2062 5491; baseline 0.002 -4"><span class='ocrx_word' id='word_1_685' title='bbox 349 5450 481 5488; x_wconf 91' lang='lat' dir='ltr'>cum</span> <span class='ocrx_word' id='word_1_686' title='bbox 521 5435 673 5488; x_wconf 91' lang='lat' dir='ltr'>enim</span> <span class='ocrx_word' id='word_1_687' title='bbox 702 5437 910 5489; x_wconf 90' lang='lat' dir='ltr'>Paulus</span> <span class='ocrx_word' id='word_1_688' title='bbox 939 5436 1072 5490; x_wconf 90' lang='lat' dir='ltr'>dicit</span> <span class='ocrx_word' id='word_1_689' title='bbox 1106 5438 1284 5490; x_wconf 88' lang='lat' dir='ltr'>Deum</span> <span class='ocrx_word' id='word_1_690' title='bbox 1317 5436 1443 5489; x_wconf 83' lang='lat' dir='ltr'>velle</span> <span class='ocrx_word' id='word_1_691' title='bbox 1470 5451 1644 5490; x_wconf 87' lang='lat' dir='ltr'>omnes</span> <span class='ocrx_word' id='word_1_692' title='bbox 1666 5437 1900 5490; x_wconf 85' lang='lat' dir='ltr'>homines</span> <span class='ocrx_word' id='word_1_693' title='bbox 1951 5439 2062 5491; x_wconf 86' lang='lat' dir='ltr'>sal-</span> 
     </span>
    </p>
   </div>
   <div class='ocr_carea' id='block_1_88' title="bbox 348 5521 2063 5595">
    <p class='ocr_par' dir='ltr' id='par_1_88' title="bbox 348 5521 2063 5595">
     <span class='ocr_line' id='line_1_88' title="bbox 348 5521 2063 5595; baseline 0.002 -19"><span class='ocrx_word' id='word_1_694' title='bbox 348 5536 442 5577; x_wconf 77' lang='lat' dir='ltr'>vos</span> <span class='ocrx_word' id='word_1_695' title='bbox 468 5524 609 5590; x_wconf 79' lang='lat' dir='ltr'>ﬁeri,</span> <span class='ocrx_word' id='word_1_696' title='bbox 650 5521 758 5577; x_wconf 86' lang='lat' dir='ltr'>hoc</span> <span class='ocrx_word' id='word_1_697' title='bbox 797 5522 876 5578; x_wconf 87' lang='lat' dir='ltr'>ita</span> <span class='ocrx_word' id='word_1_698' title='bbox 906 5523 1343 5595; x_wconf 83' lang='lat' dir='ltr'>intelligendum</span> <span class='ocrx_word' id='word_1_699' title='bbox 1393 5539 1506 5578; x_wconf 90' lang='lat' dir='ltr'>non</span> <span class='ocrx_word' id='word_1_700' title='bbox 1555 5528 1658 5590; x_wconf 90' lang='lat' dir='ltr'>est,</span> <span class='ocrx_word' id='word_1_701' title='bbox 1709 5524 1872 5594; x_wconf 90' lang='lat' dir='ltr'>quasi</span> <span class='ocrx_word' id='word_1_702' title='bbox 1916 5526 2063 5579; x_wconf 89' lang='lat' dir='ltr'>Deus</span> 
     </span>
    </p>
   </div>
   <div class='ocr_carea' id='block_1_89' title="bbox 2171 3055 3811 3135">
    <p class='ocr_par' dir='ltr' id='par_1_89' title="bbox 2171 3055 3811 3135">
     <span class='ocr_line' id='line_1_89' title="bbox 2171 3055 3811 3135; baseline -0.01 -13"><span class='ocrx_word' id='word_1_703' title='bbox 2171 3069 2358 3122; x_wconf 87' lang='lat' dir='ltr'>inanis</span> <span class='ocrx_word' id='word_1_704' title='bbox 2409 3073 2492 3123; x_wconf 92' lang='lat' dir='ltr'>est</span> <span class='ocrx_word' id='word_1_705' title='bbox 2539 3067 3055 3124; x_wconf 86' lang='lat' dir='ltr'>exclamatiuncula</span> <span class='ocrx_word' id='word_1_706' title='bbox 3100 3082 3232 3135; x_wconf 71' lang='lat' dir='ltr'>quae</span> <span class='ocrx_word' id='word_1_707' title='bbox 3282 3063 3573 3134; x_wconf 87' lang='lat' dir='ltr'>sequitur:</span> <span class='ocrx_word' id='word_1_708' title='bbox 3624 3060 3690 3112; x_wconf 90' lang='lat' dir='ltr'>Et</span> <span class='ocrx_word' id='word_1_709' title='bbox 3745 3055 3811 3107; x_wconf 82' lang='lat' dir='ltr'>ubi</span> 
     </span>
    </p>
   </div>
   <div class='ocr_carea' id='block_1_90' title="bbox 2171 3150 3811 3226">
    <p class='ocr_par' dir='ltr' id='par_1_90' title="bbox 2171 3150 3811 3226">
     <span class='ocr_line' id='line_1_90' title="bbox 2171 3150 3811 3226; baseline -0.007 -16"><span class='ocrx_word' id='word_1_710' title='bbox 2171 3163 2248 3212; x_wconf 92' lang='lat' dir='ltr'>est</span> <span class='ocrx_word' id='word_1_711' title='bbox 2279 3158 2376 3210; x_wconf 88' lang='lat' dir='ltr'>illa</span> <span class='ocrx_word' id='word_1_712' title='bbox 2401 3160 2784 3226; x_wconf 82' lang='lat' dir='ltr'>omnipotentia</span> <span class='ocrx_word' id='word_1_713' title='bbox 2815 3173 2923 3224; x_wconf 87' lang='lat' dir='ltr'>qua</span> <span class='ocrx_word' id='word_1_714' title='bbox 2953 3158 3012 3208; x_wconf 90' lang='lat' dir='ltr'>in</span> <span class='ocrx_word' id='word_1_715' title='bbox 3033 3155 3162 3208; x_wconf 71' lang='lat' dir='ltr'>caelo</span> <span class='ocrx_word' id='word_1_716' title='bbox 3189 3159 3239 3207; x_wconf 91' lang='lat' dir='ltr'>et</span> <span class='ocrx_word' id='word_1_717' title='bbox 3272 3157 3328 3206; x_wconf 87' lang='lat' dir='ltr'>in</span> <span class='ocrx_word' id='word_1_718' title='bbox 3358 3158 3497 3205; x_wconf 83' lang='lat' dir='ltr'>terra</span> <span class='ocrx_word' id='word_1_719' title='bbox 3525 3150 3685 3203; x_wconf 88' lang='lat' dir='ltr'>omnia</span> <span class='ocrx_word' id='word_1_720' title='bbox 3703 3159 3811 3213; x_wconf 67' lang='lat' dir='ltr'>que-</span> 
     </span>
    </p>
   </div>
   <div class='ocr_carea' id='block_1_91' title="bbox 2171 3233 3812 3313">
    <p class='ocr_par' dir='ltr' id='par_1_91' title="bbox 2171 3233 3812 3313">
     <span class='ocr_line' id='line_1_91' title="bbox 2171 3233 3812 3313; baseline -0.012 -13"><span class='ocrx_word' id='word_1_721' title='bbox 2171 3262 2377 3313; x_wconf 86' lang='lat' dir='ltr'>cunque</span> <span class='ocrx_word' id='word_1_722' title='bbox 2422 3248 2593 3300; x_wconf 71' lang='lat' dir='ltr'>voluit</span> <span class='ocrx_word' id='word_1_723' title='bbox 2620 3249 2770 3312; x_wconf 85' lang='lat' dir='ltr'>fecit,</span> <span class='ocrx_word' id='word_1_724' title='bbox 2808 3247 2858 3299; x_wconf 87' lang='lat' dir='ltr'>si</span> <span class='ocrx_word' id='word_1_725' title='bbox 2889 3245 3135 3311; x_wconf 80' lang='lat' dir='ltr'>colligere</span> <span class='ocrx_word' id='word_1_726' title='bbox 3159 3243 3308 3309; x_wconf 83' lang='lat' dir='ltr'>ﬁlios</span> <span class='ocrx_word' id='word_1_727' title='bbox 3355 3239 3644 3294; x_wconf 84' lang='lat' dir='ltr'>Jerusalem</span> <span class='ocrx_word' id='word_1_728' title='bbox 3685 3233 3812 3286; x_wconf 71' lang='lat' dir='ltr'>soluit</span> 
     </span>
    </p>
   </div>
   <div class='ocr_carea' id='block_1_92' title="bbox 2171 3320 3806 3403">
    <p class='ocr_par' dir='ltr' id='par_1_92' title="bbox 2171 3320 3806 3403">
     <span class='ocr_line' id='line_1_92' title="bbox 2171 3320 3806 3403; baseline -0.01 -17"><span class='ocrx_word' id='word_1_729' title='bbox 2171 3338 2221 3386; x_wconf 88' lang='lat' dir='ltr'>et</span> <span class='ocrx_word' id='word_1_730' title='bbox 2249 3350 2352 3388; x_wconf 89' lang='lat' dir='ltr'>non</span> <span class='ocrx_word' id='word_1_731' title='bbox 2381 3336 2549 3399; x_wconf 86' lang='lat' dir='ltr'>fecit?</span> <span class='ocrx_word' id='word_1_732' title='bbox 2583 3337 2653 3387; x_wconf 91' lang='lat' dir='ltr'>At</span> <span class='ocrx_word' id='word_1_733' title='bbox 2681 3333 2808 3403; x_wconf 88' lang='lat' dir='ltr'>quis</span> <span class='ocrx_word' id='word_1_734' title='bbox 2851 3329 3026 3384; x_wconf 89' lang='lat' dir='ltr'>nescit</span> <span class='ocrx_word' id='word_1_735' title='bbox 3063 3331 3268 3395; x_wconf 88' lang='lat' dir='ltr'>Deum,</span> <span class='ocrx_word' id='word_1_736' title='bbox 3295 3325 3595 3398; x_wconf 84' lang='lat' dir='ltr'>prepositis</span> <span class='ocrx_word' id='word_1_737' title='bbox 3623 3320 3806 3389; x_wconf 79' lang='lat' dir='ltr'>legibus.</span> 
     </span>
    </p>
   </div>
   <div class='ocr_carea' id='block_1_93' title="bbox 2172 3404 3809 3489">
    <p class='ocr_par' dir='ltr' id='par_1_93' title="bbox 2172 3404 3809 3489">
     <span class='ocr_line' id='line_1_93' title="bbox 2172 3404 3809 3489; baseline -0.009 -17"><span class='ocrx_word' id='word_1_738' title='bbox 2172 3436 2286 3473; x_wconf 87' lang='lat' dir='ltr'>non</span> <span class='ocrx_word' id='word_1_739' title='bbox 2310 3420 2393 3473; x_wconf 91' lang='lat' dir='ltr'>uti</span> <span class='ocrx_word' id='word_1_740' title='bbox 2443 3419 2861 3489; x_wconf 86' lang='lat' dir='ltr'>omnipotentia</span> <span class='ocrx_word' id='word_1_741' title='bbox 2909 3434 3009 3470; x_wconf 89' lang='lat' dir='ltr'>sua</span> <span class='ocrx_word' id='word_1_742' title='bbox 3059 3421 3121 3469; x_wconf 94' lang='lat' dir='ltr'>ut</span> <span class='ocrx_word' id='word_1_743' title='bbox 3174 3416 3560 3472; x_wconf 85' lang='lat' dir='ltr'>observentur,</span> <span class='ocrx_word' id='word_1_744' title='bbox 3590 3404 3809 3478; x_wconf 81' lang='lat' dir='ltr'>quiavull</span> 
     </span>
    </p>
   </div>
   <div class='ocr_carea' id='block_1_94' title="bbox 2172 3492 3812 3578">
    <p class='ocr_par' dir='ltr' id='par_1_94' title="bbox 2172 3492 3812 3578">
     <span class='ocr_line' id='line_1_94' title="bbox 2172 3492 3812 3578; baseline -0.011 -17"><span class='ocrx_word' id='word_1_745' title='bbox 2172 3508 2240 3561; x_wconf 85' lang='lat' dir='ltr'>iis</span> <span class='ocrx_word' id='word_1_746' title='bbox 2283 3509 2460 3562; x_wconf 91' lang='lat' dir='ltr'>libere</span> <span class='ocrx_word' id='word_1_747' title='bbox 2506 3508 2697 3578; x_wconf 87' lang='lat' dir='ltr'>pareri</span> <span class='ocrx_word' id='word_1_748' title='bbox 2728 3510 2757 3560; x_wconf 67' lang='grc' dir='ltr'><em>Ῥ</em></span> <span class='ocrx_word' id='word_1_749' title='bbox 2815 3506 2952 3570; x_wconf 90' lang='lat' dir='ltr'>Quis</span> <span class='ocrx_word' id='word_1_750' title='bbox 3008 3505 3258 3573; x_wconf 86' lang='lat' dir='ltr'>ignorat,</span> <span class='ocrx_word' id='word_1_751' title='bbox 3311 3503 3357 3555; x_wconf 86' lang='lat' dir='ltr'>si</span> <span class='ocrx_word' id='word_1_752' title='bbox 3416 3503 3555 3555; x_wconf 84' lang='lat' dir='ltr'>Deus</span> <span class='ocrx_word' id='word_1_753' title='bbox 3594 3492 3812 3550; x_wconf 82' lang='lat' dir='ltr'>libertatis</span> 
     </span>
    </p>
   </div>
   <div class='ocr_carea' id='block_1_95' title="bbox 2171 3588 3810 3651">
    <p class='ocr_par' dir='ltr' id='par_1_95' title="bbox 2171 3588 3810 3651">
     <span class='ocr_line' id='line_1_95' title="bbox 2171 3588 3810 3651; baseline -0.005 -5"><span class='ocrx_word' id='word_1_754' title='bbox 2171 3599 2561 3648; x_wconf 88' lang='lat' dir='ltr'>creaturarum</span> <span class='ocrx_word' id='word_1_755' title='bbox 2617 3594 2835 3647; x_wconf 90' lang='lat' dir='ltr'>nullam</span> <span class='ocrx_word' id='word_1_756' title='bbox 2881 3592 3162 3645; x_wconf 89' lang='lat' dir='ltr'>rationem</span> <span class='ocrx_word' id='word_1_757' title='bbox 3213 3591 3424 3645; x_wconf 87' lang='lat' dir='ltr'>habere</span> <span class='ocrx_word' id='word_1_758' title='bbox 3465 3588 3638 3647; x_wconf 86' lang='lat' dir='ltr'>vellet,</span> <span class='ocrx_word' id='word_1_759' title='bbox 3689 3593 3810 3651; x_wconf 73' lang='lat' dir='ltr'>posse</span> 
     </span>
    </p>
   </div>
   <div class='ocr_carea' id='block_1_96' title="bbox 2171 3670 3812 3752">
    <p class='ocr_par' dir='ltr' id='par_1_96' title="bbox 2171 3670 3812 3752">
     <span class='ocr_line' id='line_1_96' title="bbox 2171 3670 3812 3752; baseline -0.009 -17"><span class='ocrx_word' id='word_1_760' title='bbox 2171 3699 2301 3735; x_wconf 90' lang='lat' dir='ltr'>eum</span> <span class='ocrx_word' id='word_1_761' title='bbox 2348 3681 2570 3752; x_wconf 87' lang='lat' dir='ltr'>quidvis</span> <span class='ocrx_word' id='word_1_762' title='bbox 2613 3681 2683 3735; x_wconf 90' lang='lat' dir='ltr'>ab</span> <span class='ocrx_word' id='word_1_763' title='bbox 2732 3681 2802 3734; x_wconf 90' lang='lat' dir='ltr'>iis</span> <span class='ocrx_word' id='word_1_764' title='bbox 2842 3678 3231 3750; x_wconf 83' lang='lat' dir='ltr'>extorquere?</span> <span class='ocrx_word' id='word_1_765' title='bbox 3283 3680 3480 3748; x_wconf 79' lang='lat' dir='ltr'>Itaque</span> <span class='ocrx_word' id='word_1_766' title='bbox 3536 3690 3639 3730; x_wconf 90' lang='lat' dir='ltr'>non</span> <span class='ocrx_word' id='word_1_767' title='bbox 3669 3670 3812 3724; x_wconf 85' lang='lat' dir='ltr'>minus</span> 
     </span>
    </p>
   </div>
   <div class='ocr_carea' id='block_1_97' title="bbox 2168 3757 3811 3841">
    <p class='ocr_par' dir='ltr' id='par_1_97' title="bbox 2168 3757 3811 3841">
     <span class='ocr_line' id='line_1_97' title="bbox 2168 3757 3811 3841; baseline -0.005 -18"><span class='ocrx_word' id='word_1_768' title='bbox 2168 3771 2364 3824; x_wconf 89' lang='lat' dir='ltr'>omnia</span> <span class='ocrx_word' id='word_1_769' title='bbox 2397 3772 2544 3824; x_wconf 90' lang='lat' dir='ltr'>Deus</span> <span class='ocrx_word' id='word_1_770' title='bbox 2569 3787 2695 3841; x_wconf 65' lang='lat' dir='ltr'>quae</span> <span class='ocrx_word' id='word_1_771' title='bbox 2727 3770 2847 3822; x_wconf 88' lang='lat' dir='ltr'>vult</span> <span class='ocrx_word' id='word_1_772' title='bbox 2879 3769 3027 3826; x_wconf 87' lang='lat' dir='ltr'>facit.</span> <span class='ocrx_word' id='word_1_773' title='bbox 3073 3784 3204 3821; x_wconf 92' lang='lat' dir='ltr'>cum</span> <span class='ocrx_word' id='word_1_774' title='bbox 3240 3768 3293 3820; x_wconf 88' lang='lat' dir='ltr'>vi</span> <span class='ocrx_word' id='word_1_775' title='bbox 3323 3771 3618 3826; x_wconf 86' lang='lat' dir='ltr'>creaturas,</span> <span class='ocrx_word' id='word_1_776' title='bbox 3650 3757 3811 3830; x_wconf 74' lang='lat' dir='ltr'>quib&quot;S</span> 
     </span>
    </p>
   </div>
   <div class='ocr_carea' id='block_1_98' title="bbox 2170 3849 3811 3926">
    <p class='ocr_par' dir='ltr' id='par_1_98' title="bbox 2170 3849 3811 3926">
     <span class='ocr_line' id='line_1_98' title="bbox 2170 3849 3811 3926; baseline -0.008 -16"><span class='ocrx_word' id='word_1_777' title='bbox 2170 3859 2491 3912; x_wconf 89' lang='lat' dir='ltr'>libertatem</span> <span class='ocrx_word' id='word_1_778' title='bbox 2554 3859 2851 3924; x_wconf 91' lang='lat' dir='ltr'>concessit,</span> <span class='ocrx_word' id='word_1_779' title='bbox 2904 3873 3024 3910; x_wconf 90' lang='lat' dir='ltr'>non</span> <span class='ocrx_word' id='word_1_780' title='bbox 3067 3859 3360 3926; x_wconf 85' lang='lat' dir='ltr'>expugnat</span> <span class='ocrx_word' id='word_1_781' title='bbox 3390 3873 3405 3908; x_wconf 91' lang='lat'><strong><em>:</em></strong></span> <span class='ocrx_word' id='word_1_782' title='bbox 3439 3852 3568 3924; x_wconf 86' lang='lat' dir='ltr'>quia</span> <span class='ocrx_word' id='word_1_783' title='bbox 3605 3849 3695 3902; x_wconf 89' lang='lat' dir='ltr'>hoc</span> <span class='ocrx_word' id='word_1_784' title='bbox 3727 3856 3811 3896; x_wconf 85' lang='lat' dir='ltr'>non</span> 
     </span>
    </p>
   </div>
   <div class='ocr_carea' id='block_1_99' title="bbox 2169 3935 3813 4014">
    <p class='ocr_par' dir='ltr' id='par_1_99' title="bbox 2169 3935 3813 4014">
     <span class='ocr_line' id='line_1_99' title="bbox 2169 3935 3813 4014; baseline -0.007 -15"><span class='ocrx_word' id='word_1_785' title='bbox 2169 3947 2509 4001; x_wconf 85' lang='lat' dir='ltr'>vultfacere.</span> <span class='ocrx_word' id='word_1_786' title='bbox 2549 3949 2641 4000; x_wconf 75' lang='lat' dir='ltr'>An</span> <span class='ocrx_word' id='word_1_787' title='bbox 2677 3948 2859 4014; x_wconf 86' lang='lat' dir='ltr'>potius</span> <span class='ocrx_word' id='word_1_788' title='bbox 2889 3947 2988 3998; x_wconf 86' lang='lat' dir='ltr'>illa</span> <span class='ocrx_word' id='word_1_789' title='bbox 3022 3944 3243 4013; x_wconf 88' lang='lat' dir='ltr'>quidem</span> <span class='ocrx_word' id='word_1_790' title='bbox 3299 3945 3440 4012; x_wconf 89' lang='lat' dir='ltr'>ﬁlios</span> <span class='ocrx_word' id='word_1_791' title='bbox 3481 3953 3594 3994; x_wconf 87' lang='lat' dir='ltr'>suos</span> <span class='ocrx_word' id='word_1_792' title='bbox 3647 3935 3704 3988; x_wconf 89' lang='lat' dir='ltr'>ab</span> <span class='ocrx_word' id='word_1_793' title='bbox 3728 3935 3813 3999; x_wconf 73' lang='lat' dir='ltr'>ipso</span> 
     </span>
    </p>
   </div>
   <div class='ocr_carea' id='block_1_100' title="bbox 2169 4019 3811 4105">
    <p class='ocr_par' dir='ltr' id='par_1_100' title="bbox 2169 4019 3811 4105">
     <span class='ocr_line' id='line_1_100' title="bbox 2169 4019 3811 4105; baseline -0.004 -17"><span class='ocrx_word' id='word_1_794' title='bbox 2169 4036 2351 4105; x_wconf 84' lang='lat' dir='ltr'>colligi</span> <span class='ocrx_word' id='word_1_795' title='bbox 2373 4036 2564 4100; x_wconf 87' lang='lat' dir='ltr'>noluit,</span> <span class='ocrx_word' id='word_1_796' title='bbox 2594 4035 2687 4088; x_wconf 92' lang='lat' dir='ltr'>sed</span> <span class='ocrx_word' id='word_1_797' title='bbox 2725 4051 2786 4088; x_wconf 89' lang='lat' dir='ltr'>ea</span> <span class='ocrx_word' id='word_1_798' title='bbox 2823 4049 3032 4102; x_wconf 86' lang='lat' dir='ltr'>quoque</span> <span class='ocrx_word' id='word_1_799' title='bbox 3059 4034 3289 4097; x_wconf 83' lang='lat' dir='ltr'>nolente,</span> <span class='ocrx_word' id='word_1_800' title='bbox 3334 4034 3472 4100; x_wconf 85' lang='lat' dir='ltr'>ﬁlios</span> <span class='ocrx_word' id='word_1_801' title='bbox 3513 4028 3619 4095; x_wconf 86' lang='lat' dir='ltr'>ejus</span> <span class='ocrx_word' id='word_1_802' title='bbox 3650 4019 3811 4081; x_wconf 57' lang='lat' dir='ltr'>collegii</span> 
     </span>
    </p>
   </div>
   <div class='ocr_carea' id='block_1_101' title="bbox 2169 4110 3810 4192">
    <p class='ocr_par' dir='ltr' id='par_1_101' title="bbox 2169 4110 3810 4192">
     <span class='ocr_line' id='line_1_101' title="bbox 2169 4110 3810 4192; baseline -0.004 -16"><span class='ocrx_word' id='word_1_803' title='bbox 2169 4125 2284 4191; x_wconf 85' lang='lat' dir='ltr'>ipse</span> <span class='ocrx_word' id='word_1_804' title='bbox 2315 4139 2445 4192; x_wconf 86' lang='lat' dir='ltr'>quos</span> <span class='ocrx_word' id='word_1_805' title='bbox 2483 4124 2652 4177; x_wconf 74' lang='lat' dir='ltr'>vol-uit</span> <span class='ocrx_word' id='word_1_806' title='bbox 2673 4122 2700 4176; x_wconf 71' lang='grc' dir='ltr'>(ἲ</span> <span class='ocrx_word' id='word_1_807' title='bbox 2724 4123 2869 4187; x_wconf 87' lang='lat' dir='ltr'>Quia</span> <span class='ocrx_word' id='word_1_808' title='bbox 2907 4124 2963 4175; x_wconf 87' lang='lat' dir='ltr'>in</span> <span class='ocrx_word' id='word_1_809' title='bbox 2993 4124 3116 4176; x_wconf 63' lang='lat' dir='ltr'>caelo</span> <span class='ocrx_word' id='word_1_810' title='bbox 3146 4127 3196 4176; x_wconf 90' lang='lat' dir='ltr'>et</span> <span class='ocrx_word' id='word_1_811' title='bbox 3227 4125 3287 4175; x_wconf 87' lang='lat' dir='ltr'>in</span> <span class='ocrx_word' id='word_1_812' title='bbox 3327 4127 3470 4174; x_wconf 85' lang='lat' dir='ltr'>terra</span> <span class='ocrx_word' id='word_1_813' title='bbox 3496 4133 3593 4171; x_wconf 89' lang='lat' dir='ltr'>non</span> <span class='ocrx_word' id='word_1_814' title='bbox 3617 4110 3810 4183; x_wconf 54' lang='lat' dir='ltr'>quaedam</span> 
     </span>
    </p>
   </div>
   <div class='ocr_carea' id='block_1_102' title="bbox 2171 4196 3809 4278">
    <p class='ocr_par' dir='ltr' id='par_1_102' title="bbox 2171 4196 3809 4278">
     <span class='ocr_line' id='line_1_102' title="bbox 2171 4196 3809 4278; baseline -0.009 -14"><span class='ocrx_word' id='word_1_815' title='bbox 2171 4212 2341 4264; x_wconf 79' lang='lat' dir='ltr'>voluit</span> <span class='ocrx_word' id='word_1_816' title='bbox 2369 4213 2584 4278; x_wconf 82' lang='lat' dir='ltr'>etfecit,</span> <span class='ocrx_word' id='word_1_817' title='bbox 2633 4211 2880 4278; x_wconf 56' lang='lat' dir='ltr'>quadam</span> <span class='ocrx_word' id='word_1_818' title='bbox 2919 4225 3041 4263; x_wconf 71' lang='lat' dir='ltr'>vero</span> <span class='ocrx_word' id='word_1_819' title='bbox 3069 4210 3263 4273; x_wconf 78' lang='lat' dir='ltr'>voluit,</span> <span class='ocrx_word' id='word_1_820' title='bbox 3312 4213 3360 4262; x_wconf 91' lang='lat' dir='ltr'>et</span> <span class='ocrx_word' id='word_1_821' title='bbox 3391 4209 3531 4274; x_wconf 81' lang='lat' dir='ltr'>fecit,</span> <span class='ocrx_word' id='word_1_822' title='bbox 3567 4202 3650 4257; x_wconf 84' lang='lat' dir='ltr'>sed</span> <span class='ocrx_word' id='word_1_823' title='bbox 3674 4196 3809 4252; x_wconf 75' lang='lat' dir='ltr'>omnia</span> 
     </span>
    </p>
   </div>
   <div class='ocr_carea' id='block_1_103' title="bbox 2172 4286 3807 4366">
    <p class='ocr_par' dir='ltr' id='par_1_103' title="bbox 2172 4286 3807 4366">
     <span class='ocr_line' id='line_1_103' title="bbox 2172 4286 3807 4366; baseline -0.009 -18"><span class='ocrx_word' id='word_1_824' title='bbox 2172 4314 2498 4366; x_wconf 70' lang='lat' dir='ltr'>quaecunque</span> <span class='ocrx_word' id='word_1_825' title='bbox 2552 4298 2722 4351; x_wconf 85' lang='lat' dir='ltr'>voluit</span> <span class='ocrx_word' id='word_1_826' title='bbox 2750 4299 2897 4362; x_wconf 79' lang='lat' dir='ltr'>fecit.</span> <span class='ocrx_word' id='word_1_827' title='bbox 2931 4296 3035 4351; x_wconf 92' lang='lat' dir='ltr'>Sed</span> <span class='ocrx_word' id='word_1_828' title='bbox 3079 4295 3208 4366; x_wconf 90' lang='lat' dir='ltr'>quis</span> <span class='ocrx_word' id='word_1_829' title='bbox 3237 4312 3352 4348; x_wconf 90' lang='lat' dir='ltr'>non</span> <span class='ocrx_word' id='word_1_830' title='bbox 3385 4294 3534 4347; x_wconf 90' lang='lat' dir='ltr'>videt</span> <span class='ocrx_word' id='word_1_831' title='bbox 3574 4286 3807 4344; x_wconf 87' lang='lat' dir='ltr'>Christum</span> 
     </span>
    </p>
   </div>
   <div class='ocr_carea' id='block_1_104' title="bbox 2170 4367 3811 4455">
    <p class='ocr_par' dir='ltr' id='par_1_104' title="bbox 2170 4367 3811 4455">
     <span class='ocr_line' id='line_1_104' title="bbox 2170 4367 3811 4455; baseline -0.01 -18"><span class='ocrx_word' id='word_1_832' title='bbox 2170 4385 2446 4455; x_wconf 87' lang='lat' dir='ltr'>conqueri</span> <span class='ocrx_word' id='word_1_833' title='bbox 2495 4385 2648 4454; x_wconf 92' lang='lat' dir='ltr'>quod</span> <span class='ocrx_word' id='word_1_834' title='bbox 2705 4384 3079 4454; x_wconf 89' lang='lat' dir='ltr'>pertinaciam</span> <span class='ocrx_word' id='word_1_835' title='bbox 3135 4381 3650 4452; x_wconf 74' lang='lat' dir='ltr'>Jerosolymitarum</span> <span class='ocrx_word' id='word_1_836' title='bbox 3681 4367 3811 4455; x_wconf 70' lang='lat' dir='ltr'>nullis</span> 
     </span>
    </p>
   </div>
   <div class='ocr_carea' id='block_1_105' title="bbox 2171 4451 3811 4532">
    <p class='ocr_par' dir='ltr' id='par_1_105' title="bbox 2171 4451 3811 4532">
     <span class='ocr_line' id='line_1_105' title="bbox 2171 4451 3811 4532; baseline -0.01 -6"><span class='ocrx_word' id='word_1_837' title='bbox 2171 4451 2914 4532; x_wconf 48' lang='lat' dir='ltr'>adhortationibus,_nullis</span> <span class='ocrx_word' id='word_1_838' title='bbox 2966 4471 3257 4524; x_wconf 89' lang='lat' dir='ltr'>miraculis</span> <span class='ocrx_word' id='word_1_839' title='bbox 3302 4451 3590 4523; x_wconf 79' lang='lat' dir='ltr'>flexisset?</span> <span class='ocrx_word' id='word_1_840' title='bbox 3630 4451 3811 4524; x_wconf 64' lang='lat' dir='ltr'>Alioqm</span> 
     </span>
    </p>
   </div>
   <div class='ocr_carea' id='block_1_106' title="bbox 2171 4551 3809 4630">
    <p class='ocr_par' dir='ltr' id='par_1_106' title="bbox 2171 4551 3809 4630">
     <span class='ocr_line' id='line_1_106' title="bbox 2171 4551 3809 4630; baseline -0.013 -17"><span class='ocrx_word' id='word_1_841' title='bbox 2171 4561 2217 4613; x_wconf 94' lang='lat' dir='ltr'>si</span> <span class='ocrx_word' id='word_1_842' title='bbox 2249 4577 2461 4630; x_wconf 88' lang='lat' dir='ltr'>paucos</span> <span class='ocrx_word' id='word_1_843' title='bbox 2495 4559 2774 4630; x_wconf 90' lang='lat' dir='ltr'>quosdam</span> <span class='ocrx_word' id='word_1_844' title='bbox 2834 4559 3028 4612; x_wconf 74' lang='lat' dir='ltr'>afflatu</span> <span class='ocrx_word' id='word_1_845' title='bbox 3082 4556 3440 4612; x_wconf 86' lang='lat' dir='ltr'>ineluctabili</span> <span class='ocrx_word' id='word_1_846' title='bbox 3491 4554 3692 4608; x_wconf 87' lang='lat' dir='ltr'>allicere</span> <span class='ocrx_word' id='word_1_847' title='bbox 3723 4551 3809 4596; x_wconf 86' lang='lat' dir='ltr'>tan-</span> 
     </span>
    </p>
   </div>
   <div class='ocr_carea' id='block_1_107' title="bbox 2169 4635 3809 4715">
    <p class='ocr_par' dir='ltr' id='par_1_107' title="bbox 2169 4635 3809 4715">
     <span class='ocr_line' id='line_1_107' title="bbox 2169 4635 3809 4715; baseline 0.001 -16"><span class='ocrx_word' id='word_1_848' title='bbox 2169 4652 2293 4699; x_wconf 90' lang='lat' dir='ltr'>tum</span> <span class='ocrx_word' id='word_1_849' title='bbox 2347 4649 2641 4712; x_wconf 89' lang='lat' dir='ltr'>statuerat,</span> <span class='ocrx_word' id='word_1_850' title='bbox 2668 4645 2842 4715; x_wconf 90' lang='lat' dir='ltr'>idque</span> <span class='ocrx_word' id='word_1_851' title='bbox 2884 4645 3166 4710; x_wconf 83' lang='lat' dir='ltr'>etl‘ecerat,</span> <span class='ocrx_word' id='word_1_852' title='bbox 3221 4643 3365 4698; x_wconf 90' lang='lat' dir='ltr'>nihil</span> <span class='ocrx_word' id='word_1_853' title='bbox 3398 4646 3517 4696; x_wconf 88' lang='lat' dir='ltr'>erat</span> <span class='ocrx_word' id='word_1_854' title='bbox 3546 4635 3682 4709; x_wconf 84' lang='lat' dir='ltr'>quod</span> <span class='ocrx_word' id='word_1_855' title='bbox 3713 4642 3809 4700; x_wconf 66' lang='lat' dir='ltr'>que“</span> 
     </span>
    </p>
   </div>
   <div class='ocr_carea' id='block_1_108' title="bbox 2170 4715 3811 4802">
    <p class='ocr_par' dir='ltr' id='par_1_108' title="bbox 2170 4715 3811 4802">
     <span class='ocr_line' id='line_1_108' title="bbox 2170 4715 3811 4802; baseline -0.009 -14"><span class='ocrx_word' id='word_1_856' title='bbox 2170 4739 2411 4788; x_wconf 87' lang='lat' dir='ltr'>reretur.</span> <span class='ocrx_word' id='word_1_857' title='bbox 2436 4736 2584 4788; x_wconf 92' lang='lat' dir='ltr'>Deus</span> <span class='ocrx_word' id='word_1_858' title='bbox 2613 4733 2806 4786; x_wconf 87' lang='lat' dir='ltr'>omnia</span> <span class='ocrx_word' id='word_1_859' title='bbox 2836 4732 2988 4797; x_wconf 89' lang='lat' dir='ltr'>facit,</span> <span class='ocrx_word' id='word_1_860' title='bbox 3017 4749 3147 4802; x_wconf 70' lang='lat' dir='ltr'>qua:</span> <span class='ocrx_word' id='word_1_861' title='bbox 3177 4733 3302 4786; x_wconf 89' lang='lat' dir='ltr'>vult</span> <span class='ocrx_word' id='word_1_862' title='bbox 3342 4732 3462 4801; x_wconf 88' lang='lat' dir='ltr'>ipse</span> <span class='ocrx_word' id='word_1_863' title='bbox 3493 4729 3658 4782; x_wconf 88' lang='lat' dir='ltr'>facere</span> <span class='ocrx_word' id='word_1_864' title='bbox 3681 4738 3691 4774; x_wconf 91' lang='lat'><strong>:</strong></span> <span class='ocrx_word' id='word_1_865' title='bbox 3717 4715 3811 4787; x_wconf 80' lang='lat' dir='ltr'>quis</span> 
     </span>
    </p>
   </div>
   <div class='ocr_carea' id='block_1_109' title="bbox 2173 4803 3808 4891">
    <p class='ocr_par' dir='ltr' id='par_1_109' title="bbox 2173 4803 3808 4891">
     <span class='ocr_line' id='line_1_109' title="bbox 2173 4803 3808 4891; baseline -0.01 -13"><span class='ocrx_word' id='word_1_866' title='bbox 2173 4826 2341 4891; x_wconf 85' lang='lat' dir='ltr'>negat</span> <span class='ocrx_word' id='word_1_867' title='bbox 2365 4823 2392 4875; x_wconf 69' lang='grc' dir='ltr'>τ</span> <span class='ocrx_word' id='word_1_868' title='bbox 2423 4823 2532 4876; x_wconf 92' lang='lat' dir='ltr'>Sed</span> <span class='ocrx_word' id='word_1_869' title='bbox 2556 4838 2670 4875; x_wconf 92' lang='lat' dir='ltr'>non</span> <span class='ocrx_word' id='word_1_870' title='bbox 2693 4820 2828 4875; x_wconf 86' lang='lat' dir='ltr'>facit</span> <span class='ocrx_word' id='word_1_871' title='bbox 2858 4837 2986 4891; x_wconf 69' lang='lat' dir='ltr'>quer.</span> <span class='ocrx_word' id='word_1_872' title='bbox 3008 4812 3188 4875; x_wconf 50' lang='lat' dir='ltr'>vult&#39;a</span> <span class='ocrx_word' id='word_1_873' title='bbox 3210 4819 3488 4874; x_wconf 86' lang='lat' dir='ltr'>creaturis</span> <span class='ocrx_word' id='word_1_874' title='bbox 3512 4815 3671 4869; x_wconf 85' lang='lat' dir='ltr'>libere</span> <span class='ocrx_word' id='word_1_875' title='bbox 3696 4803 3808 4862; x_wconf 71' lang='lat' dir='ltr'>ﬁeri.</span> 
     </span>
    </p>
   </div>
   <div class='ocr_carea' id='block_1_110' title="bbox 2171 4893 3813 4980">
    <p class='ocr_par' dir='ltr' id='par_1_110' title="bbox 2171 4893 3813 4980">
     <span class='ocr_line' id='line_1_110' title="bbox 2171 4893 3813 4980; baseline -0.013 -16"><span class='ocrx_word' id='word_1_876' title='bbox 2171 4911 2307 4980; x_wconf 91' lang='lat' dir='ltr'>quia</span> <span class='ocrx_word' id='word_1_877' title='bbox 2353 4926 2550 4963; x_wconf 87' lang='lat' dir='ltr'>earum</span> <span class='ocrx_word' id='word_1_878' title='bbox 2612 4909 2858 4963; x_wconf 90' lang='lat' dir='ltr'>libertati</span> <span class='ocrx_word' id='word_1_879' title='bbox 2901 4909 3014 4962; x_wconf 90' lang='lat' dir='ltr'>vim</span> <span class='ocrx_word' id='word_1_880' title='bbox 3071 4925 3188 4962; x_wconf 89' lang='lat' dir='ltr'>non</span> <span class='ocrx_word' id='word_1_881' title='bbox 3238 4908 3428 4961; x_wconf 85' lang='lat' dir='ltr'>infert.</span> <span class='ocrx_word' id='word_1_882' title='bbox 3482 4899 3723 4957; x_wconf 90' lang='lat' dir='ltr'>Aut.hoc</span> <span class='ocrx_word' id='word_1_883' title='bbox 3752 4893 3813 4942; x_wconf 83' lang='lat' dir='ltr'>est</span> 
     </span>
    </p>
   </div>
   <div class='ocr_carea' id='block_1_111' title="bbox 2170 4981 3812 5069">
    <p class='ocr_par' dir='ltr' id='par_1_111' title="bbox 2170 4981 3812 5069">
     <span class='ocr_line' id='line_1_111' title="bbox 2170 4981 3812 5069; baseline -0.009 -18"><span class='ocrx_word' id='word_1_884' title='bbox 2170 4997 2616 5067; x_wconf 90' lang='lat' dir='ltr'>agnoscendum,</span> <span class='ocrx_word' id='word_1_885' title='bbox 2656 5001 2754 5051; x_wconf 89' lang='lat' dir='ltr'>aut</span> <span class='ocrx_word' id='word_1_886' title='bbox 2788 4997 3116 5067; x_wconf 85' lang='lat' dir='ltr'>negandum</span> <span class='ocrx_word' id='word_1_887' title='bbox 3168 5013 3300 5049; x_wconf 91' lang='lat' dir='ltr'>cum</span> <span class='ocrx_word' id='word_1_888' title='bbox 3359 4987 3636 5048; x_wconf 91' lang='lat' dir='ltr'>nonnullis</span> <span class='ocrx_word' id='word_1_889' title='bbox 3676 5001 3703 5036; x_wconf 83' lang='lat' dir='ltr'>a</span> <span class='ocrx_word' id='word_1_890' title='bbox 3728 4981 3812 5069; x_wconf 69' lang='grc' dir='ltr'><strong>0ερ</strong></span> 
     </span>
    </p>
   </div>
   <div class='ocr_carea' id='block_1_112' title="bbox 2170 5080 3812 5158">
    <p class='ocr_par' dir='ltr' id='par_1_112' title="bbox 2170 5080 3812 5158">
     <span class='ocr_line' id='line_1_112' title="bbox 2170 5080 3812 5158; baseline -0.007 -16"><span class='ocrx_word' id='word_1_891' title='bbox 2170 5089 2315 5142; x_wconf 88' lang='lat' dir='ltr'>ullas</span> <span class='ocrx_word' id='word_1_892' title='bbox 2349 5089 2500 5158; x_wconf 83' lang='lat' dir='ltr'>leges</span> <span class='ocrx_word' id='word_1_893' title='bbox 2531 5087 2665 5142; x_wconf 89' lang='lat' dir='ltr'>ferri</span> <span class='ocrx_word' id='word_1_894' title='bbox 2709 5086 2940 5156; x_wconf 88' lang='lat' dir='ltr'>proprie</span> <span class='ocrx_word' id='word_1_895' title='bbox 2975 5086 3172 5150; x_wconf 88' lang='lat' dir='ltr'>dictas,</span> <span class='ocrx_word' id='word_1_896' title='bbox 3225 5084 3320 5137; x_wconf 91' lang='lat' dir='ltr'>sed</span> <span class='ocrx_word' id='word_1_897' title='bbox 3370 5086 3579 5136; x_wconf 90' lang='lat' dir='ltr'>tantum</span> <span class='ocrx_word' id='word_1_898' title='bbox 3612 5080 3812 5145; x_wconf 78' lang='lat' dir='ltr'>pl‘OPOlu</span> 
     </span>
    </p>
   </div>
   <div class='ocr_carea' id='block_1_113' title="bbox 2173 5159 3811 5246">
    <p class='ocr_par' dir='ltr' id='par_1_113' title="bbox 2173 5159 3811 5246">
     <span class='ocr_line' id='line_1_113' title="bbox 2173 5159 3811 5246; baseline -0.014 -16"><span class='ocrx_word' id='word_1_899' title='bbox 2173 5175 2382 5244; x_wconf 82' lang='lat' dir='ltr'>electis,</span> <span class='ocrx_word' id='word_1_900' title='bbox 2438 5175 2588 5246; x_wconf 88' lang='lat' dir='ltr'>quod</span> <span class='ocrx_word' id='word_1_901' title='bbox 2624 5175 2747 5246; x_wconf 90' lang='lat' dir='ltr'>ipse</span> <span class='ocrx_word' id='word_1_902' title='bbox 2795 5175 2855 5228; x_wconf 91' lang='lat' dir='ltr'>in</span> <span class='ocrx_word' id='word_1_903' title='bbox 2905 5174 2974 5227; x_wconf 91' lang='lat' dir='ltr'>iis</span> <span class='ocrx_word' id='word_1_904' title='bbox 3018 5173 3199 5227; x_wconf 90' lang='lat' dir='ltr'>facere</span> <span class='ocrx_word' id='word_1_905' title='bbox 3253 5173 3404 5236; x_wconf 86' lang='lat' dir='ltr'>vult;</span> <span class='ocrx_word' id='word_1_906' title='bbox 3439 5169 3504 5223; x_wconf 88' lang='lat' dir='ltr'>ad</span> <span class='ocrx_word' id='word_1_907' title='bbox 3535 5159 3811 5235; x_wconf 76' lang='lat' dir='ltr'>reprobalos</span> 
     </span>
    </p>
   </div>
   <div class='ocr_carea' id='block_1_114' title="bbox 2175 5257 3810 5334">
    <p class='ocr_par' dir='ltr' id='par_1_114' title="bbox 2175 5257 3810 5334">
     <span class='ocr_line' id='line_1_114' title="bbox 2175 5257 3810 5334; baseline -0.01 -20"><span class='ocrx_word' id='word_1_908' title='bbox 2175 5281 2305 5316; x_wconf 73' lang='lat' dir='ltr'>vero</span> <span class='ocrx_word' id='word_1_909' title='bbox 2351 5263 2505 5334; x_wconf 86' lang='lat' dir='ltr'>quod</span> <span class='ocrx_word' id='word_1_910' title='bbox 2552 5263 2772 5328; x_wconf 86' lang='lat' dir='ltr'>attinet,</span> <span class='ocrx_word' id='word_1_911' title='bbox 2823 5264 3002 5316; x_wconf 90' lang='lat' dir='ltr'>Deum</span> <span class='ocrx_word' id='word_1_912' title='bbox 3045 5263 3196 5316; x_wconf 90' lang='lat' dir='ltr'>nolle</span> <span class='ocrx_word' id='word_1_913' title='bbox 3245 5277 3341 5313; x_wconf 85' lang='lat' dir='ltr'>eos</span> <span class='ocrx_word' id='word_1_914' title='bbox 3383 5257 3593 5328; x_wconf 80' lang='lat' dir='ltr'>legibus</span> <span class='ocrx_word' id='word_1_915' title='bbox 3632 5258 3810 5320; x_wconf 68' lang='lat' dir='ltr'>parcre,</span> 
     </span>
    </p>
   </div>
   <div class='ocr_carea' id='block_1_115' title="bbox 2173 5344 3810 5422">
    <p class='ocr_par' dir='ltr' id='par_1_115' title="bbox 2173 5344 3810 5422">
     <span class='ocr_line' id='line_1_115' title="bbox 2173 5344 3810 5422; baseline -0.007 -19"><span class='ocrx_word' id='word_1_916' title='bbox 2173 5352 2308 5421; x_wconf 82' lang='lat' dir='ltr'>quia</span> <span class='ocrx_word' id='word_1_917' title='bbox 2343 5351 2520 5422; x_wconf 86' lang='lat' dir='ltr'>probe</span> <span class='ocrx_word' id='word_1_918' title='bbox 2550 5352 2705 5404; x_wconf 88' lang='lat' dir='ltr'>novit</span> <span class='ocrx_word' id='word_1_919' title='bbox 2735 5368 2830 5404; x_wconf 89' lang='lat' dir='ltr'>eos</span> <span class='ocrx_word' id='word_1_920' title='bbox 2852 5367 2965 5404; x_wconf 91' lang='lat' dir='ltr'>non</span> <span class='ocrx_word' id='word_1_921' title='bbox 2999 5351 3300 5419; x_wconf 87' lang='lat' dir='ltr'>parituros,</span> <span class='ocrx_word' id='word_1_922' title='bbox 3338 5363 3437 5400; x_wconf 93' lang='lat' dir='ltr'>nec</span> <span class='ocrx_word' id='word_1_923' title='bbox 3467 5357 3618 5415; x_wconf 86' lang='lat' dir='ltr'>posse</span> <span class='ocrx_word' id='word_1_924' title='bbox 3651 5344 3810 5407; x_wconf 65' lang='lat' dir='ltr'>parere</span> 
     </span>
    </p>
   </div>
   <div class='ocr_carea' id='block_1_116' title="bbox 2173 5422 3809 5508">
    <p class='ocr_par' dir='ltr' id='par_1_116' title="bbox 2173 5422 3809 5508">
     <span class='ocr_line' id='line_1_116' title="bbox 2173 5422 3809 5508; baseline -0.012 -17"><span class='ocrx_word' id='word_1_925' title='bbox 2173 5455 2236 5492; x_wconf 88' lang='lat' dir='ltr'>ac</span> <span class='ocrx_word' id='word_1_926' title='bbox 2276 5456 2370 5492; x_wconf 92' lang='lat' dir='ltr'>eos</span> <span class='ocrx_word' id='word_1_927' title='bbox 2407 5439 2704 5493; x_wconf 90' lang='lat' dir='ltr'>damnatos</span> <span class='ocrx_word' id='word_1_928' title='bbox 2738 5438 2913 5508; x_wconf 89' lang='lat' dir='ltr'>cupit.</span> <span class='ocrx_word' id='word_1_929' title='bbox 2946 5438 3082 5501; x_wconf 64' lang='lat' dir='ltr'>Quae</span> <span class='ocrx_word' id='word_1_930' title='bbox 3136 5436 3331 5491; x_wconf 90' lang='lat' dir='ltr'>omnia</span> <span class='ocrx_word' id='word_1_931' title='bbox 3376 5449 3501 5487; x_wconf 88' lang='lat' dir='ltr'>cum</span> <span class='ocrx_word' id='word_1_932' title='bbox 3549 5422 3809 5482; x_wconf 78' lang='lat' dir='ltr'>rationibus</span> 
     </span>
    </p>
   </div>
   <div class='ocr_carea' id='block_1_117' title="bbox 2172 5521 3633 5597">
    <p class='ocr_par' dir='ltr' id='par_1_117' title="bbox 2172 5521 3633 5597">
     <span class='ocr_line' id='line_1_117' title="bbox 2172 5521 3633 5597; baseline -0.008 -17"><span class='ocrx_word' id='word_1_933' title='bbox 2172 5531 2342 5597; x_wconf 88' lang='lat' dir='ltr'>atque</span> <span class='ocrx_word' id='word_1_934' title='bbox 2361 5525 2634 5581; x_wconf 88' lang='lat' dir='ltr'>institutis</span> <span class='ocrx_word' id='word_1_935' title='bbox 2653 5526 2858 5582; x_wconf 87' lang='lat' dir='ltr'>Christi</span> <span class='ocrx_word' id='word_1_936' title='bbox 2889 5530 2944 5580; x_wconf 89' lang='lat' dir='ltr'>et</span> <span class='ocrx_word' id='word_1_937' title='bbox 2966 5526 3351 5596; x_wconf 85' lang='lat' dir='ltr'>apostolorum</span> <span class='ocrx_word' id='word_1_938' title='bbox 3373 5521 3633 5593; x_wconf 84' lang='lat' dir='ltr'>pugnant.</span> 
     </span>
    </p>
   </div>
  </div>
