3920 6180
561 434 1215 491 ANIMADVERSIONES

395 539 443 574 IN
484 537 672 575 LIBRUM
714 539 779 575 DE
820 541 1004 577 AGONE
1044 541 1388 579 CIIRISTIANO.

177 616 276 684 Cap.
319 614 389 675 15,
418 610 448 680 §
480 614 556 663 l7.
586 612 687 666 Nec
730 627 815 665 eos
875 614 1163 667 audiamus
1221 617 1318 683 qui
1373 614 1733 682 indignantur

122 708 161 757 et
180 701 519 756 stomachantur
558 701 688 767 quia
726 716 831 754 non
871 706 975 755 tres
1026 706 1158 756 Deos
1197 703 1438 756 colendos
1478 704 1727 758 dicimus.

113 792 305 844 Nesciunt
335 788 462 839 enim
500 788 631 854 quid
668 791 741 841 sit
793 805 905 843 una
970 791 1260 858 eademque
1305 792 1631 859 substantia,
1683 797 1733 846 et

108 876 432 945 phantasmatis
456 877 565 927 suis
593 876 919 944 illuduntur,
954 881 1088 947 quia
1116 881 1285 933 solent
1323 879 1504 933 videre
1542 896 1729 947 corpo-

107 966 249 1017 raliter
301 963 372 1015 vel
398 964 643 1015 animalis
682 966 809 1029 tria,
851 966 933 1017 vel
971 982 1298 1033 quacunque
1359 982 1583 1035 corpora
1624 970 1731 1021 tria

103 1055 195 1105 locis
223 1054 317 1104 suis
352 1066 451 1104 esse
491 1058 763 1119 separata.
801 1054 890 1107 Sic
926 1059 1125 1121 putant
1164 1048 1571 1122 intelligendam
1608 1056 1731 1108 sub-

101 1141 303 1193 stantiam
330 1141 434 1203 Dei,
466 1145 515 1193 et
532 1142 758 1194 multum
789 1148 996 1208 errant,
1032 1142 1166 1214 etc.]
1223 1142 1457 1196 Videtur
1511 1143 1730 1221 eosin-

100 1228 296 1296 telligere
324 1226 415 1297 qui
434 1228 770 1297 objiciebant
811 1231 1020 1300 synodo
1063 1230 1304 1284 Nicaanze
1346 1232 1725 1299 tritheismum,

100 1332 204 1384 quos
227 1314 375 1368 etiam
405 1322 681 1369 memorat
713 1318 1018 1387 Gregorius
1044 1319 1433 1373 Nazianzenus
1473 1321 1727 1374 oratione

98 1408 159 1467 37,
179 1419 286 1473 pag.
330 1406 443 1470 607,
475 1404 573 1458 ubi
604 1422 803 1459 eorum
858 1406 1166 1472 obiectioni
1229 1407 1575 1477 respondere
1632 1425 1727 1461 co-

98 1497 235 1545 natur.
262 1492 385 1545 Vide
443 1493 547 1546 hac
597 1494 665 1548 de
723 1512 782 1549 re
812 1496 1004 1564 ipsum
1060 1512 1289 1567 quoque
1341 1496 1724 1566 Augustinum

94 1580 139 1632 de
158 1580 390 1634 Trinitate
424 1582 518 1635 lib.
552 1600 644 1642 vn,
681 1600 801 1654 cap.
854 1585 907 1649 4,
963 1590 1019 1638 et
1051 1584 1097 1638 si
1146 1585 1225 1638 ita
1282 1584 1561 1653 videatur,
1623 1586 1726 1639 do-

93 1668 341 1722 ctissimum
370 1669 551 1724 virum
602 1672 830 1743 Dionys.
882 1674 1175 1727 Petavium
1228 1673 1727 1743 Dogm.theologi-

92 1772 237 1810 eorum
264 1762 389 1811 tom.
418 1760 483 1825 Il,
534 1760 635 1813 lib.
680 1777 750 1827 ιν,
801 1778 921 1832 cap.
968 1767 1021 1828 2,
1070 1779 1139 1815 ex
1168 1762 1421 1815 editione
1454 1764 1728 1816 Amstelo—

91 1845 304 1911 damensi,
337 1848 483 1901 unde
534 1849 673 1919 quid
705 1851 945 1904 senserit
997 1851 1356 1922 Augustinus
1413 1867 1478 1905 ex
1518 1850 1730 1905 notulis

90 1933 224 2003 magis
247 1935 493 2005 liquebit.

138 2023 339 2091 Cap.20,
424 2029 511 2079 2'2.
559 2027 792 2081 Verbum
828 2030 883 2080 in
930 2030 1200 2097 principio
1245 2045 1345 2098 per
1382 2029 1527 2098 quod
1578 2031 1729 2094 facta

88 2115 368 2179 suntomnia,
396 2130 500 2167 non
521 2111 599 2168 sic
642 2119 939 2184 assumpsit
993 2117 1256 2170 hominem
1297 2118 1450 2170 illum
1491 2121 1549 2170 ut
1586 2122 1729 2170 carto-

86 2214 144 2251 ros
162 2206 361 2267 sanctos,
391 2202 483 2256 sed
522 2204 691 2256 multo
713 2206 1064 2259 emcellentius
1094 2207 1371 2273 multoque
1401 2206 1685 2259 sublimius
1711 2222 1726 2273 ,'

86 2289 283 2354 quomodo
318 2292 488 2358 ipsum
519 2293 693 2345 solum
733 2295 939 2347 assumi
977 2297 1233 2363 oportuit,
1278 2296 1335 2347 in
1364 2310 1467 2363 quo
1505 2295 1723 2362 Sapieno

84 2378 137 2428 tia
165 2378 432 2432 hominibus
471 2386 787 2448 appareret,
844 2384 987 2435 sicut
1028 2398 1143 2435 eam
1174 2382 1469 2436 visibiliter
1508 2382 1724 2435 decebat

83 2463 295 2535 ostendit]
325 2466 623 2536 Sapienter
660 2484 793 2521 sane
828 2474 882 2521 et
912 2473 975 2521 ut
1006 2470 1340 2539 theologum
1363 2470 1524 2523 decet
1549 2470 1728 2540 loqui-

83 2558 145 2603 tur
163 2554 235 2606 hic
252 2556 622 2625 Augustinus,
651 2556 719 2610 de
763 2556 1041 2611 ineffabili
1072 2558 1475 2628 conjunctione
1519 2558 1725 2612 divinae

84 2639 255 2693 rationis
280 2659 402 2695 cum
432 2643 715 2712 homine;
746 2645 842 2699 sed
892 2650 1093 2715 postea
1127 2646 1337 2700 exortis
1377 2646 1725 2700 Nestorianis

83 2731 427 2800 controversiis,
456 2748 593 2785 cum
623 2734 817 2786 omnia
857 2733 1004 2787 odiis
1044 2750 1105 2787 ac
1154 2734 1616 2788 contentionibus
1646 2748 1726 2785 ar-

85 2815 240 2886 derent,
291 2820 424 2875 dum
481 2821 690 2875 volunt
749 2822 1081 2876 audaciores
1130 2823 1385 2893 theologi
1444 2822 1723 2891 explicare

86 2906 188 2973 quod
213 2909 476 2978 nesciunt,
509 2909 821 2980 omniaque
858 2912 1020 2964 novis
1053 2912 1384 2965 nominibus
1422 2909 1718 2979 insignire,

846 312 1202 367 \‘ABIORUM
1244 313 1846 370 EXERCITATOINES
1884 318 1949 370 IN
1990 318 2044 370 S.
2087 317 2448 371 AUGUSTINI
2488 319 2745 373 OPERA.

3444 328 3545 379 426

1774 442 1816 494 A
1846 440 1891 493 si
1922 440 2086 495 avitae
2110 442 2406 512 religionis
2437 444 2626 498 studio
2657 447 2963 515 ﬂagrantes
2993 463 3025 500 a
3074 449 3242 501 sacris
3271 450 3545 505 faciendis

1844 529 2129 582 abstinere
2176 531 2415 596 nollent,
2451 549 2579 602 qua:
2626 539 2790 588 erant
2837 536 3339 592 constitutionibus
3368 538 3548 609 impe-

1844 622 2096 671 ratorum
2127 618 2577 674 Christianorum
2608 622 2808 678 vetita.

1915 706 2047 775 Cap.
2083 705 2191 775 9,§
2252 710 2335 761 l3.
2397 711 2654 764 Noverint
2708 711 3089 781 (grammatici
3151 720 3251 768 aut
3290 721 3546 770 oratores

1841 792 1939 863 qui
1969 794 2410 864 catechizantur,
2439 813 2567 849 cum
2601 798 2907 851 Christiani
2938 800 3063 853 fieri
3119 802 3340 869 volunt)
3382 806 3545 857 etiam

1838 896 1944 934 non
1972 897 2082 935 esse
2112 898 2287 936 vocem
2314 884 2387 937 ad
2415 901 2571 938 aures
2602 889 2715 953 Dei,
2751 890 2862 940 nisi
2897 890 3069 941 animi
3114 890 3401 956 a/fectum;
3466 894 3544 945 ita

1839 970 1979 1021 enim
2019 986 2122 1023 non
2150 971 2477 1033 irridebunt.
2515 976 2565 1027 si
2589 976 2800 1042 aliquos
2848 979 3113 1031 antistites
3165 982 3214 1030 et
3268 981 3543 1033 ministros

1838 1058 2085 1111 Ecclesia
2110 1062 2252 1124 forte
2280 1062 2787 1129 animadverterint,
2826 1066 2907 1117 vel
2937 1081 3053 1118 cum
3089 1066 3443 1121 barbarismis
3494 1074 3544 1121 et

1836 1147 2140 1201 solwcismis
2164 1151 2327 1200 Deum
2357 1151 2639 1215 invocare;
2695 1153 2776 1203 vel
2820 1153 3003 1205 eadem
3040 1156 3202 1207 verba
3262 1172 3378 1223 qua:
3405 1173 3543 1225 pro-

1836 1236 2113 1301 nuntiant,
2148 1252 2253 1289 non
2314 1239 2630 1303 intelligere,
2682 1241 3104 1309 perturbateque
3157 1243 3536 1314 distinguere]

1838 1320 1994 1390 Pigri
2046 1330 2179 1375 Sane
2225 1324 2460 1377 fuerunt
2513 1329 2569 1377 et
2616 1324 2841 1397 indigni
2871 1328 2970 1396 qui
3000 1329 3223 1397 publice
3246 1330 3542 1384 conciones

1837 1410 1903 1462 ad
1929 1412 2205 1480 populum
2242 1412 2539 1478 haberent,
2595 1419 2692 1466 aut
2721 1432 2916 1484 preces
2973 1432 3163 1470 coram
3220 1435 3288 1471 eo
3346 1418 3543 1472 funde-

1835 1504 1998 1565 rent;
2037 1500 2137 1569 qui
2195 1517 2323 1553 cum
2356 1501 2455 1553 uni
2499 1501 2714 1572 linguae
2761 1503 2995 1569 Latinae,
3045 1521 3152 1557 nec
3200 1522 3280 1558 eae
3332 1506 3543 1559 Cicero-

1836 1585 2047 1653 nianze,
2080 1588 2179 1642 scd
2211 1590 2442 1659 qualem
2492 1595 2627 1643 aetas
2684 1590 2780 1643 illa
2824 1592 3061 1659 ferebat,
3121 1610 3354 1663 operam
3407 1594 3540 1648 dare

1836 1674 2125 1742 deberent,
2153 1694 2222 1729 ne
2252 1694 2377 1730 eam
2408 1678 2642 1748 quidem
2672 1679 2749 1732 ita
2778 1680 3089 1745 discebant,
3142 1686 3203 1733 ut
3234 1682 3356 1734 sine
3388 1698 3537 1736 cras-

1838 1762 2082 1818 sioribus
2113 1766 2356 1834 peccatis
2386 1766 2572 1820 dicere
2616 1772 2716 1821 aut
2749 1768 2934 1837 legere
2978 1774 3225 1838 possent.
3276 1768 3540 1839 Magnam

1839 1868 1970 1905 vero
2000 1857 2057 1906 et
2084 1855 2514 1908 memorandam
2565 1854 2958 1909 difﬁcultatem
3012 1856 3228 1910 discere
3270 1858 3416 1911 bene
3450 1860 3539 1911 lo—

1839 1940 1938 2011 qui
1968 1939 2166 2010 lingua
2191 1942 2514 2003 vernacula,
2545 1957 2675 1994 cum
2732 1942 2907 1994 nullis
2946 1942 3072 1995 aliis
3122 1943 3325 1996 studiis
3363 1943 3536 1997 desti-

1839 2028 1989 2081 neris
2015 2028 2025 2082 l
2068 2028 2176 2082 Sed
2209 2028 2346 2099 quid
2377 2029 2550 2082 facias
2578 2029 2692 2083 illis
2718 2031 2938 2083 smculis
2965 2030 3173 2100 quibus
3213 2036 3376 2085 erant
3423 2032 3537 2101 epi-

1837 2115 1992 2186 scopi
2041 2116 2141 2180 qui
2194 2132 2265 2168 ne
2313 2116 2555 2169 scribere
2609 2117 2842 2187 quidem
2877 2123 3103 2184 norant,
3162 2124 3227 2173 ut
3254 2119 3433 2189 liquet
3469 2136 3536 2172 ex

1836 2203 2346 2273 subscriptionibus
2372 2204 2744 2258 conciliorum
2764 2207 2792 2258 ?

1907 2292 2103 2361 Capite
2129 2308 2159 2345 v
2192 2296 2248 2346 et
2280 2308 2437 2363 seqq.
2473 2294 2666 2347 multis
2697 2293 3061 2364 persequitur
3113 2310 3310 2348 causas
3356 2294 3531 2362 tredii,

1835 2396 1949 2450 quo
1979 2381 2297 2434 catechistee
2326 2382 2744 2445 efﬁciebantur,
2779 2399 2909 2436 cum
2949 2382 3209 2436 rudiores
3254 2387 3417 2437 crant
3445 2383 3533 2437 in-

1834 2469 2124 2535 stituendi,
2153 2486 2284 2523 cum
2333 2473 2693 2523 catecheseos
2747 2471 2887 2524 duas
2939 2470 3214 2524 formulas
3243 2472 3531 2541 proponit,

1834 2558 2070 2611 alteram
2125 2558 2471 2628 longiorem,
2520 2559 2843 2613 breviorem
2899 2559 3157 2626 alteram,
3188 2561 3260 2613 ad
3290 2576 3535 2631 quarum

1838 2646 2165 2715 exemplum
2219 2650 2451 2716 possent
2502 2648 2818 2700 sacerdotes
2875 2663 2932 2700 se
2986 2664 3352 2717 componere.
3412 2650 3541 2702 Non

1832 2733 2018 2787 dicam
2058 2750 2151 2787 eas
2186 2750 2390 2803 parum
2432 2739 2719 2788 accuratas
2760 2751 2881 2789 esse
2928 2735 3337 2805 descriptiones
3394 2737 3530 2790 reli-

1832 2821 2019 2891 gionis
2071 2821 2428 2887 Christianae,
2486 2828 2541 2875 et
2595 2823 3136 2877 declamatiunculas
3192 2823 3381 2893 potius
3440 2840 3530 2877 exv

1832 2914 2233 2980 temporaneas
2288 2910 2468 2963 videri
2521 2927 2694 2979 quam
2752 2910 3069 2964 elaboratas
3117 2910 3533 2966 Christianismi

92 2992 132 3045 in
152 3000 205 3047 tot
226 2996 627 3051 difﬁcultatum
655 2999 976 3052 maeandros
1007 2998 1350 3065 inciderunt,
1383 3004 1449 3053 ut
1486 3015 1604 3052 sese
1634 3015 1723 3051 ex-
1759 3018 1797 3071 (ς
1832 2998 2222 3051 enarrationes
2249 3018 2263 3065 ;
2287 2998 2381 3051 sed
2418 2997 2625 3050 mirum
2654 3014 2775 3050 esse
2826 2998 3211 3068 Augustinum
3239 3005 3530 3051 auctorem

88 3083 218 3148 pedire
246 3090 551 3157 nequeant,
582 3090 638 3139 et
656 3086 838 3139 risum
867 3087 1013 3140 male
1038 3086 1416 3139 sentientibus
1434 3090 1717 3140 moveant.

82 3172 175 3223 Ante
197 3179 337 3228 natas
368 3176 548 3240 rixas,
586 3174 865 3245 quidquid
888 3176 1059 3245 vulgo
1112 3175 1222 3229 dici
1276 3174 1443 3229 aliter
1499 3175 1605 3228 hac
1652 3175 1720 3228 de

81 3260 292 3328 resoleat,
344 3263 558 3317 melius
588 3268 645 3316 et
674 3263 966 3317 candidius
1010 3264 1276 3318 homines
1306 3264 1620 3333 loquuntur
1650 3263 1719 3317 de

77 3347 195 3401 rebus
220 3367 336 3421 quae
366 3357 573 3423 postea
602 3351 661 3405 in
686 3353 1131 3406 controversiam
1163 3353 1423 3418 veniunt,
1457 3352 1591 3422 quia
1612 3351 1718 3404 mi-

76 3439 433 3494 nusatfectibus
473 3440 936 3512 prtepediuntur,
968 3458 1075 3495 nec
1104 3440 1399 3495 victoriam
1432 3445 1717 3511 quaerunt,

74 3524 139 3577 sed
159 3528 450 3584 veritatem.

534 3618 1195 3672 ANIMADVEBSIONES

291 3723 342 3759 IN
382 3723 592 3761 LIBRUM
625 3723 691 3760 DE
730 3723 1144 3760 CATECBIZANDIS
1176 3723 1433 3762 RUDIBUS.

116 3790 218 3861 Cap.
250 3796 295 3857 5,
323 3794 349 3862 ξ
380 3798 433 3848 9.
465 3795 533 3849 Si
558 3796 701 3847 enim
732 3795 960 3863 aliquod
989 3796 1321 3849 commodum
1360 3789 1720 3864 exspectando

66 3872 113 3925 ab
140 3876 438 3946 hominibus,
468 3882 667 3949 quibus
707 3898 761 3936 se
799 3885 961 3937 aliter
1006 3886 1339 3952 placiturum
1386 3900 1491 3937 non
1536 3886 1715 3952 putat,

64 3966 132 4013 aut
153 3966 353 4034 aliquod
381 3970 449 4022 ab
486 3970 794 4024 hominibus
832 3972 1227 4025 incommodum
1257 3971 1568 4034 devitanda,
1594 3984 1721 4037 quo-

62 4064 150 4103 rum
175 4054 497 4120 oﬂ‘ensionem
542 4063 639 4111 aut
678 4061 1027 4113 inimicitiam
1068 4060 1412 4126 reformidat,
1454 4059 1570 4111 vult
1595 4057 1719 4127 ﬁeri

60 4138 362 4199 Christianus
397 4162 545 4213 ;non
574 4149 695 4213 ﬁeri
729 4149 847 4201 vult
879 4150 1064 4217 potius
1092 4165 1255 4217 quam
1296 4151 1515 4217 ﬁngere.
1562 4145 1718 4199 Fides

61 4230 165 4281 inim
207 4246 303 4285 non
352 4251 437 4289 res
489 4240 571 4289 est
624 4236 919 4289 salutantis
991 4240 1250 4304 corporis,
1301 4236 1395 4290 sed
1453 4235 1717 4289 credentis

1831 3102 1943 3139 non
1993 3086 2163 3140 fuisse
2216 3085 2440 3139 erudito
2488 3087 2825 3157 presbytero
2879 3087 3274 3140 conscribendi
3331 3086 3532 3154 libelli,

1834 3190 2007 3245 quem
2066 3175 2373 3240 legendum
2429 3174 2708 3245 praeberet
2754 3173 3193 3240 catechumenis,
3230 3174 3382 3227 etde
3416 3190 3530 3244 quo

1829 3270 2024 3334 postea
2073 3263 2413 3333 quaestiones
2446 3264 2526 3317 eis
2553 3268 2934 3333 proponeret;
2968 3268 3065 3317 aut
3102 3264 3223 3332 ipse
3254 3264 3530 3333 praelege-

1830 3359 1935 3419 ret,
1970 3358 2024 3407 et
2054 3354 2377 3424 explicaret,
2413 3356 2478 3407 ut
2503 3353 2673 3408 hodie
2703 3353 2787 3407 tit.
2815 3352 3180 3407 Commodius
3212 3353 3391 3405 multo
3420 3352 3528 3405 hoc

1831 3441 2036 3495 fuisset
2066 3447 2122 3496 et
2176 3443 2599 3497 catechumenis
2634 3446 2689 3496 et
2744 3441 3086 3509 catechistis,
3145 3457 3319 3512 quam
3379 3441 3528 3510 quod

1841 3530 1932 3583 hic
1959 3530 2148 3585 habet.

2189 3620 2539 3674 DESIDERII
2571 3618 2827 3673 ERASMI
2857 3617 3175 3672 CENSUBA

2288 3724 2341 3761 IN
2371 3724 2570 3762 LIBRUM
2609 3723 2676 3760 DE
2696 3724 3066 3761 CONTINENTIA.

1903 3795 2147 3849 Libellus
2194 3795 2346 3865 pius,
2394 3812 2499 3849 nec
2551 3795 2848 3859 indoctus;
2904 3793 3209 3863 Augustini
3259 3809 3375 3846 non
3407 3810 3525 3846 esse

1827 3883 2050 3952 phrasis
2082 3884 2291 3953 arguit.
2337 3883 2470 3936 Mihi
2520 3883 2747 3936 videtur
2778 3882 3031 3952 Hugonis
3070 3881 3361 3934 Victorini.
3398 3883 3525 3949 (Sed

1826 3972 1953 4027 vide
1993 3972 2220 4026 editores
2278 3973 2608 4025 Parisienses
2660 3975 2717 4023 in
2766 3970 3129 4023 admonitione
3183 3970 3306 4022 huic
3347 3969 3523 4022 libello

1822 4062 2074 4129 prwﬁwa,
2108 4059 2202 4112 ubi
2235 4061 2518 4112 Erasmum
2567 4060 2869 4121 confutant.
2907 4058 3179 4122 PIIEREP.)

2348 4144 3001 4199 ANIMADVERSIONES

2394 4250 2450 4286 IN
2481 4249 2702 4285 EUMDEM
2736 4248 2957 4285 LIBRUM.

56 4317 229 4389 animi]
262 4322 517 4376 Editores
550 4324 900 4377 Parisienses
930 4324 1011 4378 ita
1038 4302 1250 4379 habere
1289 4328 1571 4378 testantur
1601 4340 1713 4376 mc-
1753 4302 1794 4355 D
1898 4321 2035 4390 Cap.
2070 4324 2120 4387 3,
2161 4321 2265 4391 5’6.
2320 4322 2431 4374 Sed
2478 4322 2632 4374 aliud
2679 4325 2755 4374 est
2818 4320 2942 4372 bene
2983 4334 3253 4387 pugnare,
3314 4317 3531 4385 quando

59 4400 180 4457 lioris
207 4414 347 4464 notua
386 4428 525 4465 mss.
561 4411 802 4479 codices,
834 4429 951 4466 non
1010 4415 1265 4467 salvandi
1316 4415 1589 4482 corporis;
1622 4412 1710 4464 in-

56 4494 525 4569 terpretanturque,
568 4501 819 4565 salutem,
864 4516 957 4554 seu
996 4516 1269 4555 assensum
1313 4506 1464 4569 gestu
1494 4502 1711 4567 signiﬁ-

56 4586 209 4637 cautis.
234 4589 301 4639 At
328 4588 532 4641 malim
568 4588 938 4659 interpretari
999 4592 1292 4644 salutanlis
1349 4590 1457 4651 hic,
1511 4590 1711 4642 eodem

57 4682 187 4725 sensu
215 4689 275 4727 ac
316 4676 587 4730 dicebant
642 4678 825 4731 Latini
872 4680 1112 4733 salutare
1150 4682 1549 4747 imperatorem,
1604 4678 1747 4731 hoc

56 4760 117 4807 est
137 4773 337 4817 vocare.
368 4765 583 4819 Sensus
614 4770 701 4819 est
728 4765 902 4819 fidem
950 4783 1065 4820 non
1092 4783 1213 4819 esse
1258 4767 1512 4836 corporis
1566 4766 1712 4819 salu-

55 4846 189 4901 tantis
228 4851 404 4905 alium
460 4852 694 4907 nomine
741 4856 942 4919 fratris
982 4859 1080 4908 aut
1109 4855 1430 4919 Christiani,
1463 4854 1557 4908 sed
1590 4871 1709 4908 cre-

52 4929 202 4988 dentis
228 4940 424 4993 animi.
465 4941 530 4993 In
561 4940 848 4995 veteribus
896 4940 1098 5010 glossis
1134 4942 1392 4995 salutatio
1432 4957 1546 4995 non
1579 4945 1711 4995 tan—

54 5022 142 5075 tum
194 5030 463 5096 ἀσπασμὸς,
526 5028 625 5082 sed
682 5033 739 5082 et
794 5037 1097 5100 προσηγορία
1123 5031 1379 5084 vertitur.
1429 5031 1710 5086 Caeterum

52 5122 99 5160 90
116 5118 377 5186 tempore,
413 5118 576 5172 facile
630 5122 899 5188 poterant
925 5117 1140 5171 ethnici
1171 5136 1268 5189 spe
1298 5124 1395 5173 aut
1424 5125 1581 5173 metu
1612 5120 1709 5172 ad-

52 5192 147 5250 duci
171 5207 227 5255 ut
252 5204 459 5257 fierent
502 5205 849 5271 Christiani;
883 5222 1017 5260 nam
1072 5206 1403 5260 Christianis
1432 5206 1711 5276 propositi

52 5294 177 5341 erant
206 5291 453 5345 honores
497 5293 555 5346 in
588 5295 742 5362 aula,
797 5311 941 5365 quos
992 5294 1212 5348 facilius
1269 5295 1712 5364 assequebantur

54 5386 187 5438 quam
214 5379 553 5433 ethnicismo
584 5382 932 5451 pertinacius
964 5383 1321 5436 adhaerentes
1347 5398 1359 5448 ;
1406 5382 1711 5453 propositae

48 5469 254 5520 erantet
297 5468 606 5538 dignitates
657 5470 1052 5525 ecclesiasticae
1082 5471 1323 5524 minime
1350 5475 1712 5524 contemnen-

48 5547 129 5603 dat.
159 5554 359 5609 Contra
390 5557 631 5612 ethnicis
656 5559 840 5613 multa
879 5564 1044 5614 erant
1086 5560 1358 5624 timenda,
1390 5560 1709 5630 praesertim

285 5658 565 5729 PATROL.
621 5664 859 5732 XLVII.

1821 4412 2008 4463 mortis
2073 4412 2399 4464 contentioni
2444 4412 2751 4473 resistitur;
2810 4408 2965 4461 aliud
3018 4408 3401 4461 adversarium
3431 4422 3539 4460 non

1822 4499 2034 4566 habere,
2072 4498 2254 4566 quond
2282 4503 2404 4552 tunc
2426 4501 2529 4552 erit
2556 4497 2774 4567 quando
2808 4512 2950 4550 mors
2980 4497 3278 4550 novissima
3308 4496 3534 4548 inimica

1821 4587 2144 4641 destruetur.
2177 4584 2197 4657 ]
2233 4588 2400 4640 Recte
2432 4590 2705 4639 notarunt
2740 4583 3007 4637 monachi
3058 4582 3409 4637 Benedictini
3443 4599 3532 4636 re-

1823 4675 2072 4744 spexisse
2102 4673 2491 4744 Augustinum
2524 4673 2593 4727 ad
2626 4673 2799 4727 ICor.
2829 4689 2918 4737 xv,
2952 4675 3040 4738 55,
3104 4673 3205 4725 Ubi
3235 4676 3331 4738 est,
3366 4686 3527 4738 mors,

1821 4767 2081 4817 contentio
2132 4764 2275 4815 tua?
2312 4761 2400 4815 Sic
2431 4761 2584 4814 enim
2653 4760 2788 4813 citat
2835 4759 3189 4829 Augustinus
3242 4760 3391 4812 hunc
3434 4758 3522 4810 lo-

1822 4866 1973 4916 cum,
2043 4848 2205 4919 quasi
2238 4853 2386 4903 esset
2443 4849 2741 4918 scriptum,
2804 4860 2903 4904 Ποῦ
2952 4873 3058 4917 σου,
3106 4856 3219 4917 aen,
3270 4856 3325 4901 τὸ
3355 4855 3525 4912 νεῖκος,

1823 4955 1939 4992 non
1964 4953 2099 4990 vero
2159 4947 2300 5003 νῖκος,
2355 4936 2608 5001 victoria,
2649 4941 2713 4989 ut
2767 4941 2850 4989 est
2886 4936 2947 4989 in
2979 4936 3189 4989 nostris
3215 4932 3523 4986 codicibus.

1824 5029 1947 5081 Non
1978 5029 2201 5079 tantum
2256 5025 2502 5078 affinitas
2556 5024 2872 5094 scripturae,
2931 5025 3026 5077 sed
3085 5028 3141 5076 et
3187 5019 3522 5091 pronuntia-

1820 5115 1992 5169 tionis
2022 5113 2333 5167 similitudo
2363 5114 2558 5167 fallere
2589 5113 2958 5182 interpretem
3004 5110 3211 5181 potuit.
3255 5112 3523 5161 Attamen

1822 5202 2156 5257 Ambrosius
2225 5201 2390 5271 epist.
2447 5203 2516 5255 44
2569 5202 2640 5256 ad
2692 5200 3122 5263 Ilorontianum,
3182 5196 3262 5249 sic
3311 5196 3530 5265 profert

1821 5293 1974 5345 hunc
2010 5291 2235 5344 locum:
2302 5290 2402 5344 Ubi
2463 5295 2559 5357 est,
2610 5305 2772 5353 mors,
2830 5288 3059 5341 victoria
3126 5288 3268 5338 tua?
3326 5285 3420 5337 ubi
3452 5289 3531 5339 est

1822 5395 1986 5448 mors,
2009 5380 2224 5432 aculeus
2255 5384 2377 5433 tuus
2400 5380 2425 5432 ?

1894 5471 2025 5539 Cap.
2061 5474 2113 5534 6,
2151 5469 2177 5540 ξ
2216 5472 2298 5523 16.
2322 5472 2444 5525 Non
2476 5474 2654 5522 autem
2694 5472 2930 5535 potestas
2996 5470 3100 5520 Deo
3134 5465 3311 5531 defuit
3369 5465 3529 5518 talem

1827 5562 2006 5626 facere
2036 5558 2301 5611 hominem
2359 5559 2456 5625 qui
2496 5570 2715 5621 peccare
2788 5570 2895 5608 non
2924 5560 3138 5624 posset;
3196 5552 3290 5606 sed
3337 5553 3533 5605 maluit

3180 5667 3258 5721 14
