3890 6186
366 273 464 327 427
1356 257 1914 318 SUPPLEMENTUM
1953 258 2043 312 AD
2081 257 2314 311 OPEBA
2352 255 2406 308 S.
2449 252 2836 309 AUGUSTINI.
3711 264 3791 316 428

367 413 485 453 eum
534 396 694 450 talem
729 396 908 460 facere
954 393 1042 445 cui
1073 388 1346 457 adjaceret
1388 401 1607 455 peccare
1637 387 1687 439 si
1732 384 1907 446 vellet,
1949 398 2056 437 non
2092 393 2136 446 Α
2169 384 2387 434 natura:
2417 382 2713 448 gratorum
2743 373 2950 444 quibus
2980 375 3187 425 natura
3213 375 3396 426 nostra
3415 391 3587 430 carere
3617 384 3796 451 nequit.

365 501 586 557 peccare
615 486 665 538 si
695 482 890 537 nollet:
923 481 1017 534 hoc
1057 476 1368 547 prohibens,
1402 474 1544 528 illud
1594 475 1956 543 prmeipiens;
2009 475 2068 524 ut

365 577 523 642 prius
556 574 724 626 essent
755 570 945 622 bonum
990 567 1241 619 meritum
1279 577 1385 617 non
1411 577 1652 632 peccare,
1685 566 1733 614 et
1766 564 1954 630 postea
1978 559 2069 627 ju-

368 666 510 715 stum
529 659 811 729 prmmium
852 669 957 708 non
1004 668 1161 722 posse
1187 649 1453 722 peccare]
1491 651 1620 704 Haec
1676 651 1810 702 sunt
1858 644 2066 700 intelli-

369 747 558 819 genda
585 761 702 799 non
740 744 809 797 de
860 743 980 796 solo
1024 741 1263 800 Adamo,
1315 739 1413 793 sed
1455 742 1510 791 et
1549 737 1618 790 de
1656 734 1948 808 quibusvis
1979 734 2071 787 ho-

370 835 659 901 minibus;
689 830 905 902 alioqui
938 846 1052 884 non
1092 830 1404 883 solveretur
1432 825 1674 896 objectio
1721 839 1920 878 eorum
1969 820 2070 892 qui

371 923 711 979 excusabant
738 925 969 990 peccata
998 935 1123 987 sua,
1153 917 1306 989 quod
1341 917 1454 970 Deo
1511 931 1638 968 non.
1681 911 2066 982 displicerent,

370 1011 468 1083 qui
493 1009 751 1080 alioquin
809 1025 876 1062 ea
933 1023 1050 1061 non
1089 1009 1398 1078 pateretur.
1435 1005 1556 1058 Non
1587 1001 1741 1056 enim
1773 1015 1961 1054 sermo
1991 1002 2074 1052 est

371 1101 440 1155 de
471 1116 536 1154 eo
561 1099 712 1170 quod
738 1096 941 1152 habuit
970 1096 1241 1160 Adamus,
1276 1094 1374 1148 sed
1428 1093 1498 1147 de
1553 1108 1620 1145 eo
1653 1089 1809 1162 quod
1858 1088 2072 1160 habent

371 1189 584 1261 singuli
604 1186 888 1255 homines,
923 1185 982 1238 in
1023 1200 1089 1238 ea
1110 1182 1440 1238 conditione
1471 1181 1531 1234 in
1558 1197 1672 1251 qua
1723 1194 1875 1232 nunc
1916 1182 2068 1231 sunt.

678 1271 681 1275 ’
900 1270 1554 1328 ANIMADVERSIONES

763 1379 815 1416 1N
849 1377 1048 1416 LIBRUM
1092 1378 1159 1414 DE
1190 1376 1333 1413 BONO
1364 1373 1680 1412 CONJUGALI.

445 1454 578 1523 Cap.
607 1455 659 1516 2,
697 1453 805 1518 §2.
837 1451 959 1505 Sive
997 1464 1140 1516 ergo,
1201 1450 1315 1502 sine
1370 1446 1596 1500 coeundi
1625 1445 1923 1514 complexu,
1966 1444 2074 1497 alio

375 1543 557 1611 aliquo
586 1539 760 1606 modo,
794 1541 845 1593 si
867 1554 972 1592 non
1007 1541 1332 1607 peccassent,
1400 1536 1648 1589 habituri
1684 1538 1856 1588 essent
1911 1533 2072 1601 ﬁlios,

373 1627 508 1700 etc.]
543 1629 616 1681 Ea
647 1627 716 1680 de
755 1643 815 1680 re
843 1626 969 1680 vide
992 1641 1120 1696 quae
1152 1625 1274 1695 ipse
1317 1622 1862 1677 comminiscebatur
1890 1623 2076 1690 Augu-

375 1718 558 1772 stinus
586 1717 646 1770 in
676 1731 848 1786 opere
878 1716 947 1770 de
970 1714 1203 1769 Civitate
1232 1713 1330 1768 Dei
1362 1712 1462 1766 lib.
1488 1729 1598 1778 xw,
1631 1727 1794 1782 capp.
1813 1712 1880 1764 23
1903 1712 1959 1762 et
1979 1710 2069 1764 24.

445 1807 578 1877 Cap.
616 1809 699 1871 13,
757 1805 784 1874 §
841 1809 925 1858 l5.
984 1805 1112 1858 Illis
1163 1819 1287 1857 vero
1316 1803 1641 1872 temporibus
1696 1799 2073 1872 (patriarcha-

375 1894 524 1963 rum)
556 1909 674 1947 cum
698 1893 877 1947 adhuc
901 1894 1234 1962 propheticis
1264 1892 1616 1946 sacramentis
1646 1891 1840 1944 salutis
1877 1892 2075 1942 nostra:

372 1985 688 2050 mysterium
711 1982 1012 2044 velabatur,
1029 1984 1192 2035 etiam
1213 1982 1310 2048 qui
1335 1984 1460 2033 ante
1481 1981 1711 2048 nuptias
1741 1979 1874 2031 tales
1896 1975 2075 2031 conti-

375 2070 593 2140 nentes)
615 2074 787 2135 erant,
813 2071 993 2138 ofﬁcio
1001 2067 1354 2139 propagandi
1363 2069 1586 2136 nuptias
1601 2067 1946 2136 copulabant,
1969 2080 2074 2119 non

373 2161 506 2212 victi
526 2159 773 2224 libidine,
804 2157 898 2211 sed
920 2157 1072 2211 ducti
1085 2160 1285 2226 pietate
1305 2175 1322 2221 ;
1344 2157 1540 2224 quibus
1560 2157 1610 2210 si
1623 2157 1768 2224 optio
1784 2155 1910 2208 talis
1927 2155 2075 2208 dare-

377 2251 466 2301 tur
486 2247 664 2315 qualis
684 2246 915 2299 revelato
941 2246 1088 2300 Novo
1115 2245 1445 2298 Testamento
1465 2243 1598 2296 data
1621 2247 1720 2307 est,
1749 2241 1955 2294 dicente
1983 2243 2076 2295 Do-

376 2337 520 2388 mino
548 2348 568 2387 :
600 2335 704 2400 Qui
727 2336 907 2402 potest
933 2347 1122 2401 capere
1159 2335 1370 2401 capiat;
1401 2347 1508 2386 non
1549 2346 1632 2384 eos
1663 2331 1878 2384 dubitat
1910 2330 2074 2399 (Lege

377 2422 603 2493 dubitet)
623 2423 785 2475 etiam
807 2437 926 2475 cum
942 2421 1144 2487 gaudio
1159 2425 1497 2490 suscepturos
1521 2422 1714 2487 fuisse,
1740 2420 1838 2488 qui
1857 2418 2078 2485 diligen-

378 2513 459 2562 ter
483 2510 720 2562 intentus
751 2509 880 2576 legit
908 2509 1169 2577 quomodo
1198 2509 1517 2577 conjugibus
1547 2509 1858 2573 utebantur,
1887 2522 2006 2560 cum
2026 2510 2076 2559 et

373 2597 556 2667 plures
569 2597 762 2651 habere
773 2600 869 2650 uni
887 2599 1002 2651 viro
1021 2598 1234 2662 licebat,
1255 2612 1391 2665 quas
1409 2599 1614 2650 castius
1637 2597 1884 2661 habebat,
1908 2610 2074 2665 quam

371 2700 510 2740 nunc
540 2701 705 2739 unam
736 2685 963 2754 quilibet
991 2688 1218 2739 istorum
1248 2687 1444 2754 quibus
1465 2685 1706 2740 videmus
1737 2683 1873 2754 quid
1901 2699 2078 2738 secun-

373 2773 503 2827 dum
530 2775 740 2826 veniam
769 2774 1022 2827 concedat
1052 2771 1410 2843 Apostolus.)
1439 2773 1678 2827 Multum
1708 2773 1769 2826 in
1805 2773 1913 2826 hoc
1930 2787 2076 2826 com-

372 2865 565 2916 mento
595 2861 704 2915 sibi
730 2861 946 2932 placuit
975 2861 1327 2932 Augustinus
1352 2877 1365 2927 ;
1399 2877 1532 2914 cum
1587 2860 1646 2914 id
1677 2877 1828 2931 saepe
1853 2864 2079 2930 repetat

2702 460 3354 516 ANIMADVERSIONES

2498 571 2545 607 IN
2601 569 2806 607 LIBRUM
2855 566 2926 605 DE
2967 566 3164 604 SANCTA
3197 565 3534 607 V'IRGINITATE.

2249 646 2384 714 Cap.
2416 645 2468 697 4.
2506 644 2584 696 De
2633 641 2806 696 Maria
2844 639 3104 709 Virgine:
3155 640 3282 707 Ipsa
3327 654 3520 708 quoque
3563 644 3806 711 virginitas

2178 732 2293 799 ejus
2327 731 2444 785 ideo
2474 732 2685 798 gratior
2724 735 2773 782 et
2805 729 3115 797 acceptior,‘
3147 729 3276 794 quia
3308 743 3406 780 non
3442 744 3548 782 eam
3577 739 3808 802 conceptus

2178 822 2424 876 Christus
2457 822 2574 874 viro
2633 820 2918 883 violaturo,
2951 832 3116 885 quam
3149 822 3472 870 conservaret
3503 820 3625 887 ipse,
3654 825 3809 889 pruri-

2178 911 2318 979 puit,
2353 909 2448 963 sed
2470 910 2794 978 priusquam
2826 907 3209 974 conciperetur,
3225 904 3344 972 jam
3365 907 3464 959 Deo
3487 905 3732 976 Ldicatam,
3763 911 3812 963 dc

2180 1013 2290 1065 qua
2321 1002 2628 1052 nasceretur
2647 997 2820 1063 elegit.
2840 996 2949 1048 Hoc
2970 993 3216 1046 indicant
3244 993 3402 1046 verba
3430 1009 3541 1062 qua:
3565 995 3660 1048 sibi
3681 999 3815 1060 fetum

2179 1088 2532 1140 annuntianti
2587 1084 2777 1153 angelo
2837 1085 3018 1137 Maria
3088 1080 3362 1136 reddidit:
3419 1082 3710 1146 Quomodo,
3755 1088 3816 1138 in-

2181 1178 2320 1243 quit,
2348 1175 2446 1228 tiet
2470 1173 2638 1239 illud,
2699 1170 2970 1243 quoniam
3002 1169 3189 1224 virum
3221 1186 3335 1223 non
3363 1172 3670 1240 cognosco?
3699 1173 3819 1236 Quod

2179 1264 2420 1332 profecto
2450 1278 2555 1316 non
2585 1261 2802 1326 diceret,
2835 1261 2947 1314 nisi
2967 1262 3068 1313 Deo
3084 1261 3348 1326 virginem
3365 1273 3418 1312 se
3437 1264 3555 1312 ante
3580 1260 3815 1330 vovisset.)

2182 1351 2355 1422 Atqui
2393 1367 2462 1405 ex
2489 1350 2642 1404 hisce
2673 1347 2860 1403 verbis
2893 1348 3083 1402 Marias
3137 1347 3320 1418 liquet
3361 1347 3544 1418 potius
3585 1347 3640 1401 in
3672 1349 3823 1418 angeli

2184 1439 2642 1504 annuntiatione,
2673 1453 2817 1491 vers.
2869 1439 2956 1502 31,
3013 1435 3124 1489 hoc
3177 1435 3642 1506 comprehensum
3668 1435 3823 1501 fuisse,

2185 1544 2314 1582 eam
2344 1545 2374 1582 e
2404 1527 2640 1598 vestigio
2669 1531 3093 1596 concepturam,
3127 1528 3436 1594 antequam
3484 1540 3609 1577 cum
3630 1523 3734 1576 viro
3757 1527 3824 1576 cui

2187 1617 2531 1687 desponsata
2552 1620 2674 1670 erat
2701 1613 3121 1669 concumberet.
3155 1613 3290 1667 Vide
3323 1614 3454 1679 Luc,
3484 1630 3521 1667 1.
3546 1615 3628 1666 ‘27.
3672 1613 3826 1681 Itaque

2184 1705 2378 1760 inania
2426 1709 2714 1776 suntquae
2745 1707 3100 1775 sequuntur:
3136 1702 3243 1758 Sed
3275 1705 3408 1771 quia
3465 1703 3553 1756 hoc
3593 1702 3826 1756 Israelita-

2181 1811 2304 1849 rum
2332 1810 2501 1850 mores
2532 1795 2708 1848 adhuc
2746 1793 3086 1859 recusabant,
3147 1792 3474 1861 desponsata
3523 1795 3596 1846 est
3638 1793 3737 1844 viro
3756 1791 3826 1857 ju-

2181 1887 2282 1950 sto,
2322 1899 2429 1937 non
2461 1884 2718 1936 violenter
2743 1883 3012 1948 ablaturo,
3037 1881 3134 1935 sed
3170 1883 3358 1950 potius
3409 1884 3589 1935 contra
3614 1880 3822 1934 violentos

2183 1972 2514 2026 custodituro
2536 1971 2680 2041 quod
2705 1972 2802 2025 illa
2817 1972 2940 2041 jam
2964 1975 3202 2024 voverat.

2254 2062 2390 2131 Cap.
2422 2065 2507 2127 l2,
2545 2060 2572 2130 ἕ
2609 2063 2692 2114 12.
2734 2061 2983 2114 Habeant
3019 2060 3281 2128 conjugia
3330 2057 3522 2113 bonum
3562 2073 3719 2122 suum,
3752 2071 3832 2109 non

2183 2152 2315 2220 quia
2341 2151 2482 2218 ﬁlios
2513 2154 2820 2219 procreant,
2847 2149 2940 2203 sed
2973 2152 3106 2218 quia
3137 2149 3373 2214 honeste,
3394 2150 3522 2216 quia
3553 2148 3702 2212 licite,
3734 2147 3832 2214 quia

2181 2239 2396 2308 pudice,
2441 2241 2572 2308 quia
2607 2240 2881 2292 socialiter
2907 2242 3220 2307 procreant,
3256 2242 3306 2291 et
3347 2240 3642 2306 procreatos
3666 2238 3833 2305 pariter

2182 2329 2496 2396 salubriter,
2531 2330 2797 2382 instanter
2823 2327 3074 2396 educant,
3122 2331 3259 2396 quia
3287 2328 3431 2381 thori
3477 2326 3627 2395 ﬁdem
3656 2327 3833 2378 invicem

2189 2421 2426 2484 servant,
2463 2419 2595 2485 quia
2633 2421 3027 2470 sacramentum
3059 2417 3315 2470 connubii
3342 2431 3450 2470 non
3479 2415 3709 2484 violant.)
3739 2415 3833 2465 lltec

2185 2506 2378 2559 omnia
2404 2505 2638 2559 maximi
2665 2521 2784 2559 esse
2817 2503 3098 2558 momenti
3125 2519 3300 2558 nemo
3335 2503 3573 2572 negarit,
3600 2516 3716 2556 cum
3741 2499 3834 2568 ipsa

2184 2593 2464 2648 societatis
2512 2594 2780 2648 humanae
2805 2593 3183 2648 fundamenta
3211 2592 3560 2657 contineant,
3611 2605 3704 2643 nec
3743 2587 3836 2641 ﬁeri

2184 2686 2334 2736 recte
2396 2683 2620 2754 possint
2667 2682 2860 2737 omnia
2909 2683 3031 2737 sine
3091 2697 3321 2736 summa
3358 2680 3584 2734 virtute.
3630 2675 3836 2733 Pericula

2185 2771 2342 2826 enim
2370 2772 2552 2826 multa
2581 2771 2888 2826 imminent
2911 2771 3251 2842 conjugatis,
3309 2770 3509 2825 multm
3546 2767 3837 2822 tentationes

2184 2860 2545 2925 incumbunt,
2592 2877 2660 2915 ex
2718 2860 2928 2932 quibus
2981 2877 3123 2928 sese,
3185 2864 3248 2914 ut
3303 2847 3644 2915 Christianos
3693 2854 3836 2918 decet,

376 2954 432 3004 et
455 2949 809 3004 conﬁdenter
859 2949 1147 3019 proferat;
1181 2949 1318 3020 quia
1346 2948 1688 3003 inserviebat
1716 2949 1787 3003 ad
1843 2963 2074 3018 compe-
2106 2961 2146 3016 ς,
2185 2948 2449 3019 expedire
2477 2965 2703 3020 semper
2727 2966 2844 3004 non
2868 2953 2951 3003 est
3005 2949 3187 3003 facile.
3224 2947 3482 3003 Fereuda
3513 2962 3655 3016 sirpe
3682 2959 3835 2997 moro—

373 3037 605 3092 scendos
654 3037 1016 3105 Manichaeos,
1092 3038 1358 3092 homines
1408 3037 1706 3108 imperitos
1754 3053 1817 3091 ac
1869 3037 2074 3102 fatuos,

371 3127 474 3196 qui
500 3126 756 3180 solebant
776 3126 1074 3180 detrahere
1126 3125 1377 3196 antiquis
1422 3125 1782 3194 patriarchis,
1839 3129 2077 3196 propter

369 3214 780 3285 polygamiam.
811 3214 980 3268 Plura
1012 3213 1184 3268 etiam
1215 3230 1282 3267 ea
1312 3213 1382 3268 de
1415 3229 1478 3266 re
1506 3213 1678 3268 habet
1701 3213 1762 3268 in
1791 3212 2076 3284 sequenti-

371 3303 498 3357 bus.
530 3304 603 3356 At
631 3302 732 3374 qui
763 3302 954 3372 legent
983 3303 1156 3356 Vetus
1183 3303 1609 3356 Testamentum
1648 3303 1822 3372 paulo
1855 3301 2074 3356 studio-

371 3390 510 3459 sius,
549 3389 1002 3444 animadverterit
1045 3390 1209 3444 facile
1259 3390 1579 3461 priscorum
1615 3391 2075 3460 patriarcharum

372 3485 599 3536 aetatem
649 3479 825 3534 fuisse
882 3479 1058 3532 veluti
1106 3494 1253 3532 vera:
1297 3477 1592 3549 religionis
1649 3478 1974 3548 infantiam,
2013 3478 2074 3533 in

371 3586 486 3642 qua
515 3571 695 3624 multa
718 3570 866 3623 Deus
895 3568 1178 3622 tolerabat
1203 3584 1332 3638 quae
1366 3584 1517 3622 nunc
1547 3568 1744 3622 adulta
1795 3569 2074 3639 religione

371 3659 620 3728 amplius
649 3674 764 3712 non
793 3657 967 3712 ferret
991 3673 1004 3724 ;
1038 3661 1095 3711 et
1122 3656 1182 3710 in
1209 3673 1323 3728 qua
1350 3650 1525 3711 fidem
1580 3661 1927 3728 caaterasque
1959 3657 2075 3711 vir-

369 3751 519 3802 tutes
546 3747 847 3817 probabat,
899 3762 1006 3816 pro
1043 3746 1212 3800 modo
1241 3745 1606 3800 revelationis
1636 3750 1692 3800 et
1721 3751 1890 3817 captu
1920 3745 2074 3800 illius

371 3835 498 3890 aevi.
532 3835 619 3889 llli
650 3851 785 3907 ergo
835 3835 994 3888 fuere
1038 3833 1219 3888 instar
1247 3838 1586 3890 ceterorum
1641 3835 1918 3903 virorum,
1972 3835 2073 3906 qui

368 3941 488 3978 non
543 3928 768 3978 tantum
806 3923 1026 3994 prolem
1054 3923 1409 3994 quaerebant,
1452 3923 1549 3978 sed
1606 3927 1662 3977 et
1704 3927 1910 3978 cmtera
1941 3939 2072 3994 qua:

369 4013 429 4066 in
452 4012 718 4084 conjugio
749 4011 931 4083 quaeri
979 4013 1184 4078 solent,
1235 4028 1338 4066 nec
1366 4011 1695 4082 cogitabant
1723 4012 1793 4067 de
1823 4012 1894 4066 iis
1941 4029 2071 4083 quae

369 4101 535 4158 nobis
560 4105 756 4156 narrat
782 4101 1152 4173 Augustinus,
1190 4105 1247 4154 et
1274 4117 1520 4172 quorum
1552 4101 1613 4154 in
1644 4102 1844 4156 Vetere
1877 4103 2071 4157 Testa-

369 4195 564 4246 mento
599 4206 704 4245 nec
721 4190 868 4258 vola,
883 4206 989 4244 nec
1015 4189 1336 4260 vestigium.
1367 4189 1688 4244 Dolendum
1702 4194 1930 4244 esteum
1953 4207 2070 4260 pas-

369 4279 478 4334 sim
508 4295 624 4333 non
663 4277 818 4350 quod
855 4294 1054 4333 verum
1081 4295 1203 4332 esse
1233 4282 1494 4332 accurato
1521 4277 1782 4332 examine
1815 4277 2068 4334 adhibito

369 4371 750 4438 compererat,
786 4367 883 4420 sed
937 4366 1094 4437 quod
1147 4365 1485 4431 expediebat
1505 4364 1638 4432 dici,
1667 4368 1723 4419 et
1746 4364 2069 4428 ῥητορικωτέ-

373 4471 449 4519 ρος
506 4455 661 4526 apud
717 4453 1054 4524 imperitum
1108 4452 1313 4522 vulgus
1369 4456 1595 4522 poterat
1647 4453 1877 4507 tractari
1940 4470 2072 4524 pro-

373 4541 590 4596 tulisse.

441 4628 552 4683 Sed
577 4643 694 4682 non
723 4630 912 4698 potest
955 4643 1071 4682 non
1118 4627 1340 4682 laudari
1392 4627 1547 4698 quod
1588 4627 1762 4684 habet
1804 4645 1928 4700 cap.
1977 4633 2068 4698 23,

370 4717 519 4788 §29.
552 4716 731 4785 Majus
769 4720 848 4770 est
890 4715 1082 4770 bonum
1131 4715 1443 4771 obedientiav
1497 4733 1661 4786 quam
1704 4721 2068 4774 continentia.

368 4807 512 4863 Nam
539 4805 862 4860 connubium
886 4819 1158 4874 nusquam
1184 4810 1494 4860 nostrarum
1531 4808 1946 4876 Scrpiturarum
1975 4824 2072 4863 au-

366 4897 616 4951 ctoritate
639 4893 954 4961 damnatur,
989 4894 1349 4950 inobedientia
1379 4911 1502 4950 vero
1532 4911 1801 4966 nusquam
1831 4897 2070 4952 absolvi-

367 4990 477 5040 tur.
513 4983 673 5040 Unde
699 4983 903 5038 merito
932 4983 1151 5054 colligit
1169 4983 1216 5037 si
1238 4984 1541 5055 conjugata
1564 4985 1867 5057 prmeeptis
1897 4987 2070 5041 Evan-

366 5073 503 5144 gelii
532 5072 758 5128 ﬁdelius
787 5076 984 5142 pareat
1013 5087 1186 5143 quam
1218 5073 1401 5143 virgo,
1455 5072 1756 5128 meliorem
1787 5090 1929 5129 esse.
1959 5075 2068 5130 Sed

367 5166 578 5226 censet,
663 5160 881 5215 ceteris
943 5160 1210 5215 omnibus
1276 5161 1530 5232 paribus,
1603 5165 2067 5233 praestantiorem

367 5263 489 5301 esse
505 5246 781 5315 virginem
795 5263 968 5318 quam
983 5251 1219 5318 nuptam
1236 5264 1248 5313 ;
1273 5247 1429 5318 quod
1443 5265 1559 5302 non
1569 5248 1648 5303 ita
1669 5249 1916 5318 videtur,
1930 5267 2065 5306 nam

368 5349 474 5388 usu
507 5333 761 5404 conjugii
789 5335 1054 5388 homines
1073 5334 1414 5404 ingratiores
1445 5336 1557 5389 Deo
1579 5352 1694 5390 non
1724 5338 2066 5406 ﬁunt,sicze-

365 5419 592 5490 teroqui
621 5419 973 5490 reliquorum
1005 5421 1294 5494 Evangelii
1316 5427 1737 5493 praeceptorum
1761 5425 2064 5481 observan-

365 5513 450 5563 tes
461 5507 595 5571 sint,
613 5523 785 5580 quam
799 5525 906 5565 usu
918 5509 1174 5567 ciborum
1187 5511 1332 5566 bene
1344 5510 1726 5579 conditorum,
1742 5518 1841 5570 aut
1861 5519 2062 5585 sponte

2186 3051 2246 3089 sa
2273 3035 2529 3107 ingenia,
2557 3037 2938 3092 resistendum
2958 3037 3149 3109 pravis
3173 3037 3444 3108 conjugis
3471 3030 3834 3106 cupiditatibus,

2186 3124 2521 3178 occultanda
2555 3141 2619 3179 ac
2645 3125 2897 3179 molliter
2931 3125 3296 3180 emendanda
3325 3125 3533 3180 delicta
3569 3125 3659 3177 aut
3683 3118 3836 3187 conju-

2185 3228 2323 3281 gum
2368 3218 2466 3267 aut
2517 3213 2859 3281 liberorum;
2906 3215 3060 3286 quod
3097 3230 3215 3268 non
3273 3219 3360 3269 est
3391 3213 3606 3284 exigua:
3635 3207 3837 3264 modera-

2183 3299 2378 3364 tionis,
2428 3303 2764 3357 constantiae
2819 3307 2876 3357 et
2929 3302 3275 3374 prudentiae.
3340 3302 3554 3357 Labore
3597 3294 3836 3371 quaerendi

2185 3393 2316 3442 sunt
2353 3389 2646 3462 plerisque
2678 3391 3184 3462 patribusfamilias
3214 3395 3504 3462 sumptus,
3559 3403 3688 3460 quos
3736 3400 3836 3452 sup-

2182 3477 2444 3548 peditent
2469 3479 2633 3533 uxori
2662 3485 2718 3534 et
2746 3479 2942 3534 liberis
2966 3497 2978 3547 ;
3013 3479 3268 3550 gerenda
3295 3484 3382 3534 est
3411 3493 3608 3534 eorum
3630 3490 3764 3538 cura,
3786 3486 3836 3523 ne

2182 3565 2243 3619 in
2264 3565 2444 3620 nimia
2465 3571 2802 3638 paupertate
2829 3567 3012 3621 relicti
3043 3567 3463 3621 tentationibus
3483 3562 3835 3619 succumbant;

2183 3671 2311 3725 quae
2343 3655 2465 3709 sine
2494 3656 2833 3727 cujusquam
2885 3656 3098 3726 injuria
3141 3657 3356 3724 facere,
3403 3660 3462 3710 et
3507 3669 3664 3725 aequo
3690 3647 3838 3703 animo

2183 3743 2450 3797 omnibus
2476 3744 2729 3798 honestis
2759 3745 3052 3799 laboribus
3079 3744 3345 3816 defungi,
3389 3748 3475 3799 est
3504 3758 3633 3797 sane
3659 3737 3773 3793 boni
3793 3749 3838 3787 ac

2181 3831 2478 3902 prudentis
2516 3833 2643 3888 viri.
2664 3835 2819 3887 Inter
2846 3833 2970 3888 haec
3016 3833 3212 3888 omnia
3242 3833 3427 3888 divini
3456 3833 3636 3887 cultus
3670 3839 3838 3882 memo-

2181 3935 2304 3974 rem
2334 3937 2475 3985 esse,
2507 3925 2563 3976 et
2593 3922 2664 3976 ad
2697 3923 2877 3976 Deum
2921 3922 3115 3976 omnia
3159 3924 3404 3990 referre,
3440 3921 3664 3991 suisque
3691 3927 3837 3969 exem-

2181 4009 2343 4080 plum
2374 4009 2668 4081 religionis
2698 4027 2839 4079 esse,
2872 4014 2956 4065 est
2979 4010 3233 4066 hominis
3263 4028 3398 4066 vere
3431 4008 3608 4065 sancti
3635 4023 3692 4060 ac
3736 3998 3838 4057 reli-

2181 4097 2344 4168 giosi.
2375 4101 2446 4153 At
2474 4099 2573 4170 qui
2598 4099 2854 4154 caelibem
2885 4101 3058 4154 vitam
3089 4105 3275 4171 agunt
3305 4100 3527 4155 nullius
3571 4110 3742 4153 curam
3765 4106 3837 4160 ge-

2180 4191 2314 4242 runt
2342 4187 2452 4242 nisi
2477 4188 2585 4256 sui,
2629 4205 2733 4242 nec
2783 4188 3046 4260 indigent
3073 4193 3236 4243 tanta
3267 4189 3482 4244 virtute
3512 4187 3582 4242 ad
3630 4201 3682 4239 se
3727 4180 3838 4233 50105

2181 4277 2596 4343 sustentandos,
2629 4283 2686 4332 et
2705 4277 2855 4332 viam
2884 4277 3108 4333 virtutis
3137 4279 3497 4344 calcandam,
3531 4291 3654 4348 quae
3699 4268 3840 4326 multo

2184 4363 2506 4418 minoribus
2548 4365 2816 4436 periculis
2853 4365 3036 4421 cincta
3078 4378 3185 4422 est.
3226 4367 3429 4439 Atqui,
3461 4363 3696 4435 inquies,
3721 4353 3837 4411 caeli-

2181 4453 2281 4508 bes
2304 4459 2584 4524 spernunt
2611 4455 2963 4526 voluptatem
3013 4456 3296 4527 conjugii,
3331 4471 3449 4529 qua
3478 4455 3538 4510 in
3563 4470 3622 4508 re
3670 4459 3838 4516 magno

2182 4542 2376 4597 animo
2406 4560 2549 4614 opus
2577 4549 2682 4600 est.
2740 4546 2949 4599 Verum
2979 4544 3027 4599 si
3072 4561 3139 4600 ea
3175 4545 3296 4599 sint
3324 4541 3726 4615 temperatione
3749 4547 3839 4588 cor-

2181 4631 2337 4702 poris
2369 4637 2435 4686 ut
2462 4632 2799 4704 conjugium
2839 4649 2956 4688 non
2985 4632 3210 4704 possint
3243 4650 3366 4688 non
3395 4637 3675 4705 appetere,
3723 4622 3836 4679 male

2180 4720 2398 4775 faciunt
2425 4722 2526 4792 qui
2556 4722 2625 4777 ab
2654 4738 2722 4777 eo
2768 4721 3083 4788 abstinent;
3141 4738 3282 4778 nam
3339 4723 3532 4778 melius
3581 4723 3654 4773 est
3686 4713 3838 4769 nubere

2180 4824 2344 4878 quam
2371 4813 2479 4864 uri.
2507 4811 2666 4876 Quod
2693 4811 2740 4865 si
2768 4815 2975 4866 natura
3003 4810 3338 4883 frigidiores
3387 4810 3548 4866 nullo
3602 4795 3837 4878 ejusmodi

2179 4897 2433 4968 appetitu
2464 4903 2774 4968 tententur,
2807 4900 3014 4970 exigua
3043 4917 3177 4955 sane
3237 4900 3425 4954 virtus
3475 4903 3560 4954 est
3587 4896 3653 4950 ab
3675 4908 3734 4947 eo
3772 4887 3839 4940 alr

2178 4985 2388 5042 stinere
2418 4988 2571 5058 quod
2600 4987 2839 5043 minime
2868 4989 3083 5061 cupias.
3129 4989 3257 5044 Scio
3313 4987 3489 5060 objici
3531 4984 3690 5040 verba
3712 4970 3839 5035 Pauli

2177 5075 2362 5130 ICor.
2402 5092 2498 5144 vu,
2527 5079 2594 5132 32
2646 5081 2703 5131 et
2742 5093 2930 5148 seqq.,
2963 5077 3060 5132 ubi
3091 5078 3263 5134 docet
3310 5079 3640 5149 conjugatos
3682 5064 3839 5124 anxios

2177 5178 2298 5216 esse
2323 5165 2613 5233 quomodo
2646 5165 2755 5219 sibi
2787 5165 3031 5221 invicem
3061 5167 3344 5237 placeant,
3369 5166 3555 5236 deque
3574 5159 3724 5216 rebus
3750 5154 3839 5208 hu-

2167 5251 2264 5322 jus
2296 5252 2532 5319 mundi;
2579 5253 2804 5308 caelibes
2835 5271 2964 5309 vero
2995 5254 3249 5326 cogitare
3284 5271 3418 5326 quas
3450 5248 3670 5308 Domini
3713 5243 3837 5296 sunt-

2174 5339 2286 5394 Sed
2315 5339 2437 5395 haec
2467 5357 2584 5395 non
2615 5341 2844 5397 obstant
2862 5344 3171 5415 quominus
3198 5343 3430 5397 facilius
3459 5341 3531 5396 sit
3553 5356 3615 5393 ac
3641 5327 3837 5408 proinde

2173 5427 2413 5483 minoris
2441 5429 2672 5485 virtutis
2726 5430 2786 5485 in
2816 5431 3016 5487 caelibe
3060 5432 3174 5487 vita
3217 5448 3355 5502 quas
3385 5436 3520 5485 sunt
3547 5421 3750 5483 Domini
3775 5432 3838 5470 co

2175 5515 2376 5588 Βίαιτε,
2407 5534 2581 5589 quam
2610 5518 2670 5574 in
2695 5520 3019 5592 coniugata,
3061 5519 3124 5576 in
3178 5536 3297 5592 qua
3326 5519 3524 5575 multis
3549 5504 3837 5570 necessariis
