3920 6180
140 214 215 263 i‘l‘J
866 205 1232 260 VARIORUM
1274 207 1877 266 EXERCITATIONES
1915 214 1981 266 IN
2022 216 2077 269 S.
2118 216 2482 273 AUGUSTINI
2525 220 2774 275 OPERA.

3470 232 3574 284 430

129 331 248 387 curis
264 327 496 383 homines
511 325 934 394 distrahuntur;
969 328 1041 382 ad
1057 345 1197 399 quas
1219 346 1381 384 curas
1400 332 1475 386 ita
1501 332 1757 387 animum
1795 335 1837 387 A
1867 337 2062 391 nanda:
2084 338 2424 409 judicantur,
2458 342 2551 396 sed
2580 342 2876 397 damnatur
2903 348 3173 414 prepositi
3206 349 3387 414 fraus,
3420 350 3572 403 dam-

128 418 376 491 appellere,
406 419 465 468 ut
500 429 721 484 semper
751 414 820 467 de
857 416 1157 486 praeceptis
1189 418 1477 489 Evangelii
1520 419 1752 489 cogites,

129 522 209 560 nec
236 504 464 559 habitum
520 519 583 556 ea
625 504 1019 574 perfringendi
1067 506 1250 560 ullum
1280 509 1603 575 contrahas,
1638 525 1756 563 non

132 599 197 648 est
218 591 421 662 vulgaris
451 590 777 645 sanctitatis.
827 594 1035 646 Paulus
1068 594 1241 648 habet
1287 596 1427 666 quid
1456 597 1625 667 vulgo
1656 598 1756 651 fiat

128 700 152 735 a
174 680 455 749 coujugatis,
490 696 606 733 non
627 681 767 751 quid
794 681 921 735 ﬁeri
946 682 1181 749 debeat;
1216 688 1271 737 et
1292 683 1411 737 vice
1437 700 1598 739 versa
1617 686 1755 755 quid

122 768 217 823 ﬁeri
242 768 810 838 debeatacazlibibus,
852 774 907 823 et
936 770 1098 823 facile
1148 771 1321 825 etiam
1369 772 1495 826 ﬁeri
1551 774 1750 843 possit,

121 873 208 912 non
239 856 359 927 quid
410 872 602 910 revera
631 857 746 912 ﬁat.
799 858 1103 913 Caelibatus
1146 859 1365 931 alioqui
1407 877 1523 915 non
1553 866 1637 915 est
1664 879 1754 916 res

120 962 215 1016 quae
236 962 327 1015 per
347 962 401 998 se
431 944 611 1015 magis
631 947 847 1016 placeat
887 948 1004 1001 Deo
1059 964 1233 1018 quam
1278 949 1747 1017 matrimonium;

119 1033 245 1087 sedis
277 1033 493 1087 demum
521 1034 574 1087 ei
628 1035 862 1105 gratior,
898 1036 960 1089 in
991 1036 1264 1091 alterutro
1320 1038 1393 1092 sit
1430 1044 1599 1108 statu,
1652 1039 1753 1109 qui

116 1126 471 1192 praceptorum
502 1122 623 1191 ejus
654 1127 738 1177 est
776 1124 1189 1181 observantior.
1253 1126 1328 1179 Ea
1358 1130 1549 1180 autem
1580 1126 1752 1180 inter-

115 1212 216 1263 dum
240 1210 483 1264 incidunt
519 1218 779 1283 tempora
809 1212 1018 1283 quibus
1058 1217 1288 1283 praestat
1326 1214 1502 1268 vitare
1533 1231 1748 1268 connu-

114 1296 233 1350 bium
255 1314 413 1367 quam
443 1314 509 1353 eo
565 1300 862 1371 illaqueari
892 1318 904 1355 :
934 1302 1125 1373 qualia
1153 1307 1286 1357 sunt
1333 1306 1597 1374 tempora
1626 1320 1750 1375 gra-

113 1385 228 1438 vium
276 1388 751 1455 persecutionum,
797 1396 863 1444 ut
901 1395 1036 1445 aetas
1066 1391 1395 1461 apostolica.
1448 1396 1632 1464 Atque
1679 1409 1746 1447 eo

114 1473 239 1527 etiam
260 1476 470 1546 respicit
491 1478 700 1531 Paulus
712 1494 854 1532 vers.
878 1482 945 1533 26
969 1479 1227 1549 ejusdem
1252 1481 1468 1551 capitis,
1494 1482 1593 1537 ubi
1620 1499 1751 1553 pro-

112 1566 257 1617 ﬁtetur
280 1580 333 1617 se
357 1564 435 1619 ita
459 1565 616 1636 loqui
644 1571 881 1637 propter
899 1571 1189 1623 instantem
1222 1574 1604 1625 necessitatem.
1638 1572 1745 1636 Qui

112 1652 196 1705 hac
215 1653 372 1723 probe
398 1655 733 1724 expenderit
752 1672 867 1710 non
888 1658 1134 1711 multum
1154 1658 1474 1712 movebitur
1498 1660 1746 1714 rhetori-

109 1742 162 1794 cis
185 1743 501 1813 argumentis
530 1761 663 1815 qum
686 1745 747 1798 in
774 1746 881 1799 hoc
927 1746 1071 1800 libro
1102 1746 1370 1817 deinceps
1400 1754 1740 1818 sequuntur.

398 1832 752 1888 DESIDERII
792 1834 1045 1889 ERASMI
1087 1835 1406 1889 CENSURA

430 1938 483 1974 IN
525 1939 725 1976 LIBRUM
767 1939 833 1975 DE
884 1940 1025 1977 BONO
1064 1940 1381 1977 \‘IDUITATIS.

156 2008 263 2061 Mira
287 2008 539 2063 dictionis
560 2010 820 2073 facilitas,
855 2016 911 2066 et
936 2013 1147 2067 candor
1185 2012 1439 2067 clamitat
1478 2030 1597 2068 non
1620 2031 1740 2069 esse

109 2097 363 2166 Augustini.
416 2100 721 2154 Probabile
777 2106 861 2155 est
906 2118 1026 2155 esse
1071 2102 1303 2169 Juliani,
1351 2103 1513 2173 cujus
1558 2108 1741 2159 exstat

109 2186 286 2254 epistola
310 2187 375 2240 ad
395 2188 818 2244 Demetriadem
850 2190 917 2244 de
947 2181 1309 2262 Virginitate.
1348 2193 1491 2245 Nam
1524 2198 1581 2247 et
1610 2210 1739 2248 ora-

109 2274 229 2327 tionis
251 2274 399 2330 ﬁlum
446 2279 736 2349 congruit,
772 2285 828 2333 et
856 2278 949 2333 hic
978 2280 1065 2333 bis
1109 2280 1247 2334 citat
1291 2296 1424 2335 eum
1454 2281 1735 2338 libellum.

109 2362 206 2415 Sunt
227 2367 399 2419 tamen
420 2368 690 2437 quaedam
721 2368 789 2423 de
829 2368 1007 2422 libero
1037 2369 1272 2423 arbitrio
1311 2386 1440 2441 quae
1472 2369 1739 2424 videntur

110 2451 263 2506 abalio
303 2460 567 2510 correcta.
622 2457 779 2511 Adde
814 2458 968 2529 quod
1012 2458 1210 2512 titulus
1255 2459 1640 2513 alienissimus
1665 2458 1738 2513 sit

109 2540 152 2592 ab
166 2544 426 2611 Augustini
472 2546 910 2601 consuetudine.
963 2548 1122 2601 Hunc
1152 2547 1377 2602 affinxit
1412 2547 1640 2619 aliquis,
1672 2554 1736 2602 ut

110 2633 371 2697 opusculum
397 2634 658 2705 alioquin
692 2635 853 2705 pium
879 2636 1129 2705 gratioso
1152 2636 1373 2691 nomini
1397 2637 1728 2691 vindicaret.

110 2717 177 2769 Sed
202 2719 254 2772 de
285 2723 376 2775 hac
402 2739 634 2776 censura
668 2724 793 2777 vide
829 2724 1250 2779 admonitionem
1282 2725 1547 2781 editorum
1569 2728 1733 2782 Pari-

105 2807 295 2863 siensium
322 2811 437 2867 huic
482 2812 626 2866 libro
652 2812 963 2882 przﬁmam.
1008 2814 1301 2883 (Paeana)

538 2901 1200 2956 ANIMADVERSIONES

576 3006 631 3042 IN
675 3006 897 3043 ΒιζΜοοΜ
938 3006 1166 3045 LIBRUM.

150 3070 250 3143 Cap.
277 3077 323 3139 9,
356 3078 382 3141 §
416 3079 499 3129 12.
552 3078 619 3130 In
649 3078 924 3147 conjugali
970 3080 1173 3147 quippe
1206 3079 1439 3145 vinculo,
1482 3081 1531 3133 si
1557 3078 1729 3147 pudi—

110 3162 195 3211 citia
211 3170 535 3231 conservetur,
569 3165 855 3221 damnatio
884 3182 990 3220 non
1022 3169 1267 3233 timetur;
1302 3166 1397 3220 sed
1442 3169 1498 3219 in
1516 3167 1730 3221 viduali

110 3252 139 3297 rt
166 3254 391 3319 tirginali
427 3256 783 3321 continentia,
834 3257 1145 3309 excellentia
1178 3258 1413 3309 muneris
1445 3256 1729 3323 amplioris

110 3342 333 3405 sepelitur;
366 3358 471 3411 qua
505 3345 751 3412 expetita
780 3348 829 3397 et
866 3344 1051 3411 electa,
1096 3348 1145 3397 et
1182 3345 1295 3397 voti
1322 3342 1499 3396 debito
1524 3343 1726 3409 oblata,

105 3422 182 3488 jam
216 3443 302 3482 non
331 3433 495 3485 solum
530 3447 809 3500 capessere
857 3434 1082 3501 nuptias
1121 3432 1216 3485 sed
1243 3434 1460 3486 etiamsi
1487 3447 1594 3485 non
1620 3447 1729 3485 nu-

112 3510 233 3582 batur,
256 3519 434 3573 nubere
460 3522 603 3575 velle
627 3520 935 3575 damnabile
952 3519 1070 3591 εει]
1104 3523 1249 3574 Ante
1297 3519 1490 3573 omnia
1538 3524 1727 3573 osten-

112 3599 293 3660 dendum
324 3608 515 3663 fuisset
563 3611 743 3663 Deum
809 3609 1020 3664 alicubi
1054 3608 1114 3663 in
1167 3611 1320 3663 Novo
1367 3611 1727 3664 Testamento

112 3689 375 3757 signiﬁcasse
393 3698 497 3752 sibi
538 3704 771 3769 accepta
799 3714 918 3753 esse
962 3696 1098 3751 talia
1148 3702 1311 3763 vota;
1345 3698 1499 3769 quod
1537 3699 1728 3768 profe-

110 3784 168 3830 ξ’ὶο
189 3783 302 3837 mihi
344 3803 455 3839 non
504 3791 767 3853 constat;
825 3788 940 3841 imo
970 3803 1101 3841 vero
1141 3786 1287 3840 nihil
1325 3788 1436 3840 tale
1485 3803 1729 3858 usquam

109 3864 248 3924 haberi
271 3876 391 3928 satis
434 3875 582 3929 mihi
633 3880 870 3929 constat.
910 3875 1128 3930 Deinde
1158 3875 1245 3929 fac
1276 3875 1411 3929 talia
1451 3880 1579 3929 vota
1613 3877 1728 3929 Deo

110 3964 272 4025 accepta
297 3976 425 4028 esse,
484 3979 552 4017 ea
595 3963 833 4016 demum
875 3969 1106 4034 accepta
1151 3968 1318 4017 erunt
1339 3978 1468 4034 quas
1524 3962 1667 4017 ﬁent
1697 3980 1728 4017 a

110 4046 365 4103 mulieribus
392 4069 517 4122 quae
543 4068 665 4105 suae
689 4052 1122 4122 temperationis
1150 4051 1257 4106 sibi
1276 4052 1454 4121 probe
1484 4051 1726 4106 conscias

110 4129 145 4181 Id
166 4134 459 4201 pollicentur
490 4141 651 4213 quod
672 4145 943 4211 praestare
1000 4146 1260 4210 possunt,
1292 4156 1406 4194 non
1442 4140 1595 4210 quod
1624 4157 1724 4193 ne-

109 4230 267 4286 queunt
290 4235 570 4297 praestare.
608 4230 750 4284 Nam
781 4229 829 4283 si
850 4229 1157 4299 juvencula
1185 4228 1474 4299 quaepiam
1528 4228 1721 4296 vidua,

110 4306 317 4368 desiderio
346 4333 523 4388 nuper
553 4318 749 4373 amissi
778 4318 885 4372 viri
912 4318 1186 4384 confecta,
1217 4322 1273 4371 et
1304 4334 1422 4389 pra:
1461 4317 1729 4372 maestitia

112 4410 187 4452 non
209 4404 318 4458 satis
345 4407 427 4461 sui
456 4424 693 4478 compos
733 4412 936 4461 voveat
972 4411 1315 4477 perpetuam
1370 4406 1723 4471 viduitatem,

114 4500 251 4558 quam,
276 4495 452 4549 sedato
482 4498 663 4563 luctu,
688 4495 971 4567 intelligat
1003 4512 1063 4549 se
1094 4495 1341 4564 amplius
1362 4510 1582 4549 servare
1613 4512 1729 4548 non

115 4582 257 4643 P0536;
282 4596 344 4634 an
379 4583 660 4653 ejusmodi
701 4583 1072 4638 temerarium
1111 4588 1306 4637 votum
1344 4588 1567 4653 gratum
1615 4583 1728 4637 Deo

116 4660 321 4721 erit?.\'on
333 4676 481 4740 puto.
498 4674 694 4743 Itaque
711 4677 971 4743 superest
985 4677 1046 4726 ut
1066 4672 1296 4726 veniam
1312 4687 1345 4724 a
1359 4672 1470 4724 Deo
1482 4674 1637 4741 petat
1652 4676 1730 4725 te-

118 4755 281 4809 merarii
296 4760 421 4827 voti,
445 4766 500 4815 et
512 4766 731 4815 castum
756 4761 908 4815 ineat
934 4760 1307 4826 connubium,
1337 4758 1530 4829 potius
1555 4774 1729 4829 quam

115 4848 433 4903 c(iactan'otum
477 4850 846 4904 temerarium
895 4865 1137 4915 servare,
1168 4848 1228 4902 in
1285 4852 1566 4919 perpetuo
1605 4864 1729 4902 ver-

118 4932 222 4982 setur
239 4936 480 5004 periculo,
512 4942 571 4992 et
595 4943 795 4993 uratur
810 4938 1031 4993 interea
1060 4938 1198 4992 dum
1225 4936 1412 4991 virum
1445 4940 1610 4990 nacta
1636 4935 1728 4991 sit.

160 5018 238 5072 Sed
275 5027 607 5094 Augustinus
650 5027 986 5081 auctoritate
1030 5026 1287 5098 Apostoli
1316 5026 1463 5079 hanc
1508 5024 1570 5078 in
1605 5040 1730 5078 rem

118 5104 274 5163 utitur:
309 5116 454 5180 Nam,
487 5121 549 5169 ut
594 5116 685 5170 hoc
710 5117 1034 5171 demonstret
1077 5115 1395 5185 Apostolus,
1443 5129 1550 5167 non
1604 5115 1725 5166 ait:

120 5188 277 5275 tumin
301 5201 502 5257 deliciis
533 5206 775 5275 egerint,
808 5204 866 5259 in
910 5204 1133 5259 Christo
1173 5204 1406 5271 nubunt,
1435 5203 1569 5256 sed:
1608 5203 1731 5254 Nu—

120 5272 416 5362 b‘fl‘evolunt;
447 5293 946 5365 habentes,inquit,
970 5294 1420 5358 damnationem,
1452 5291 1730 5361 quoniam

120 5370 293 5453 Primam
339 5380 507 5437 ﬁdem
554 5382 797 5453 irritam,
845 5384 1145 5451 fecerunt;
1182 5387 1233 5438 et
1277 5384 1329 5438 si
1375 5397 1481 5435 non
1518 5380 1731 5433 nuben-

122 5452 176 5517 do,
200 5464 371 5524 tantum
395 5472 628 5541 valendo,
659 5452 792 5542 quia
812 5475 946 5543 ipsae
973 5476 1180 5543 nuptiae
1214 5472 1298 5526 vel
1354 5470 1546 5525 talium
1573 5468 1736 5523 dam-

1864 428 2031 477 natur
2056 426 2241 490 fracta
2268 429 2379 481 voti
2406 427 2559 496 ﬁdes,
2589 434 2695 483 etc.
2729 430 2835 484 Sed
2868 436 2997 484 ante
3040 432 3235 487 omnia
3264 435 3567 489 observan-

1867 513 2005 566 dum
2032 514 2273 568 Paulum
2302 531 2470 585 agere
2505 532 2620 570 non
2666 518 2735 571 de
2767 518 3059 588 quibusvis
3118 521 3320 589 viduis,
3370 524 3468 577 sed
3501 524 3570 577 de

1863 600 1932 654 iis
1981 602 2216 657 demum
2269 620 2410 673 quas
2467 605 2645 659 Graeci
2688 606 3034 661 diaconissas
3088 610 3393 673 vocabant;
3442 628 3569 682 qua:

1862 690 2030 743 variis
2081 692 2277 745 usibus
2333 693 2721 747 ecclesiasticis
2778 696 3215 764 adhibebantur,
3264 700 3568 753 oblationi-

1861 778 2081 849 busque
2107 779 2364 834 Ecclesia:
2387 782 2703 835 alebantur.
2729 783 3053 854 Optandum
3080 792 3203 841 erat
3231 787 3334 841 has
3368 792 3566 858 postea

1860 884 1978 921 non
2007 869 2246 937 nubere,
2273 870 2467 923 multis
2492 870 2560 923 de
2605 872 2811 939 causis,
2853 877 2909 927 et
2956 875 3278 943 praesertim
3322 877 3562 947 quidem

1862 956 1997 1026 quia
2028 973 2145 1010 non
2174 962 2294 1011 erat
2338 959 2707 1013 commodum
2754 962 3011 1015 Ecclesiae
3049 964 3289 1019 subinde
3324 959 3565 1019 aliarum

1861 1049 2033 1115 atque
2072 1046 2315 1099 aliarum
2352 1046 2668 1102 ministerio
2700 1049 2821 1117 uti;
2874 1050 3310 1123 timendumque
3341 1058 3461 1108 erat
3494 1071 3568 1109 ne

1862 1132 1908 1185 si
1937 1133 2217 1187 nuberent
2247 1135 2503 1201 ethnicis,
2535 1136 2727 1206 qualia
2766 1137 2888 1191 sine
2919 1138 3094 1192 dubio
3142 1142 3324 1195 multa
3354 1141 3569 1196 ﬁebant

1860 1226 1997 1275 tunc
2046 1223 2324 1293 temporis
2363 1225 2731 1279 matrimonia
2776 1233 3007 1281 noceret
3053 1229 3160 1282 hoc
3208 1230 3561 1285 Christianis.

1858 1314 2040 1382 Atque
2124 1314 2231 1367 hoc
2296 1315 2532 1368 omnino
2599 1315 2917 1385 signiﬁcare
2983 1318 3206 1371 videtur
3258 1320 3565 1389 Apostolus

1858 1397 2009 1452 hisce
2065 1399 2252 1453 verbis
2298 1402 2320 1454 Ι
2378 1401 2521 1455 Tim.
2580 1419 2634 1469 V,
2689 1419 2756 1466 II,
2816 1410 2932 1456 ὅταν
2978 1414 3070 1473 γὰρ
3115 1413 3570 1475 καταστρηνιάσωσι

1856 1498 1941 1543 τοῦ
1973 1500 2196 1559 Χριστοῦ,
2232 1500 2404 1558 γαμεῖν
2436 1498 2646 1558 θέλουσι,
2704 1491 2811 1545 hoc
2850 1496 2957 1560 est,
3006 1508 3125 1546 cum
3183 1495 3325 1546 enim
3373 1496 3568 1547 immo-

1857 1577 2059 1631 destius
2110 1594 2165 1632 se
2211 1584 2399 1632 contra
2447 1582 2732 1633 Christum
2778 1586 3078 1646 gesserunt,
3120 1582 3317 1635 nubere
3357 1582 3563 1636 volunt.

1854 1666 2148 1720 Sententia
2178 1670 2281 1733 est,
2312 1667 2359 1719 si
2399 1667 2541 1738 quid
2580 1668 2973 1722 commiserint
3020 1669 3175 1739 quod
3219 1669 3567 1724 Christianas

1852 1752 2053 1807 viduas
2110 1753 2397 1820 dedeceat,
2474 1760 2889 1825 proptereaque
2938 1755 3310 1826 castigentur,
3367 1757 3569 1811 volunt

1854 1842 2093 1909 nubere,
2128 1842 2502 1913 Ecclesiaeque
2531 1843 2873 1898 valedicunt.
2908 1844 3069 1907 Quod
3115 1844 3274 1898 addit
3319 1846 3563 1914 Aposto-

1850 1931 1938 1985 lus
1955 1931 2157 1985 eodem
2173 1931 2455 2000 pertinet:
2476 1932 2729 1985 habentes
2744 1932 3143 1987 damnationem
3162 1935 3295 2000 quia
3325 1935 3563 2001 primam

1848 2019 2007 2087 ﬁdem
2033 2022 2255 2072 irritam
2295 2021 2557 2084 fecerunt.
2602 2019 3007 2088 Intelliguntnr
3032 2020 3205 2089 vulgo
3237 2019 3359 2073 haec
3391 2020 3563 2074 verba

1851 2107 1919 2160 de
1974 2106 2087 2162 ﬁde
2118 2106 2247 2161 data
2280 2107 2558 2172 Ecclesiae,
2600 2106 2691 2160 cui
2721 2106 3111 2176 promiserant
3140 2123 3198 2160 se
3228 2108 3463 2177 posthac
3498 2124 3566 2161 ea

1849 2200 2141 2249 curaturus
2173 2210 2301 2265 qua:
2322 2194 2391 2247 iis
2417 2194 2952 2261 committebantur;
2986 2195 3087 2248 sed
3117 2194 3305 2248 nescio
3336 2211 3407 2247 an
3444 2210 3566 2249 non

1825 2283 1916 2339 ,de
1950 2282 2195 2353 ipsaﬁde
2218 2282 2537 2337 Christiana
2559 2282 2674 2337 sint
2699 2282 3095 2353 intelligenda,
3130 2300 3304 2353 quam
3336 2282 3565 2339 irritam

1846 2372 2099 2425 facerent
2146 2372 2413 2425 nubendo
2461 2371 2723 2440 ethnicis,
2772 2388 3019 2442 quorum
3077 2372 3421 2441 religionem
3473 2388 3567 2426 se-

1847 2462 2191 2531 quebantur.
2240 2463 2401 2515 Certe
2430 2462 2537 2515 hoc
2579 2477 2698 2515 non
2730 2461 3039 2531 signiﬁcari
3070 2462 3230 2515 nulla
3260 2466 3344 2515 sat
3396 2462 3564 2515 ﬁrma

1845 2550 2064 2604 ratione
2104 2549 2327 2604 ostendi
2376 2554 2583 2619 potest.
2612 2549 2743 2603 Scio
2774 2549 2844 2603 ab
2894 2549 3215 2619 Augustino
3264 2549 3439 2603 aliter
3471 2550 3563 2603 in-

1843 2638 2113 2708 terpungi
2138 2638 2291 2691 hunc
2321 2638 2531 2704 locum,
2564 2637 2672 2691 hoc
2702 2638 2874 2691 modo
2909 2656 2924 2690 :
2957 2654 3075 2691 cum
3095 2640 3235 2692 enim
3257 2640 3315 2691 in
3345 2638 3555 2695 deliciis

1842 2729 2067 2793 egerint,
2100 2729 2155 2780 in
2176 2727 2387 2783 Christo
2417 2726 2614 2779 nubere
2640 2727 2861 2791 volunt;
2888 2726 2987 2779 sed
3013 2728 3137 2795 jam
3182 2742 3354 2779 nemo
3384 2726 3559 2795 paulo

1841 2814 2065 2869 doctior
2109 2814 2331 2869 dubitet
2368 2830 2442 2867 an
2472 2814 2999 2884 interpungendum
3030 2813 3102 2866 sit
3127 2817 3190 2865 ut
3221 2819 3393 2867 antea
3420 2813 3558 2869 feci-

1768 2908 1808 2964 C
1840 2920 1967 2958 mus
1984 2904 2245 2971 ;namita
2261 2903 2577 2956 necessario
2593 2906 2799 2957 Graecae
2814 2904 3083 2972 phraseos
3111 2901 3261 2956 ratio
3284 2904 3552 2973 postulat.

2338 2990 3003 3045 ANIMADVERSIONES

2162 3098 2215 3135 IN
2248 3097 2433 3134 LIBROS
2463 3097 2530 3133 DE
2562 3096 2832 3134 CONJUGIIS
2860 3096 3232 3135 ADULTERINIS.

1911 3170 2045 3240 Cap.
2086 3174 2132 3224 l.
2173 3172 2337 3223 Lmae
2369 3186 2408 3237 ι,
2449 3168 2476 3238 §
2512 3172 2559 3222 l.
2594 3171 2781 3225 Prima
2811 3172 3036 3238 qumstio
3081 3174 3269 3225 est.....
3304 3169 3447 3238 quod
3468 3171 3548 3224 ait

1838 3259 2129 3328 Apostolus
2152 3259 2199 3326 (Ι
2257 3258 2383 3311 Cor.
2427 3274 2523 3326 v11,
2554 3259 2617 3311 lO
2648 3262 2706 3312 et
2747 3261 2834 3327 ll)
2873 3273 2885 3311 :
2920 3258 3018 3311 His
3048 3263 3243 3312 autem
3286 3258 3386 3329 qui
3416 3261 3550 3312 sunt

1838 3346 1899 3399 in
1931 3345 2195 3417 conjugio
2227 3345 2519 3417 praecipio,
2562 3362 2678 3399 non
2718 3362 2846 3416 ego,
2880 3346 2979 3400 sed
3019 3345 3317 3412 Dominus,
3350 3346 3549 3399 mulie-

1837 3450 1961 3487 rem
1990 3451 2023 3487 a
2051 3433 2171 3487 viro
2192 3450 2308 3487 non
2336 3434 2651 3487 discedere:
2683 3434 2838 3504 quod
2870 3433 2917 3487 si
2939 3433 3279 3501 discesserit,
3312 3450 3547 3488 manere

1837 3522 2159 3592 innuptam,
2214 3527 2313 3576 aut
2341 3522 2463 3575 viro
2513 3539 2614 3575 suo
2665 3522 3054 3589 reconciliari;
3091 3527 3147 3577 et
3189 3522 3273 3576 vir
3314 3538 3550 3577 uxorem

1838 3627 1955 3665 non
1979 3612 2264 3677 dimittat;
2294 3616 2478 3665 utrum
2516 3614 2597 3665 ita
2626 3613 2701 3665 sit
2754 3612 3149 3679 accipiendum,
3181 3616 3242 3667 ut
3270 3627 3388 3665 eam
3407 3626 3548 3681 pro-

1839 3701 2077 3754 hibuisse
2105 3701 2300 3754 nubere
2330 3701 2690 3766 intelligatur,
2728 3715 2846 3766 quae
2871 3702 2985 3753 sine
3031 3714 3197 3753 causa
3225 3702 3548 3765 fornicatio-

1836 3791 1923 3842 nis
1944 3788 2192 3842 discessit
2220 3804 2254 3840 a
2274 3790 2419 3851 viro;
2459 3787 2520 3840 id
2550 3789 2693 3840 enim
2720 3789 2886 3840 sentis
2918 3803 2930 3839 :
2967 3802 3058 3853 an,
3106 3789 3246 3841 sicut
3289 3802 3382 3853 ego
3425 3802 3546 3840 sen-

1836 3879 1997 3931 si.....
2031 3878 2157 3931 illas
2185 3878 2447 3944 innuptas
2476 3891 2691 3929 manere
2714 3877 3035 3943 praeceperit
3059 3890 3179 3942 qua:
3205 3890 3239 3927 a
3267 3876 3401 3927 viris
3435 3876 3549 3929 suis

1837 3980 1900 4018 ea
1922 3980 2085 4018 causa
2106 3965 2437 4029 recesserint,
2472 3978 2590 4031 quae
2616 3963 2731 4016 sola
2768 3964 3035 4030 permissa
3076 3966 3174 4015 est.
3204 3961 3264 4014 id
3312 3965 3391 4014 est
3421 3963 3547 4026 for-

1862 4050 2197 4122 nicationis]
2245 4050 2512 4115 Quamvis
2551 4051 2758 4104 Paulus
2789 4049 3055 4119 respiciat
3086 4050 3158 4103 ad
3181 4048 3353 4102 verba
3382 4048 3546 4104 Chri-

1839 4142 1911 4195 sti
1942 4141 2152 4212 quibus
2180 4144 2336 4193 vetat
2375 4139 2666 4209 conjuges,
2706 4141 2939 4207 excepto
2968 4154 3103 4190 casu
3133 4136 3422 4205 adulterii,
3453 4154 3547 4191 se-

1837 4230 2047 4301 parari,
2092 4228 2277 4299 iisque
2338 4232 2532 4281 utatur
2578 4227 2651 4281 ad
2700 4225 3095 4296 impediendas
3141 4225 3546 4279 dissolutiones

1837 4316 2211 4383 matrimonii,
2243 4333 2371 4387 quas
2398 4315 2597 4387 quavis
2635 4315 2704 4369 de
2744 4331 2913 4367 causa
2949 4313 3166 4367 ﬁebant
3212 4313 3362 4384 apud
3390 4314 3545 4368 Gree-

1838 4424 1933 4461 cos
1966 4406 2081 4460 suis
2105 4406 2331 4476 legibus
2364 4409 2621 4471 utentes;
2650 4420 2766 4457 non
2797 4402 3055 4473 sequitur
3086 4401 3237 4473 quod
3268 4402 3386 4455 vult
3432 4405 3517 4455 Au

1837 4496 2119 4567 gustinus,
2178 4512 2294 4548 non
2335 4494 2503 4548 licere
2536 4492 2802 4548 adulterii
2853 4509 3021 4546 causa
3058 4491 3287 4561 publico
3328 4490 3548 4561 judicto

1839 4583 2112 4655 separatis
2143 4600 2317 4636 novas
2350 4582 2578 4651 nuptias
2608 4581 2963 4635 contrahere.
2998 4581 3142 4634 Nam
3181 4578 3441 4650 quamvis
3483 4594 3548 4633 ex

1838 4671 2057 4741 legibus
2087 4669 2297 4724 Christi
2318 4685 2436 4722 non
2464 4668 2676 4731 liceret,
2707 4668 2826 4721 ulla
2852 4668 2922 4722 de
2951 4684 3122 4721 causa
3151 4672 3361 4737 praeter
3382 4666 3547 4720 adul-

1837 4760 2069 4825 terium,
2105 4757 2394 4812 dimittere
2441 4759 2773 4827 conjugem;
2824 4772 2942 4809 non
2990 4756 3251 4825 sequitur
3303 4755 3545 4817 Grmcos,

1836 4864 2033 4901 recens
2063 4846 2132 4899 ad
2184 4844 2564 4900 Christianam
2613 4844 2951 4913 religionem
3006 4843 3299 4907 adductos,
3346 4838 3546 4911 pristi—

1836 4936 1926 4989 nis
1956 4932 2213 4987 moribus
2260 4948 2374 4985 non
2404 4930 2842 4985 esse‘interdum
2875 4931 3099 4984 abusos.
3150 4931 3265 4983 Hoc
3295 4926 3428 4981 satis
3457 4927 3545 4980 in-

1840 5023 1989 5078 dicat
2012 5022 2219 5075 Paulus
2248 5037 2377 5075 cum
2408 5020 2559 5085 dicit,
2606 5019 2748 5088 quod
2788 5021 2837 5073 si
2864 5018 3190 5085 discesserit,
3219 5031 3435 5071 manere
3465 5018 3549 5070 in-

1838 5116 2096 5181 nuptam;
2151 5126 2287 5163 nam
2333 5110 2466 5164 hinc
2515 5108 2695 5180 liquet
2744 5106 3029 5177 ejusmodi
3074 5105 3385 5159 discessum
3432 5120 3549 5157 non

1838 5200 2072 5271 probari
2102 5198 2393 5269 Apostolo.
2450 5198 2560 5253 Sed
2593 5194 2929 5250 consulendi
2984 5192 3328 5247 recentiores
3365 5193 3549 5246 inter-

1838 5294 2029 5362 pretes
2062 5290 2131 5342 ad
2159 5289 2350 5342 locum
2373 5287 2554 5352 Pauli,
2582 5290 2638 5339 et
2668 5285 2807 5338 alios
2849 5282 2987 5337 Novi
3006 5281 3373 5349 Testamenti,
3405 5298 3551 5352 quos

1838 5378 1986 5433 hanc
2025 5377 2087 5431 in
2117 5393 2239 5431 rem
2284 5378 2502 5447 profert
2530 5372 2902 5444 Augustinus,
2933 5372 3173 5442 longum
3218 5370 3373 5426 enim
3397 5374 3549 5426 esset

1849 5481 2049 5522 omnes
2089 5465 2212 5535 ejus
2240 5467 2598 5532 παρερμηνείςις
2634 5465 2913 5515 excutere.
