3920 6180
387 318 483 370 431

1399 299 1952 357 SUPPLEMENTUM
1994 299 2085 352 AD
2121 295 2353 352 OPERA
2392 296 2446 348 S.
2491 291 2872 347 AUGUSTINI.

3728 298 3807 350 432

453 439 622 490 Liano
667 452 721 488 ιι.
774 433 912 502 Cap.
969 427 1074 497 6,§
1128 431 1178 481 5.
1230 426 1488 480 Nonnulli
1529 423 1749 477 modica
1799 422 1944 491 ﬁdei,
1985 420 2068 473 vel
2100 419 2144 471 A
2182 422 2296 477 tur,
2349 416 2627 469 duntaxat
2685 414 2821 484 quia
2887 411 3192 482 aliquando
3250 429 3283 466 a
3342 413 3538 467 celebri
3588 416 3806 487 scriptore

378 527 566 596 potius
597 523 808 576 inimici
827 534 963 572 verm
998 516 1125 584 ﬁdei
1154 513 1309 567 credo
1356 517 1644 565 metuentes
1680 509 1938 578 peccandi
1970 511 2076 561 im—

379 614 679 682 punitatem
708 608 835 660 dari
865 603 1179 658 mulieribus
1209 603 1343 665 suis,
1377 600 1517 652 illud
1547 599 1689 666 quod
1717 597 1782 650 de
1818 597 2077 650 adultera

380 701 719 766 indulgentia
748 698 1007 750 Dominus
1049 693 1178 758 fecit
1206 692 1487 755 auferrent
1520 687 1585 740 de
1621 685 1890 739 codicibus
1938 684 2073 745 suis,

383 791 545 857 quasi
573 787 974 856 permissionem
1004 779 1268 850 peccandi
1310 777 1560 831 tribuerit
1589 773 1686 841 qui
1731 772 1916 824 dixit:
1956 770 2076 837 jam

381 876 645 944 deinceps
671 873 788 927 noli
822 886 1077 941 peccare,
1134 872 1230 922 aut
1254 866 1372 920 ideo
1401 879 1505 917 non
1544 861 1786 916 debuerit
1814 875 1848 910 a
1877 857 2078 910 medico

379 965 494 1017 Deo
540 963 688 1016 illius
732 963 942 1030 peccati
981 958 1293 1012 remissione
1348 953 1557 1018 sanari,
1592 965 1657 1002 ne
1685 945 2081 1016 oﬂ‘enderentur

378 1048 609 1120 insani]
644 1048 877 1102 Videtur
915 1045 1166 1099 indicare
1189 1039 1540 1111 Augustinus
1569 1038 1831 1090 abrasam
1871 1049 1905 1086 a
1935 1032 2081 1085 codi-

379 1136 538 1190 cibus
568 1152 692 1190 eam
742 1135 922 1188 solam
954 1130 1292 1202 particulam
1325 1142 1497 1198 quam
1544 1127 1840 1178 memorat.
1876 1120 2080 1174 Mirum

381 1229 466 1278 est
507 1224 826 1294 Augustino
883 1238 996 1274 non
1062 1219 1375 1272 innotuisse
1446 1215 1727 1282 integram
1785 1210 2080 1264 historiam

381 1314 627 1367 defuisse
673 1313 731 1365 in
775 1310 1062 1381 plerisque
1101 1303 1517 1374 exemplaribus
1567 1299 1791 1356 Graecis.
1838 1303 1916 1352 Ac
1946 1314 2080 1351 sane

381 1401 595 1454 Theod.
650 1401 791 1453 Beza
835 1402 890 1451 et
922 1399 984 1451 fl.
1044 1395 1266 1450 Grotius
1297 1392 1670 1446 ostenderunt
1725 1404 1923 1458 graves
1961 1402 2082 1439 esse

381 1489 632 1542 rationes
663 1486 962 1540 dubitandi
991 1485 1060 1538 de
1091 1488 1206 1537 tota
1224 1483 1391 1536 hacce
1422 1479 1680 1534 historia.
1706 1477 1842 1530 Vide
1873 1481 1929 1528 et
1953 1491 2083 1546 qua:

385 1579 653 1632 adnotata
683 1580 814 1629 sunt
859 1591 892 1628 a
937 1575 1150 1627 Joanne
1205 1569 1420 1625 Clerico
1451 1569 1510 1622 in
1551 1564 1957 1622 additamentis
2016 1565 2080 1618 Η.

386 1664 747 1720 Hammondi.

903 1728 1474 1786 ANIMADVERSION
1487 1729 1562 1782 ES

881 1846 934 1883 IN
963 1844 1163 1882 LIBRUH
1191 1842 1260 1880 DE
1295 1838 1592 1879 MENDACIO.

456 1928 587 1997 Cap.
617 1931 668 1993 5,
705 1926 801 1997 §7.
833 1927 910 1978 De
934 1923 1210 1993 exemplis
1240 1937 1437 1975 eorum
1467 1919 1565 1990 qui
1595 1919 1655 1972 in
1684 1919 1879 1972 Vetere
1897 1919 2086 1972 Testa-

383 2020 576 2069 mento
599 2013 1135 2068 mentitidicuntur:
1155 2009 1489 2066 Credendum
1503 2012 1598 2074 est,
1616 2007 1823 2077 inquit,
1853 2007 1971 2060 illos
1985 2008 2082 2059 ho-

383 2107 571 2170 mines,
590 2107 687 2171 qui
703 2103 1030 2172 propheticis
1051 2098 1378 2169 temporibus
1399 2098 1557 2162 digni
1579 2098 1900 2149 auctoritate
1915 2097 2086 2161 fuisse

385 2197 864 2246 commemorantur
885 2189 1066 2241 omnia
1101 2201 1219 2254 qua
1237 2187 1446 2253 scripta
1474 2189 1598 2238 sunt
1628 2184 1694 2236 de
1712 2185 1823 2236 illis
1853 2184 2084 2252 prophe-

385 2281 486 2332 tice
514 2281 740 2346 gessisse
763 2281 925 2344 atque
958 2275 1194 2337 dixisse;
1223 2288 1316 2326 nec
1360 2276 1536 2325 minus
1564 2273 1874 2339 prophetice
1900 2273 1968 2324 iis
1995 2286 2087 2324 ac-

384 2368 584 2422 cidisse
634 2379 960 2434 qusecunque
992 2367 1070 2416 sic
1101 2361 1431 2426 acciderunt,
1472 2364 1531 2412 ut
1559 2359 1737 2413 eodem
1774 2361 2086 2428 prophetico

384 2457 587 2524 spiritu
604 2455 868 2507 memoria
879 2453 1180 2517 litterisque
1204 2448 1520 2502 mandanda
1529 2445 1962 2518 judicarentur.]
1986 2449 2086 2500 Ne-

385 2541 501 2595 scio
521 2540 946 2595 cuicredendum
961 2539 1067 2590 hoc
1088 2536 1225 2590 velit
1240 2535 1611 2605 Augustinus,
1639 2551 1770 2587 nam
1789 2549 1925 2587 sane
1951 2551 2084 2587 nus-

388 2646 561 2701 quam
575 2629 889 2699 Scriptores
909 2625 1052 2681 sacri
1071 2626 1176 2679 hoc
1193 2625 1298 2678 sibi
1320 2623 1473 2678 credi
1496 2623 1818 2676 voluerunt.
1846 2623 2087 2677 Historia

387 2719 740 2789 optimorum
763 2731 1126 2788 quorumque
1142 2712 1240 2784 qui
1263 2711 1616 2781 temporibus
1637 2711 1985 2781 propheticis
2012 2709 2087 2762 vi-

385 2811 615 2875 xerunt,
656 2805 894 2860 historia
943 2809 1046 2867 est,
1092 2817 1209 2854 non
1245 2798 1577 2870 prophetia;
1630 2814 1735 2851 nec
1766 2797 2087 2851 dissimulat

382 2894 519 2948 vitia
563 2899 620 2947 et
667 2891 870 2946 delicta
915 2888 1369 2959 patriarcharum
1409 2889 1465 2938 et
1510 2885 2087 2955 prophetarumipso-

382 2998 534 3048 rum,
565 2985 626 3035 ut
663 2979 886 3034 Davidis
913 2997 926 3045 ;
956 2993 1073 3031 non
1104 2976 1240 3046 quia
1286 2991 1352 3028 ea
1385 2973 1520 3027 vitia
1561 2974 1831 3027 delictave
1874 2973 2086 3028 habent
2115 2996 2154 3050 ο

384 3069 598 3140 aliquid
646 3067 1066 3138 propheticum,
1116 3064 1214 3117 sed
1264 3061 1400 3133 quia
1443 3062 1549 3114 hoc
1581 3062 1836 3130 postulat
1880 3061 2086 3115 veritas

383 3158 657 3223 historiae,
692 3161 748 3209 et
777 3156 1055 3208 lectorum
1085 3152 1258 3205 etiam
1286 3149 1517 3203 utilitas.
1555 3150 1695 3202 Hinc
1726 3149 1880 3203 enim
1922 3149 2087 3202 intel-

383 3247 616 3316 ligimus
647 3240 1194 3314 quantadiligentia
1218 3239 1536 3292 cavendum
1573 3237 1647 3291 sit
1681 3255 1712 3291 a
1742 3243 1994 3307 peccato,
2025 3238 2087 3292 in

386 3334 537 3404 quod
566 3332 892 3386 inciderunt
921 3329 1095 3382 etiam
1132 3327 1240 3380 viri
1270 3326 1483 3396 alioqui
1527 3326 1738 3379 laudati
1769 3343 1781 3392 ;
1815 3331 1871 3379 et
1898 3326 1945 3379 si
1971 3327 2085 3378 for-

384 3427 458 3484 te,
505 3437 608 3491 per
658 3415 1645 3489 imprudentiaminfirmitatemque
1677 3415 1737 3468 in
1784 3415 1841 3468 id
1872 3414 2086 3484 delapsi

382 3508 684 3572 fuerimus,
724 3521 841 3558 non
871 3520 993 3557 esse
1021 3501 1444 3572 desperandum
1475 3501 1544 3554 de
1571 3500 1964 3554 misericordia
1992 3500 2084 3556 di-

383 3595 534 3649 vina.
586 3597 866 3648 Praaterea
912 3592 959 3644 si
1007 3591 1162 3661 leges
1194 3588 1407 3642 Veteris
1449 3589 1796 3642 Testamenti
1832 3594 1892 3642 et
1935 3589 2087 3658 leges

385 3683 527 3738 Novi
556 3697 970 3753 comparemus,
1028 3677 1414 3747 intelligemus
1442 3677 1604 3730 facile
1643 3677 1892 3748 antiquis
1940 3683 2086 3732 tem-

384 3772 621 3842 poribus
637 3771 812 3824 fuisse
838 3767 1012 3822 veluti
1033 3767 1325 3836 religionis
1345 3765 1669 3833 infantiam,
1690 3766 1748 3819 in
1773 3782 1886 3836 qua
1907 3766 2087 3819 multa

383 3861 714 3915 ferebantur
739 3875 867 3928 quas
898 3872 1048 3910 nunc
1069 3855 1304 3909 minime
1351 3855 1673 3920 ferrentur;
1724 3855 1944 3924 eritque
1986 3870 2088 3908 cur

384 3951 500 4004 Deo
531 3947 741 4018 gratias
763 3961 998 4016 agamus
1041 3943 1193 4014 quod
1232 3959 1335 3996 nos
1376 3941 1641 4012 ampliori
1687 3943 1810 3996 luce
1837 3944 2082 3997 donave-

382 4037 477 4103 rit,
507 4034 934 4105 majoribusque
967 4037 1064 4086 aut
1084 4037 1235 4086 certe
1261 4030 1596 4084 clarioribus
1635 4031 1928 4100 promissis
1982 4048 2085 4085 nos

382 4142 416 4180 a
444 4124 731 4195 peccando
757 4121 1123 4176 revocaverit.
1160 4122 1285 4174 Haec
1315 4121 1560 4190 aliaque,
1620 4137 1749 4190 quae
1779 4137 1882 4190 per
1910 4137 1967 4174 se
1991 4137 2084 4192 pa-

382 4217 523 4279 tent,
557 4217 612 4266 et
637 4227 706 4265 ex
763 4210 932 4264 rebus
964 4208 1102 4279 ipsis
1158 4207 1476 4262 necessario
1508 4213 1818 4261 nascuntur
1846 4209 2084 4263 dicenda

2184 505 2404 575 prolata
2451 508 2603 569 sunt,
2635 519 2668 555 a
2710 517 2823 572 quo
2880 499 3272 554 auctoritatem
3310 500 3562 554 trahunt:
3603 508 3808 574 quamvis

2187 599 2393 663 negata
2450 592 2519 645 ab
2571 590 2786 661 aliquo,
2833 589 2933 660 qui
2979 588 3100 641 sine
3149 589 3494 658 argumentis
3534 594 3809 658 persuaderi

2186 698 2343 734 mera
2368 679 2700 733 auctoritate
2728 677 3016 730 fallacium
3046 677 3349 730 hominum
3389 677 3490 730 sibi
3535 677 3662 732 nihil
3703 681 3810 750 pati-

2185 776 2296 835 tur,
2330 771 2541 823 abeunt
2568 768 2626 821 in
2657 783 2840 820 auras.
2877 765 3090 819 Deinde
3139 766 3266 835 quis
3297 780 3410 817 non
3459 765 3602 818 videt
3630 765 3812 817 menda-

2187 859 2340 912 cium
2379 856 2767 921 obstetricum,
2812 854 2967 926 quod
3018 855 3302 924 prolatum
3354 857 3471 906 erat
3507 869 3609 905 non
3647 868 3703 905 eo
3741 852 3812 905 fal-

2186 946 2340 1002 lendi
2370 946 2563 999 animo
2595 949 2658 998 ut
2679 944 2900 998 fallacia
2931 948 3164 996 noceret
3191 947 3250 995 et
3275 942 3423 1012 quod
3455 956 3641 994 nocere
3667 957 3813 994 revera

2189 1034 2407 1088 nemini
2437 1037 2679 1104 poterat,
2720 1048 2850 1086 cum
2880 1031 3196 1102 prmsertim
3226 1031 3384 1084 nulla
3412 1029 3517 1082 alia
3563 1029 3688 1081 ratio
3712 1036 3816 1082 esset

2187 1123 2320 1176 vita:
2350 1123 2656 1176 infantium
2685 1120 3042 1185 consulendi,
3091 1119 3404 1173 maximum
3441 1117 3600 1171 fuisse
3622 1117 3816 1170 ofﬁcium

2189 1211 2564 1265 humanitatis
2585 1212 2614 1263 ?
2646 1211 2823 1264 Nemo
2852 1214 3002 1262 certe
3032 1225 3147 1262 non
3180 1223 3248 1261 eo
3281 1207 3448 1260 modo
3478 1205 3813 1274 delinqueret:

2189 1304 2246 1354 et
2275 1299 2607 1369 delinquere
2638 1315 2696 1352 se
2747 1298 2954 1352 debere
2996 1302 3278 1363 censeret,
3309 1295 3355 1348 si
3401 1311 3456 1348 se
3487 1293 3732 1364 ejusmodi
3753 1310 3817 1346 oc-

2191 1387 2341 1442 casio
2374 1387 2549 1441 daret.
2584 1387 2854 1440 Ponenda
2883 1389 3015 1439 sunt
3039 1390 3266 1438 tantum
3296 1383 3406 1437 tria
3442 1399 3563 1452 qua:
3614 1382 3817 1444 diximus,

2191 1476 2445 1548 primum
2491 1480 2576 1528 est
2625 1476 2849 1528 nullum
2903 1491 3022 1528 esse
3056 1479 3320 1544 oportere
3351 1472 3598 1524 animum
3637 1471 3820 1523 nocendi

2194 1565 2487 1618 mendacio
2513 1581 2526 1630 ;
2556 1564 2798 1617 alterum
2825 1563 3108 1633 ejusmodi
3136 1562 3345 1616 debere
3369 1577 3487 1614 esse
3508 1558 3819 1622 mendacium,

2197 1653 2346 1724 quod
2400 1668 2604 1706 nocere
2662 1667 2860 1705 revera
2928 1667 3041 1704 non
3088 1651 3312 1719 possit:
3363 1648 3588 1703 tertium
3635 1647 3820 1716 denique

2127 1711 2164 1765 Β
2198 1757 2311 1794 non
2346 1757 2466 1794 esse
2493 1739 2664 1794 aliam
2705 1739 2856 1792 viam
2888 1755 3002 1810 qua
3049 1738 3361 1791 imminens
3405 1737 3608 1790 malum
3648 1734 3819 1788 vitetur.

2194 1831 2260 1884 In
2281 1829 2433 1883 hisce
2463 1845 2598 1882 sane
2629 1827 3066 1881 circumstantiis
3110 1826 3334 1879 licitum
3383 1841 3500 1879 esse
3529 1823 3677 1876 debet
3714 1837 3822 1875 men-

2193 1919 2312 1987 tiri,
2344 1919 2390 1971 si
2421 1935 2539 1972 non
2584 1918 2851 1972 illicitum
2877 1917 2948 1970 sit
2974 1918 3101 1987 joco
3132 1914 3392 1980 mentiri,
3449 1913 3594 1985 quod
3635 1927 3719 1982 per
3744 1915 3821 1965 Au-

2194 2008 2485 2077 gustinum
2515 2007 2664 2060 licet.
2722 2007 2860 2060 Vide
2909 2022 3032 2076 cap.
3089 2009 3174 2058 ll.
3211 2005 3325 2057 Nec
3374 2009 3535 2073 putes
3564 2001 3652 2071 qui
3690 2014 3820 2068 usque

2195 2096 2334 2150 adeo
2383 2096 2453 2148 ab
2511 2095 2641 2148 utili
2683 2099 2738 2148 et
2785 2093 3101 2148 necessario
3147 2092 3446 2146 mendacio
3493 2090 3754 2144 abhorrere
3783 2104 3821 2139 se

2195 2183 2547 2243 dictitabant,
2581 2189 2699 2237 tam
2729 2183 2942 2252 rigidos
2974 2182 3145 2236 fuisse
3169 2181 3291 2235 veri
3318 2179 3597 2243 satellites,
3635 2182 3689 2230 ut
3711 2191 3821 2230 nun-

2195 2288 2368 2343 quam
2417 2272 2795 2325 emolumenti
2852 2287 3022 2324 causa
3069 2270 3480 2324 mentirentur.
3533 2264 3821 2321 Contrarium

2193 2361 2540 2430 persuadent
2563 2364 2647 2413 tot
2675 2361 2804 2412 ficta
2845 2359 3138 2424 miracula,
3173 2359 3247 2412 ad
3311 2356 3704 2411 venerationem
3739 2353 3820 2421 ple-

2196 2449 2282 2503 bis
2332 2449 2674 2519 quibusdam
2731 2446 2982 2501 ecclesiis
3038 2463 3102 2499 ac
3154 2445 3406 2499 basilicis
3464 2441 3819 2501 conciliandam,

2195 2542 2390 2607 totque
2438 2535 2735 2590 rhetoricas
2780 2535 3040 2589 fictiones
3104 2534 3164 2587 in
3203 2532 3694 2603 disceptationibus
3731 2544 3818 2581 cum

2195 2624 2496 2689 haareticis,
2551 2641 2678 2694 qua:
2710 2623 2768 2676 in
2811 2623 3006 2676 multis
3055 2623 3435 2692 scriptoribus
3465 2626 3729 2688 utramque
3752 2632 3819 2684 pa-

2195 2713 2390 2783 ginam
2451 2713 2684 2766 faciunt.
2747 2712 2874 2778 Sed,
2928 2711 2975 2763 si
3022 2710 3190 2763 liceat
3221 2710 3283 2763 id
3341 2709 3490 2780 quod
3543 2706 3821 2776 suspicamur

2193 2817 2300 2870 pro
2343 2801 2520 2872 loqui,
2562 2817 2676 2854 non
2710 2800 2821 2853 alia
2859 2800 2928 2853 de
2978 2815 3146 2852 causa
3174 2798 3348 2852 multi
3377 2797 3436 2850 in
3462 2797 3608 2850 licita
3648 2792 3820 2846 menda-

2195 2889 2302 2955 cia,
2349 2889 2540 2959 qualia
2580 2888 3006 2958 descripsimus,
3058 2893 3175 2940 tam
3207 2887 3419 2940 acriter
3464 2883 3818 2939 invehebantur,

2195 2994 2369 3048 quam
2399 2983 2463 3031 ut
2484 2981 2678 3048 postea
2709 2977 2767 3030 in
2799 2993 2918 3030 rem
2941 2993 3101 3030 suam
3123 2975 3473 3029 fructuosius
3499 2972 3816 3028 mentirentur.

2194 3067 2579 3137 Simpliciores
2611 3065 2767 3120 enim
2805 3065 3070 3120 homines
3098 3081 3211 3118 non
3247 3062 3664 3134 suspicabantur
3696 3058 3749 3112 ab
3773 3057 3819 3108 iis

2195 3154 2304 3208 sibi
2351 3155 2545 3208 fucum
2571 3154 2716 3222 fieri,
2765 3153 2867 3224 qui
2899 3158 3018 3206 tam
3061 3151 3320 3206 infensos
3375 3150 3747 3222 profitebantur
3779 3159 3816 3196 se

2197 3242 2517 3297 mendacio.
2550 3245 2616 3296 At
2647 3259 2680 3295 a
2710 3245 2791 3295 tot
2833 3241 3054 3295 seculis
3084 3241 3366 3300 videmus,
3421 3239 3634 3294 mutatis
3667 3237 3816 3290 dunta-

2194 3335 2288 3384 xat
2311 3330 2589 3401 personis,
2612 3345 2738 3383 eam
2766 3329 3017 3382 fabulam
3056 3328 3170 3399 agi,
3226 3328 3601 3398 hominesque
3627 3322 3815 3378 omnium

2195 3420 2532 3472 smculorum
2559 3423 2677 3472 tam
2716 3418 2908 3471 multis
2962 3417 3022 3470 in
3066 3417 3238 3470 rebus
3270 3417 3380 3471 sibi
3425 3417 3624 3470 similes
3649 3428 3756 3474 esse,
3777 3413 3817 3460 ut

2190 3508 2311 3578 jam
2355 3508 2588 3561 tandem
2633 3506 3031 3577 prudentiores
3062 3523 3181 3559 esse
3226 3507 3555 3573 debeamus,
3605 3506 3685 3556 aut
3707 3496 3814 3566 digni

2197 3595 2375 3648 simus
2404 3594 2504 3664 qui
2534 3593 2782 3649 ludibrio
2821 3593 3152 3662 habeamur,
3186 3598 3244 3648 et
3295 3594 3383 3647 vel
3413 3610 3447 3648 a
3476 3585 3815 3663 Cappadocibus

2194 3683 2485 3738 fallamur.

2721 3753 3380 3808 ANIMADVERSIONES

2338 3867 2391 3904 1N
2433 3866 2637 3904 LIBRUM
2679 3867 2884 3905 CONTRA
2922 3867 3242 3904 MENDACIUM
3285 3868 3356 3904 AD
3404 3862 3717 3905 CONSENTIL'H.

2265 3947 2399 4016 Cap.
2429 3951 2482 4012 '7,
2531 3946 2558 4015 §
2611 3951 2692 4000 17.
2723 3949 2789 4001 Si
2810 3953 3098 4017 propterea
3130 3949 3290 4016 justa
3337 3952 3483 4012 sunt,
3527 3960 3622 3999 non
3656 3938 3810 4010 qualia-

2193 4050 2418 4104 cunque,
2481 4035 2575 4089 sed
2631 4036 2942 4104 blaspheme
3007 4037 3313 4104 mendacia,
3380 4038 3508 4105 quia
3559 4035 3641 4087 hoc
3690 4028 3811 4081 animo

2191 4126 2330 4192 fiunt
2349 4127 2408 4176 ut
2431 4123 2625 4176 occulti
2654 4124 2892 4177 haeretici
2908 4124 3228 4190 detegantur
3246 4144 3268 4189 ;
3286 4127 3536 4194 poterunt
3563 4123 3653 4174 isto
3691 4112 3809 4168 mdo,

2191 4214 2242 4265 si
2287 4211 2465 4264 eodem
2506 4213 2686 4265 animo
2733 4216 2888 4280 ﬁant,
2948 4218 3099 4267 casta
3146 4228 3257 4267 esse
3307 4206 3627 4278 adulteria]
3676 4201 3810 4259 Merito

384 4305 519 4355 sunt
551 4299 739 4370 potius
783 4313 958 4368 quam
1010 4298 1293 4362 fingamus
1324 4296 1624 4366 quidlibet,
1665 4300 1729 4349 ut
1782 4297 2084 4367 allegorice
2123 4285 2167 4339 D
2196 4315 2330 4354 sane
2360 4298 2647 4353 invehitur
2677 4301 3029 4370 Augustinus
3075 4301 3136 4354 in
3165 4318 3266 4354 eos
3296 4301 3395 4372 qui
3425 4298 3660 4369 improbe
3686 4291 3807 4345 simu-

383 4387 826 4458 simplicissimas
857 4385 1120 4439 historias
1144 4385 1607 4452 interpretemur.

453 4476 653 4530 Subdit
677 4474 1030 4544 Augustinus
1060 4489 1072 4526 :
1103 4473 1181 4525 De
1210 4472 1578 4526 obstetricibus
1607 4477 1786 4526 autem
1810 4473 1904 4539 (de
1957 4474 2082 4544 qui-

385 4565 490 4619 bus
517 4563 687 4617 Exod.
733 4579 770 4627 ι,
808 4563 894 4629 t6)
939 4561 1069 4628 quia
1107 4574 1197 4613 eas
1233 4575 1337 4612 non
1366 4563 1590 4628 possunt
1643 4560 1818 4614 dicere
1849 4563 2081 4630 prephe-

383 4655 486 4708 tico
528 4652 731 4720 spiritu
781 4649 1132 4717 signiﬁcandi
1162 4650 1344 4713 futuri
1379 4649 1496 4700 veri
1540 4650 1744 4715 gratia,
1776 4650 1931 4702 aliud
1984 4666 2083 4718 pro

381 4742 491 4795 alio
512 4739 850 4794 renuntiasse
869 4738 1174 4799 Pharaoni;
1196 4738 1412 4790 etiamsi
1428 4737 1663 4805 aliquid,
1685 4739 1820 4806 ipsis
1841 4740 2082 4792 nescien-

383 4831 541 4892 tibus,
573 4827 718 4898 quod
746 4842 844 4896 per
867 4841 955 4879 eas
982 4830 1159 4878 actum
1179 4829 1256 4878 est
1275 4826 1624 4892 signiﬁcavit,
1653 4841 1754 4894 pro
1779 4826 1959 4891 gradu
1987 4841 2082 4880 suo

380 4919 570 4974 dicunt
597 4916 929 4986 approbatas
953 4919 1002 4968 et
1028 4919 1395 4967 remuneratus
1444 4929 1478 4966 a
1521 4917 1642 4968 Deo.
1677 4915 1785 4980 Qui
1812 4917 1952 4968 enim
1987 4931 2081 4968 no-

381 5007 535 5062 cendi
560 5021 727 5062 causa
751 5004 972 5058 mentiri
994 5003 1156 5068 solet;
1185 5005 1236 5056 si
1253 5002 1374 5070 jam
1400 5002 1712 5056 consulendi
1737 5018 1901 5057 causa
1929 5020 2081 5057 men-

382 5099 570 5160 tiatur,
617 5095 845 5149 multum
882 5093 1133 5160 profecit.
1192 5091 1402 5143 Verum
1447 5091 1601 5160 quod
1646 5091 1792 5145 facto
1816 5092 2083 5146 obstetri-

381 5199 510 5237 cum
533 5183 749 5254 aliquid
778 5180 1160 5251 significatum
1204 5179 1285 5232 ait
1338 5178 1686 5248 Augustinus
1739 5195 1938 5234 eorum
1987 5197 2081 5234 no-

381 5271 536 5324 mine
557 5286 804 5340 quorum
843 5267 1187 5322 sententiam
1228 5266 1420 5331 refert,
1458 5265 1514 5319 id
1571 5267 1709 5336 quid
1741 5272 1842 5332 est,
1875 5273 2082 5336 praeter

381 5357 689 5412 somnium.
736 5358 794 5412 Si
831 5357 1055 5422 talibus,
1107 5371 1238 5426 qua:
1268 5354 1426 5407 omni
1452 5353 1943 5408 verisimilitudine
1981 5357 2080 5410 de-

381 5447 580 5501 stituta
615 5448 766 5509 sunt,
795 5445 1020 5513 pondus
1059 5444 1366 5510 tribuatur,
1399 5441 1536 5512 quid
1582 5442 1814 5496 tandem
1845 5443 2080 5499 habebi-

381 5541 474 5592 tur
495 5536 609 5590 leve
629 5534 658 5587 ?
689 5533 799 5587 Sed
829 5537 960 5586 sunt
989 5533 1165 5586 multa
1193 5547 1322 5602 quae
1353 5535 1408 5585 ct
1435 5530 1704 5585 dicuntur
1733 5535 1788 5584 et
1817 5538 2079 5601 repetun-

2195 4387 2391 4442 labant
2415 4403 2472 4440 se
2521 4402 2644 4441 esse
2693 4387 3166 4453 Priscillianistas,
3227 4394 3287 4442 ut
3317 4405 3416 4442 eos
3446 4402 3579 4458 quos
3605 4377 3808 4454 putabant

2196 4477 2477 4530 occultare
2508 4476 2657 4546 apud
2707 4477 2964 4531 animum
3020 4494 3189 4531 suum
3236 4477 3482 4531 haeresin
3526 4462 3802 4528 Priscilliani.

2192 4569 2534 4635 retegerent.
2592 4566 2812 4619 Etenim
2862 4566 3056 4620 animo
3108 4565 3352 4620 nocendi
3385 4562 3607 4619 miseris
3647 4551 3805 4612 Priscil-

2193 4654 2434 4708 lianistis
2464 4654 2569 4707 hoc
2598 4655 2792 4720 fiebat,
2834 4661 2898 4709 ut
2923 4671 3054 4708 eum
3085 4655 3155 4708 iis
3211 4654 3436 4725 legibus
3480 4655 3656 4707 contra
3679 4645 3803 4698 haere-

2192 4742 2332 4796 ticos
2379 4742 2505 4796 latis
2546 4749 2830 4813 ageretur.
2882 4744 3143 4798 Haeretici
3182 4749 3374 4797 autem
3422 4735 3645 4796 habendi
3677 4728 3802 4785 erant.

2191 4847 2256 4885 ex
2286 4831 2411 4901 lege
2439 4832 2662 4885 Arcadii
2691 4849 2842 4886 anno
2876 4835 2975 4886 395
3003 4834 3138 4898 lata,
3177 4835 3272 4902 qui
3318 4833 3401 4886 vel
3432 4832 3531 4884 levi
3567 4818 3803 4890 ανριιηδθπω

2191 4936 2225 4972 α
2237 4920 2452 4989 judicio
2495 4921 2771 4975 catholica:
2814 4922 3091 4988 religionis
3121 4926 3172 4976 et
3211 4923 3427 4974 tramite
3455 4915 3628 4973 detecti
3655 4905 3802 4989 fuerit“

2190 4988 2425 5062 deviare.
2461 5009 2554 5063 Est
2611 5009 2884 5080 vigesima
2924 5014 3119 5064 octava
3147 5010 3298 5064 tituli
3346 5013 3376 5063 5
3408 5008 3500 5062 lib.
3552 5019 3628 5057 xvr
3653 4988 3802 5051 codicis

2188 5093 2583 5149 Theodosiani.
2633 5095 2846 5150 Deinde
2894 5096 3138 5166 impium
3195 5097 3302 5150 fuit
3347 5094 3599 5148 simulare
3637 5102 3682 5139 se
3719 5089 3801 5131 esse

2191 5183 2680 5238 Priscillianistam
2720 5184 2789 5238 iis
2835 5184 2934 5255 qui
2963 5185 3265 5255 opiniones
3318 5176 3630 5239 Priscilliani
3657 5177 3799 5244 pravas

2189 5283 2307 5322 esse
2331 5271 2608 5339 putabant
2632 5288 2644 5337 ;
2670 5273 2866 5342 quales
2886 5289 3086 5326 revera
3102 5278 3281 5339 erant,
3305 5272 3350 5325 si
3379 5287 3458 5326 ea3
3486 5267 3682 5323 fuerunt
3712 5264 3798 5324 qua

2189 5373 2224 5411 a
2261 5358 2634 5429 scriptoribus
2687 5361 3080 5415 ecclesiasticis
3126 5362 3464 5415 scribuntur.
3513 5350 3712 5408 Noxium
3735 5353 3800 5393 ευ·

2188 5451 2304 5500 tem
2336 5447 2444 5502 fuit
2488 5448 2716 5502 veritati
2745 5454 2801 5504 et
2833 5450 3184 5504 contrarium
3223 5448 3421 5504 divinis
3460 5435 3714 5516 praeceptis
3736 5443 3796 5478 γε’

2189 5534 2418 5590 ritatem
2446 5535 2508 5590 in
2546 5551 2607 5591 re
2655 5538 2814 5608 gravi
2846 5554 2963 5593 non
2993 5538 3284 5611 profiteri:
3327 5553 3388 5591 ac
3438 5527 3652 5605 proinde
3676 5534 3728 5575 ne
3751 5530 3793 5567 εδ
