3920 6180
131 313 211 364 433
839 300 1197 357 VARIORUM
1240 303 1842 363 EXERCITATIONES
1880 308 1946 361 IN
1988 308 2045 361 S.
2086 308 2458 369 AUGUSTINI
2500 307 2752 363 OPERA.

3451 314 3557 365 43i

132 434 312 506 quidem
352 430 410 483 de
453 426 665 481 ratione
712 425 848 479 talia
903 426 1199 479 mendacia
1248 426 1482 482 innoxia
1544 429 1740 485 haberi
1772 434 1814 486 A
1853 429 2229 497 arrogantiam
2254 431 2527 496 fovebant,
2553 431 2843 497 apostolico
2865 434 3129 498 praecepto
3148 446 3253 484 non
3284 447 3392 485 esse
3433 448 3553 486 con-

319 524 387 571 nt.

319 528 387 571 nt.

132 528 314 679 pag?
336 609 410 669 18,
455 607 481 671 §
529 608 612 659 37.
647 605 956 674 Postquam
991 603 1251 674 quaesivit
1276 620 1348 658 an
1378 606 1529 675 patri
1559 623 1742 677 aegro-

127 697 232 751 tanti
272 694 328 747 sit
370 692 662 745 dicendum
708 691 892 745 filium
942 707 1062 745 esse
1110 696 1426 753 mortuum,
1477 710 1547 748 ne
1579 700 1744 764 pater

120 783 298 838 tristitia
337 780 619 844 moriatur,
666 780 859 833 subdit
900 796 912 833 :
945 782 1061 833 Huc
1093 781 1319 848 accedit,
1344 782 1440 834 ubi
1460 784 1741 837 miserabi-

119 871 197 925 lius
233 870 520 938 ejutandum
564 872 639 922 est
687 868 830 936 quod
862 871 911 921 si
952 868 1363 922 concesserimus
1415 886 1518 938 pro
1571 873 1743 926 salute

117 962 224 1014 illius
247 961 364 1025 agri
398 959 459 1011 de
486 961 599 1011 vita
629 959 733 1021 ﬁlii
747 958 861 1025 ejus
881 959 1052 1022 fuisse
1068 959 1452 1024 mentiendum,
1494 962 1573 1013 ita
1596 976 1734 1029 pau-

113 1050 225 1101 latim
263 1049 658 1115 minutatimque
699 1049 981 1099 succrescit
1029 1047 1123 1099 hoc
1158 1048 1383 1115 malum,
1414 1053 1464 1101 et
1494 1049 1740 1103 brevibus

110 1135 344 1189 accessibus
373 1136 445 1187 ad
493 1140 702 1187 tantum
757 1149 1004 1186 acervum
1031 1134 1434 1188 mendaciorum
1454 1138 1741 1190 scelerato-

108 1241 192 1275 rum
215 1225 387 1276 sensim
416 1221 772 1275 subintrando
802 1222 1139 1289 perducitur.
1164 1228 1224 1275 ut
1254 1239 1532 1291 nunquam
1567 1228 1742 1293 possit

105 1313 267 1380 penitus
305 1313 547 1377 inveniri,
587 1311 682 1363 ubi
724 1314 887 1364 tantae
930 1313 1073 1378 pesti
1116 1327 1213 1380 per
1251 1314 1479 1365 minima
1510 1313 1741 1367 addita-

103 1406 234 1452 menta
268 1402 318 1452 in
362 1402 675 1453 immensum
716 1400 1103 1453 convalescenti
1136 1403 1315 1469 possit
1345 1401 1552 1455 obsisti.
1584 1400 1740 1472 ]Sed

103 1488 197 1542 huic
233 1488 639 1541 mendaciorum
702 1488 966 1541 decursui
999 1488 1199 1541 modus
1230 1489 1392 1542 facile
1424 1490 1740 1561 imponitur

102 1577 149 1628 iis
172 1592 275 1645 qua:
302 1577 368 1630 ad
391 1576 745 1646 superiorem
778 1576 987 1629 librum
1008 1577 1329 1630 notavimus
1358 1597 1372 1643 ;
1402 1577 1467 1643 si,
1506 1594 1736 1648 nempe,

101 1680 334 1734 nunquam
366 1664 729 1730 mentiamur,
753 1664 863 1717 nisi
880 1664 975 1717 ubi
1008 1664 1368 1718 mendacium
1398 1665 1476 1719 ita
1506 1668 1739 1736 prodest

100 1753 240 1819 alicui,
276 1758 333 1807 ut
374 1770 677 1824 nunquam
722 1770 927 1807 nocere
958 1753 1075 1806 ulla
1104 1753 1164 1806 in
1202 1769 1264 1806 re
1292 1754 1490 1823 possit,
1524 1759 1579 1808 et
1608 1756 1733 1825 qui-

97 1842 191 1895 dem
216 1841 279 1894 ita
304 1846 362 1895 ut
391 1842 728 1895 necessitate
759 1857 824 1895 eo
847 1841 1217 1895 adducamur.
1245 1844 1319 1895 Ac
1347 1858 1479 1895 sane
1510 1842 1613 1912 pii,
1636 1844 1736 1914 qui

96 1930 330 1983 mendacio
376 1930 501 1984 utili
544 1934 604 1984 et
632 1928 947 1983 necessario
978 1928 1287 1999 aliquando
1319 1930 1407 1982 usi
1439 1935 1591 1999 sunt,
1623 1947 1735 1985 no—

95 2017 277 2070 luissent
324 2023 511 2071 tamen
588 2018 863 2087 pejerare,
940 2018 1339 2086 blasphemare
1414 2022 1512 2071 aut
1567 2017 1733 2088 quid-

94 2122 223 2175 quam
256 2107 392 2161 aliud
436 2108 628 2161 facere
670 2106 821 2176 quod
853 2105 1045 2160 divina
1082 2108 1206 2175 lege
1239 2105 1589 2176 prohibitum
1620 2106 1732 2172 sit;

94 2195 355 2265 multosque
404 2195 726 2250 etiamnum
771 2194 941 2248 hodie
1003 2194 1082 2248 sic
1135 2195 1367 2247 affectos
1413 2210 1533 2248 esse
1572 2199 1729 2265 puto.

94 2283 175 2335 Hoc
212 2284 391 2354 posito,
442 2289 724 2339 corruunt
770 2299 898 2354 quae
954 2283 1473 2354 paratragoediatur
1541 2287 1734 2336 orator

95 2372 300 2438 Numida,
356 2374 402 2427 si
449 2373 631 2426 semel
662 2372 1000 2426 concedatur
1029 2372 1339 2442 aliquando
1368 2372 1538 2424 licere
1564 2387 1730 2425 men-

93 2458 207 2512 dacio
231 2462 321 2527 uti,
352 2462 472 2515 fore
504 2465 572 2514 ut
602 2461 671 2515 ad
702 2460 954 2531 perjuria
984 2464 1041 2514 et
1084 2460 1488 2530 blasphemias,
1519 2460 1636 2514 imo
1677 2465 1733 2514 et

93 2548 140 2599 ad
176 2553 345 2619 stupra
383 2550 759 2604 deveniatur:
812 2566 943 2603 cum
999 2549 1121 2603 haec
1181 2549 1500 2618 proderunt
1558 2548 1627 2602 iis
1671 2548 1733 2602 in

95 2651 280 2703 quorum
303 2639 548 2708 gratiam
574 2637 966 2692 admittentur.
985 2638 1141 2691 Talia
1163 2636 1561 2693 contendimus
1583 2653 1731 2690 sem-

97 2739 162 2793 per
182 2742 282 2779 esse
310 2728 476 2793 mala,
520 2742 630 2779 nec
657 2742 912 2796 unquam
944 2742 1107 2797 posse
1145 2726 1437 2795 prodesse,
1490 2725 1729 2796 quicun-

94 2828 167 2880 que
204 2814 435 2883 tingatur
469 2830 637 2868 casus
668 2831 680 2879 ;
713 2830 818 2867 nec
843 2818 926 2867 est
954 2814 1213 2882 ejusdem
1243 2819 1463 2867 naturae
1496 2815 1729 2867 menda-

88 2901 198 2955 cium
236 2901 290 2956 in
333 2902 795 2958 indifferentibus
842 2902 1015 2956 situm
1059 2903 1249 2969 rebus,
1290 2919 1419 2971 quas
1446 2902 1514 2956 ad
1546 2903 1729 2955 virtu-

90 2993 171 3043 tem
195 2997 279 3044 aut
301 2992 604 3046 veritatem
634 2991 694 3043 in
726 3007 933 3060 genere
974 2995 1284 3059 spectatam
1313 2990 1455 3044 nihil
1480 2990 1720 3047 faciunt.

85 3082 133 3130 At
173 3078 401 3148 damnat,
459 3079 715 3149 inquies,
766 3079 1055 3148 Scriptura
1105 3080 1191 3132 uti
1239 3085 1526 3148 stuprum,
1566 3080 1645 3132 ita
1676 3084 1732 3132 et

86 3167 407 3223 mendacium.
475 3167 787 3233 Nimirum,
836 3167 1097 3232 noxium,
1156 3171 1212 3221 et
1268 3167 1423 3237 quod
1484 3166 1548 3220 ﬁt
1601 3166 1730 3219 ani-

85 3268 153 3306 mo
186 3257 443 3322 nocendi;
496 3272 636 3310 nam
689 3256 798 3309 hoc
847 3271 1073 3324 semper
1110 3259 1195 3308 est
1240 3254 1590 3308 contrarium
1621 3255 1730 3308 hu-

84 3356 224 3395 manas
243 3346 521 3398 societatis
550 3343 793 3413 legibus,
827 3344 1316 3414 quemadmodum
1361 3347 1417 3397 et
1444 3349 1725 3413 stuprum.

87 3429 290 3501 Exempli
340 3449 533 3499 causa,
594 3433 765 3486 verba
818 3434 1019 3501 psaltes
1066 3433 1207 3502 psal.
1257 3449 1310 3500 v,
1364 3435 1413 3497 6,
1453 3438 1505 3487 7.
1555 3433 1734 3487 Odisti

83 3533 216 3574 omnes
262 3526 351 3590 qui
391 3526 693 3591 operantur
730 3524 1116 3589 iniquitatem;
1168 3521 1358 3589 perdes
1403 3536 1579 3575 omnes
1637 3523 1735 3589 qui

84 3606 321 3675 loquuntur
368 3612 751 3676 mendacium;
796 3613 976 3664 virum
1024 3614 1351 3677 sanguinum
1397 3614 1446 3663 et
1491 3610 1730 3663 dolosum

82 3695 427 3755 abominabitur
479 3704 775 3759 Dominus:
809 3700 935 3769 quis
964 3699 1182 3753 dubitet
1214 3703 1465 3769 spectare
1494 3698 1729 3751 fraudu-

82 3783 250 3841 lentum
292 3789 679 3854 mendacium,
729 3788 786 3841 in
832 3788 1242 3841 detrimentum
1299 3787 1731 3858 perniciemque

82 3870 277 3929 aliorum
305 3876 691 3948 excogitatum
712 3877 741 3928 ‘?
771 3876 980 3929 Verum
1000 3875 1123 3927 haec
1146 3873 1281 3927 satis
1313 3889 1619 3944 superque.

553 4008 1131 4064 ANIMADVERSION
1141 4007 1216 4061 ES

347 4134 399 4170 IN
440 4131 646 4171 LIBRUM
686 4132 753 4168 DE
794 4132 967 4169 OPERE
1008 4130 1398 4169 MONACHORUM.

128 4229 310 4285 Notum
349 4237 433 4286 est
457 4248 565 4303 per
594 4231 884 4285 Orientem
932 4246 1149 4299 perque
1178 4228 1444 4295 Africam,
1480 4228 1579 4282 ubi
1607 4227 1725 4298 pri-

1855 520 2050 570 traria.
2113 517 2360 571 Candide
2417 534 2575 585 sane,
2622 534 2725 571 nec
2758 524 2997 587 possunt
3030 534 3145 571 non
3175 519 3419 580 laudari,
3454 520 3555 589 qui

1852 604 2157 674 Augustini
2188 610 2603 675 prmceptorum
2636 622 2920 659 memores
2948 606 3265 660 bonestiori
3294 608 3474 660 multo
3498 612 3555 661 et

1856 692 2032 746 animi
2063 697 2118 745 et
2148 692 2403 761 corporis
2442 692 2623 745 labori
2654 708 2888 763 operam
2928 693 3203 747 dederunt
3230 713 3244 759 ;
3294 693 3552 764 intelligo

1853 780 2132 834 editiones
2167 782 2419 848 Patrum,
2452 797 2591 850 quas
2622 796 2828 850 magno
2852 782 3039 834 studio
3080 787 3371 835 curarunt.
3410 784 3552 836 Nam

1852 869 2080 923 tametsi
2110 886 2177 923 eo
2210 870 2406 922 labore
2430 869 2644 923 victum
2676 870 2783 922 sibi
2814 886 2927 922 non
2959 876 3365 941 conpararunt,
3397 871 3550 940 quod

1852 974 1919 1011 ex
1949 958 2179 1028 prtediis
2211 962 2266 1011 et
2294 957 2608 1010 latifundiis
2639 962 2726 1010 sat
2747 959 2965 1028 amplos
2986 959 3202 1011 fructus
3234 958 3552 1028 percipiant

1851 1047 2056 1117 quibus
2109 1062 2228 1099 sese
2266 1050 2605 1113 sustentant,
2655 1050 2907 1099 attamen
2947 1047 3209 1099 omnibus
3259 1047 3417 1116 digni
3446 1047 3551 1100 visi

1852 1140 1986 1187 sunt
2033 1135 2131 1205 qui
2184 1135 2253 1188 iis
2294 1134 2643 1199 fruerentur,
2676 1134 3003 1205 quicunque
3038 1134 3371 1188 litterariam
3398 1152 3557 1188 rem-.

1848 1210 2138 1293 publicam
2190 1224 2268 1276 ita
2307 1225 2617 1293 juverunt;
2660 1228 2715 1276 et
2758 1222 3076 1293 praesertim
3123 1224 3353 1292 quidem
3385 1225 3423 1276 ii
3451 1224 3550 1294 qui

1850 1313 2178 1365 monasticae
2198 1312 2486 1365 modestize
2518 1328 2799 1365 memores
2822 1312 3069 1381 probum
3100 1312 3389 1365 neminem
3426 1329 3549 1366 mo-

1850 1400 2206 1465 morderunt,
2244 1402 2377 1454 dum
2412 1401 2481 1454 de
2532 1401 2797 1454 omnibus
2828 1401 2973 1453 bene
3002 1400 3211 1453 mereri
3240 1400 3416 1453 videri
3444 1417 3546 1454 vo-

1848 1488 1996 1541 lunt.
2052 1488 2159 1541 Sed
2207 1488 2347 1558 quid
2390 1487 2490 1541 ﬁat
2537 1492 2620 1542 tot
2661 1488 2802 1540 fucis
2834 1492 2889 1541 et
2919 1487 3212 1551 mendicis,
3249 1488 3316 1541 de
3340 1487 3550 1557 quibus

1850 1577 2113 1630 Erasmus
2168 1576 2230 1629 in
2282 1576 2635 1629 dedicatione
2683 1577 2753 1629 ad
2800 1576 3148 1629 cardinalem
3194 1578 3551 1630 Fonsecam‘?

1848 1664 1892 1717 li
1945 1682 2079 1718 sane
2123 1665 2317 1734 legant
2365 1670 2419 1717 et
2459 1665 2717 1735 relegant
2744 1664 2851 1717 hoc
2881 1681 3024 1733 opus
3052 1666 3379 1734 Augustini,
3412 1670 3475 1720 ut
3502 1666 3549 1719 si

1775 1732 1816 1785 Β
1849 1752 2072 1806 erudito
2130 1753 2323 1806 labore
2379 1752 2487 1805 sibi
2545 1753 2614 1806 de
2672 1752 3003 1806 necessariis
3069 1753 3397 1822 prospicere
3447 1771 3546 1807 ne-

1847 1846 2083 1911 queant,
2142 1845 2237 1894 aut
2295 1841 2454 1911 digni
2493 1858 2611 1895 esse
2642 1841 2850 1911 quibus
2880 1841 2949 1894 ab
2985 1840 3110 1894 aliis
3140 1841 3541 1910 prospiciatur,

1846 1946 2124 1983 manuum
2154 1945 2389 1983 suarum
2407 1946 2577 1999 opera
2606 1930 2751 1982 hanc
2790 1929 2851 1982 in
2880 1945 3001 1982 rem
3033 1934 3292 1983 utuntur.

2376 2018 3027 2072 ANIMADVERSIONES

2202 2123 2254 2159 IN
2286 2123 2487 2160 LIBRUM
2522 2124 2588 2159 DE
2628 2123 2764 2160 CURA
2806 2123 2905 2160 PRO
2935 2122 3183 2160 MORTUIS.

1916 2196 2047 2266 Cap.
2084 2198 2132 2261 l,
2168 2194 2194 2264 ἓ
2226 2197 2278 2247 2,
2314 2197 2539 2249 Prolato
2570 2196 2691 2248 loco
2714 2196 2761 2248 Il
2790 2196 2916 2248 Cor.
2948 2212 3000 2260 ν,
3038 2197 3121 2255 10.
3156 2193 3255 2248 ubi
3287 2193 3366 2247 ita
3382 2195 3540 2264 Apo—

1843 2284 2051 2337 stolus:
2105 2284 2293 2338 Omnes
2345 2287 2483 2337 enim
2539 2285 2836 2338 astabimus
2885 2289 3008 2337 ante
3046 2284 3288 2337 tribunal
3313 2284 3536 2349 Christi,

1840 2376 1901 2425 ut
1948 2374 2095 2438 ferat
2138 2376 2509 2442 unusquisque
2538 2374 2828 2427 secundum
2859 2389 2922 2427 ea
2947 2389 3064 2442 quae
3084 2389 3180 2441 per
3209 2387 3399 2441 corpus
3428 2388 3541 2440 ges-

1840 2462 1932 2525 sit,
1960 2463 2069 2514 sive
2109 2461 2319 2527 bonum,
2345 2464 2457 2515 sive
2482 2463 2711 2527 malum;
2763 2478 2831 2514 ex
2877 2478 2989 2531 quo
3020 2461 3375 2530 singulorum
3410 2466 3541 2531 post

1842 2555 2086 2602 mortem
2149 2555 2361 2603 sortem
2408 2566 2641 2619 prorsus
2697 2549 2949 2619 pendere
2993 2566 3058 2602 ex
3088 2553 3358 2602 anteactae
3410 2548 3538 2600 vitae

1842 2637 2060 2690 ratione
2106 2637 2303 2707 liquet,
2351 2638 2505 2691 unde
2551 2639 2898 2707 sequebatur
2935 2652 3131 2706 preces
3164 2653 3269 2705 pro
3299 2635 3541 2688 mortuis

1839 2725 2037 2779 inanes
2070 2742 2211 2791 esse,
2246 2727 2325 2779 sic
2372 2726 2681 2795 respondet
2726 2724 3111 2795 Augustinus:
3166 2727 3286 2778 Hzec
3317 2726 3399 2776 ita
3426 2724 3539 2776 sol—

1838 2816 1987 2867 vitur
2017 2818 2261 2882 quaestio,
2289 2817 2545 2883 quoniam
2576 2814 2811 2881 quodam
2831 2816 2957 2866 vitae
2988 2827 3178 2880 genere
3207 2813 3537 2878 acquiritur,

1840 2902 1968 2955 dum
1988 2905 2045 2955 in
2072 2905 2165 2957 hoc
2192 2918 2414 2971 corpore
2438 2905 2659 2965 vivitur,
2695 2908 2755 2955 ut
2778 2901 2992 2970 aliquid
3016 2901 3274 2969 adjuvent
3304 2901 3411 2952 ista
3439 2899 3539 2951 de-

1839 2992 2090 3057 functos;
2137 3007 2197 3044 ac
2233 3007 2333 3059 per
2378 2992 2491 3056 hoc,
2525 2991 2818 3045 secundum
2842 3006 2905 3043 ea
2935 3006 3052 3057 qua:
3076 3005 3172 3057 per
3199 3004 3390 3057 corpus
3424 3002 3537 3055 ges.

1839 3083 2044 3143 serunt,
2069 3082 2143 3132 eis
2175 3095 2292 3147 quae
2320 3084 2439 3147 post
2469 3094 2661 3148 corpus
2692 3081 2937 3147 religiose
2962 3094 3062 3148 pro
3094 3078 3207 3131 illis
3228 3080 3381 3143 facta
3416 3078 3539 3142 fue-

1836 3170 1952 3220 rint
2000 3168 2355 3235 adjuvantur.
2399 3167 2506 3221 Sed
2559 3168 2746 3221 locum
2796 3167 3049 3237 aliquem
3078 3166 3409 3235 Scriptura},
3443 3171 3541 3218 aut

1835 3255 2244 3309 revelationem
2282 3260 2495 3309 certam
2542 3256 2688 3308 hanc
2734 3255 2795 3308 in
2829 3272 2951 3309 rem
2980 3254 3225 3324 proferri
3252 3252 3535 3324 oportuit;

1837 3344 1936 3415 qui
1984 3344 2138 3397 enim
2183 3349 2350 3397 norat
2391 3344 2744 3413 Augustinus
2774 3344 2879 3397 hoc
2908 3344 3052 3397 velle
3083 3345 3283 3408 Deum,
3317 3346 3380 3395 ut
3408 3357 3536 3410 pre-

1836 3449 1926 3486 ces
1989 3432 2245 3487 Ecclesia:
2302 3432 2523 3503 prosint
2554 3436 2681 3502 post
2737 3436 2981 3485 mortem
3036 3431 3537 3496 nonnullis;cum

1838 3522 2015 3576 altum
2070 3521 2143 3575 sit
2201 3537 2266 3574 ea
2308 3521 2376 3575 de
2421 3538 2482 3575 re
2525 3520 2839 3586 silentium,
2891 3524 2945 3574 et
2994 3520 3206 3590 ubique
3253 3519 3319 3572 ad
3352 3534 3537 3571 mores

1836 3610 2154 3681 praeteritos
2180 3610 2430 3664 defuncti
2460 3626 2581 3663 sors
2627 3609 2747 3679 ejus
2778 3612 2907 3678 post
2938 3612 3179 3661 mortem
3208 3607 3488 3660 referatur
3508 3605 3538 3657 ‘P

1839 3699 1965 3751 Non
2015 3698 2171 3752 enim
2224 3698 2357 3751 satis
2410 3702 2495 3751 est
2532 3702 2595 3750 ut
2624 3697 2805 3767 possit
2833 3697 2937 3749 hoc
2965 3695 3125 3761 ﬁeri;
3161 3711 3332 3765 quam
3360 3693 3539 3746 multa

1836 3787 1990 3841 enim
2022 3789 2169 3841 Deus
2200 3803 2316 3840 non
2348 3788 2485 3853 vult,
2519 3802 2646 3855 quas
2678 3785 2955 3855 potuisset
2990 3784 3132 3837 velle
3153 3783 3179 3835 ?
3209 3784 3346 3837 Sunt
3375 3784 3535 3847 enim,

1836 3875 2044 3945 inquit,
2089 3891 2221 3944 quos
2256 3877 2399 3928 nihil
2446 3876 2657 3928 omnino
2693 3875 2961 3943 adjuvant
2986 3875 3093 3925 ista
3122 3870 3404 3940 (Ecclesiae
3432 3884 3536 3939 pro

1834 3963 1903 4016 iis
1947 3962 2227 4018 defunctis
2256 3962 2727 4033 deprecationes},
2760 3964 2872 4015 sive
2902 3975 3001 4029 pro
3033 3961 3105 4011 iis
3145 3962 3281 4026 ﬁant
3309 3972 3537 4024 quorum

1839 4057 1949 4105 tam
1995 4054 2141 4105 mala
2190 4054 2318 4104 sunt
2350 4052 2562 4116 merita,
2592 4054 2654 4101 ut
2682 4064 2851 4116 neque
2880 4047 3081 4100 talibus
3110 4046 3267 4113 digni
3295 4048 3406 4098 sint
3434 4044 3535 4097 ad-

1830 4141 2059 4209 juvari;
2104 4141 2216 4192 sive
2264 4154 2361 4206 pro
2416 4141 2491 4191 eis
2521 4152 2750 4206 quorum
2796 4141 2909 4188 tam
2932 4135 3090 4202 bona,
3118 4138 3177 4186 ut
3209 4132 3408 4186 talibus
3430 4146 3537 4184 non

1836 4228 2117 4294 indigeant
2164 4228 2513 4294 adjumentis.
2554 4225 2703 4278 Nihil
2728 4223 2936 4288 verius,
2975 4238 3108 4275 nam
3153 4237 3297 4291 quos
3341 4223 3535 4289 aperte

73 4330 200 4370 mum
235 4320 486 4390 ingentia
513 4319 930 4373 monachorum
970 4318 1231 4371 examina
1262 4334 1382 4371 esse
1410 4320 1724 4387 coeperunt,
1766 4314 1809 4369 D
1838 4314 2112 4370 da'mnant
2158 4316 2310 4385 leges
2361 4313 2728 4383 Evangelicaz,
2761 4311 2801 4364 ii
2845 4314 3080 4381 propter
3114 4324 3308 4379 preces
3337 4323 3537 4376 super:

74 4402 205 4458 initio
233 4424 323 4461 eos
352 4410 409 4463 in
440 4408 852 4463 solitudinibus
882 4407 998 4460 suis
1019 4407 1282 4461 manibus
1326 4406 1634 4470 laborasse,
1669 4409 1729 4457 ut

73 4496 267 4549 tenuem
291 4499 496 4551 saltem
526 4497 737 4550 victum
768 4496 876 4551 sibi
914 4498 1330 4566 compararent.
1378 4495 1483 4547 Sed
1515 4510 1643 4546 cum
1671 4494 1729 4547 in

73 4582 543 4657 urbesirrumpere
564 4590 878 4654 coeperunt,
914 4585 1264 4647 maluerunt,
1285 4583 1478 4635 labore
1500 4582 1596 4634 illo
1624 4583 1729 4635 cel-

72 4666 241 4725 lulario
295 4675 528 4739 omisso,
568 4690 635 4727 ex
680 4672 1063 4726 oblationibus
1104 4670 1505 4741 religiosorum
1539 4670 1727 4723 homi-

72 4771 183 4812 num
216 4762 425 4827 vivere;
477 4779 544 4816 ex
582 4762 791 4834 quibus
834 4761 1086 4827 tandem,
1126 4764 1191 4813 ut
1218 4758 1496 4825 videmus,
1544 4758 1729 4810 maxi-

71 4859 167 4897 mas
204 4866 332 4919 opes
374 4851 482 4905 sibi
524 4850 863 4915 conﬂarunt,
920 4847 1236 4918 praesertim
1270 4846 1618 4917 antiquiores
1645 4862 1730 4898 or-

68 4929 215 4987 dines.
248 4938 453 4993 Contra
479 4939 647 4993 hosce
694 4938 954 4992 homines
991 4937 1100 4990 hoc
1140 4937 1501 5008 opusculum,
1525 4938 1731 5005 rogatu

66 5018 246 5076 Aurelii
293 5026 773 5097 Carthaginiensis
854 5025 1122 5097 episc0pi,
1183 5024 1408 5094 scripsit
1460 5022 1727 5094 Augusti-

67 5121 180 5176 nus;
210 5115 364 5183 cujus
411 5120 812 5187 argumentum
856 5114 1072 5185 optime
1106 5116 1509 5183 expresserunt
1537 5128 1731 5166 mona-

68 5196 138 5249 chi
166 5201 522 5260 Benedictini.
572 5208 833 5271 Primum,
885 5204 1178 5275 inquiunt,
1212 5204 1546 5258 demonstrat
1580 5204 1728 5270 Apo-

68 5287 227 5342 stolum
266 5292 475 5346 dedisse
512 5297 685 5349 servis
734 5296 829 5348 Dei
866 5298 1193 5362 prmeeptum
1238 5296 1289 5344 et
1308 5292 1609 5358 exemplum
1630 5293 1729 5355 fa-

69 5374 214 5429 Ciendi
242 5384 413 5447 operis
442 5384 755 5451 corporalis,
789 5398 892 5450 quo
913 5385 1112 5436 victum
1141 5382 1453 5435 etvestitum
1473 5380 1730 5447 sibipro-

68 5473 303 5523 curarent.
358 5471 563 5525 Deinde
610 5471 843 5526 ostendit
904 5471 1210 5536 evangelica
1264 5470 1363 5522 illa
1438 5471 1726 5536 praecepta,

70 5552 185 5605 unde
212 5570 365 5612 suam
391 5561 634 5615 monachi
665 5561 751 5615 illi
776 5575 883 5615 non
919 5560 1091 5615 solum
1132 5558 1417 5623 desidiam,
1448 5556 1541 5610 sed
1569 5557 1731 5610 etiam

1837 4406 2033 4459 stitum
2074 4404 2283 4457 servari
2309 4407 2643 4474 nequeunt;
2675 4405 2730 4454 et
2758 4416 2901 4470 quos
2932 4402 3123 4469 aperte
3154 4401 3402 4450 servatos
3431 4411 3534 4449 vo-

1840 4494 1986 4557 lunt,
2020 4492 2060 4545 ii
2098 4508 2215 4545 non
2240 4492 2430 4545 minus
2461 4490 2857 4554 servabuntur,
2890 4488 2936 4541 si
2965 4490 3187 4540 taceant
3207 4485 3537 4556 superstites

1838 4598 2012 4652 quam
2069 4580 2116 4634 si
2162 4585 2342 4634 orent.
2398 4580 2502 4634 Sed
2548 4579 2737 4649 judice
2794 4576 3133 4646 Augustino,
3178 4580 3312 4627 sunt
3361 4573 3538 4626 medii

1838 4669 2072 4740 quidam
2122 4670 2346 4738 generis
2392 4668 2600 4738 quibus
2653 4670 2894 4736 prosunt
2922 4681 3119 4734 preces
3149 4662 3445 4727 Ecclesiae;
3480 4666 3538 4716 at

1837 4759 1945 4812 hoc
1976 4757 2335 4828 probandum
2362 4756 2415 4809 ei
2446 4756 2573 4822 fuit,
2605 4771 2737 4809 nam
2768 4756 2947 4808 Deum
2978 4769 3140 4807 orare
3170 4757 3237 4805 ut
3263 4751 3332 4803 iis
3371 4750 3534 4819 igno-

1838 4850 1954 4899 scat
2000 4845 2067 4899 de
2111 4845 2319 4915 quibus
2366 4843 2507 4897 nihil
2551 4842 2838 4913 promisit,
2873 4847 2957 4895 est
2994 4840 3165 4895 verba
3189 4838 3446 4908 perdere,
3479 4841 3537 4889 et

1836 4934 2069 4987 fortasse
2117 4931 2290 4985 etiam
2339 4948 2469 4985 eum
2523 4932 2836 4995 olfendere,
2897 4931 2996 5000 qui
3037 4929 3146 4983 coli
3176 4928 3296 4980 vult
3326 4939 3441 4978 non
3471 4929 3536 4977 ut

1836 5021 2169 5076 hominibus
2216 5020 2458 5087 videtur,
2506 5020 2602 5074 sed
2645 5025 2709 5073 ut
2753 5020 2875 5090 ipse
2905 5018 3101 5089 jussit.
3136 5015 3313 5068 Affert
3339 5018 3533 5065 tamen

1836 5114 2035 5179 postea
2088 5109 2466 5179 Hipponensis
2509 5108 2808 5178 episcopus
2854 5109 3041 5161 locum
3081 5102 3253 5157 Much.
3304 5116 3398 5161 xu.
3440 5101 3530 5165 43,

1839 5203 1896 5251 et
1951 5201 2010 5251 in
2049 5198 2498 5264 Machabaeorum,
2551 5198 2762 5267 inquit,
2810 5197 2965 5251 libris
3024 5193 3249 5259 legimus
3296 5190 3534 5243 oblatum

1835 5302 1936 5356 pro
1990 5290 2215 5341 mortuis
2266 5289 2608 5355 sacriﬁcium.
2644 5286 2763 5345 ,Sed
2819 5282 2919 5337 ubi
2968 5283 3058 5334 lex
3094 5278 3231 5333 talia
3260 5276 3535 5331 sacriﬁcia

1834 5376 2021 5447 jussit,
2071 5381 2169 5430 aut
2216 5376 2311 5430 ubi
2357 5377 2504 5429 Deus
2548 5391 2607 5428 se
2645 5369 2958 5427 adinventis
2986 5368 3054 5422 ab
3086 5366 3415 5421 hominibus
3446 5383 3534 5419 sa-

1839 5466 1947 5519 cris
1976 5465 2288 5536 prepitium
2318 5464 2438 5518 fore
2466 5459 2778 5532 promisit?
2815 5459 3127 5527 Nusquam.
3156 5456 3280 5523 Sed,
3320 5453 3529 5524 inquit,

1838 5561 1887 5608 et
1924 5557 1975 5608 si
2016 5568 2283 5622 nusquam
2313 5556 2371 5607 in
2410 5551 2705 5619 Scripturis
2754 5547 3016 5601 veteribus
3062 5545 3223 5614 (adde
3252 5547 3308 5599 et
3352 5543 3533 5611 novis)
