3884 6178
332 289 437 342 435

1345 283 1905 338 SUPPLEMENTUM
1945 283 2036 338 AD
2075 282 2310 338 OPERA
2348 284 2402 339 S.
2445 283 2835 340 AUGUSTINI.
3679 298 3759 350 436

337 409 550 462 omnino
607 409 888 476 legeretur,
939 421 1045 460 non
1077 421 1258 476 parva
1296 409 1373 459 est
1433 408 1699 460 universae
1765 406 2031 472 Ecclesiae,
2073 408 2116 461 A
2151 409 2288 463 Sunt
2316 410 2455 462 enim
2482 410 2580 478 qui
2605 423 2720 462 eam
2748 407 2994 463 tribuant
3021 407 3228 462 viribus
3243 411 3514 469 voluntatis
3530 415 3761 490 lhumana,

339 514 458 567 quae
491 501 549 551 in
597 498 696 550 hac
728 496 1110 551 consuetudine
1150 496 1336 560 claret,
1370 497 1691 562 auctoritas,
1715 495 1810 548 ubi
1832 497 1891 549 in
1914 512 2037 564 prc-

340 588 490 641 cibus
515 586 807 641 sacerdotis
839 599 956 652 quae
981 586 1195 637 Domino
1213 586 1318 637 Deo
1349 583 1422 636 ad
1451 584 1567 652 ejus
1593 585 1768 637 altare
1789 583 2040 649 fundun-

341 681 450 742 tur,
472 677 641 729 locum
669 689 826 728 suum
855 673 1013 726 habet
1042 674 1207 726 etiam
1247 672 1635 726 commendatio
1673 677 2028 726 mortuorum.

339 768 413 818 At
438 763 567 835 quis
619 762 888 816 docuerat
923 761 1304 831 Augustinum
1339 778 1372 814 a
1408 760 1763 831 temporibus
1797 761 2039 831 Aposto-

341 853 527 907 lorum
558 851 741 903 nullas
770 865 972 920 pravas
1001 849 1304 919 opiniones
1333 865 1398 903 ac
1445 849 1885 903 consuetudines
1911 865 2038 902 sen-

341 938 449 991 sim
504 937 757 1007 irrepere
803 936 1100 1007 potuisse?
1147 937 1383 992 Nullum
1433 938 1533 992 Dei
1574 937 1783 1008 legitur
1811 937 1956 990 hanc
1980 937 2041 989 in

339 1041 463 1080 rem
493 1025 883 1095 promissum;
939 1025 1258 1096 eademque
1314 1030 1400 1080 est
1449 1025 1594 1080 ratio
1640 1025 1946 1079 hominum
1980 1024 2042 1078 in

339 1114 757 1185 rempublicam
784 1113 1240 1183 ecclesiasticam,
1274 1131 1336 1168 ac
1365 1114 1426 1168 in
1445 1114 1670 1168 civilem
1689 1113 2040 1182 coeuntium,

340 1217 446 1255 nec
483 1202 543 1255 in
571 1203 738 1266 hanc,
772 1203 955 1272 magis
986 1218 1160 1273 quam
1199 1203 1259 1256 in
1295 1205 1554 1268 alteram,
1604 1203 1772 1257 malae
1802 1218 2042 1256 consue—

339 1291 567 1344 tudines
623 1291 834 1344 sensim
887 1291 1141 1360 irrepere
1195 1296 1456 1361 possunt.
1515 1292 1674 1356 Quod
1719 1307 1785 1345 eo
1825 1291 2044 1345 facilius

342 1380 606 1449 contigit,
639 1380 792 1450 quod
831 1397 962 1434 cum
1005 1380 1344 1451 quibusdam
1378 1380 1889 1434 consuetudinibus
1919 1395 2042 1432 ma-

344 1483 525 1537 gnum
571 1473 626 1521 et
669 1472 887 1521 certum
923 1469 1150 1522 lucrum
1181 1469 1693 1523 ecclesiasticarum
1726 1472 1873 1523 esset
1902 1484 2038 1522 con-

338 1557 647 1627 junctum;
702 1556 884 1610 dualis
931 1560 1016 1610 est
1069 1556 1393 1627 deprecatio
1453 1574 1559 1628 pro
1606 1557 1867 1626 mortuis,
1915 1572 2044 1627 quae

345 1662 498 1699 nunc
544 1661 752 1716 magno
781 1661 913 1706 tere,
945 1661 1049 1716 per
1081 1650 1266 1700 totum
1302 1647 1687 1716 Occidentem,
1717 1646 2038 1702 redimitur.

347 1735 426 1788 De
476 1733 696 1804 origine
743 1749 980 1803 precum
1026 1750 1130 1804 pro
1171 1735 1416 1789 mortuis
1463 1735 1591 1790 vide
1628 1738 1792 1792 Joan.
1828 1736 2044 1790 Fellum

345 1823 418 1876 ad
446 1823 608 1892 epist.
648 1827 666 1875 1
696 1821 983 1892 Cypriani.

705 1927 1053 1981 DESIDERII
1082 1928 1338 1983 ERASMI
1373 1928 1693 1984 CENSURA

833 2042 886 2079 IN
927 2042 1129 2079 LIBRUM
1168 2043 1235 2079 DE
1276 2040 1576 2081 PATIENTIA.

423 2131 729 2202 Augustini
759 2147 877 2185 non
906 2147 1027 2186 esse
1053 2131 1278 2202 phrasis
1307 2132 1518 2203 arguit,
1567 2146 1890 2202 congruens
1920 2145 2052 2184 cum

355 2237 422 2274 ea
471 2236 647 2290 quam
692 2220 909 2275 habent
953 2219 1133 2274 libelli
1183 2220 1526 2290 superiores.
1563 2221 1668 2276 Sed
1703 2219 1828 2274 vide
1863 2219 1928 2273 de
1954 2220 2053 2273 hac

350 2310 590 2365 Censura
630 2309 1066 2364 Admonitionem
1111 2310 1236 2364 huic
1275 2310 1411 2364 libro
1451 2309 1518 2363 ab
1560 2309 1857 2364 editoribus
1886 2311 2053 2363 Pari—

352 2396 618 2451 siensibus
643 2399 952 2466 praeﬁzam.
987 2398 1274 2465 (Peneum)

884 2502 1532 2558 ANIMADVERSIONES

924 2618 980 2654 IN
1011 2617 1230 2655 EUMDEM
1262 2617 1480 2655 LIBRUM.

428 2709 562 2778 Cap.
611 2711 698 2769 15,
745 2708 772 2774 §
816 2709 899 2762 12.
954 2707 1060 2762 Sed
1098 2723 1227 2760 vera
1265 2709 1556 2776 patientia,
1606 2721 1726 2776 quae
1770 2704 1935 2774 hujus
1977 2708 2055 2758 est

353 2799 567 2851 nomine
605 2797 774 2862 digna
809 2797 1050 2862 virtutis,
1084 2795 1448 2864 quaeremdum
1482 2800 1559 2849 est
1596 2794 1738 2848 unde
1784 2797 2051 2848 sumatur.

430 2922 505 2993 (a)
532 2921 813 2986 Quoniam
862 2921 1216 2993 Benedictini
1257 2938 1475 2987 omnes,
1530 2922 1697 2975 hosce
1743 2934 2056 2993 sermones,

358 2989 607 3066 quorum
661 2993 949 3064 plerisque
997 2994 1022 3038 Θ
1071 2992 1393 3064 praeﬁxerat
1457 2994 1740 3058 Erasmus,
1813 2989 2058 3059 exceptis

2147 513 2253 550 non
2291 512 2426 566 quas
2458 498 2615 552 habet
2643 512 2710 550 ea:
2748 497 2931 551 divino
2965 497 3260 565 adjutorio,
3284 501 3372 554 sed
3399 517 3521 570 quas
3549 522 3607 559 ca:
3635 509 3766 565 libero

2149 583 2397 639 arbitrio.
2425 583 2446 657 ]
2481 586 2557 639 Ex
2587 601 2700 656 quo
2730 585 3084 656 Augustinus
3113 593 3352 656 coeperat
3370 605 3488 645 cum
3514 593 3770 653 Donatistis

2149 678 2206 727 et
2254 673 2572 745 Pelagianis
2633 673 2956 745 digladiari,
3003 689 3100 728 eos
3163 681 3401 746 εὑκαίρως,
3429 684 3632 750 ἀκαίρως,
3671 686 3770 740 ubi-

2149 778 2262 833 que
2311 762 2642 833 aggreditur
2672 767 2727 815 et
2772 762 3096 824 insectatur,
3147 762 3317 818 etiam
3346 765 3439 818 ubi
3467 766 3630 823 simile
3661 773 3776 828 nihil

2150 860 2542 921 exspectares:
2585 851 3074 921 quemadmodum
3122 850 3314 905 Cicero
3364 853 3673 911 Catilinariae
3715 861 3777 915 fa-

2150 939 2354 993 ctionis
2397 939 2689 1010 reliquias.
2745 942 2822 993 Ac
2875 956 3009 993 sane
3056 938 3218 993 facile
3259 945 3410 1008 erat;
3439 959 3565 997 nam
3599 962 3781 1018 semper

2151 1028 2351 1083 eadem
2405 1028 2836 1097 repetebantur,
2871 1029 3184 1099 eademque
3211 1028 3420 1083 invidia
3455 1031 3655 1087 miseris
3681 1052 3782 1090 con-

2151 1117 2411 1171 ﬂabatur.
2457 1117 2546 1171 Sic
2601 1117 2692 1170 hic
2726 1104 2821 1171 vita
2857 1117 3159 1187 distinguit
3202 1117 3525 1186 adjutorium
3554 1121 3662 1189 Dei,
3688 1140 3713 1175 a
3735 1126 3782 1176 li-

2154 1206 2274 1259 bero
2297 1206 2546 1271 arbitrio,
2573 1205 2736 1276 quasi
2765 1206 2870 1260 hoc
2895 1222 3127 1276 quoque
3168 1221 3287 1259 non
3315 1210 3454 1260 esset
3480 1207 3673 1263 donum
3691 1211 3782 1277 Dei,

2152 1293 2389 1348 minime
2428 1294 2698 1364 patientis
2727 1293 3021 1348 hominem
3056 1293 3116 1347 in
3145 1293 3574 1349 immedicabilia
3599 1313 3789 1367 prorsus

2152 1383 2288 1436 vitia
2331 1381 2601 1447 incidere,
2644 1382 2781 1453 quia
2825 1381 3101 1437 beneﬁcio
3130 1382 3460 1436 facultatum
3491 1399 3522 1437 a
3543 1385 3644 1439 Deo
3670 1402 3791 1439 acce-

2153 1479 2380 1542 ptarum
2421 1487 2645 1542 semper
2690 1475 2876 1542 potest
2920 1471 3093 1525 homo
3146 1487 3234 1538 ea,
3283 1471 3330 1524 si
3380 1487 3493 1525 non
3538 1473 3720 1541 subito,
3752 1480 3794 1528 at

2153 1558 2366 1613 sensim
2390 1559 2635 1614 vincere.
2668 1561 2751 1614 Ita
2781 1559 3021 1614 infamat
3055 1560 3410 1631 Pelagianos,
3457 1561 3611 1632 quasi
3661 1578 3797 1631 nega-

2154 1654 2282 1703 rent
2309 1649 2739 1719 implorandum
2770 1649 3048 1703 auxilium
3091 1649 3369 1716 divinum,
3405 1666 3532 1704 cum
3559 1666 3611 1704 se
3636 1649 3688 1704 id
3711 1651 3795 1704 im-

2155 1738 2381 1808 plorare
2422 1739 2847 1808 protiterentur,
2887 1743 3058 1809 atque
3100 1755 3167 1792 ex
3206 1737 3463 1792 doctrina
3491 1755 3585 1792 sua
3611 1740 3799 1792 omnino

2157 1826 2450 1881 deberent.
2499 1826 2605 1880 Sed
2637 1827 2759 1880 haec
2811 1825 2945 1880 alibi
2985 1827 3106 1897 jam
3156 1827 3472 1897 attigimus,
3523 1831 3575 1880 et
3611 1827 3799 1880 fertasse

2159 1913 2446 1984 copiosius
2481 1914 2869 1969 commodiore
2914 1915 3035 1969 loco
3063 1931 3498 1987 persequemur.
3532 1917 3678 1970 Nunc
3702 1915 3803 1968 satis

2160 2001 2233 2055 sit
2287 2019 2511 2057 morem
2565 2003 2871 2072 Augustini
2927 2003 3229 2071 indicasse,
3278 2020 3351 2059 ne
3388 2004 3512 2076 quis
3532 2003 3802 2059 dubitetan

2161 2087 2284 2157 ejus
2315 2087 2389 2142 sit
2414 2087 2507 2142 hic
2535 2087 2779 2142 libellus.

2516 2247 2865 2302 DESIDERII
2907 2248 3158 2304 ERASMI
3201 2248 3525 2303 CENSURA

2465 2352 2521 2389 IN
2561 2352 2838 2390 SERMONES
2874 2353 2943 2391 AD
2988 2353 3221 2392 FRATRI-IS
3260 2354 3317 2391 IN
3358 2353 3556 2392 EREXO.

2233 2441 2426 2496 Oratio
2446 2442 2837 2496 consarcinata
2861 2458 2925 2497 ex
2955 2442 3268 2514 Augustini
3297 2444 3517 2513 regula,
3547 2442 3676 2496 nihil
3697 2442 3808 2497 alio-

2162 2529 2260 2601 qui
2309 2529 2525 2584 habens
2569 2531 2894 2601 Augustini.
2945 2532 3162 2586 Artifex
3219 2532 3321 2604 qui
3369 2532 3548 2599 tinxit,
3599 2531 3692 2584 hoc
3723 2532 3812 2600 agit

2166 2621 2226 2671 ut
2283 2618 2543 2672 ordinem
2586 2620 2686 2690 qui
2728 2619 3244 2690 Augustinensium
3287 2621 3497 2675 dicitur
3539 2619 3652 2674 orbi
3694 2634 3812 2672 com-

2163 2707 2483 2761 mendaret.
2535 2710 2732 2779 Itaque
2788 2713 3075 2780 quotquot
3121 2715 3260 2765 sunt
3309 2711 3482 2782 hujus
3531 2708 3747 2780 generis,
3797 2714 3816 2758 θ

2164 2796 2400 2865 praeﬁxo
2429 2795 2753 2851 notavimus
2782 2799 2881 2866 (a).

2165 2919 2410 2986 duobus,
2441 2921 2605 2994 obelo
2635 2922 2831 2976 critico
2867 2922 3238 2994 jugularunt,
3271 2922 3430 2977 Vnihil
3467 2938 3606 2992 opus
3627 2919 3816 2976 indicari

2168 3007 2266 3044 eos
2305 3008 2446 3062 quos
2487 2992 2572 3046 vir
2610 2992 2878 3048 summus
2904 2992 3225 3063 damnarat,
3270 2996 3584 3049 Passaron.

1525 3241 1625 3307 ΙΝ
1710 3241 2061 3314 TOMUM
2140 3243 2751 3334 SEPTIMUM.-

1965 3395 2279 3407 ————

724 3487 948 3542 JOANN
956 3487 1036 3543 ES
1077 3485 1464 3542 LODOVICUS
1502 3487 1700 3543 VIVES

363 3593 586 3632 INCLYTO
638 3591 867 3630 PRINCIPI
915 3591 1144 3629 BENRICO
1191 3591 1288 3628 VIII
1334 3589 1546 3628 ANGLIE
1599 3590 1748 3645 REGI,
1801 3593 2065 3633 BIBERNLE

1022 3679 1246 3728 DOMINO,
1291 3666 1395 3716 etc.

435 3754 516 3807 Ita
537 3755 928 3824 comparatum
940 3756 1025 3806 est
1043 3756 1249 3805 natura
1263 3751 1649 3805 humanorum
1672 3751 2038 3822 ingeniorum
2049 3797 2062 3822 ,

365 3841 675 3896 clarissime
722 3857 841 3908 rex,
886 3845 951 3895 ut
979 3840 1108 3894 illos
1133 3840 1370 3894 demum
1397 3855 1528 3894 vere
1559 3844 1616 3894 et
1644 3857 1712 3894 ex
1743 3843 1932 3897 animo
1967 3844 2065 3898 ad-

365 3931 645 3986 miremur
668 3947 813 4002 quos
842 3929 904 3983 in
937 3946 1001 3983 ea
1050 3933 1318 4000 praestare
1349 3927 1608 3983 videmus
1635 3934 1756 3984 arte
1787 3948 1915 4003 qua:
1945 3949 2066 3986 ma-

365 4020 518 4073 xime
566 4019 731 4072 nobis
767 4018 918 4072 inter
945 4033 1144 4071 omnes
1173 4017 1360 4088 placet
1389 4033 1452 4071 ac
1480 4017 1770 4088 probatur.
1800 4020 1911 4073 Alii
1941 4020 2069 4074 aliis

367 4107 546 4162 dediti
575 4112 712 4162 sunt
724 4106 927 4160 studiis
944 4122 1009 4160 ac
1029 4106 1501 4160 exercitamentis.
1522 4106 1611 4161 Sic
1627 4107 1736 4161 fert
1761 4112 1964 4163 natura
1979 4125 2068 4163 re-

365 4213 516 4263 rum,
551 4200 617 4250 ut
644 4196 750 4249 hac
779 4195 1050 4250 varietate
1081 4195 1368 4266 speciosus
1400 4211 1464 4249 ac
1492 4195 1770 4249 mirabilis
1801 4198 2071 4252 consistat

368 4284 644 4338 mundus:
661 4288 716 4338 et
729 4288 942 4349 tamen,
957 4289 1023 4338 ut
1034 4284 1222 4354 inquit
1241 4284 1358 4347 ille,
1375 4285 1544 4338 Suum
1556 4287 1749 4353 cuique
1762 4277 2065 4354 pulchrum.

367 4375 491 4427 Jam
509 4371 647 4425 olim
669 4372 873 4441 opibus
903 4371 1215 4440 etimperio
1231 4375 1346 4446 tam
1367 4371 1478 4424 late
1494 4373 1734 4442 patenti,
1754 4389 1866 4427 non
1898 4377 2070 4429 armis

371 4465 428 4515 et
438 4459 715 4529 sanguine
733 4476 804 4530 qu
813 4459 1096 4524 assito,sed
1115 4475 1148 4512 a
1161 4457 1494 4528 parentibus
1505 4475 1610 4529 per
1619 4476 1824 4514 manus
1841 4463 2071 4531 tradito,

372 4555 429 4602 et
459 4547 663 4601 robore
693 4547 873 4600 animi
900 4546 1170 4617 corporis,
1189 4551 1246 4600 et
1263 4547 1704 4614 virtutebellica,
1741 4553 1865 4603 tum
1908 4565 2072 4604 carus

372 4653 497 4692 eras
519 4635 805 4702 omnibus,
825 4640 947 4688 tum
967 4635 1139 4689 etiam
1151 4635 1563 4705 suspiciendas.
1593 4638 1752 4690 Nunc
1769 4654 1901 4692 vero
1922 4644 2076 4708 post-

370 4741 546 4794 quam
559 4723 748 4790 etiam,
774 4728 1051 4795 quantum
1064 4723 1282 4795 ingenii
1291 4723 1505 4779 viribus
1518 4725 1833 4797 studiisque
1855 4727 2070 4799 sapien-

2103 3495 2142 3550 C
2173 3508 2323 3547 esses
2376 3490 2611 3562 quidem
2653 3489 2860 3558 bonus,
2902 3489 2962 3544 id
3005 3489 3065 3544 in
3112 3493 3172 3544 te
3225 3487 3751 3560 complectebantur,
3785 3485 3823 3532 et

2174 3596 2366 3636 amore
2395 3578 2890 3650 prosequebantur
2913 3578 3177 3649 ingenti;
3211 3578 3372 3650 quod
3427 3591 3525 3630 rex
3561 3588 3712 3637 esses,
3738 3584 3822 3622 non

2084 3713 2089 3718 .
2172 3670 2252 3724 ita
2305 3667 2710 3724 admirandum
2753 3667 3056 3733 ducebant,
3112 3683 3248 3721 cum
3279 3670 3340 3722 et
3377 3663 3593 3720 scelesti
3619 3660 3826 3717 homines

2174 3773 2324 3827 saepe
2353 3771 2518 3826 reges
2548 3754 2782 3821 fuerint,
2814 3755 3070 3826 corporis
3106 3755 3286 3809 etiam
3335 3755 3560 3809 dotibus
3603 3750 3822 3819 insignes.

2177 3845 2281 3899 Ubi
2332 3861 2467 3898 vero
2513 3848 2614 3898 tua
2664 3849 3152 3898 sacramentorum
3204 3843 3450 3899 assertio
3490 3839 3706 3914 prodiit,
3744 3848 3829 3906 qua

2173 3933 2320 3987 nihil
2357 3934 2446 3988 vel
2476 3933 2794 4003 elegantius
2838 3933 2964 3986 ﬁeri
3003 3937 3217 4004 potest,
3253 3934 3349 3988 vel
3383 3933 3600 4004 purius,
3626 3929 3704 3982 vel
3729 3940 3828 3979 san-

2176 4022 2340 4088 ctius,
2390 4027 2446 4076 et
2486 4038 2603 4075 uno
2657 4021 2742 4075 uti
2792 4022 2965 4075 verbo
3011 4021 3221 4088 dicam,
3260 4019 3652 4082 Christianius,
3681 4011 3829 4086 opinio

2182 4110 2483 4182 probitatis
2539 4111 2717 4164 animi
2767 4110 2851 4164 tui
2923 4110 3323 4165 conﬁrmatior
3403 4109 3621 4164 reddita
3670 4107 3755 4162 est,
3798 4098 3830 4150 si

2176 4201 2347 4254 modo
2404 4200 2464 4253 id
2508 4198 2637 4253 ﬁeri
2677 4202 2942 4269 poterat:
2983 4215 3120 4253 nam
3165 4199 3494 4254 certissima
3531 4189 3831 4251 ﬁrmissima-

2178 4305 2289 4360 que
2333 4288 2394 4341 in
2435 4288 2695 4341 omnium
2734 4287 2942 4342 animis
2989 4292 3108 4341 erat
3163 4289 3372 4342 multis
3423 4283 3687 4354 exemplis
3719 4280 3833 4331 velut

2178 4377 2348 4430 clavis
2388 4377 2581 4440 inﬁxa,
2637 4380 2692 4430 et
2725 4376 3030 4430 admiratio
3056 4377 3179 4446 jam
3212 4377 3373 4447 apud
3407 4391 3603 4430 omnes
3632 4369 3831 4425 suborta.

2179 4467 2394 4536 Nempe
2433 4470 2490 4519 et
2539 4465 2688 4536 apud
2728 4465 2856 4519 illos
2887 4465 2987 4535 qui
3014 4465 3268 4535 amplius
3299 4463 3706 4535 angustiusque
3727 4451 3834 4509 nihil

2178 4560 2383 4625 putant
2457 4558 2732 4625 potestate
2804 4555 2984 4624 regia,
3048 4558 3103 4608 et
3171 4570 3276 4608 eos
3344 4554 3447 4625 qui
3517 4549 3721 4605 divitias
3764 4555 3833 4593 su.

2179 4660 2284 4714 pra
2312 4659 2401 4697 res
2431 4643 2722 4698 universas
2752 4643 3137 4709 constituunt;
3169 4648 3230 4697 et
3260 4643 3366 4714 qui
3398 4639 3644 4712 corporis
3677 4645 3834 4689 mune-

2179 4733 2360 4798 ribus,
2393 4731 2619 4799 formze,
2659 4731 2902 4797 lacertis,
2953 4731 3197 4801 agilitati
3237 4731 3560 4802 plurimum
3584 4723 3833 4780 tribuunt;

369 4793 467 4867 tias
484 4793 1290 4878 valeresdocumentadedisti,
1315 4793 1775 4882 majorlitterati—s
1800 4793 2068 4870 omnibus
2106 4793 2149 4847 Β
2180 4829 2235 4878 et
2263 4793 2361 4891 qui
2397 4821 2531 4874 belli
2561 4793 2770 4873 artium
2802 4793 2934 4873 sunt
2973 4793 3261 4886 studiosi;
3280 4821 3442 4874 velut
3481 4805 3834 4885 omnipotenti5

370 4901 590 4972 cmpisti
617 4916 736 4955 esse
767 4917 830 4955 ac
872 4901 1302 4955 admirabilior:
1346 4917 1461 4956 non
1491 4901 1633 4972 quin
1657 4907 1712 4956 te
1743 4909 1910 4957 antea
1936 4921 2066 4974 per-

370 4989 563 5061 magni
595 4990 942 5044 eestimarent
967 5009 981 5057 ;
1002 4990 1323 5060 praesertim
1348 5007 1479 5044 cum
1502 5006 1705 5060 regno,
1725 4991 1886 5063 cujus
1905 4997 2065 5063 pote-

369 5083 482 5132 stas
512 5079 890 5149 majestasque
906 5082 990 5133 est
999 5079 1060 5133 in
1080 5079 1244 5133 terris
1257 5079 1572 5133 secundum
1593 5081 1774 5134 Deum
1791 5081 2064 5149 maxima,

370 5167 553 5221 animi
594 5167 954 5222 clementiam
1017 5167 1476 5239 probitatemque
1546 5168 1891 5238 adjunxeris,
1951 5187 2065 5242 quo

371 5253 560 5307 verior
587 5253 754 5307 ﬁeres
783 5255 1217 5326 expressiorque
1246 5261 1469 5309 natura;
1507 5256 1786 5326 Principis
1834 5258 2023 5329 imago
2051 5276 2062 5312 :

372 5340 472 5412 qui
501 5343 566 5394 ut
590 5341 896 5410 maximus,
921 5343 1001 5398 ita
1021 5348 1104 5398 est
1151 5349 1208 5398 et
1235 5343 1520 5414 optimus;
1557 5361 1619 5398 ac
1643 5345 1800 5414 prius
1831 5346 2065 5416 quidem

373 5428 624 5500 optimus
657 5447 829 5500 quam
873 5433 1174 5488 maximus.
1208 5432 1319 5487 Sed
1358 5431 1459 5503 qui
1512 5432 1716 5486 studiis
1745 5433 1918 5488 dediti
1950 5450 2065 5488 non

370 5519 610 5590 perinde
638 5523 728 5575 vel
777 5522 1000 5577 divitias
1027 5522 1360 5594 suspiciunt,
1412 5521 1498 5574 vel
1536 5523 1873 5592 potentiam,
1907 5524 2062 5594 quod

2176 4927 2240 4964 ac
2269 4925 2463 4963 rerum
2490 4909 2741 4964 domini:
2785 4925 2901 4980 quo
2941 4908 3006 4963 ﬁt
3044 4913 3108 4964 ut
3136 4910 3405 4963 certatim
3437 4905 3708 4979 principes
3737 4909 3833 4950 oms

2175 5012 2279 5050 nes
2307 4995 2617 5050 amicitiam
2645 5001 2858 5065 tecum,
2897 4996 3366 5068 quibuscumque
3398 4994 3617 5068 possint
3642 4980 3834 5045 rationi‘

2175 5084 2281 5138 bus
2312 5083 2552 5155 viisque,
2606 5084 2899 5138 ambiant:
2949 5101 3149 5138 omnes
3188 5085 3300 5138 tibi
3331 5085 3452 5139 sive
3476 5083 3698 5140 taedere,
3729 5073 3834 5129 sive.

2175 5174 2329 5244 quod
2369 5173 2616 5244 optatius
2660 5177 2765 5242 est,
2823 5173 3104 5242 sanguine
3141 5173 3319 5244 jungi
3373 5172 3711 5227 affectantes.
3751 5161 3834 5214 Nec

2175 5261 2534 5332 privatorum
2567 5260 2672 5315 tibi
2710 5260 2896 5315 studia
2934 5261 3158 5327 desunt,
3193 5277 3332 5330 quze
3364 5261 3486 5331 ipse
3515 5259 3720 5326 fulgore
3745 5255 3834 5302 tuas

2175 5367 2305 5406 rum
2334 5350 2612 5405 virtutum
2644 5349 2812 5404 facis:
2842 5349 2982 5404 alios
3010 5350 3361 5404 liberalitate
3395 5364 3496 5403 seu
3517 5340 3834 5415 magniﬁcen-

2174 5439 2254 5494 tia
2282 5439 2472 5510 potius
2502 5439 2776 5506 alliciens,
2799 5439 2947 5493 alios
2965 5437 3334 5493 humanitate
3367 5454 3433 5491 ac
3459 5434 3720 5489 suavitate
3739 5439 3834 5479 mo-

2176 5544 2323 5594 rum,
2356 5533 2587 5583 cunctos
2634 5527 2941 5598 prudentia
2987 5531 3159 5598 atque
3196 5526 3452 5597 justitia,
3495 5521 3702 5580 duabus
3727 5525 3834 5568 vero
