3920 6180
123 314 200 365 437

844 298 1205 357 VARIORUM
1246 303 1846 360 EXERCITATIONES
1885 306 1953 360 IN
1994 307 2046 359 S.
2090 305 2454 361 AUGUSTINI
2496 305 2746 361 OPERA.

3442 309 3549 363 438

124 429 258 499 regiis
279 423 567 479 virtutibus.
595 421 702 486 Qui
734 438 864 477 cum
895 422 1023 476 talis
1048 422 1737 497 sis,profectoimpuden-
1774 429 1819 482 A
1849 430 2017 499 quale
2062 430 2351 499 specimen
2396 430 2777 500 columenque
2814 430 3143 500 reipublicae
3178 432 3540 487 Christianae!

122 519 226 572 tiam
250 528 406 569 meam
438 512 634 577 fateor,
669 527 819 583 saepe
848 528 1090 565 numero
1132 513 1233 566 tibi
1267 514 1623 569 innotescere
1658 516 1733 569 af-

120 604 291 660 fectari:
335 600 611 671 quoniam,
660 600 781 653 hinc
830 605 913 654 est
952 617 1081 655 mea
1114 603 1417 671 sententia,
1470 605 1594 658 laus
1618 620 1733 657 non

121 690 352 749 mediocris
399 688 498 743 tibi
542 689 628 742 vel
678 692 879 742 notum
908 706 1054 744 esse.
1096 693 1159 745 Et
1188 708 1317 745 cum
1343 692 1481 746 alias
1507 708 1733 762 semper

116 779 298 837 defuerit
332 776 558 843 occasio,
609 793 763 830 nunc
806 777 990 849 seipsa
1026 785 1230 849 sponte
1256 781 1481 847 obtulit,
1517 782 1732 851 paratis

110 887 130 923 a
154 885 221 921 me
247 868 296 920 in
339 864 634 935 Augustini
674 866 849 919 libros
881 867 949 921 de
982 868 1212 923 Civitate
1244 870 1345 923 Dei
1374 874 1730 924 commenta-

107 959 196 1023 riis,
237 971 361 1026 quos
403 970 530 1008 cum
563 954 902 1024 dispicerern
931 956 1022 1010 cui
1054 957 1242 1011 dicare
1276 958 1355 1011 sic
1386 975 1634 1029 possem,
1668 962 1732 1012 ut

106 1052 195 1098 tum
215 1044 439 1113 aliquam
472 1042 591 1113 ipse
613 1043 823 1097 laboris
844 1044 958 1098 mei
979 1046 1222 1116 gratiam
1246 1046 1453 1100 inirem
1476 1064 1594 1101 non
1616 1064 1732 1100 om-

103 1134 204 1187 nino
250 1132 707 1185 contemnendam
734 1149 746 1185 :
789 1137 914 1186 tum
943 1134 1035 1187 cui
1067 1133 1408 1202 dicarentur,
1441 1152 1555 1189 non
1603 1152 1731 1205 per-

102 1222 197 1275 inde
240 1220 439 1273 litteras
480 1220 603 1274 dari
642 1221 1013 1290 existimaret,
1046 1239 1107 1276 ac
1141 1223 1397 1293 stipulas,
1441 1229 1495 1278 et
1534 1223 1727 1287 libros,

98 1327 143 1363 ac
176 1309 391 1362 sarcinas
440 1325 740 1378 capsarum
790 1311 1098 1377 molestas;
1155 1316 1275 1365 tum
1323 1312 1496 1365 etiam
1524 1329 1627 1365 ceu
1659 1313 1730 1366 ad

97 1414 338 1452 censorem
360 1398 757 1467 gravissimum
788 1400 1079 1453 mitterem
1110 1417 1122 1465 ;
1150 1400 1247 1471 qui
1269 1417 1417 1455 unus
1448 1401 1492 1453 si
1523 1418 1728 1472 appro-

93 1486 251 1549 basset,
282 1484 555 1555 suffragiis
586 1484 847 1539 omnium
878 1486 1105 1556 probati
1127 1486 1627 1557 commendatique
1649 1487 1730 1539 vi-

93 1573 325 1637 derentur,
380 1574 499 1644 ipse
542 1574 740 1628 multis
786 1574 1116 1628 nominibus
1158 1574 1587 1646 rationibusque
1632 1592 1729 1629 oc-

91 1661 285 1715 curristi.
338 1662 612 1729 Primum,
660 1664 808 1733 quod
843 1680 907 1717 ea
939 1681 997 1717 es
1027 1662 1234 1717 virtute
1266 1680 1328 1717 ac
1357 1664 1633 1729 doctrina,
1666 1669 1730 1718 ut

90 1751 162 1802 tibi
201 1750 354 1804 etiam
399 1752 675 1805 dicassem
724 1752 769 1805 si
827 1752 1080 1822 privatus
1120 1769 1287 1806 esses.
1326 1752 1541 1806 Deinde
1575 1754 1726 1824 quod

89 1839 201 1892 viam
226 1840 360 1892 hanc
389 1840 877 1910 expeditissimam
918 1840 1242 1908 cernebam,
1277 1856 1391 1911 qua
1419 1840 1535 1894 voti
1566 1841 1727 1893 facile

89 1945 268 1999 compos
296 1927 484 1982 ﬁerem
512 1930 637 1999 jam
668 1928 887 2000 pridem
918 1930 1175 2000 concepti
1192 1934 1245 1982 et
1266 1930 1591 2000 nuncupati.
1618 1934 1728 1983 Ac-

86 2017 197 2070 cedit
220 2017 338 2079 huc,
367 2018 544 2088 quod,
578 2017 1066 2086 quemadmodum
1097 2018 1313 2087 experti
1340 2022 1592 2083 narrant,
1625 2019 1725 2071 ob-

85 2105 175 2159 vius
206 2123 256 2160 es
291 2123 351 2159 ac
403 2107 699 2177 expositus
742 2106 1075 2176 hujusmodi
1107 2107 1441 2161 muneribus
1472 2124 1484 2160 :
1519 2108 1726 2178 quibus

84 2193 281 2262 gratiora
300 2194 382 2249 vix
418 2195 521 2249 tibi
549 2195 669 2249 ulla
688 2201 930 2266 possunt
950 2196 1301 2266 contingere.
1334 2197 1476 2249 Nam
1499 2212 1721 2261 aurum,

84 2288 350 2352 argentum,
381 2300 668 2355 gemmas,
703 2289 909 2353 vestes,
932 2301 1131 2356 equos,
1156 2301 1312 2338 arma
1341 2285 1448 2339 tibi
1473 2285 1573 2356 qui
1593 2285 1727 2339 offe-

83 2377 146 2425 rat
176 2373 323 2441 plane
360 2373 531 2439 mari,
579 2373 733 2444 quod
784 2372 964 2442 aiunt,
996 2390 1227 2444 aquam,
1260 2379 1360 2427 aut
1389 2374 1623 2427 saltibus
1652 2373 1725 2426 li-

85 2475 180 2529 gna.
207 2462 261 2515 Et
284 2462 536 2532 profecto
572 2468 636 2516 ut
674 2462 799 2516 aliis
828 2462 887 2517 in
918 2464 1088 2517 rebus
1104 2462 1390 2527 omnibus,
1419 2463 1499 2516 ita
1530 2462 1588 2516 in
1618 2463 1724 2517 hoc

84 2564 259 2620 quoque
279 2550 724 2620 prudentissime
746 2552 885 2621 agis,
911 2551 1011 2621 qui
1029 2551 1261 2620 dignam
1289 2550 1497 2604 virtute
1526 2567 1589 2603 ac
1610 2566 1723 2605 me-

82 2636 169 2690 ritis
212 2640 313 2693 tuis
352 2641 508 2710 apud
552 2646 808 2711 posteros
833 2640 1075 2710 gloriam
1101 2639 1261 2713 libris
1296 2640 1590 2694 doctorum
1628 2640 1723 2692 ho~

84 2726 249 2781 minnm
275 2730 460 2798 parari
478 2729 702 2799 cogites
732 2746 743 2783 :
780 2729 829 2782 si
856 2745 973 2782 non
996 2728 1139 2782 meis
1161 2733 1258 2783 aut
1285 2728 1399 2782 mei
1420 2728 1718 2793 similium,

82 2820 185 2867 certe
211 2816 418 2871 facilem
453 2822 507 2871 te
543 2823 598 2871 et
628 2818 1052 2888 perhumanum
1084 2818 1350 2871 litteratis
1380 2817 1719 2881 exhibendo,

85 2900 123 2952 in
140 2902 351 2973 aliquem
370 2904 591 2958 incides
643 2906 805 2975 cujus
838 2905 984 2975 stylo
1016 2922 1121 2959 ceu
1163 2905 1430 2975 penicillo
1462 2905 1715 2975 quodam

90 2990 419 3063 eruditissimo,
461 2993 687 3064 efﬁgies
730 2994 894 3047 istius
939 2993 1401 3064 praestantissimi
1426 2998 1598 3063 atque
1620 3009 1720 3062 op-

85 3076 165 3131 timi
187 3081 347 3135 animi
374 3080 606 3153 depicta
636 3085 692 3136 et
722 3082 968 3135 formata
990 3081 1405 3135 immortalitati
1434 3097 1721 3135 commen-

80 3164 227 3222 detur:
277 3187 375 3225 nec
432 3172 559 3225 ullo
608 3170 907 3224 oblivionis
940 3170 1232 3241 operiatur
1260 3169 1393 3236 situ,
1431 3175 1529 3224 aut
1557 3174 1717 3224 vetu-

75 3256 191 3309 statis
227 3257 424 3329 injuria
475 3263 901 3328 corrumpatur,
954 3264 1011 3312 et
1051 3263 1367 3314 memoratu
1400 3259 1576 3329 digna
1605 3274 1718 3312 non

74 3345 210 3398 taceat
250 3349 555 3416 posteritas
602 3347 879 3402 virtutum
919 3347 1078 3401 testis
1118 3348 1472 3417 incorrupta,
1549 3347 1718 3401 simul

72 3428 113 3481 in
154 3434 367 3503 gloriam
407 3437 497 3490 tui
541 3436 663 3506 jam
714 3436 855 3491 olim
884 3438 1025 3490 cmlo
1052 3436 1285 3505 redditi,
1316 3435 1577 3507 quamvis
1599 3436 1719 3489 leve

70 3517 149 3571 hoc
173 3530 219 3577 et
266 3524 701 3596 negligendum,
736 3524 906 3578 simul
938 3524 1095 3595 quod
1126 3540 1402 3595 magnum
1432 3524 1717 3594 imprimis

70 3612 144 3671 est,
162 3614 207 3663 et
224 3614 537 3682 Optandum
560 3614 621 3667 in
643 3614 971 3684 exemplum
990 3630 1189 3667 eorum
1212 3614 1311 3684 qui
1342 3618 1479 3667 tunc
1502 3613 1712 3667 vivent.

68 3695 233 3753 Praeter
258 3701 374 3755 haec
406 3703 606 3756 omnia
639 3703 901 3773 congruit
936 3701 1050 3755 sive
1084 3702 1312 3772 ingenio
1354 3702 1469 3755 sive
1518 3702 1719 3756 studiis

66 3785 148 3837 tuis
188 3789 279 3843 hoc
325 3808 491 3863 opus,
540 3792 599 3845 in
642 3792 797 3863 quod
827 3791 1179 3862 Augustinus
1210 3791 1485 3862 optimam
1517 3806 1717 3844 eorum

62 3882 258 3945 partem,
289 3898 413 3952 qua:
444 3882 600 3952 apud
629 3886 846 3935 veteres
874 3879 1092 3951 legerat
1112 3885 1390 3946 auctores,
1440 3884 1718 3949 tanquam

60 3961 105 4015 in
137 3967 407 4024 thesauros
466 3971 712 4041 conjecit
739 3986 752 4023 :
792 3986 1024 4041 nempe,
1057 3986 1186 4023 cum
1219 3969 1488 4023 omnibus
1509 3968 1715 4022 acutis-

58 4052 198 4121 simis,
228 4074 447 4114 summa
496 4060 748 4131 praeditis
780 4064 835 4113 et
872 4059 1197 4129 eloquentia
1228 4063 1284 4111 et
1313 4058 1572 4113 doctrina
1597 4056 1717 4109 dis-

57 4149 332 4208 putaturus.
364 4149 489 4213 Quo
541 4148 753 4202 factum
795 4152 877 4201 est
906 4153 970 4201 ut
1010 4147 1163 4202 aliud
1194 4163 1369 4217 agens
1399 4146 1582 4215 magis
1609 4161 1715 4214 op—

57 4230 285 4289 timarum
333 4253 530 4290 rerum
584 4237 822 4290 servarit
868 4236 1137 4307 reliquas,
1171 4235 1477 4289 domiciliis
1518 4248 1714 4287 earum

1767 1722 1809 1776 B

56 4324 97 4370 et
139 4324 284 4391 quasi
330 4326 560 4380 sedibus
610 4326 757 4379 unde
806 4326 966 4395 prius
994 4303 1133 4396 ipeti
1190 4324 1447 4377 solebant
1478 4321 1706 4375 eversis.
1749 4303 1793 4357 Ῑ)

57 4404 218 4478 Itaque
246 4428 341 4481 pro
373 4416 647 4479 Varrone,
682 4430 784 4484 pro
815 4413 1098 4478 Sallustio,
1134 4429 1235 4483 pro
1263 4413 1440 4473 Livio,
1472 4428 1575 4482 pro
1618 4409 1713 4465 Ci-

55 4509 223 4552 cerone
240 4502 295 4553 in
320 4502 479 4555 libris
496 4503 565 4556 de
595 4502 817 4573 republ.
841 4502 1038 4571 magni
1056 4501 1381 4572 posterioris
1405 4499 1585 4553 astatis
1609 4498 1713 4551 viri

56 4581 178 4638 hisce
219 4590 524 4659 Augustini
574 4591 796 4661 scriptis
846 4596 980 4643 sunt
1010 4590 1229 4659 adjuti:
1262 4594 1325 4643 ut
1356 4589 1711 4655 Hermolaus,

56 4672 347 4744 Politianus,
409 4679 677 4745 Blondus,
728 4679 1055 4745 Beroaldus,
1106 4695 1236 4749 qua:
1276 4684 1340 4732 tu
1373 4676 1566 4731 omnia
1594 4692 1710 4729 non

54 4757 115 4813 ita
152 4763 315 4835 leges,
364 4773 432 4821 ut
478 4785 621 4821 nova
659 4767 761 4822 tibi
793 4772 848 4821 et
876 4767 1152 4835 inaudita,
1187 4767 1287 4821 sed
1312 4771 1377 4820 ut
1404 4770 1595 4820 vetera
1622 4781 1713 4817 re-

50 4863 342 4919 cognosces.
374 4856 533 4910 Adde
562 4856 717 4927 quod
738 4854 1046 4926 Augustini
1098 4859 1378 4925 tuumque
1426 4854 1711 4907 scribendi

48 4935 341 4996 institutum
372 4944 575 4998 eodem
607 4944 1026 5015 propemodum
1050 4943 1317 4997 videntur
1346 4943 1708 5013 pertinuisse.

48 5024 165 5081 Nam
192 5035 253 5084 ut
278 5036 338 5085 tu
369 5039 565 5087 contra
589 5033 961 5103 Babyloniam
983 5048 1087 5103 pro
1109 5033 1345 5085 meliore
1369 5032 1465 5085 illa
1484 5031 1708 5101 scripsi-

45 5114 98 5166 sti
124 5116 308 5185 Boma,
343 5120 422 5174 ita
449 5126 504 5175 et
532 5122 883 5191 Augustinus
922 5126 1120 5174 contra
1147 5120 1516 5191 Babyloniam
1554 5120 1709 5174 illam

46 5208 261 5262 veterem
292 5210 530 5264 Romam
562 5210 941 5265 Christianam
973 5214 1029 5263 et
1056 5210 1400 5263 sanctiorem
1431 5209 1706 5263 defendit.

46 5290 289 5363 Congruit
342 5303 397 5351 et
441 5299 825 5370 magnitudini
878 5304 990 5353 tute
1037 5315 1155 5353 non
1190 5315 1334 5368 opus
1368 5313 1584 5366 meum,
1612 5297 1709 5351 sed

45 5380 337 5454 Augustini,
368 5387 468 5440 sub
496 5404 608 5459 quo
639 5386 759 5457 ipse
788 5388 1076 5448 delitesco.
1110 5387 1225 5440 sive
1268 5391 1463 5439 auctor
1493 5390 1708 5454 specte-

48 5471 138 5533 tur,
166 5471 275 5525 sive
304 5477 539 5530 materia
571 5476 779 5546 operis.
811 5478 1025 5530 Auctor
1061 5480 1146 5530 est
1197 5474 1570 5545 Augustinus,
1603 5475 1707 5541 vir,

54 5554 205 5612 Ucum
264 5562 664 5631 immortalem,
712 5581 887 5634 quam
943 5570 1190 5632 sanctus,
1249 5580 1421 5634 quam
1488 5562 1707 5625 doctus,

1843 533 1957 587 quo
2000 533 2115 570 uno
2152 516 2348 570 multis
2380 517 2606 585 ritibus,
2640 518 2834 571 multis
2854 519 3101 584 statutis,
3130 521 3406 588 moribus,
3439 538 3545 575 cre-

1842 604 2099 659 rimoniis
2144 605 2253 675 piis
2294 621 2358 657 ac
2400 606 2740 659 venerandis
2765 610 2849 660 est
2873 606 2971 659 illa
3008 607 3238 662 innixa:
3267 626 3371 663 nec
3400 609 3547 679 inju-

1841 693 1945 746 ria.
1995 694 2121 747 Fuit
2177 693 2330 746 enim
2380 693 2438 745 in
2468 693 2589 747 viro
2621 694 2718 747 illo
2745 694 2997 748 studium
3048 696 3421 762 uberrimum,
3456 713 3546 750 co-

1842 782 2019 851 gnitio
2072 797 2361 835 sacrarum
2399 781 2818 851 Scripturarum
2859 784 3236 851 exactissima,
3263 786 3543 855 judicium

1841 887 1967 925 acre
2012 875 2067 924 et
2097 876 2404 934 extersum,
2453 870 2750 941 ingenium
2790 873 2861 926 ad
2906 873 3246 927 miraculum
3287 880 3538 931 acutum.

1842 959 1970 1013 Fuit
2015 959 2134 1029 ipse
2192 958 2516 1011 sincerioris
2564 958 2792 1028 pietatis
2816 960 3285 1030 diligentissimus
3318 978 3543 1032 propu-

1841 1052 2065 1117 gnator,
2092 1048 2343 1101 moribus
2374 1046 2871 1113 mansuetissimis,
2897 1051 2949 1100 et
2972 1048 3041 1101 ad
3062 1049 3354 1102 caritatem
3376 1066 3543 1103 evan-

1840 1136 2078 1206 gelicam
2134 1136 2332 1189 effictis
2378 1140 2548 1205 atque
2592 1135 2889 1205 expressis,
2929 1136 3173 1206 vitaeque
3216 1137 3541 1207 integritate

1839 1225 2247 1294 sanctitateque
2268 1223 2509 1293 insignis
2539 1227 2595 1276 et
2626 1224 2948 1277 adorandus
2981 1241 2992 1277 :
3028 1241 3153 1295 quae
3185 1226 3378 1279 omnia
3415 1242 3540 1295 per—

1840 1312 2002 1383 sequi
2051 1328 2121 1365 ne
2169 1312 2461 1366 volumine
2503 1311 2734 1382 quidem
2762 1314 2916 1382 justo
2947 1313 3145 1383 possis,
3181 1314 3391 1367 nedum
3418 1314 3537 1384 epi-

1841 1401 2003 1453 stola.
2037 1402 2186 1453 Bene
2230 1399 2381 1470 quod
2411 1400 2479 1453 de
2509 1401 2786 1469 scriptore
2828 1401 3050 1471 agimus
3090 1402 3354 1455 omnibus
3383 1406 3538 1467 noto,

1840 1488 1945 1542 tibi
1977 1488 2147 1541 etiam
2176 1487 2463 1541 familiari.
2508 1491 2631 1540 Jam
2664 1505 2807 1558 opus
2837 1506 2951 1543 non
2982 1494 3066 1543 est
3095 1490 3163 1543 de
3186 1490 3317 1543 ﬁliis
3342 1490 3537 1553 Niobe,

1841 1577 1995 1647 quod
2024 1578 2207 1643 aiunt,
2243 1582 2342 1631 aut
2372 1578 2441 1631 de
2474 1578 2651 1647 portis
2678 1578 3035 1643 Thebarum;
3067 1594 3185 1631 non
3207 1578 3276 1631 de
3300 1578 3543 1632 sarcien-

1840 1665 1926 1719 dis
1970 1666 2243 1731 vestibus,
2301 1669 2399 1719 aut
2422 1665 2693 1735 parandis
2724 1666 3131 1735 voluptatibus,
3163 1683 3280 1720 non
3306 1668 3373 1721 de
3405 1684 3541 1738 agro

1840 1754 2074 1807 colendo
2101 1771 2114 1807 :
2148 1771 2276 1825 quae
2302 1754 2520 1825 alioqui
2549 1760 2891 1824 argumenta
2917 1754 3096 1823 magis
3137 1760 3269 1808 sunt
3310 1772 3540 1826 quoque

1838 1844 2070 1914 regibus
2119 1843 2413 1909 dedicata;
2465 1842 2562 1895 sed
2616 1843 2683 1896 de
2725 1848 2967 1912 utraque
3000 1843 3225 1896 civitate
3255 1844 3457 1897 mundi
3486 1850 3541 1899 et

1841 1931 1960 1997 Dei,
2014 1932 2222 2003 quibus
2272 1931 2484 2002 angeli,
2542 1931 2848 1997 daemones,
2882 1930 3259 2001 hominesque
3288 1932 3540 1985 universi

1837 2018 2236 2073 continemur:
2289 2024 2354 2072 ut
2408 2024 2580 2084 natae,
2618 2023 2682 2073 ut
2709 2020 2959 2073 educata:
2993 2018 3106 2072 sint
3135 2037 3148 2084 ;
3180 2024 3245 2073 ut
3273 2020 3535 2074 adoleve-

1838 2103 1973 2167 rint,
2025 2121 2138 2176 quo
2182 2106 2440 2174 tendant,
2493 2110 2548 2159 et
2569 2106 2728 2176 quid,
2761 2106 2860 2159 ubi
2890 2106 2960 2159 ad
2992 2110 3205 2160 metam
3238 2124 3535 2177 percurre-

1835 2192 1972 2258 rint,
2001 2193 2254 2248 facturae.
2290 2193 2426 2257 Quae
2457 2199 2520 2247 ut
2554 2194 2817 2264 explicet,
2868 2194 3013 2248 nihil
3062 2211 3249 2265 neque
3284 2195 3535 2265 profanas

1835 2282 2203 2352 prmtermisit
2252 2282 2610 2351 eruditionis,
2664 2298 2853 2353 neque
2906 2298 3099 2347 sacrae,
3134 2282 3289 2353 quod
3314 2299 3429 2337 non
3458 2288 3537 2337 at-

1834 2371 2021 2441 tingat
2050 2375 2105 2425 et
2126 2376 2393 2442 exponat.
2414 2372 2805 2426 Romanorum
2828 2387 2915 2424 res
2940 2376 3143 2440 gestas,
3172 2372 3327 2436 deos,
3358 2387 3535 2438 sacra,

1835 2464 1891 2513 et
1932 2460 2312 2527 caerimonias,
2343 2460 2820 2531 philosophorum
2851 2459 3081 2529 placita,
3115 2460 3387 2513 caelorum
3420 2464 3535 2513 ter-

1834 2566 2048 2621 raaque,
2080 2555 2201 2604 tum
2231 2551 2591 2620 angelorum,
2628 2550 2979 2610 daemonum,
3012 2549 3313 2603 hominum
3358 2549 3533 2618 origi-

1832 2654 1987 2693 nem.
2018 2639 2157 2692 Hinc
2188 2639 2396 2709 quibus
2426 2638 2603 2691 initiis
2625 2638 2873 2708 populus
2897 2637 2996 2690 Dei
3024 2638 3283 2705 creverit,
3318 2643 3375 2691 et
3396 2654 3535 2709 quo-

1835 2728 2003 2781 modo
2050 2743 2230 2798 usque
2278 2728 2349 2781 ad
2401 2726 2691 2781 Christum
2739 2725 3048 2779 Dominum
3093 2725 3369 2779 deductus
3409 2731 3529 2789 est;

1832 2820 1956 2868 tum
1988 2816 2116 2869 dua:
2148 2815 2405 2869 civitates
2425 2818 2851 2883 comparantur,
2880 2814 2981 2866 Dei
3009 2817 3065 2867 et
3085 2813 3303 2879 mundi,
3332 2829 3533 2884 regna-

1833 2919 1943 2973 que
1993 2903 2352 2957 adducuntur
2399 2902 2709 2972 Assyrium,
2762 2901 3405 2971 Sicyonum,Argivum,
3433 2905 3529 2955 At-

1759 3013 1798 3067 c
1831 2993 2028 3059 ticum,
2064 2992 2350 3059 Latinum,
2383 2991 2692 3045 Persicum.
2727 2992 2856 3044 Post
2885 2990 3005 3043 haec
3026 2990 3161 3060 quid
3194 2990 3263 3045 de
3305 2990 3529 3045 Christo

1826 3087 1982 3135 vates
2024 3086 2079 3135 et
2109 3080 2340 3146 ethnici,
2374 3085 2430 3134 et
2456 3079 2637 3135 Judaei
2667 3078 3058 3149 prredixerint.
3090 3079 3215 3132 Jam
3270 3078 3528 3133 dicturus

1829 3167 1898 3222 de
1946 3184 2077 3221 vera
2121 3166 2406 3232 felicitate,
2442 3165 2739 3236 opiniones
2777 3168 3032 3217 veterum
3057 3162 3529 3233 philosophorum

1827 3257 1896 3312 de
1950 3257 2049 3310 illa
2092 3256 2351 3311 confutet
2394 3260 2448 3308 et
2495 3254 2721 3309 refellit.
2754 3253 3032 3323 Deinceps
3059 3257 3125 3306 ut
3152 3256 3424 3305 venturus
3454 3251 3527 3303 sit

1829 3342 2084 3397 Christus
2132 3344 2201 3397 de
2220 3342 2404 3397 'bonis
2434 3342 2715 3412 malisque
2746 3341 3221 3411 pronuntiaturus
3244 3340 3425 3410 judex
3452 3340 3527 3392 vi-

1827 3447 2032 3485 vorum
2076 3436 2132 3486 et
2178 3436 2556 3485 mortuorum.
2589 3431 2672 3484 Ad
2702 3430 2825 3484 haec
2852 3430 2920 3484 de
2953 3429 3355 3483 sceleratorum
3387 3444 3525 3497 sup-

1826 3521 2029 3591 pliciis.
2076 3523 2369 3574 Postremo
2414 3521 2483 3575 de
2533 3519 2758 3589 gaudiis
2807 3519 3037 3589 piorum
3071 3523 3125 3571 et
3154 3522 3368 3571 aeterna
3396 3516 3525 3570 feli-

1826 3610 2011 3663 citate.
2062 3613 2247 3681 Atque
2299 3610 2422 3663 haec
2479 3608 2675 3662 omnia
2730 3608 2875 3660 miro
2952 3605 3205 3676 ingenio,
3275 3604 3527 3659 maximo

1827 3698 2115 3766 acumine,
2147 3698 2467 3752 eruditione
2493 3695 2896 3761 excultissima,
2930 3696 3076 3763 stj'lo
3107 3694 3321 3747 mundo
3344 3698 3399 3746 et
3428 3708 3525 3745 ex-

1824 3790 1999 3853 terso,
2034 3786 2217 3858 qualis
2248 3790 2541 3839 auctorum
2565 3800 2669 3854 per
2694 3799 2863 3837 omne
2911 3781 3345 3851 disciplinarum
3385 3780 3526 3834 scri-

1825 3880 2174 3945 ptorumque
2204 3891 2385 3944 genus
2415 3878 2701 3926 versatum
2731 3870 3177 3939 exercitumque,
3206 3872 3262 3921 et
3284 3884 3375 3921 res
3400 3868 3526 3923 illas

1826 3979 2062 4032 magnas
2096 3967 2153 4016 et
2198 3962 2717 4031 praestantissimas,
2753 3964 2809 4012 et
2838 3974 2931 4012 eos
2962 3958 3305 4028 quibuscum
3336 3956 3527 4024 dispu-

1826 4051 2074 4114 tabatur,
2120 4049 2374 4103 decebat.
2430 4050 2602 4118 Leges
2636 4048 2850 4116 itaque,
2883 4044 3194 4099 clarissime
3226 4046 3282 4097 et
3310 4044 3525 4111 optime

1824 4155 1945 4205 rex,
1981 4138 2049 4191 iis
2092 4138 2268 4201 horis,
2302 4153 2442 4207 quas
2474 4142 2535 4189 tu
2556 4134 2851 4188 immensis
2881 4132 3047 4202 regni
3078 4130 3325 4201 negotiis
3353 4136 3523 4200 atque

1824 4225 2293 4297 occupationibus
2320 4224 2632 4291 suffuraris,
2669 4227 2733 4276 ut
2762 4222 2967 4276 litteris
2998 4226 3053 4274 et
3084 4218 3303 4291 ingenii
3345 4220 3523 4271 cultui

1824 4314 2143 4384 impendas,
2197 4314 2366 4369 simul
2413 4318 2636 4367 nostros
2667 4311 3119 4367 Commentarios
3153 4308 3520 4377 degustabis:

1824 4406 1893 4460 de.
1915 4406 2123 4476 quibus
2160 4405 2289 4459 licet
2317 4406 2458 4459 mihi
2486 4405 2689 4466 dicere,
2727 4402 2883 4473 quod
2914 4402 3145 4455 Ovidius
3176 4400 3245 4453 de
3276 4398 3392 4452 suis
3420 4399 3524 4452 Fa-

1825 4498 2045 4548 storum
2096 4494 2255 4548 libris
2308 4493 2448 4549 dixit
2490 4509 2620 4547 cum
2658 4507 2755 4545 eos
2787 4489 3121 4545 Germanico
3148 4488 3355 4543 Caesari
3388 4488 3522 4541 mit-

1820 4587 2001 4638 teret:

1944 4759 2141 4821 Pagina
2163 4758 2423 4821 judicium
2449 4756 2588 4804 docti
2610 4756 2849 4803 subitura
2878 4758 3122 4803 movetur

1978 4839 2252 4901 Principis,
2278 4840 2337 4886 ut
2358 4836 2527 4885 Clario
2557 4835 2717 4883 missa
2745 4833 2969 4897 legenda
2988 4834 3085 4883 deo

1819 5032 1972 5096 Quos
2018 5028 2067 5082 si
2105 5028 2209 5082 tibi
2267 5043 2384 5080 non
2429 5025 2782 5097 displicuisse
2822 5040 3073 5088 sensero,
3108 5020 3250 5075 nihil
3278 5018 3518 5073 verebor

1819 5136 1890 5173 ne
1921 5134 2126 5188 parum
2159 5115 2284 5170 aliis
2313 5115 2651 5187 probentur.
2703 5114 2838 5177 Quis
2869 5112 3023 5166 enim
3064 5112 3204 5164 adeo
3230 5107 3517 5178 inpudens

1819 5208 1910 5274 sit,
1942 5211 2006 5261 ut
2034 5224 2067 5261 a
2096 5210 2214 5259 tam
2244 5209 2436 5258 exacto
2460 5202 2677 5275 judicio
2710 5201 3004 5256 dissentire
3034 5215 3150 5252 non
3180 5197 3514 5251 erubescat?

1819 5297 1980 5362 Quod
2012 5296 2057 5349 si
2088 5295 2215 5366 quis
2243 5294 2467 5362 audeat,
2498 5298 2597 5346 tua
2629 5296 2825 5345 tamen
2854 5291 2944 5343 vel
2973 5288 3140 5341 tacita
3161 5286 3303 5340 mihi
3328 5291 3515 5357 patro-

1820 5384 2103 5439 cinabitur
2143 5381 2472 5436 auctoritas.
2524 5382 2677 5445 Vale,
2710 5378 2926 5448 optime
2954 5393 3069 5440 rex,
3105 5381 3162 5430 et
3187 5376 3379 5429 Vivem
3408 5376 3511 5429 tibi

1822 5473 2273 5527 addictisssmum
2304 5471 2506 5542 quovis
2536 5471 2658 5522 loco
2683 5483 2945 5532 numera,
2978 5465 3146 5519 modo
3177 5464 3327 5519 inter
3358 5469 3507 5530 tuos,

1823 5562 2072 5629 Lovanii,
2105 5559 2469 5623 nouisJuliis,
2502 5561 2652 5611 1522.
2716 5594 2717 5597 η
