3884 6178
332 273 434 324 43ει

665 390 761 443 JO.
807 387 1054 442 LODOV.
1097 385 1276 438 VIVIS
1317 385 1713 450 VALENTINI,

416 496 470 533 1N
513 495 646 533 SUOS
686 491 1091 531 COMMENTARIOS
1125 491 1193 527 AD
1233 489 1423 527 LIBROS
1462 491 1529 526 DE
1566 489 1800 526 CIVITATE
1840 489 1948 525 DEI.

403 569 641 633 Quando
686 568 754 619 de
797 562 1116 634 Augustino
1161 563 1344 632 deque
1374 563 1496 632 ejus
1524 578 1712 632 opere,
1754 566 2032 631 quantum

335 658 570 728 quidem
629 655 949 718 videbatur,
1006 667 1204 704 sumus
1259 650 1456 718 locuti,
1487 666 1639 702 nunc
1669 667 1798 703 cum
1828 649 2036 703 lectore

334 747 452 816 ipso
479 744 772 814 aliquanto
820 739 1162 794 familiarius
1195 740 1264 792 de
1291 738 1444 792 hisce
1476 738 1618 792 meis
1673 739 2037 792 Commenta-

333 835 433 887 riis
445 833 586 886 libet
598 831 889 901 paulisper
901 827 1297 883 commentari.
1318 829 1584 881 Erasmus
1598 827 2034 893 Roterodamus,

333 922 420 975 vir
465 922 606 974 adeo
656 918 918 973 laudatus
953 933 985 970 a
1039 915 1326 986 plurimis,
1360 918 1424 967 ut
1453 914 1522 968 ad
1561 930 1689 966 eum
1713 913 1912 983 gloria:
1940 930 2036 967 cu-

333 1010 555 1062 mulum
582 1007 726 1061 nihil
753 1007 826 1059 sit
853 1021 979 1058 mea
1003 1005 1071 1057 de
1102 1004 1200 1056 illo
1234 1003 1588 1073 praedicatio,
1612 1007 1709 1055 aut
1729 1017 2038 1072 perparum

335 1098 624 1164 additura,
672 1110 804 1148 cum
851 1097 979 1163 post
1027 1092 1437 1161 Hieronymum
1469 1095 1525 1143 et
1555 1090 1898 1160 Cyprianum
1948 1105 2039 1142 re-

333 1185 607 1256 cognitos,
654 1181 1040 1252 Augustinum
1084 1195 1314 1250 quoque
1362 1178 1628 1231 eumdem
1680 1176 1740 1230 in
1802 1175 2038 1229 modum

338 1287 693 1344 perpurgare
748 1268 1104 1332 decrevisset,
1165 1284 1269 1321 nec
1304 1267 1405 1320 uni
1430 1266 1538 1337 ipsi
1564 1268 1788 1319 vacaret
1816 1268 2037 1317 tantum

335 1376 576 1431 operum
608 1359 890 1413 librorum
921 1357 1099 1421 obire,
1135 1355 1256 1409 aliis
1291 1370 1520 1425 quoque
1553 1353 1777 1423 magnis
1803 1358 1859 1406 et
1883 1368 2038 1422 pras-

336 1449 616 1504 stantibus
648 1447 816 1500 rebus
847 1449 1142 1514 occupato,
1173 1443 1312 1497 alios
1343 1443 1740 1512 sibi‘adjunxit
1762 1440 1876 1495 sive
1903 1456 2037 1510 ope-

337 1537 414 1590 ris
461 1536 664 1600 socios,
712 1533 826 1587 sive
875 1533 1197 1586 ministros:
1232 1532 1381 1585 inter
1413 1547 1553 1602 quos
1578 1547 1669 1584 me
1703 1530 1874 1583 etiam
1903 1527 2039 1582 asci-

336 1625 452 1691 vit;
522 1639 765 1694 cumque
828 1621 976 1689 aliis,
1032 1621 1184 1691 quod
1232 1636 1432 1673 eorum
1487 1623 1634 1672 esset
1687 1623 1744 1672 et
1793 1617 2037 1687 amplior

338 1712 607 1778 eruditio,
641 1717 697 1764 et
726 1710 1026 1780 ingenium
1049 1709 1288 1770 felicius,
1319 1712 1375 1761 et
1402 1706 1697 1775 diligentia
1727 1706 2035 1772 dexterior,

340 1801 600 1872 graviora
644 1799 965 1852 mandasset
1021 1801 1191 1866 atque
1223 1797 1462 1866 majora,
1496 1795 1638 1848 mihi
1665 1795 1839 1848 libros
1871 1794 2039 1847 attri-

337 1888 462 1943 buit
493 1888 561 1941 de
618 1887 850 1942 Civitate
885 1885 985 1939 Dei
1010 1885 1153 1939 duos
1179 1889 1236 1937 et
1264 1883 1489 1954 viginti.
1521 1884 1683 1948 Quod
1714 1899 1856 1953 opus
1888 1882 2040 1935 bona

339 1994 400 2030 ex
436 1981 597 2047 parte
654 1980 778 2028 tum
814 1991 1007 2028 rerum
1063 1978 1350 2042 gestarum
1381 1973 1816 2042 fabularumque
1850 1987 2038 2024 narra-

337 2066 588 2119 tionibus
612 2081 625 2129 ;
650 2069 771 2116 tum
796 2061 1280 2132 disputationibus
1302 2059 1711 2131 philosophicis
1733 2074 2038 2113 consume-

338 2159 531 2217 retur;
561 2152 766 2222 quibus
796 2151 964 2204 rebus
996 2151 1205 2204 bonam
1243 2149 1425 2202 aetatis
1454 2153 1676 2218 partem
1705 2147 2040 2202 videbamur

341 2240 710 2310 impendisse,
761 2255 972 2309 magno
1020 2238 1252 2308 quidem
1293 2242 1499 2290 conatu
1548 2253 1610 2290 ac
1636 2240 1787 2303 voto,
1819 2237 2040 2290 utinam

340 2328 467 2400 pari
517 2344 796 2380 successu.
849 2326 1187 2396 Theologica
1213 2325 1442 2379 tametsi
1471 2326 1654 2378 multa
1681 2325 1928 2391 inerant,
1953 2329 2038 2378 ta-

340 2432 476 2470 men
508 2431 624 2468 non
655 2414 735 2467 ita
764 2413 976 2480 forsan,
1011 2418 1076 2466 ut
1105 2412 1229 2465 aliis
1259 2412 1420 2465 libris
1462 2412 1678 2480 crebra,
1711 2427 2038 2483 quanquam

341 2504 564 2558 ab'hac
604 2497 776 2556 etiam
817 2506 1171 2556 sacrosancta
1203 2500 1502 2570 disciplina
1541 2517 1838 2570 nunquam
1869 2500 2041 2554 alieni

338 2592 573 2659 fuimus,
625 2596 905 2662 quantum
955 2605 1058 2660 per
1111 2595 1336 2642 aetatem
1387 2593 1663 2655 nostram,
1713 2593 1767 2642 et
1797 2588 2038 2642 aliarum

337 2681 546 2734 artium
583 2694 710 2749 quas
759 2694 864 2731 nos
895 2676 1135 2730 miriﬁce
1162 2680 1438 2745 ceperunt
1466 2675 1673 2742 studia,
1715 2675 1892 2729 licuit.
1929 2677 2035 2728 Ne-

336 2785 447 2840 que
500 2785 634 2821 vero
690 2767 768 2820 sic
822 2783 946 2819 sum
995 2765 1066 2819 ad
1104 2766 1211 2818 hoc
1256 2765 1375 2835 ipse
1406 2780 1617 2817 munus
1647 2765 1878 2829 electus,
1911 2768 2037 2816 tan-

299 2920 304 2922 _
335 2873 508 2928 quam
539 2855 752 2926 optime
780 2871 901 2908 rem
925 2859 1317 2919 exsecuturus;
1351 2853 1448 2906 sed
1481 2868 1552 2906 ne
1583 2868 1816 2922 prorsus
1847 2853 2038 2905 nullus

335 2950 479 2998 esset
524 2943 624 3014 qui
669 2944 777 2996 hoc
825 2937 1040 3011 ageret,
1081 2941 1318 3011 reliquis
1350 2941 1565 2994 Erasmi
1595 2941 1792 2994 amicis
1823 2941 1950 2994 aliis
1977 2941 2039 2993 in

333 3033 471 3086 alias
497 3048 586 3085 res
619 3031 872 3085 intentis.
905 3034 1003 3096 Ac,
1036 3035 1310 3084 utverum
1343 3030 1524 3083 fatear
1545 3029 1760 3100 arripui
1791 3045 1932 3100 opus
1963 3031 2033 3084 ab

340 3124 572 3176 Erasmo
602 3121 859 3174 oblatum
889 3120 1233 3187 avidissime,
1256 3119 1543 3190 pollicitus
1571 3136 1663 3173 me
1685 3125 2034 3190 postremam

339 3209 780 3264 Commentariis
821 3209 1228 3278 impositurum
1274 3223 1509 3261 manum
1563 3213 1692 3262 ante
1723 3209 2035 3262 secundum

337 3313 593 3351 mensem
624 3302 724 3349 aut
753 3297 1007 3349 tertium.
1045 3297 1187 3349 Nam
1234 3295 1613 3348 memineram
1644 3313 1734 3350 me
1765 3297 1902 3350 olim
1932 3297 2034 3350 ali-

341 3389 480 3454 quot
507 3386 630 3454 ejus
661 3383 851 3453 operis
881 3383 1175 3436 volumina
1205 3383 1425 3452 legisse,
1460 3400 1586 3453 quae
1609 3385 1749 3437 mihi
1802 3401 1905 3439 nec
1935 3385 2035 3439 ad-

341 3473 578 3526 modum
613 3477 776 3525 erant
801 3472 918 3524 visa
950 3471 1240 3534 mendosa,
1279 3475 1336 3524 et
1378 3470 1511 3524 satis
1544 3471 1768 3538 facilia;
1803 3488 1865 3525 ac
1892 3473 2038 3542 ejus-

337 3560 516 3626 modi,
573 3561 632 3612 in
673 3575 802 3629 quin
844 3575 960 3612 non
1005 3574 1208 3629 parum
1259 3559 1380 3628 ejus
1407 3559 1625 3613 notitias
1657 3559 2032 3630 antiquitatis,

339 3666 514 3720 quam
539 3649 667 3718 jugi
718 3665 1049 3719 paraveram
1090 3648 1351 3709 lectione,
1384 3665 1612 3718 possem
1638 3649 1949 3718 effundere,
1977 3655 2040 3704 ut

340 3737 542 3791 eodem
598 3737 787 3790 labore
837 3737 1008 3790 simul
1056 3752 1381 3790 exercerem
1434 3739 1644 3807 stylum
1675 3741 1844 3808 atque
1873 3739 2038 3809 inge-

339 3827 500 3880 nium
519 3843 736 3894 meum,
760 3826 929 3879 simul
953 3826 1077 3879 aliis
1111 3842 1238 3879 mea
1258 3826 1447 3879 studia
1477 3827 1742 3881 nonnihil
1771 3827 2040 3882 afferrent

336 3917 575 3977 fructus,
608 3916 779 3968 simul
815 3913 1310 3986 aliquam'iugenii
1332 3919 1503 3985 atque
1533 3915 1870 3970 eruditionis
1911 3932 2037 3987 gra-

338 4003 476 4058 tiam
507 4020 793 4073 pararem.
831 4005 895 4057 Et
921 4003 1028 4056 fuit
1054 4003 1150 4057 illa
1181 4003 1434 4074 profecto
1468 4005 1741 4074 juvenilis
1772 4006 2036 4075 quaedam

333 4091 626 4162 cogitatio,
683 4109 810 4162 qum
872 4094 1041 4162 longe
1099 4091 1263 4146 aliter
1320 4092 1666 4162 experiendo
1742 4095 2034 4164 processit,

336 4197 510 4252 quam
563 4180 684 4250 ipse
751 4197 977 4234 mecum
1031 4196 1188 4234 eram
1234 4180 1644 4235 ratiocinatus:
1694 4199 1829 4236 nam
1870 4199 2033 4254 opus,

335 4273 721 4339 praeterquam
751 4269 905 4339 quod
937 4273 1020 4322 est
1060 4269 1481 4339 longissimum,
1536 4271 1708 4323 habet
1745 4271 1804 4324 in
1835 4287 1895 4325 se
1928 4272 2033 4324 mi-

335 4372 459 4408 ram
507 4372 702 4409 rerum
754 4357 1013 4409 omnium
1061 4356 1417 4424 varietatem,
1465 4356 1753 4423 hiszorias,
1794 4358 2033 4426 fabulas,

337 4443 644 4510 naturalia,
677 4443 981 4504 rhetorica,
1015 4443 1436 4509 mathematica,
1471 4445 1872 4514 geographica,
1913 4463 2033 4501 mo-

338 4530 500 4597 ralia,
531 4530 850 4599 theologica
879 4547 892 4596 ;
927 4535 982 4582 et
1011 4531 1218 4584 horum
1248 4531 1394 4594 nihil
1415 4548 1612 4602 prope,
1645 4533 1734 4585 vel
1785 4535 2035 4589 tenuiter

337 4618 422 4671 vel
454 4616 836 4671 mediocriter.
867 4619 991 4672 Jam
1023 4619 1153 4672 libri
1183 4623 1344 4672 erant
1373 4636 1544 4691 supra
1567 4636 1737 4691 quam
1769 4621 1880 4675 dici
1909 4640 2034 4693 pos-

337 4707 409 4760 sit
451 4705 732 4769 mendosi,
768 4705 867 4776 qui
906 4710 1082 4760 totam
1119 4707 1424 4776 Augustini
1473 4705 1816 4760 sententiam
1863 4721 2034 4776 prava

336 4795 620 4865 scriptura
663 4793 775 4847 alio
827 4795 1185 4848 avertebant.
1235 4795 1333 4848 Hic
1377 4797 1498 4866 jam
1545 4811 1663 4849 non
1703 4795 1942 4866 exiguus
1971 4793 2033 4847 in

335 4882 669 4953 castigando
695 4898 760 4935 ex
791 4883 1076 4935 veteribus
1106 4883 1286 4949 libris,
1318 4887 1441 4937 tum
1472 4884 1641 4938 etiam
1674 4884 1734 4938 in
1774 4884 2031 4938 divinan-

333 4973 406 5024 do
460 4971 658 5034 latior;
714 4985 850 5022 nam
907 4973 962 5022 et
1013 4969 1386 5024 divinandum
1419 4987 1813 5042 smpenumero
1841 4972 1949 5026 fuit
1978 4976 2033 5026 et

333 5059 672 5128 conjecturis
695 5075 825 5110 vera
857 5058 1204 5112 restituenda
1234 5059 1419 5113 lectio.
1453 5061 1625 5115 Orsus
1655 5060 2032 5114 nihilominus

333 5163 459 5199 sum
502 5149 746 5200 scribere
777 5147 1001 5200 circiter
1044 5148 1305 5201 calendas
1334 5149 1650 5213 Januarias,
1684 5149 1820 5203 anni
1861 5167 2029 5220 supe-

332 5234 500 5286 rToris
529 5235 584 5286 id
618 5241 700 5288 est
735 5239 889 5300 lij‘ll,
920 5242 975 5289 et
1003 5236 1259 5290 confecto
1291 5237 1360 5289 ad
1390 5236 1560 5289 ﬁnem
1596 5237 1807 5290 mensis
1840 5239 2028 5308 primo

334 5323 498 5379 libro.
562 5322 798 5404 all'ertur
838 5325 907 5378 de
953 5324 1240 5379 Guilielmi
1290 5324 1442 5391 Croji
1471 5325 1772 5378 cardinalis
1803 5326 2029 5392 patroni

331 5410 447 5463 mei
497 5416 694 5476 morte,
727 5412 827 5481 qui
856 5412 1167 5467 Vormaciaa
1196 5418 1416 5467 natura:
1447 5417 1814 5466 concesserat.
1850 5415 2029 5468 Facile

332 5499 649 5562 intelligere
697 5501 936 5570 quisque
974 5506 1183 5572 potest,
1214 5507 1279 5556 ut
1308 5519 1372 5555 ea
1400 5518 1490 5554 res
1519 5501 1836 5555 studiorum
1867 5518 2026 5554 meo-

1358 261 1917 317 SUPPLEMENTUM
1957 261 2048 314 AD
2085 259 2319 314 OPERA
2358 259 2413 312 S.
2454 255 2841 313 AUGUSTINI.

3693 265 3776 318 tto

2073 385 2117 436 A
2150 397 2278 434 rum
2330 379 2582 450 quietem
2639 376 3007 442 concusserit,
3036 375 3254 430 sublato
3284 391 3349 429 eo
3386 377 3478 448 qui
3507 380 3638 434 mihi
3664 399 3780 438 unus

2145 471 2260 524 otia
2282 469 2525 523 faciebat
2547 472 2762 538 quanta
2783 466 3107 536 cupiebam.
3134 463 3288 530 Hinc,
3318 469 3378 518 ut
3397 468 3545 520 nulla
3563 485 3776 541 unquam

2143 558 2435 612 calamitas
2483 556 2639 609 venit
2685 555 2826 621 sola,
2879 554 2937 607 in
2968 553 3234 606 morbum
3264 552 3432 608 incidi
3461 571 3565 609 non
3593 557 3776 629 simpli-

2144 663 2266 700 cem
2299 662 2310 700 :
2341 646 2416 698 ita
2447 645 2519 699 ad
2567 660 2761 697 curam
2792 641 3134 696 valetudinis
3162 646 3384 695 coactus
3411 659 3530 697 sum
3561 661 3642 699 me
3671 649 3776 700 Bru.

2144 751 2243 805 gas
2267 733 2523 787 conferre
2551 733 2619 786 ad
2650 748 2808 786 meos
2832 731 3128 800 Hispanos,
3158 729 3304 783 inter
3333 745 3470 800 quos
3493 747 3630 801 aeger
3653 750 3780 790 more

2145 838 2207 875 ac
2253 822 2422 875 modo
2472 837 2599 874 meo
2632 819 2986 874 commodius
3015 821 3305 871 tractarer.
3339 819 3593 872 Convalui
3616 837 3776 878 mense

2143 909 2332 964 Junio.
2367 911 2429 962 Et
2460 908 2731 980 quoniam
2765 907 3100 962 dicebantur
3129 905 3329 960 eodem
3371 906 3585 960 Carolus
3613 909 3780 979 Caesar,

2145 1003 2200 1052 et
2229 997 2532 1051 Britannus
2563 996 2866 1051 cardinalis
2890 993 3136 1059 venturi,
3171 1009 3239 1047 ea
3276 1009 3365 1047 me
3396 1009 3480 1046 res
3506 994 3580 1048 ibi
3605 997 3781 1067 aliquot

2144 1085 2437 1140 mensibus
2465 1085 2668 1150 tenuit,
2702 1089 2764 1137 ut
2795 1085 3091 1137 Erasmum
3121 1085 3176 1135 et
3205 1082 3420 1135 Morum
3449 1083 3780 1150 convenirem,

2145 1174 2513 1243 videremque
2565 1172 2940 1236 Tonstallum,
2995 1174 3052 1223 et
3118 1169 3472 1239 Montjojum,
3527 1176 3579 1224 et
3628 1171 3783 1226 doctos

2147 1263 2303 1323 alios,
2357 1266 2477 1315 tum
2527 1260 2741 1313 amicos
2797 1259 3100 1329 plerosque
3131 1273 3311 1321 meos,
3343 1257 3440 1326 qui
3467 1257 3650 1310 eodem
3677 1275 3780 1312 ven-

2147 1350 2263 1403 turi
2313 1350 2668 1403 dicebantur.
2721 1349 2797 1402 Eo
2840 1348 2962 1401 loco
3010 1345 3258 1399 scribere
3307 1361 3422 1398 non
3451 1344 3642 1413 licebit,
3668 1349 3785 1417 quod

2148 1437 2553 1491 bibliothecam
2604 1435 2834 1506 qualem
2880 1433 3149 1503 optabam
3201 1448 3316 1485 non
3361 1432 3633 1496 haberem,
3671 1435 3787 1487 unde

2149 1541 2279 1595 quae
2305 1524 2603 1578 scribenda
2633 1525 2823 1576 forent
2851 1521 3373 1592 suppeditarentur.
3397 1521 3624 1574 Tantum
3649 1521 3788 1575 libros

2152 1613 2368 1682 aliquot
2391 1613 2462 1667 ad
2483 1615 2704 1665 vetusta
2734 1609 3079 1680 exemplaria
3117 1607 3353 1675 contuli,
3389 1624 3617 1678 quorum
3645 1625 3788 1663 unum

2078 1677 2119 1731 Β
2153 1677 2384 1755 dederat
2413 1700 2558 1754 mihi
2584 1701 2799 1753 Marcus
2829 1677 3122 1758 Lautinus,
3158 1677 3419 1750 decanusf
3441 1696 3616 1750 Sancti
3642 1697 3787 1749 Dona-

2148 1789 2291 1842 tiani
2343 1787 2684 1857 Brugensis;
2736 1787 2980 1839 alterum
3021 1785 3332 1838 carmelitze
3365 1784 3787 1853 Brugenses;ter-

2147 1878 2294 1931 tium
2331 1877 2599 1930 Erasmus
2629 1874 2870 1928 missum
2901 1874 2970 1927 ad
2999 1890 3058 1926 se
3091 1872 3327 1928 Colonia
3348 1871 3657 1942 Agrippina,
3684 1872 3787 1924 scri-

2149 1972 2333 2036 ptum,
2374 1970 2440 2018 ut
2483 1965 2694 2028 ferunt,
2745 1978 2923 2016 manu
2973 1961 3090 2014 divi
3140 1961 3374 2031 Lutgeri
3411 1960 3659 2030 episcopi.
3685 1960 3789 2014 Mira

2149 2056 2303 2110 dictu
2340 2071 2428 2107 res
2477 2059 2690 2124 quanta
2720 2052 2778 2106 in
2812 2051 3098 2105 codicibus
3124 2051 3400 2105 varietas:
3433 2055 3494 2104 ut
3530 2050 3786 2120 unusquis-

2149 2160 2260 2214 que
2292 2141 2733 2196 describentium
2763 2143 2992 2210 putaret
3019 2139 3128 2193 sibi
3173 2139 3344 2194 licere
3374 2139 3537 2192 verba
3564 2139 3790 2192 arbitratu

2149 2248 2250 2285 suo
2297 2246 2532 2301 ponere,
2583 2229 2756 2282 modo
2806 2232 3087 2281 constaret
3123 2244 3344 2294 sensus,
3378 2227 3535 2298 quasi
3561 2227 3790 2295 interpre-

2147 2320 2286 2374 tatio
2335 2323 2499 2382 esset,
2553 2334 2668 2371 non
2691 2316 3020 2388 exscriptio.
3061 2319 3146 2370 Ita
3173 2316 3235 2369 in
3266 2316 3372 2370 hoc
3398 2316 3535 2370 libro
3567 2316 3699 2385 legas
3721 2330 3789 2367 ar-

2149 2408 2348 2474 bitror,
2387 2407 2448 2460 in
2478 2407 2576 2459 illo
2615 2409 2793 2476 puto;
2823 2404 2884 2457 in
2914 2404 3018 2457 hoc
3049 2403 3456 2474 significatum,
3485 2403 3542 2457 in
3569 2403 3656 2456 illo
3680 2401 3790 2472 ﬁgu-

2149 2503 2338 2550 ratum
2382 2494 2514 2557 ;hic
2549 2509 2822 2564 praesens,
2865 2493 3000 2546 alibi
3052 2493 3195 2559 iste;
3249 2493 3342 2547 hic
3365 2493 3530 2546 habet
3555 2507 3694 2562 ergo,
3719 2490 3789 2543 ille

2145 2586 2359 2657 igitur;
2390 2584 2482 2638 hic
2513 2589 2780 2649 aeternus,
2815 2582 2910 2636 ille
2941 2582 3316 2648 immortalis;
3363 2583 3453 2637 hic
3480 2581 3694 2645 ﬂexisse,
3719 2580 3788 2633 ille

2148 2675 2464 2739 deflexisse,
2517 2673 2663 2726 alius
2705 2671 3010 2727 inﬂexisse.
3057 2671 3169 2726 Sed
3199 2671 3322 2725 haec
3351 2670 3592 2724 fortassis
3627 2669 3790 2722 tolera-

2148 2763 2304 2818 bilia.
2354 2761 2501 2826 Quid
2540 2762 2638 2814 illa
2681 2760 2953 2829 detracta,
3004 2759 3143 2830 quid
3183 2759 3392 2826 addita,
3426 2758 3786 2812 inversa?Jam

2149 2851 2374 2924 quoties
2423 2855 2698 2918 erratum,
2747 2865 2877 2903 cum
2925 2849 3249 2902 versionem
3292 2850 3415 2904 LXX
3444 2849 3785 2918 interpretum,

2076 2967 2114 3021 ρ
2148 2957 2321 3013 quam
2354 2940 2567 3011 ubique
2601 2939 2956 3008 Augustinus
2986 2938 3240 3005 adducit,
3272 2940 3567 2992 voluerunt
3588 2935 3650 2989 ad
3675 2935 3786 2987 hanc

2144 3034 2396 3084 nostram
2443 3029 2809 3098 detorquere,
2856 3031 2912 3079 et
2955 3042 3023 3079 ex
3071 3025 3295 3080 duabus
3324 3027 3469 3079 male
3497 3020 3782 3078 cohaerenti-

2143 3118 2250 3173 bus
2270 3133 2443 3170 unam
2460 3116 2643 3170 facere
2672 3132 2684 3170 :
2708 3130 2813 3168 nec
2829 3114 2981 3168 aliud
3013 3131 3177 3186 aeque
3197 3115 3306 3168 fuit
3325 3115 3618 3169 molestum
3657 3108 3781 3170 mihi,

2143 3211 2207 3260 ut
2234 3205 2450 3258 variam
2489 3203 2794 3258 lectionem
2833 3203 3174 3274 expendere,
3204 3203 3542 3269 examinare,
3572 3204 3783 3255 excutere

2145 3294 2207 3348 in
2254 3310 2365 3347 uno
2411 3309 2638 3363 quoque
2688 3291 2870 3362 capite
2915 3308 3030 3345 non
3061 3293 3260 3346 semel.
3296 3292 3431 3356 Quae.
3461 3295 3610 3344 erant
3634 3285 3786 3342 difﬁci-

2143 3382 2310 3446 liora,
2343 3381 2402 3434 in
2424 3379 2858 3436 Commentariis
2887 3379 3186 3446 adnotavi;
3225 3396 3354 3450 quae
3387 3396 3512 3433 vero
3555 3375 3785 3448 apertiora

2147 3476 2202 3524 et
2229 3469 2611 3540 promptiora,
2645 3469 2705 3522 in
2737 3468 3017 3538 margine.
3051 3468 3110 3521 Id
3141 3468 3460 3522 accuratius
3493 3467 3590 3520 feci
3611 3465 3662 3519 in
3686 3461 3786 3516 locis

2146 3566 2469 3613 sanctarum
2500 3557 2841 3618 litterarum,
2883 3561 3116 3627 propter
3154 3573 3357 3611 earum
3387 3555 3709 3628 mysterium.
3739 3551 3783 3602 ln

2145 3647 2434 3718 plerisque
2482 3645 2762 3699 veriorem
2815 3645 3061 3698 iudicavi
3115 3646 3444 3706 lectionem,
3475 3649 3528 3699 et
3553 3642 3784 3714 quidsen-

2144 3736 2313 3790 tirem
2358 3735 2574 3804 aperui.
2621 3735 2685 3788 In
2723 3733 2942 3788 caeteris
2981 3733 3258 3804 adjecisse
3313 3735 3451 3806 quid
3473 3732 3689 3803 legerint
3713 3725 3783 3780 alii

2145 3828 2466 3890 contentus,
2501 3821 2645 3876 nihil
2691 3822 2889 3876 lectori
2933 3823 3338 3892 praejudicans,
3377 3823 3606 3878 liberam
3630 3817 3698 3872 illi
3723 3819 3782 3868 at-

2146 3929 2256 3982 que
2292 3912 2576 3982 integram
2629 3927 2929 3965 censuram
2978 3911 3207 3981 reliqui.
3243 3914 3481 3966 Fruetur
3499 3926 3594 3981 per
3613 3923 3688 3962 me
3709 3919 3783 3956 suo

2148 3999 2390 4070 quisque
2441 3999 2554 4052 sive
2607 3998 2864 4068 ingenio,
2916 3999 3031 4052 sive
3071 3999 3313 4068 judicio.
3358 4001 3488 4054 Post
3521 3992 3722 4053 Caesaris
3744 3993 3784 4042 et

2147 4087 2452 4142 cardinalis
2496 4086 2814 4157 digressum
2861 4086 3009 4141 redii
3057 4088 3371 4142 Lovanium
3416 4087 3516 4141 sub
3545 4087 3694 4140 ﬁnem
3717 4079 3783 4130 Se-

2144 4176 2450 4248 ptembris;
2495 4175 2609 4236 hic,
2656 4175 2986 4246 compositis
3033 4176 3228 4246 rebus,
3284 4182 3340 4232 et
3379 4177 3584 4247 digesta
3630 4167 3783 4225 biblio-

2073 4258 2116 4311 D
2148 4266 2331 4333 theca,
2363 4263 2508 4335 coepi
2537 4268 2688 4318 totus
2719 4264 2778 4317 in
2800 4265 3167 4336 scriptionem
3187 4267 3546 4320 incumbere:
3577 4261 3647 4315 ita
3678 4252 3783 4311 mihi

2147 4371 2209 4408 ea
2249 4355 2454 4425 hyeme
2499 4369 2677 4423 usque
2727 4353 2798 4407 ad
2845 4355 3112 4424 quintum
3158 4356 3446 4410 decimum
3489 4353 3674 4406 librum
3722 4346 3782 4395 est

2146 4457 2534 4513 progressum.
2614 4442 2876 4494 Extremo
2923 4459 3074 4509 vere,
3126 4444 3282 4514 quod
3343 4439 3610 4497 salutandi
3657 4435 3780 4488 erant

2145 4530 2310 4582 amici
2340 4533 2604 4600 parantes
2635 4529 2693 4582 in
2742 4530 3074 4600 Hispaniam
3117 4531 3401 4602 proficisci
3438 4545 3560 4584 cum
3589 4527 3778 4580 Caesare,

2141 4617 2425 4672 intermisi
2456 4635 2618 4688 opus.
2642 4619 2871 4672 Erasmo
2898 4620 3134 4674 subinde
3163 4621 3491 4674 stimulante
3511 4623 3564 4670 et
3589 4611 3782 4669 instante

2140 4711 2205 4759 ut
2232 4707 2581 4775 perticerem.
2615 4707 2999 4774 utmitterem,
3034 4708 3180 4762 redii
3203 4709 3528 4772 Lovanium,
3553 4707 3603 4757 et
3617 4698 3780 4771 quanta

2141 4794 2392 4848 maxime
2438 4795 2601 4864 potui
2638 4795 2937 4865 diligentia
2966 4813 3160 4850 mense
3193 4813 3307 4851 uno
3348 4801 3584 4868 quatuor
3606 4790 3778 4860 postre-

2140 4899 2265 4936 mos
2317 4884 2489 4935 libros
2545 4883 2782 4950 absolvi,
2830 4900 2960 4938 cum
3008 4884 3160 4940 bona
3188 4891 3354 4956 parte
3383 4880 3576 4938 decimi
3604 4871 3777 4932 octavi;

2141 4971 2388 5040 venique
2439 4970 2510 5024 ad
2556 4971 2657 5024 has
2703 4971 3065 5041 praefationes
3114 4972 3439 5028 scribendas
3467 4969 3594 5023 adeo
3620 4964 3775 5018 fessus,

2139 5063 2195 5112 et
2223 5059 2415 5114 labore
2445 5063 2602 5113 tanto
2634 5064 2865 5130 tamque
2911 5060 3068 5114 vario
3111 5061 3344 5126 fractus,
3379 5065 3441 5113 ut
3466 5057 3658 5111 litteras
3681 5061 3776 5101 om-

2139 5165 2240 5202 nes
2269 5148 2558 5218 librosque
2608 5149 2793 5202 nescio
2839 5149 3327 5219 quemadmodum
3365 5147 3577 5200 animus
3603 5148 3776 5193 aversa-

2141 5241 2314 5302 retur,
2363 5237 2518 5290 velut
2562 5238 2772 5292 crudus
2811 5238 3133 5292 stomachus
3191 5255 3255 5292 ac
3311 5234 3617 5291 redundans
3655 5225 3776 5279 cibos

2139 5342 2370 5391 omnes;
2422 5325 2650 5379 liberari
2701 5327 2931 5381 tandem
2963 5345 3029 5381 ea
3059 5327 3318 5381 molestia
3351 5325 3545 5378 misere
3564 5315 3771 5386 cupiens.

2138 5418 2195 5467 et
2222 5413 2500 5468 universis
2547 5419 2718 5484 atque
2765 5415 2946 5469 unicis
2990 5415 3129 5470 votis
3165 5417 3468 5484 exoptans:
3502 5411 3571 5463 ita
3599 5411 3652 5460 ut
3671 5413 3769 5454 cum

2137 5503 2204 5555 ad
2250 5503 2460 5556 calcem
2501 5503 2757 5573 perveni,
2805 5520 2906 5558 nec
2944 5504 3266 5574 pecuniam,
3301 5518 3401 5556 nec
3429 5496 3643 5569 gratiam
3678 5493 3768 5539 stu-
