3920 6180
128 305 203 356 4H
855 286 1219 345 VARIORUM
1258 288 1859 347 EXERCITATIONES
1898 291 1966 345 IN
2006 292 2060 345 S.
2103 291 2470 348 AUGUSTINI
2508 290 2760 345 OPERA.

3458 296 3563 348 442

128 424 362 477 diosorum
411 415 599 477 ullam,
650 429 753 466 nec
811 413 966 467 aliud
1022 413 1338 483 quidquam
1380 413 1752 467 existimarim
1789 412 1839 467 A
1873 415 1969 467 sed
2000 415 2185 467 forsan
2217 414 2389 467 etiam
2419 414 2738 469 falsissima.
2773 415 2986 469 Idcirco
3017 416 3305 487 plerisque
3336 417 3395 473 in
3423 418 3565 472 locis

129 526 256 582 teque
282 522 384 559 esse
411 503 650 574 pretium
684 519 896 572 operae,
926 519 990 555 ac
1041 504 1289 556 solutum
1346 503 1579 557 tandem
1614 503 1754 556 libe-

130 606 368 666 ratumque
396 608 511 646 esse
542 608 629 645 me
662 592 856 645 labore
888 596 1005 644 tam
1035 590 1289 657 sinuoso,
1327 595 1383 644 et
1414 592 1753 661 plerumque

129 690 367 741 inamoeno.
398 680 698 735 Narrandaa
730 679 964 733 fuerunt
997 678 1202 732 fabulas
1233 683 1288 732 et
1325 678 1612 745 historias;
1663 679 1755 732 de-

124 771 377 828 scribendae
398 768 654 838 regiones
681 772 737 820 et
765 768 970 833 urbes;
1008 772 1134 822 tum
1181 766 1513 820 consulendi
1558 768 1752 820 Plato-

118 861 204 915 nici
235 873 359 927 pene
380 872 591 919 omnes,
618 858 674 907 et
702 854 937 923 reliquas
968 853 1441 923 philosophorum
1471 852 1750 917 nationes,

115 954 157 1001 et
182 944 461 1015 theologica
489 943 807 997 tractanda:
841 942 900 995 in
938 942 1149 1011 quibus
1199 941 1425 1011 parcior
1464 958 1637 1011 quam
1694 942 1754 997 in

112 1033 336 1106 profanis,
368 1032 580 1102 aliquot
611 1031 679 1084 de
710 1030 913 1095 causis,
972 1029 1075 1083 fui.
1128 1030 1406 1095 Primum,
1456 1030 1609 1100 quod
1639 1047 1753 1086 non

111 1123 299 1177 decebat
326 1120 621 1191 profanum
652 1119 969 1183 hominem,
1017 1133 1122 1172 nec
1163 1121 1304 1171 natu
1355 1119 1629 1188 grandem
1664 1124 1753 1173 te-

109 1226 233 1264 mere
278 1210 341 1262 de
393 1207 762 1261 sanctissimis
809 1208 979 1261 rebus
1005 1208 1094 1261 vel
1125 1207 1387 1275 deﬁnire,
1418 1208 1505 1261 vel
1555 1208 1752 1278 dispu-

108 1305 216 1352 tare.
246 1296 461 1359 Deinde,
497 1296 646 1366 quod
698 1295 937 1348 historia
967 1311 1256 1349 sacrarum
1306 1296 1625 1349 litterarum
1658 1313 1753 1351 no-

106 1389 190 1440 tior
232 1386 362 1439 solet
406 1401 525 1439 esse
583 1383 814 1437 lecturis
862 1384 1250 1453 Augustinum
1299 1388 1355 1437 et
1417 1385 1751 1455 hujusmodi

105 1480 337 1539 auctores,
369 1489 539 1544 quam
572 1478 633 1526 ut
664 1489 806 1543 opus
833 1472 907 1526 sit
940 1488 1066 1526 eam
1098 1488 1200 1542 per
1244 1488 1334 1525 me
1366 1472 1570 1542 repeti,
1621 1489 1749 1542 quae

104 1562 319 1616 indicatis
344 1560 480 1614 locis
532 1578 599 1614 ex
653 1560 826 1613 sacris
859 1559 1016 1613 libris
1048 1559 1242 1613 fusius.
1267 1564 1325 1613 et
1372 1561 1625 1631 apertius
1654 1577 1749 1615 co-

104 1649 258 1718 gnosci
282 1652 481 1717 potest,
514 1664 692 1718 quam
735 1652 800 1701 ut
826 1664 859 1701 a
888 1663 981 1701 me
1009 1647 1100 1701 hic
1150 1647 1409 1716 pluribus
1464 1647 1751 1701 videretur

102 1736 398 1807 explicanda.
456 1738 581 1790 Jam
616 1736 763 1788 dicta
802 1752 868 1788 ex
915 1734 1137 1788 arcanis
1190 1739 1399 1788 nostras
1455 1735 1750 1805 religionis

102 1825 280 1889 litteris,
322 1825 389 1878 ab
445 1824 769 1893 Augustino
827 1825 1089 1890 adducta,
1136 1823 1411 1877 nonnulla
1467 1824 1751 1877 enarravi-

102 1928 227 1977 mus;
257 1911 358 1965 alia
380 1911 820 1982 prmterivimus,
853 1911 1010 1982 quod
1039 1911 1292 1965 viderem
1319 1927 1436 1965 non
1455 1911 1609 1965 hunc
1632 1928 1751 1966 esse

103 2002 287 2053 illorum
338 2000 807 2071 explicandorum
867 2002 1078 2054 locum.
1138 2003 1411 2053 Auctores
1484 2000 1753 2069 profanos

100 2088 280 2142 crebros
308 2089 371 2142 ad
398 2089 794 2143 conﬁrmanda
822 2088 1127 2159 Augustini
1159 2088 1328 2153 dicta,
1377 2088 1530 2142 velut
1556 2092 1749 2155 testes,

98 2177 412 2231 induximus:
448 2178 607 2249 quod
656 2178 794 2232 lides
840 2179 1126 2232 dictorum
1182 2193 1356 2247 penes
1412 2177 1538 2231 illos
1584 2184 1751 2245 esset,

98 2267 367 2336 praesertim
397 2267 455 2320 in
489 2267 751 2337 profanis
778 2266 970 2334 rebus,
1003 2283 1145 2337 quas
1178 2266 1248 2320 ab
1276 2266 1389 2319 illis
1445 2270 1528 2320 est
1556 2268 1751 2337 Augu-

100 2356 243 2408 stinus
266 2361 577 2409 mutuatus.
614 2357 754 2410 Nam
785 2356 845 2408 in
884 2355 1053 2408 rebus
1082 2359 1289 2409 nostrae
1316 2354 1545 2424 pietatis
1567 2372 1752 2425 neque

99 2443 291 2496 ethnicis
319 2444 641 2515 quidquam
671 2449 755 2498 est
780 2444 999 2513 negotii
1026 2464 1040 2511 ;
1067 2448 1123 2498 et
1152 2443 1522 2514 scriptoribus
1546 2445 1753 2497 nostris

100 2549 185 2599 non
209 2533 430 2602 perinde
470 2533 673 2587 multis
702 2549 829 2587 sum
858 2550 1015 2601 usus,
1068 2549 1140 2586 ne
1194 2548 1400 2602 parum
1434 2532 1599 2586 firma
1636 2535 1752 2586 Au.

102 2621 269 2688 gustini
297 2622 611 2675 auctoritas
643 2622 1082 2687 existimaretur,
1115 2620 1226 2674 nisi
1258 2620 1372 2674 illis
1409 2621 1564 2674 velut
1621 2621 1752 2673 tibi-

102 2709 273 2763 cinibus
322 2710 578 2763 suffulta.
632 2709 780 2763 Satis
838 2709 991 2763 enim
1040 2708 1339 2763 videbatur
1387 2725 1506 2761 esse
1546 2707 1753 2762 dixisse

100 2798 442 2865 Augustinum.
474 2798 892 2867 Hieronymum
919 2796 1274 2867 frequentius
1293 2796 1577 2862 advocavi,
1610 2812 1750 2866 pras-

103 2885 225 2954 cipue
252 2886 340 2940 ubi
373 2888 442 2940 de
474 2886 813 2956 linguarum
871 2885 1382 2955 significationibus
1439 2889 1537 2938 aut
1582 2885 1754 2937 inter-

1868 502 2147 556 delectare
2174 502 2357 571 magis
2397 503 2667 555 lectorem
2707 503 2920 573 placuit
2951 520 3121 573 quam
3173 505 3395 560 docere.
3430 507 3563 560 Etsi

1867 591 2004 660 quid
2027 591 2310 652 docerem,
2342 607 2460 643 non
2489 596 2606 644 tam
2639 608 2831 645 severe
2863 594 3199 662 imperando
3230 595 3386 649 volui
3431 612 3560 664 per-

1866 678 2124 744 suadere,
2157 694 2330 747 quam
2362 677 2575 731 blande
2602 680 2858 748 rogando
2899 681 3319 750 monendoque.
3367 682 3562 735 Addu-

1865 766 1937 819 cti
1968 782 2163 819 sumus
2190 782 2603 836 nonnunquam
2633 783 2699 819 ea
2742 783 2928 833 causa,
2962 768 3235 837 quoniam
3292 771 3563 839 Augusti-

1864 871 1971 908 nus
1999 854 2157 908 fusus
2198 860 2284 908 est
2310 855 2673 925 plerumque,
2709 872 2772 908 ac
2794 856 2914 925 ipse
2942 856 3224 925 interpres
3276 858 3363 910 sui
3390 875 3400 911 :
3436 859 3563 913 ideo

1863 942 2058 996 labore
2089 942 2329 996 docendi
2358 942 2626 1011 adempto
2658 943 2852 995 ludere
2890 944 3076 1009 libuit,
3111 949 3167 996 et
3199 944 3468 997 lectorem
3503 946 3560 998 in

1864 1031 2148 1102 digressus
2206 1032 2428 1099 aliquos
2512 1030 2742 1084 interim
2797 1047 2913 1084 non
2964 1046 3198 1100 prorsus
3244 1032 3562 1086 inamcenos

1865 1120 2099 1186 ducere;
2127 1119 2297 1173 simul
2328 1124 2391 1171 ut
2420 1118 2535 1172 mei
2590 1119 2796 1172 laboris
2830 1120 3175 1189 quandoque
3214 1126 3436 1189 partem
3481 1122 3565 1175 le-

1862 1224 2077 1274 varem,
2112 1208 2217 1261 etsi
2248 1223 2367 1260 non
2391 1223 2563 1261 onere
2598 1207 2878 1277 deposito,
2911 1212 3060 1262 certe
3089 1208 3296 1277 frigida
3328 1210 3559 1275 suffusa,

1864 1300 1919 1349 et
1948 1312 2052 1365 per
2074 1296 2224 1348 viam
2256 1296 2549 1366 aliquanto
2599 1296 2990 1362 munitiorem,
3023 1301 3079 1349 et
3108 1296 3259 1350 inter
3290 1303 3409 1350 sata
3438 1300 3563 1351 cul-

1862 1388 2035 1454 taque
2080 1388 2336 1454 spectatu
2381 1384 2637 1454 jucunda
2696 1385 3171 1438 commodiorem.
3249 1386 3387 1439 Nam
3442 1388 3563 1439 haec

1862 1472 2056 1526 omnia
2112 1489 2240 1543 quae
2272 1472 2407 1538 dixi,
2440 1472 2542 1527 etsi
2575 1472 2787 1527 habent
2837 1489 2966 1525 suas
2994 1473 3172 1525 animi
3203 1490 3302 1526 ceu
3335 1490 3563 1543 repara-

1860 1560 2046 1614 tiones
2077 1561 2549 1631 refectionesque,
2582 1560 2795 1614 habent
2824 1561 3202 1615 nihilominus
3264 1578 3393 1615 suas
3420 1562 3565 1615 sale-

1859 1648 2009 1714 bras,
2037 1665 2169 1702 suos
2194 1649 2427 1702 acclives
2456 1649 2765 1715 colliculos,
2798 1665 2902 1717 per
2940 1666 3082 1719 quos
3130 1666 3244 1703 non
3298 1650 3420 1703 sine
3472 1666 3565 1703 su-

1864 1739 2002 1791 dore
2052 1754 2184 1807 agas
2225 1754 2413 1792 onus:
2476 1754 2605 1791 suos
2637 1754 2868 1807 quoque
2916 1737 3240 1803 descensus,
3290 1754 3393 1807 per
3424 1754 3565 1807 quos

1863 1843 1981 1881 non
2011 1826 2131 1881 sine
2170 1827 2362 1896 lapsus
2392 1826 2649 1897 periculo
2679 1826 2851 1879 facias
2890 1827 3017 1893 iter,
3045 1842 3117 1880 ne
3149 1826 3294 1879 fasce
3334 1843 3563 1897 pressus

1862 1915 1925 1968 in
1953 1931 2203 1985 pronum
2234 1916 2433 1970 ferare.
2468 1915 2589 1969 Illic
2619 1931 2752 1968 vero
2784 1931 2898 1968 non
2938 1919 3173 1969 stratam
3205 1914 3383 1968 ullam
3413 1914 3561 1967 viam

1863 2001 2139 2068 invenias,
2172 2017 2275 2055 nec
2304 2001 2458 2072 quod
2487 2005 2706 2055 recreet
2739 2003 2950 2067 oculos,
3006 2018 3112 2056 nec
3156 2017 3279 2071 quo
3328 2002 3413 2054 vel
3448 2017 3563 2054 mo-

1864 2095 2121 2143 mentum
2153 2090 2420 2158 divertas,
2448 2106 2510 2144 ac
2558 2106 2631 2144 ne
2686 2090 2781 2145 ubi
2826 2090 3020 2144 sedeas
3073 2090 3306 2160 quidem
3362 2090 3563 2156 fessus,

1864 2195 1993 2232 cum
2026 2178 2367 2233 conferenda
2397 2184 2529 2234 sunt
2556 2184 2839 2250 tempora,
2881 2196 3011 2233 cum
3069 2178 3360 2232 diversitas
3413 2178 3565 2231 inter

1865 2272 2120 2321 auctores
2148 2272 2318 2338 atque
2350 2268 2487 2322 adeo
2537 2268 2853 2322 adversitas
2905 2268 3254 2322 ostendenda
3300 2284 3430 2321 cum
3458 2283 3562 2320 sae-

1863 2371 2179 2425 penumero
2200 2356 2472 2421 tollenda,
2501 2372 2629 2409 cum
2662 2356 3037 2425 qumrendum
3066 2360 3123 2409 et
3166 2355 3561 2420 evolvendum,

1865 2449 1920 2497 et
1949 2444 2319 2497 divinandum
2348 2444 2445 2497 ubi
2476 2443 2548 2497 sit
2585 2443 2743 2499 locus
2771 2460 2943 2513 quem
2982 2444 3335 2513 Augustinus
3400 2444 3565 2496 affert

1866 2549 1933 2586 ex
1992 2532 2264 2602 scriptore
2307 2534 2527 2603 aliquo:
2588 2548 2760 2603 quem
2800 2533 2991 2586 locum
3028 2532 3285 2585 invenire
3316 2532 3563 2584 multum

1866 2635 1928 2672 ac
1954 2619 2052 2673 diu
2077 2619 2403 2689 quaesitum,
2435 2635 2597 2672 casus
2621 2624 2707 2672 est
2737 2618 2944 2687 saepius
2974 2634 3148 2687 quam
3203 2618 3559 2671 eruditionis.

1866 2709 2009 2762 Nam
2032 2708 2091 2761 in
2113 2724 2245 2761 eum
2274 2707 2488 2761 incidat
2516 2707 2845 2777 frequenter
2872 2706 3355 2776 imperitissimus,
3390 2721 3561 2774 quem

1865 2796 2063 2850 doctus
2094 2796 2434 2865 investigare
2465 2812 2585 2849 non
2610 2795 2799 2865 potuit
2829 2795 2924 2849 diu
2954 2795 3317 2864 vestigatum.
3361 2795 3426 2847 Et
3458 2793 3564 2846 hoc

1862 2884 2007 2937 mihi
2036 2889 2191 2938 tanto
2236 2883 2343 2937 fuit
2381 2883 2669 2937 difﬁcilius
2697 2898 2761 2936 ac
2788 2884 2918 2953 plus
2966 2882 3239 2953 temporis
3294 2881 3560 2947 extraxit,

108 2974 460 3040 pretationibus
517 2974 832 3044 agebatur:
903 2973 1173 3045 quoniam
1215 2972 1281 3038 is,
1324 2977 1387 3026 ut
1428 2972 1608 3027 Graeci
1651 2975 1749 3027 aut
1791 2989 1830 3044 α
1864 2972 2015 3042 quod
2046 2976 2103 3026 et
2134 2972 2449 3041 imparatus
2476 2972 2543 3026 ad
2574 2972 2682 3025 hoc
2735 2988 2879 3041 opus
2928 2971 3155 3038 accessi,
3217 2986 3348 3025 cum
3395 2975 3565 3023 antea

109 3061 271 3117 Hebraei
298 3063 585 3119 sermonis
634 3063 839 3133 peritia
877 3063 954 3116 ita
984 3067 1041 3116 et
1072 3061 1398 3132 cognitione
1429 3065 1752 3115 sanctarum

100 3149 461 3222 Scripturarum
496 3168 697 3206 omnes
725 3155 933 3205 nostra:
965 3149 1262 3220 religionis
1293 3149 1595 3220 scriptores
1624 3150 1749 3203 lon-

96 3254 145 3307 ge
169 3242 453 3296 antecellit.
493 3242 611 3294 Nec
643 3239 838 3311 putavi
889 3240 1011 3293 fore
1044 3238 1371 3308 interpretis
1418 3243 1748 3292 controver-

94 3327 173 3379 sias
196 3329 304 3383 illas
327 3345 566 3385 movere
616 3345 757 3399 quas
785 3328 964 3382 nostri
995 3328 1251 3398 theologi
1280 3328 1340 3380 in
1393 3327 1598 3380 scholis
1629 3321 1751 3382 ma-

94 3416 187 3483 guis
213 3419 403 3472 animis
432 3417 701 3488 agitant;
731 3433 1062 3488 quanquam
1093 3416 1164 3469 iis
1193 3416 1381 3486 prima
1419 3420 1583 3469 (etate
1640 3416 1751 3470 fui-

27 3554 35 3574 ,
92 3519 187 3557 mus
211 3505 425 3576 imbuti,
460 3522 597 3577 quae
637 3506 705 3559 ab
766 3507 1047 3571 instituto,
1091 3521 1123 3558 a
1171 3509 1363 3557 mente
1416 3504 1751 3575 rationeque

89 3594 346 3661 Augustini
374 3595 696 3666 plurimum
729 3595 1042 3662 dissident;
1074 3597 1525 3663 aspernatusque
1557 3592 1754 3647 fuisset

88 3677 203 3747 illas,
230 3686 392 3753 atque
433 3683 774 3752 indignatus
806 3682 963 3753 operi
1002 3699 1103 3735 suo
1135 3681 1427 3746 admistas,
1458 3681 1614 3734 velut
1643 3681 1750 3734 tri-

86 3765 169 3819 tico
196 3769 397 3832 lolium,
430 3786 779 3841 quacunque
812 3770 939 3823 cmli
984 3773 1147 3839 parte
1180 3784 1357 3839 purus
1387 3768 1483 3821 ille
1517 3785 1580 3821 ac
1609 3785 1751 3822 san-

83 3855 323 3911 ctissimus
352 3860 585 3912 animus
632 3874 722 3910 res
752 3856 1054 3911 hominum
1086 3857 1392 3926 despectat.
1422 3857 1618 3926 Itaque
1648 3872 1753 3910 nec

84 3942 453 4013 disputandum
487 3946 630 4000 mihi
656 3945 854 3999 censui
886 3946 973 3998 vel
1004 3961 1132 3998 cum
1165 3945 1272 3998 hoc
1310 3945 1615 3998 hominum
1647 3961 1750 4014 ge-

82 4046 209 4099 nere,
234 4036 315 4088 vel
353 4052 489 4089 cum
526 4033 965 4105 antiquioribus,
994 4032 1344 4103 quicumque
1379 4032 1551 4085 alieni
1573 4049 1605 4085 a
1635 4049 1753 4087 sen-

80 4121 227 4173 tentia
253 4123 558 4193 Augustini
608 4125 832 4188 essent;
863 4137 997 4174 nam
1026 4122 1133 4174 hoc
1162 4122 1283 4191 jam
1315 4136 1429 4173 non
1456 4124 1606 4173 esset
1657 4120 1751 4173 in-

80 4210 327 4277 terpretis,
361 4212 462 4265 sed
494 4210 809 4265 defensoris
840 4226 903 4263 ac
932 4209 1177 4279 patroni,
1245 4224 1375 4262 cum
1427 4224 1546 4261 non
1577 4208 1750 4261 modo

1862 3066 2109 3133 quatuor
2130 3066 2227 3115 aut
2256 3061 2512 3132 quinque
2541 3065 2767 3115 tantum
2808 3060 2869 3113 in
2928 3075 2995 3114 eo
3050 3059 3345 3113 volumina
3387 3056 3563 3127 legis-

1861 3167 2003 3216 sem,
2036 3166 2137 3203 nec
2167 3150 2384 3203 indices
2414 3150 2558 3203 ullos
2590 3148 2731 3203 mihi
2783 3165 2849 3203 ex
2900 3149 3145 3203 lectione
3201 3147 3439 3215 confeci,
3472 3146 3561 3199 vel

1860 3240 1917 3292 in
1950 3240 2121 3303 hunc,
2154 3240 2241 3292 vel
2272 3238 2328 3291 in
2366 3238 2612 3292 similem
2644 3238 2898 3309 aliquem
2918 3254 3087 3292 usum
3118 3254 3129 3291 :
3164 3254 3309 3307 quos
3332 3236 3433 3307 qui
3466 3236 3564 3289 ha-

1860 3329 2018 3392 bent,
2051 3344 2141 3380 ηαδ
2164 3327 2224 3381 hi
2253 3327 2441 3381 felices
2471 3327 2530 3381 in
2559 3326 2765 3381 litteris
2796 3331 2950 3395 sunt,
3000 3326 3208 3397 quibus
3255 3325 3411 3379 haud
3451 3324 3564 3378 exi-

1860 3433 1973 3487 gua
2002 3416 2209 3470 laboris
2234 3416 2486 3470 demitur
2520 3432 2671 3486 pars.
2707 3417 2803 3469 His
2843 3415 3121 3485 angustiis
3150 3418 3206 3468 et
3257 3414 3562 3469 difﬁculta-

1858 3504 2009 3557 tibus
2038 3504 2235 3573 inopia
2260 3504 2585 3557 Graecorum
2618 3504 2979 3558 voluminum
3008 3503 3260 3567 accessit,
3298 3519 3427 3573 quae
3476 3505 3561 3555 est

1860 3592 1919 3644 in
1950 3592 2052 3644 hac
2082 3592 2317 3661 regione
2371 3592 2536 3645 mira.
2588 3593 2728 3645 Nam
2775 3607 2906 3645 cum
2953 3591 3167 3662 passim
3224 3590 3404 3645 doctis
3460 3589 3564 3643 fias

1860 3679 2079 3747 obvius,
2112 3680 2158 3731 si
2196 3680 2558 3734 Aristotelem
2616 3680 2894 3743 Graecum,
2951 3684 3051 3733 aut
3101 3679 3561 3743 Demosthenem,

1859 3772 1958 3821 aut
1988 3769 2158 3821 Vetus
2187 3770 2647 3833 Testamentum;
2677 3772 2774 3821 aut
2808 3768 3167 3832 Pausaniam,
3198 3771 3296 3819 aut
3347 3768 3563 3819 Isocra-

1860 3862 1995 3922 tem,
2028 3862 2127 3910 aut
2153 3857 2367 3910 Iulium
2394 3857 2698 3921 Pollucem,
2728 3862 2827 3909 aut
2867 3856 3225 3910 Eustathium
3280 3854 3560 3908 utendum

1858 3950 2041 4014 petas,
2073 3948 2244 4013 negat
2274 3960 2331 3997 se
2376 3944 2622 4008 habere;
2676 3960 2779 3998 nec
2817 3944 2968 4013 apud
3014 3942 3357 4012 bibliopolas
3388 3957 3561 3994 vena-

1860 4032 1942 4086 les
1972 4031 2245 4086 invenias.
2299 4032 2441 4085 Cum
2470 4032 2561 4085 hic
2587 4032 2809 4085 adesset
2842 4033 3124 4095 Erasmus,
3183 4031 3305 4099 ejus
3356 4028 3564 4082 biblio-

1858 4121 2024 4174 theca
2061 4119 2405 4189 adjuvabar;
2439 4124 2495 4173 et
2524 4120 2680 4173 illinc
2706 4120 2859 4173 aliud
2917 4135 3110 4189 agens,
3144 4118 3361 4188 aliquot
3413 4117 3556 4170 mihi

1861 4208 2254 4279 decerpseram
2288 4208 2428 4273 loca,
2465 4223 2593 4278 quas
2624 4224 2727 4261 ceu
2756 4207 3133 4277 priesagiebat
3158 4206 3383 4259 animus
3426 4205 3559 4259 usui

77 4310 201 4363 mea,
224 4299 315 4353 sed
361 4317 470 4353 nec
528 4299 700 4352 ullius
759 4298 1089 4351 defensione
1147 4301 1245 4351 aut
1295 4296 1612 4367 patrocinio
1653 4296 1748 4351 ille
1786 4282 1831 4336 D
1864 4297 2002 4350 mihi
2034 4296 2342 4366 aliquando
2376 4297 2581 4349 Iutura.
2618 4297 2757 4349 Nam
2790 4312 2856 4349 ea
2885 4295 2943 4348 in
2981 4296 3103 4349 haec
3133 4292 3560 4348 Commentaria

77 4381 315 4454 indigeat.
351 4388 480 4442 Feci
512 4387 689 4457 igitur
730 4387 885 4457 quod
938 4386 1314 4455 Hieronymus
1344 4384 1404 4437 in
1446 4386 1751 4438 Commen-

80 4472 213 4526 tariis
255 4476 519 4546 Epistolas
583 4476 652 4529 ad
710 4476 932 4529 Galatas
984 4474 1257 4544 praefatur
1299 4488 1355 4526 se
1412 4472 1634 4542 fecisse,
1691 4477 1750 4526 ut

78 4574 259 4630 magna
284 4580 347 4617 ex
379 4568 545 4634 parte
577 4563 821 4616 aliorum
850 4562 1157 4615 sententias
1190 4564 1416 4614 tantum
1472 4561 1744 4615 referret:

76 4645 138 4699 sic
163 4653 213 4702 et
240 4666 338 4704 nos
392 4650 535 4722 quid
576 4650 672 4704 alii
703 4650 973 4704 dixissent
1028 4650 1450 4719 sensissentque
1494 4650 1751 4703 contenti

76 4733 277 4791 lecturis
307 4740 642 4810 explicuisse
676 4738 1015 4793 sententiam
1047 4743 1302 4792 nostram
1334 4738 1746 4805 continuimus,

74 4829 293 4880 veterem
316 4828 639 4881 Academia:
668 4843 890 4881 morem
922 4826 1132 4880 imitati
1158 4844 1172 4893 ;
1204 4831 1328 4879 tum
1359 4826 1511 4896 quod
1538 4826 1596 4879 id
1629 4843 1747 4879 ma-

72 4912 145 4978 gis
180 4916 246 4969 ad
269 4922 663 4971 enarratorem
692 4916 863 4969 alieni
891 4915 1084 4985 operis
1133 4913 1445 4969 existimavi
1490 4916 1746 4986 pertine-

70 5013 138 5063 re,
162 5006 276 5058 tum
308 5006 482 5059 etiam
513 5005 666 5076 quod
697 5005 971 5070 cunctari,
996 5009 1051 5058 et
1080 5003 1417 5057 sententiam
1442 5020 1601 5057 suam
1633 5020 1750 5058 non

71 5090 308 5159 prodere,
341 5099 400 5147 et
444 5092 753 5147 consectari
787 5092 967 5163 magis
1012 5092 1199 5145 aliena
1229 5108 1404 5163 quam
1470 5108 1571 5145 sua
1615 5108 1747 5162 pro-

74 5174 195 5230 ferre
224 5185 396 5251 atque
425 5187 707 5237 ostentare
729 5186 861 5235 ante
891 5196 1062 5233 canos
1110 5180 1309 5233 decere
1354 5178 1540 5249 potius
1598 5180 1747 5233 arbi-

72 5266 258 5333 trabar,
294 5270 397 5340 qui
439 5271 695 5324 censuris
728 5286 791 5323 ac
834 5269 1063 5340 judiciis
1094 5284 1207 5321 non
1246 5284 1451 5338 parum
1510 5268 1750 5321 auctori-

72 5352 183 5405 tatis
211 5356 461 5411 addunt:
496 5375 602 5412 nec
631 5357 940 5411 immerito.
975 5356 1146 5410 Multa
1191 5372 1344 5409 nunc
1396 5355 1539 5408 mihi
1593 5372 1746 5423 vera,

72 5446 223 5508 certa,
250 5444 540 5513 explorata
565 5447 833 5500 videntur
859 5461 871 5498 :
903 5461 1052 5515 quae,
1108 5444 1156 5498 si
1212 5444 1427 5498 diutius
1457 5444 1751 5514 contingat

72 5526 259 5595 vivere,
286 5548 404 5585 non
442 5534 613 5587 modo
659 5532 929 5602 ambigua
978 5548 1083 5601 per
1114 5536 1338 5585 aetatem
1381 5532 1747 5598 videbuntur,

1859 4384 2046 4438 intuli.
2089 4386 2345 4439 Graecum
2378 4386 2673 4439 Platonem
2704 4383 2879 4438 habui
2923 4384 2984 4437 in
3014 4388 3295 4447 octavum,
3332 4398 3551 4436 nonum

1859 4478 1914 4527 et
1932 4473 2218 4527 decimum
2250 4473 2461 4527 librum
2491 4474 2776 4541 scribens;
2816 4473 3158 4527 Strabonem
3187 4473 3553 4541 plerumque,

1859 4562 2197 4616 Pausaniam
2225 4578 2644 4632 nonnunquam
2670 4582 2685 4629 ;
2724 4562 2819 4615 sed
2850 4561 3140 4632 praecipue
3169 4577 3299 4615 cum
3330 4561 3387 4613 in
3418 4560 3571 4614 deciw

1858 4667 2018 4705 mum
2051 4657 2314 4704 octavum
2342 4656 2778 4716 commentarer,
2813 4656 2869 4703 et
2900 4650 3119 4720 aliquot
3145 4650 3307 4716 alios,
3347 4649 3557 4720 quibus

1856 4755 1972 4793 non
2002 4738 2240 4809 perinde
2266 4744 2438 4808 atque
2468 4738 2589 4791 istis
2615 4738 2959 4807 indigebam.
2993 4740 3118 4792 Non
3140 4738 3374 4808 quidem
3399 4736 3555 4807 quod

1856 4826 2208 4897 Augustinus
2239 4827 2308 4880 ad
2370 4842 2427 4879 se
2476 4827 2861 4879 enarrandum
2908 4842 3178 4895 magnam
3229 4827 3555 4879 Graecorum

1857 4920 2147 4967 auctorum
2179 4913 2402 4983 copiam
2434 4912 2735 4969 desideret.
2778 4913 2876 4983 qui
2906 4914 3129 4967 Latinos
3184 4917 3411 4965 tantum
3465 4915 3550 4963 est

1856 5007 2100 5063 secutus,
2134 5018 2277 5072 quos
2302 5004 2448 5055 solos
2494 5019 2637 5073 pene
2670 5003 2885 5072 legerat
2925 5006 3024 5055 aut
3065 5017 3255 5054 versos
3306 5016 3336 5052 e
3393 5001 3553 5053 Gras-

1855 5092 1933 5144 cis
1964 5111 1979 5154 ;
2013 5092 2108 5145 sed
2139 5094 2288 5144 certe
2314 5091 2359 5143 si
2381 5090 2610 5161 adjutus
2634 5092 2853 5160 majore
2900 5091 3225 5144 Graecorum
3259 5088 3556 5157 suppelle-

1856 5180 1972 5233 ctili
2001 5180 2259 5245 fuissem,
2293 5180 2577 5250 potuisset
2602 5196 2745 5249 opus
2770 5180 2942 5249 paulo
2991 5177 3144 5231 exire
3202 5176 3461 5231 ornatius
3491 5192 3555 5230 ac

1856 5269 2215 5340 locupletius.
2248 5270 2442 5339 Itaque
2472 5269 2752 5322 nonnulla
2780 5272 2912 5321 sunt
2940 5284 2971 5320 a
3002 5265 3169 5320 nobis
3207 5266 3553 5335 praetermis-

1857 5374 1938 5423 sa,
1972 5375 2100 5427 quae
2128 5358 2338 5428 partim
2365 5374 2429 5411 ex
2480 5359 2637 5412 nullo
2679 5361 2992 5427 potuerunt
3029 5362 3256 5410 auctore
3286 5355 3427 5425 peti,
3460 5372 3557 5410 eo-

1854 5463 1985 5500 rum
2011 5447 2288 5501 duntaxat
2319 5446 2417 5517 qui
2453 5450 2711 5501 exstant:
2746 5445 2955 5515 partim
2987 5462 3055 5500 ex
3076 5444 3380 5499 reconditis
3408 5446 3557 5498 Grae-

1857 5552 2054 5589 corum
2106 5536 2307 5590 litteris
2369 5537 2601 5590 fuerunt
2651 5535 2921 5601 eruenda,
2974 5534 3113 5589 alias
3154 5533 3554 5588 bibliothecam
