3920 6180
360 251 464 326 443

1367 267 1916 326 SUPPLEMENTUH
1956 272 2046 326 AD
2083 271 2316 328 OPERA
2359 270 2414 325 S.
2457 269 2846 326 AL’GUSTINI.

3680 281 3752 336 444

353 393 505 449 nacti
534 395 864 449 Graecorum
892 393 1151 448 codicum
1179 391 1537 462 ampliorem,
1570 408 1674 463 per
1693 393 2048 448 occasionem
2079 395 2125 449 A
2163 409 2402 465 magnes
2430 393 2522 448 vel
2542 393 2808 458 adamas;
2845 392 3056 446 animal
3095 407 3165 446 au
3218 395 3508 461 metallum,
3543 399 3678 470 tigris
3697 405 3757 457 vel

354 497 421 535 ea
451 481 648 536 lectori
678 482 1003 535 sarciemus.
1051 481 1387 551 Quanquam
1421 480 1620 535 sedulo
1641 481 1776 536 illud
1796 487 1928 537 ante
1942 483 2053 536 alia

357 575 443 624 est
469 588 500 623 a
527 570 695 624 nobis
746 569 1115 639 advigilatum
1153 574 1556 640 curatumque,
1586 586 1658 624 ne
1702 571 1884 626 multa
1937 572 2054 626 sint

358 676 488 730 quae
513 661 574 713 in
603 659 708 712 hoc
752 675 922 728 opere
955 658 1188 712 studiosi
1218 658 1484 714 homines
1535 660 1868 731 cordatique
1919 677 2052 731 pos-

359 752 484 802 sent
536 748 874 802 desiderare.
922 747 1060 811 Quae
1109 747 1302 801 omnia
1348 751 1616 818 praestare
1659 748 1784 802 aliis
1841 749 1928 803 vel
1957 765 2052 803 co-

360 837 616 906 gnitione
656 851 848 889 rerum
903 836 1205 906 ampliore,
1269 836 1355 889 vel
1415 836 1649 907 ingenio
1697 838 1933 908 majore,
1967 839 2054 892 vel

358 923 598 979 feliciori
628 924 906 978 memoria
953 926 1071 979 leve
1111 930 1170 979 et
1224 925 1385 979 facile
1424 926 1644 980 fuisset.
1703 925 1876 981 Nobis
1905 932 2054 982 certe

358 1013 509 1067 haud
539 1029 672 1066 sane
705 1014 894 1068 credat
914 1014 1240 1085 quisquam,
1265 1031 1438 1085 quam
1468 1015 1768 1069 taediosum
1791 1015 1964 1069 fuerit
1992 1031 2056 1069 ac

360 1101 718 1156 fastidiorum
743 1105 978 1173 plenum
1002 1121 1014 1158 :
1045 1119 1158 1174 quo
1189 1104 1256 1158 ﬁt
1282 1109 1347 1158 ut
1375 1104 1563 1175 prima
1591 1104 1688 1159 illa
1717 1121 1845 1176 quae
1876 1120 1967 1158 me
1997 1104 2056 1157 in

360 1207 501 1262 opus
531 1191 880 1259 stimulabat,
934 1192 1264 1262 perﬁciendi
1304 1193 1545 1247 facilitas
1579 1194 1746 1263 plane
1799 1193 2052 1264 perierit.

358 1283 432 1335 At
463 1280 674 1334 utilitas
728 1285 944 1350 quanta
1000 1281 1067 1334 sit
1125 1281 1336 1348 futura,
1392 1282 1769 1352 pronuntiare
1817 1298 1932 1336 non
1973 1287 2059 1336 est

362 1385 580 1434 meum,
614 1369 766 1439 quod
809 1385 912 1423 nec
941 1368 1002 1423 in
1031 1385 1204 1439 opere
1243 1386 1347 1423 suo
1379 1363 1684 1441 quisquam
1730 1371 1819 1425 vel
1868 1371 2055 1425 incor-

362 1461 565 1526 ruptus
597 1461 682 1510 est
713 1457 914 1526 judex,
955 1458 1042 1510 vel
1095 1474 1210 1512 non
1240 1463 1563 1528 suspectus;
1597 1463 1653 1512 et
1683 1464 1948 1513 eventum
1975 1458 2057 1512 rei

361 1544 534 1598 situm
561 1544 619 1597 in
658 1545 900 1598 fortuna:
924 1561 1094 1598 manu
1126 1551 1515 1618 potestateque
1543 1547 1856 1618 praedicare
1886 1563 2056 1602 nemo

364 1638 570 1704 potest,
594 1650 697 1688 nec
720 1649 826 1704 ego
857 1635 1217 1704 promittere.
1257 1637 1436 1702 Vivet,
1461 1640 1518 1690 et
1563 1637 1806 1707 legetur,
1857 1644 1914 1691 et
1933 1637 2057 1707 pla-

365 1722 536 1792 cebit,
567 1727 624 1777 et
653 1723 909 1794 proderit
937 1740 1101 1793 opus.
1133 1724 1180 1778 si
1234 1724 1435 1779 faverit
1465 1724 1696 1796 genius;
1753 1725 1842 1779 sin
1871 1725 2059 1780 adver-

363 1816 540 1877 setur,
581 1811 840 1866 concidet
865 1827 930 1865 ac
949 1812 1227 1868 interibit.
1261 1814 1435 1868 Multa
1457 1819 1620 1884 grata
1648 1819 1780 1868 sunt
1814 1820 1872 1870 et
1903 1815 2063 1870 utilia

363 1905 587 1955 tantum
617 1917 683 1955 ea
708 1917 898 1970 causa,
925 1902 1078 1972 quod
1111 1903 1190 1956 sic
1207 1903 1375 1958 libuit
1403 1905 1669 1959 fortuna}.
1709 1905 1856 1960 Illud
1888 1905 2060 1959 modo

362 1991 583 2060 precari
613 2007 871 2061 possum,
899 1990 946 2044 si
977 1991 1116 2061 quid
1143 1993 1393 2062 optando
1426 1993 1745 2064 proﬁcitur,
1776 1998 1894 2047 tam
1924 1993 2062 2048 utile

364 2083 425 2132 ut
464 2079 711 2134 sentiant
738 2096 884 2149 opus
921 2080 1192 2150 legentes,
1224 2097 1396 2151 quam
1426 2082 1569 2136 mihi
1600 2098 1770 2153 grave
1794 2087 1852 2136 et
1888 2083 2064 2138 mole-

365 2170 515 2221 stum
537 2167 645 2220 fuit
675 2167 964 2222 scribenti.
998 2169 1238 2240 Jamque
1267 2169 1521 2240 primum
1542 2170 1684 2224 illud
1743 2170 2062 2239 amisimus,

366 2255 680 2309 secundum
708 2255 990 2310 incertum
1029 2261 1131 2324 est,
1164 2258 1399 2312 tertium
1431 2275 1547 2312 non
1576 2260 1830 2330 profecto
1860 2261 2066 2314 certius

365 2343 436 2398 de
465 2342 672 2413 gratia,
708 2343 862 2398 unde
890 2359 1100 2398 nomen
1132 2345 1429 2417 gloriaque
1462 2347 1531 2402 ad
1588 2348 1926 2419 scriptorem
1982 2365 2065 2403 re.

367 2431 472 2486 dit.
504 2431 762 2486 Primum
803 2448 922 2487 non
979 2433 1184 2504 ignoro
1215 2439 1494 2506 quantum
1542 2436 1707 2490 famae
1734 2436 2066 2491 admiratio-

365 2520 572 2591 nisque
602 2520 764 2590 operi
794 2521 966 2576 etiam
1002 2523 1219 2592 optimo
1243 2524 1590 2589 detrahatur,
1622 2541 1751 2580 cum
1783 2526 1840 2580 in
1888 2525 2064 2580 alium

367 2607 671 2663 scribitur:
706 2609 764 2662 id
811 2613 912 2677 est,
960 2611 1277 2666 aediﬁcatur
1319 2613 1380 2666 in
1424 2613 1610 2668 aliena
1650 2614 1964 2685 superficie.
2011 2621 2067 2670 et

365 2695 522 2750 velut
553 2695 840 2750 scribendi
891 2703 1298 2769 argumentum
1334 2701 1405 2754 ab
1434 2700 1545 2754 alio
1597 2705 1680 2754 est
1734 2701 2064 2772 suppedita-

366 2789 528 2850 tum;
561 2784 673 2838 nisi
701 2785 892 2839 forsan
918 2787 978 2840 in
1018 2803 1203 2841 sacras
1232 2788 1448 2842 litteras
1505 2789 1722 2861 aliquid
1775 2806 2065 2845 commen-

366 2872 503 2928 teris
531 2878 765 2952 propter
795 2880 1047 2930 sanctam
1075 2877 1430 2945 majestatem
1462 2893 1678 2943 earum,
1714 2884 1813 2934 aut
1838 2879 1910 2951 [in
1943 2880 2065 2933 Ari-

2160 483 2406 538 milvus:
2438 481 2585 536 sitne
2639 481 2741 553 qui
2772 481 2970 536 ardeat
3001 497 3167 536 mons
3211 483 3368 537 Etna
3403 500 3468 538 an
3505 487 3677 557 Alpes;
3704 507 3761 545 ar-

2161 572 2366 627 deatne
2388 571 2663 643 sulphure
2698 586 2930 624 accenso
2961 587 3034 624 an
3063 585 3249 626 arena.
3282 571 3417 635 Quid
3444 573 3638 639 dixerit,
3665 580 3761 649 quid

2162 662 2403 716 senserit
2431 663 2614 730 Plato,
2639 660 2777 732 quid
2809 659 2986 714 atomi
3021 660 3319 714 Democriti
3343 661 3640 729 conﬁciant;
3668 668 3764 736 quid

2163 751 2442 805 similares
2481 755 2674 822 partes
2728 749 2842 804 sint
2896 752 3265 820 Anaxagorae,
3313 753 3406 804 aut
3434 750 3765 818 dissimilares;

2162 840 2301 912 quid
2331 840 2668 911 Pythagorae
2711 838 3167 894 transanimatio.
3224 838 3317 892 Isti
3366 839 3432 893 ad
3479 841 3586 894 haec
3626 845 3767 897 omnia

2162 927 2315 982 linea
2345 933 2478 982 sunt
2503 928 2652 994 alba,
2684 926 2829 981 sicut
2859 926 2969 981 dici
3001 927 3161 994 solet,
3192 925 3252 979 in
3301 925 3479 998 lapide
3528 927 3651 983 albo.
3676 931 3770 985 Tan-

2161 1019 2285 1070 tum
2316 1016 2414 1071 illa
2430 1017 2683 1070 curanda
2709 1021 2766 1070 et
2778 1015 3152 1087 expendenda
3179 1016 3407 1080 ducunt,
3438 1032 3502 1070 an
3531 1017 3655 1070 Deus
3675 1034 3768 1088 pos-

2163 1105 2236 1158 sit
2267 1105 2623 1176 suppositare
2652 1105 2798 1158 hanc
2829 1120 3080 1176 pennam
3113 1120 3225 1174 qua
3281 1103 3476 1169 scribo,
3527 1121 3592 1157 an
3625 1105 3771 1175 jubere

2162 1193 2342 1264 possit
2368 1192 2565 1247 odium
2596 1192 2682 1246 sui
2710 1210 2723 1258 ;
2755 1192 3012 1264 possitne
3045 1191 3368 1263 dispensare
3400 1192 3624 1262 pontifex
3649 1210 3772 1263 super

2163 1286 2292 1336 voto
2320 1282 2691 1352 profectionis
2721 1284 3016 1348 Romanae,
3069 1287 3168 1336 aut
3189 1281 3696 1350 Hierosolymitame;
3725 1299 3771 1336 an

2164 1370 2441 1442 peccunia
2471 1371 2774 1426 sacerdotii
2801 1371 3142 1441 pensionem
3169 1369 3464 1435 redimere,
3487 1369 3551 1424 sit
3577 1371 3772 1425 simonia.

2166 1461 2376 1514 Verum
2428 1459 2721 1514 enimvero
2773 1460 2869 1514 isti
2919 1462 3190 1514 censeant
3241 1457 3515 1529 quomodo
3562 1458 3777 1512 voluerint

2167 1565 2411 1619 cumque
2434 1549 2503 1602 de
2533 1565 2724 1619 opere.
2752 1550 2865 1603 Nec
2895 1549 2976 1602 eis
3006 1547 3212 1613 sccibo,
3241 1563 3345 1600 nec
3390 1562 3480 1600 eos
3529 1562 3646 1600 curo
3691 1563 3778 1600 mea

2168 1637 2360 1708 legere
2383 1658 2398 1704 ;
2427 1654 2535 1692 nec
2563 1653 2765 1692 eorum
2778 1637 3058 1708 judicium
3089 1651 3495 1706 censuramque
3522 1635 3779 1694 naucifacio.

2173 1743 2277 1781 nec
2303 1727 2384 1781 eis
2411 1728 2636 1798 placere
2666 1727 2903 1781 studeo:
2938 1731 2994 1781 et
3039 1725 3260 1781 doctius
3315 1725 3516 1798 putabo
3563 1740 3641 1778 me
3685 1725 3780 1777 scri-

2173 1816 2370 1888 psisse,
2399 1817 2447 1871 si
2478 1815 2841 1887 displicuere.
2869 1818 2942 1870 At
2971 1815 3110 1870 illud
3153 1805 3493 1886 magnopere
3545 1813 3780 1868 dolendum

2173 1909 2277 1970 est,
2309 1903 2571 1958 insistere
2595 1919 2992 1974 saepenumero
3015 1901 3261 1972 ingeniis
3285 1902 3566 1956 doctorum
3592 1900 3782 1970 quidem,

2173 1993 2269 2047 sed
2297 2009 2412 2046 non
2442 1993 2681 2063 perinde
2713 1993 3000 2046 bonorum
3030 1990 3334 2045 hominum
3375 1987 3707 2060 perniciosum
3730 1986 3785 2038 in-

2174 2081 2437 2136 videntia:
2478 2081 2654 2144 virus,
2715 2097 2829 2152 qua
2857 2080 3009 2134 bona
3060 2094 3238 2149 opera
3266 2078 3557 2142 incessant,
3584 2077 3783 2140 lacerent,

2174 2170 2558 2242 proscindant,
2615 2173 2716 2224 aut
2771 2168 3012 2238 perdere
3069 2171 3354 2222 conentur
3406 2165 3686 2236 profutura,
3723 2167 3788 2216 aut

2174 2260 2414 2314 allatura
2442 2259 2627 2312 lucem
2684 2257 3008 2312 obscurare.
3064 2255 3207 2310 Hinc
3265 2255 3476 2319 odium,
3524 2257 3574 2308 et
3610 2269 3662 2306 ex
3697 2250 3786 2305 odio
3878 2247 3879 2252 “

2174 2349 2402 2404 rabiosa
2438 2347 2860 2412 maledicentia,
2891 2351 2948 2401 et
2978 2345 3312 2417 impotentis
3359 2344 3529 2398 animi
3557 2342 3714 2408 verba,
3752 2345 3787 2392 et

2175 2437 2334 2502 rixas,
2359 2441 2416 2490 et
2435 2435 2650 2506 jurgia,
2683 2439 2740 2490 et
2764 2434 3086 2489 calumnias.
3123 2433 3268 2488 Hinc
3296 2449 3442 2504 smpe
3461 2431 3730 2502 desperatio
3752 2433 3788 2480 et

2175 2524 2537 2596 desponsatio
2567 2523 2872 2578 meliorum
2902 2521 3294 2593 ingeniorum,
3321 2538 3445 2576 cum
3469 2525 3677 2592 pertaesa
3705 2536 3786 2574 rem

2175 2614 2255 2668 sic
2285 2629 2539 2668 amaram
2585 2617 2642 2666 et
2668 2612 3038 2667 inamabilem
3068 2611 3138 2665 ab
3170 2611 3332 2665 omni
3362 2608 3619 2665 scribendi
3660 2613 3704 2663 et
3735 2610 3790 2677 ju-

2177 2703 2377 2757 vanda:
2390 2701 2740 2773 posteritatis
2770 2701 2988 2755 ratione
3018 2705 3378 2766 avertuntur,
3431 2700 3721 2770 plerumque
3756 2701 3790 2749 et

2177 2792 2248 2846 ab
2278 2791 2480 2845 studiis
2510 2789 2712 2844 etiam:
2738 2789 2894 2860 quod
2921 2793 3146 2842 tantum
3175 2788 3338 2842 abest
3375 2792 3438 2841 ut
3469 2786 3636 2840 invida
3673 2785 3792 2852 inge-

2178 2880 2273 2934 nia
2301 2878 2423 2934 ﬁeri
2464 2879 2716 2945 doleant,
2745 2883 2811 2932 ut
2839 2893 2897 2930 se
2927 2894 2996 2931 ex
3021 2877 3128 2932 hoc
3156 2877 3409 2931 fructum
3434 2891 3616 2946 capere
3664 2873 3794 2942 singu-

367 2962 627 3016 stotelem
657 2966 893 3032 propter
921 2970 1210 3036 receptam
1259 2966 1468 3020 scholis
1525 2967 1792 3022 omnibus
1823 2967 2064 3023 auctori—
2103 2985 2142 3040 ο
2176 2970 2354 3024 larem
2382 2967 2728 3035 existiment,
2777 2982 2842 3021 ac
2897 2966 3106 3021 laboris
3163 2967 3255 3020 sui
3306 2965 3630 3037 prmmium;
3669 2960 3791 3015 ﬁnem

367 3055 563 3106 tatem.
601 3052 831 3107 Accedit
875 3053 1007 3120 huc,
1040 3056 1195 3125 quod
1223 3057 1390 3110 multi
1449 3057 1658 3128 quibus
1714 3057 1909 3112 omnia
1938 3074 2067 3129 quas

368 3140 693 3210 negligunt,
727 3145 828 3195 aut
846 3157 960 3196 non
982 3143 1238 3213 capiunt,
1269 3144 1327 3198 in
1353 3145 1802 3214 [grammaticam
1835 3150 2068 3201 vertun-

367 3231 482 3287 tur,
527 3228 843 3297 quamlibet
870 3228 930 3283 in
973 3230 1083 3284 hoc
1107 3230 1254 3285 libro
1286 3247 1442 3285 sacra
1472 3237 1528 3286 et
1579 3234 1974 3306 philosophica
2014 3240 2070 3290 et

367 3315 662 3370 recondita
708 3318 1160 3385 tractaverimus,
1213 3321 1647 3390 grammaticam
1700 3323 1908 3390 dicent,
1932 3325 2068 3391 ,ideo

367 3403 673 3475 praecipue,
725 3406 878 3476 quod
935 3407 1200 3462 historias
1250 3409 1626 3477 narravimus,
1686 3416 1743 3466 et
1799 3412 2065 3479 fabulas;

370 3492 525 3546 idem
565 3492 633 3546 de
692 3492 817 3563 ipso
871 3495 1179 3565 Augustini
1227 3513 1399 3568 opere
1448 3497 1673 3565 dicturi,
1727 3499 1837 3553 nisi
1885 3502 2071 3572 pudor

372 3579 701 3649 impediret,
728 3585 786 3635 et
810 3584 1127 3638 reverentia
1155 3585 1404 3639 nominis
1441 3591 1560 3641 tam
1611 3588 1880 3643 omnibus
1927 3590 2070 3644 sacri

371 3673 427 3724 et
475 3669 824 3725 admirandi.
886 3671 997 3725 Alii
1050 3673 1156 3727 hoc
1185 3678 1371 3728 totum
1423 3692 1528 3730 nec
1586 3677 1796 3746 visum,
1841 3694 1944 3732 nec
1968 3679 2070 3748 ju-

375 3757 648 3828 dicatum,
703 3759 1088 3833 qualicunque
1141 3767 1442 3818 censeatur
1494 3765 1752 3830 nomine,
1808 3767 2071 3837 rejicient

374 3849 432 3901 et
454 3846 841 3903 damnabunt:
888 3854 952 3903 ut
978 3850 1236 3921 proxime
1285 3851 1521 3922 quidam
1569 3853 1875 3924 theologia:
1904 3855 2070 3910 licen-

372 3935 568 4005 tiatus,
597 3952 728 3991 cum
770 3937 1021 3992 audisset
1068 3955 1160 3993 me
1211 3939 1272 3994 in
1326 3939 1504 3994 libros
1551 3941 1622 3995 de
1680 3941 1918 3996 Civitate
1969 3944 2069 3998 Dei

377 4024 639 4090 scribere,
672 4041 884 4096 magno
914 4027 1139 4082 fastidio
1173 4044 1405 4099 operam
1429 4045 1618 4083 meam
1639 4035 1913 4102 tanquam
1945 4032 2070 4086 iuu-

374 4113 533 4168 tilem
561 4129 793 4182 prorsus
820 4132 1139 4188 vanamque
1169 4123 1504 4188 aspernatus
1543 4123 1647 4173 est.
1690 4121 1756 4173 Et
1802 4119 1962 4190 quid,
1995 4121 2071 4174 in-

377 4201 522 4271 quit,
557 4218 698 4273 opus
731 4208 816 4258 est
843 4204 1002 4258 libris
1032 4206 1146 4259 illis
1180 4207 1526 4262 illustratore
1556 4209 1683 4280 plus
1730 4209 1864 4263 satis
1893 4226 1961 4263 ex
2013 4226 2070 4264 se

379 4290 696 4360 perspicuis
727 4292 1039 4363 et'jclaris?
1068 4294 1112 4348 Ο
1160 4296 1236 4363 te‘,
1267 4296 1490 4351 felicem
1529 4297 1789 4368 quisquis
1846 4315 1926 4367 es,
1981 4299 2072 4352 cui

375 4382 496 4432 tam
541 4379 723 4450 aperti
771 4380 1077 4452 facilesque
1108 4387 1241 4437 sunt
1268 4383 1330 4437 hi
1388 4385 1458 4439 de
1506 4385 1738 4439 Civitate
1773 4386 1872 4440 Dei
1902 4387 2068 4442 libri!

379 4466 662 4521 Caeterum
682 4468 881 4522 mirari
905 4471 1004 4540 qui
1031 4471 1340 4526 audiebant
1367 4473 1455 4526 vel
1484 4472 1784 4543 ingenium
1799 4475 2068 4543 hominis,

375 4556 466 4609 vel
496 4555 896 4622 eruditionem,
927 4560 1014 4612 vel
1042 4565 1191 4614 certe
1221 4559 1658 4631 impudentiam.
1695 4563 1837 4617 Nam
1890 4563 2074 4634 impe-

373 4643 646 4698 ritissimo
693 4645 1054 4716 loquebatur,
1115 4652 1172 4702 et
1234 4664 1428 4704 rerum
1500 4650 1760 4705 omnium
1813 4656 2069 4708 veterum

375 4739 496 4788 erat
525 4733 762 4788 omnino
792 4751 994 4806 expers
1018 4741 1076 4792 et
1102 4737 1262 4791 rudis
1291 4753 1305 4804 ;
1347 4737 1682 4810 rogavitque
1715 4755 1782 4793 ex
1837 4739 1927 4794 his
1972 4740 2072 4812 qui

377 4823 679 4878 audierant
729 4840 878 4878 unus
934 4841 1035 4880 cur
1097 4825 1174 4880 sic
1223 4831 1498 4895 censeret,
1565 4844 1696 4882 cum
1753 4833 1942 4883 essent
1991 4833 2074 4882 tot

375 4911 653 4980 historias,
697 4917 783 4968 tot
819 4914 1049 4985 fabulae,
1080 4919 1164 4970 tot
1209 4917 1625 4986 philosophica,
1687 4922 1772 4971 tot
1827 4934 2072 4988 geogra-

377 5002 563 5071 phica,
595 5006 680 5057 tot
733 5003 1156 5059 mathematica.
1199 5005 1366 5072 Quid,
1416 5005 1624 5077 inquit,
1673 5007 1771 5061 illa
1810 5008 1880 5061 ad
1911 5007 2071 5061 theo-

378 5089 622 5160 logum?
654 5092 868 5146 Deinde
899 5093 1012 5148 sint
1035 5109 1069 5146 a
1094 5095 1180 5148 vel
1212 5094 1263 5160 b,
1308 5111 1425 5149 non
1456 5111 1583 5149 sum
1613 5095 1906 5150 sollicitus.
1962 5097 2074 5150 Hoc

380 5177 523 5233 illud
552 5185 660 5248 est,
692 5180 815 5234 istis
837 5197 941 5235 nec
972 5181 1189 5248 Cicero,
1219 5198 1324 5236 nec
1354 5183 1641 5253 Virgilius,
1675 5200 1778 5238 nec
1833 5184 2072 5253 Plinius,

380 5281 487 5320 nec
516 5267 613 5320 alii
641 5267 854 5322 similes
885 5269 1198 5342 interprete
1219 5271 1511 5342 indigent:
1536 5289 1666 5326 cum
1698 5289 1898 5327 eorum
1930 5273 2073 5327 nihil

382 5352 632 5419 intersit,
673 5355 800 5424 quis
851 5359 1024 5414 fuerit
1055 5359 1260 5431 Scipio,
1321 5359 1449 5430 quis
1505 5361 1712 5428 Caesar,
1755 5361 1880 5430 quis
1911 5363 2074 5415 Pom-

381 5441 565 5513 peius,
597 5442 726 5513 quis
774 5445 908 5500 Cato
935 5464 948 5514 ;
983 5464 1111 5518 qum
1141 5453 1240 5503 aut
1257 5447 1357 5502 ubi
1387 5446 1687 5518 Carthago,
1729 5448 2068 5519 Babylonia;

382 5529 633 5584 herbane
663 5547 733 5584 an
761 5549 978 5601 saxum,
1002 5537 1185 5590 malva
1215 5541 1312 5591 aut
1365 5537 1560 5599 beata;
1587 5535 1729 5606 lapis
1757 5553 1826 5590 an
1851 5536 2072 5605 lignum

2175 3074 2309 3112 vero
2343 3073 2514 3128 quem
2547 3055 2900 3111 destinarant
2945 3055 2992 3108 si
3049 3058 3488 3126 consequantur,
3536 3056 3594 3107 ut
3635 3053 3792 3104 cessent

2177 3162 2396 3212 omnes,
2450 3161 2620 3200 nemo
2677 3145 2823 3198 bene
2875 3143 3063 3198 faciat.
3097 3143 3264 3208 Quod
3295 3141 3596 3207 Terentius,
3625 3144 3677 3193 ut
3699 3138 3792 3191 alios

2175 3234 2304 3288 vitae
2336 3235 2604 3288 humanm
2632 3248 2840 3298 mores,
2873 3231 2950 3286 sic
2976 3235 3033 3286 et
3057 3231 3235 3284 istum
3273 3231 3574 3302 prudenter
3619 3241 3789 3297 expres-

2176 3322 2268 3390 sit,
2299 3339 2430 3376 cum
2478 3321 2821 3376 malevolum
2870 3325 2927 3375 et
2959 3319 3314 3374 invidentem
3342 3323 3562 3389 poetam
3593 3314 3790 3370 omnibus

2178 3410 2533 3465 contendisse
2562 3409 2776 3464 viribus
2822 3409 2921 3474 ait,
2975 3408 3046 3462 ab
3103 3406 3404 3461 scribendo
3437 3405 3517 3460 uti
3545 3403 3788 3459 deterreret

2180 3505 2237 3554 et
2265 3500 2324 3554 in
2349 3499 2529 3554 otium
2583 3498 2849 3553 traderet.
2903 3499 3097 3568 Neque
3153 3512 3289 3550 vero
3340 3495 3399 3550 id
3451 3511 3550 3566 ego
3615 3487 3790 3546 dixerim

2177 3588 2330 3660 quod
2351 3603 2503 3658 aegre
2532 3587 2709 3641 feram
2737 3601 2830 3640 me
2850 3585 2935 3639 vel
2967 3585 3289 3649 admoneri,
3324 3585 3413 3638 vel
3458 3584 3616 3638 etiam
3661 3590 3791 3646 repre

2176 3677 2371 3744 bendi,
2401 3675 2481 3730 dii
2504 3674 2804 3730 meliorem
2829 3679 3081 3728 mentem
3111 3681 3122 3729 l
3157 3675 3280 3727 Imo
3326 3673 3527 3728 debere
3581 3685 3657 3724 me
3695 3662 3792 3718 mul-

2179 3769 2299 3819 tum
2330 3764 2644 3836 proﬁtebor
2671 3763 2900 3834 potiora
2941 3762 3277 3834 suggerenti
3332 3767 3386 3816 et
3433 3750 3791 3832 reprehendenti

2178 3853 2360 3908 docte.
2396 3854 2538 3908 Nam
2567 3857 2624 3908 et
2653 3853 2939 3923 meipsum
2970 3868 3089 3906 non
3120 3849 3344 3922 pigebit
3372 3856 3583 3903 mutare
3629 3845 3792 3898 senten-

2176 3940 2338 4010 tiam,
2373 3940 2419 3994 si
2447 3941 2536 3994 vel
2559 3941 2831 4008 studium,
2860 3941 2946 3994 vel
2976 3943 3111 3993 astas
3139 3939 3253 3992 alia
3311 3937 3556 3993 docuerit
3599 3930 3790 3987 meliora.

2178 4032 2457 4085 Casterum
2484 4031 2895 4101 permolestum
2950 4032 3032 4082 est
3062 4032 3232 4100 atque
3294 4023 3686 4080 intolerandum
3712 4030 3794 4086 pm

2178 4119 2432 4174 nuntiari
2461 4119 2636 4173 semel
2657 4119 2727 4172 de
2758 4121 2878 4171 toto
2909 4132 3105 4188 Opere,
3139 4115 3514 4186 damnarique
3548 4127 3636 4165 ceu
3663 4108 3794 4174 impe-

2182 4208 2354 4262 ritum
2381 4212 2480 4261 aut
2510 4206 2694 4274 futile,
2729 4222 2859 4260 cum
2890 4222 2993 4259 nec
3023 4204 3253 4276 legeris,
3285 4220 3388 4258 nec
3428 4203 3604 4257 forsan
3631 4196 3669 4250 si
3700 4195 3796 4260 legtL

2112 4275 2154 4330 D
2185 4297 2282 4364 ris,
2316 4296 2600 4350 inveneris
2627 4311 2810 4367 usque
2845 4295 2988 4349 adeo
3037 4295 3218 4347 multa
3274 4309 3403 4364 quas
3451 4278 3794 4346 convellasﬂiﬁI

2178 4386 2299 4456 ipse
2330 4385 2376 4439 si
2400 4385 2760 4440 tantumdem
2788 4388 3059 4454 praestare
3095 4386 3301 4449 tentes,
3356 4382 3442 4436 vel
3496 4394 3603 4434 non
3643 4372 3792 4427 valeas,

2179 4476 2267 4529 vel
2296 4475 2463 4529 sudes
2490 4475 2644 4528 satis.
2674 4477 2786 4528 Aut
2814 4473 2861 4526 si
2889 4489 3093 4538 unum,
3128 4475 3226 4526 aut
3273 4472 3341 4526 ad
3403 4480 3666 4525 summum
3710 4459 3796 4512 aut“

2179 4581 2309 4618 rum
2339 4563 2728 4634 deprehendas
2767 4566 3042 4627 erratum,
3074 4563 3314 4631 propter
3337 4559 3436 4613 illa
3485 4570 3616 4627 opus
3637 4555 3796 4603 tantum

2180 4658 2410 4723 tamque
2444 4652 2667 4706 varium
2713 4652 2935 4722 rejicias
2987 4650 3338 4712 universum,
3397 4651 3453 4702 et
3507 4645 3796 4699 contemnas:

2178 4744 2332 4797 velut
2356 4742 2404 4795 si
2443 4741 2674 4811 egregio
2734 4739 3019 4811 inspersos
3073 4736 3458 4808 reprehendas
3499 4741 3699 4801 corpore
3721 4735 3797 4775 me-

2177 4847 2298 4896 vos,
2332 4834 2396 4884 ut
2441 4810 2707 4884 Horatius
2753 4810 2965 4898 inquit.
3001 4826 3063 4878 In
3123 4839 3366 4889 summa,
3409 4810 3795 4894 quandoquidem

2177 4916 2477 4972 hominum
2509 4915 2732 4986 linguas
2761 4931 2864 4968 nec
2893 4914 3077 4968 habeo
3108 4911 3169 4966 in
3201 4927 3377 4965 manu
3405 4926 3545 4970 mea,
3575 4909 3624 4960 et
3645 4901 3794 4955 liberas

2180 5007 2342 5062 decet
2370 5005 2430 5059 in
2453 5005 2646 5059 liberis
2667 5003 2889 5065 studiis,
2922 5018 3041 5056 non
3065 5001 3337 5072 deprecor
3361 5015 3468 5071 quo
3505 4996 3672 5052 minus
3710 4998 3792 5081 δέη·

2179 5096 2284 5150 tiat
2313 5096 2695 5166 loquaturque
2728 5092 2796 5146 de
2821 5107 2993 5161 opere
3025 5090 3266 5162 quisque
3287 5105 3390 5159 pro
3418 5086 3583 5142 libito.
3615 5081 3661 5135 Si
3685 5085 3794 5166 enllll

2181 5186 2397 5239 malum
2427 5188 2512 5238 est
2531 5199 2694 5254 opus,
2729 5180 2896 5235 irasci
2927 5181 2999 5235 ob
3026 5179 3322 5234 veritatem
3377 5193 3488 5231 non
3540 5171 3711 5228 debeo:
3736 5171 3796 5254 ξιῐξ

2179 5271 2410 5331 bonum,
2442 5287 2538 5324 eos
2567 5269 2667 5341 qui
2698 5267 3118 5333 maledixerint,
3154 5283 3256 5320 sua
3307 5259 3604 5319 invidentia
3643 5246 3796 5346 exstitit

2181 5364 2456 5432 tanquam
2477 5375 2764 5414 venenum
2788 5374 2803 5411 :
2834 5357 2896 5411 in
2923 5373 3037 5429 quo
3070 5372 3186 5410 uno
3209 5353 3518 5426 justissima
3541 5351 3614 5402 est
3639 5334 3798 5434 invitila

2181 5431 2325 5519 ipsa,
2353 5447 2573 5501 caeteris
2605 5446 2662 5500 in
2688 5446 2858 5500 rebus
2887 5443 3266 5516 iniquissima.
3300 5445 3414 5496 Hoc
3458 5439 3622 5493 solum
3657 5431 3797 5524 flii"?

2183 5518 2355 5606 atque
2384 5536 2556 5591 etiam
2588 5551 2749 5605 rogo,
2783 5539 2838 5588 et
2892 5535 3146 5594 obsecro,
3173 5538 3232 5585 ut
3258 5529 3448 5600 siquis
3482 5544 3510 5577 a
3540 5538 3616 5576 me
3643 5518 3797 5570 dissen‘
