3884 6178
124 308 200 359 445
830 295 1195 351 VARIORUM
1238 296 1840 353 EXERCITATIONES
1875 297 1941 351 IN
1983 298 2039 352 S.
2081 294 2459 351 AUGUSTINI
2499 294 2753 351 OPERA.

3442 297 3545 350 446

123 425 235 489 serit,
272 418 595 488 volueritque
650 416 705 470 id
737 417 958 487 scriptis
1004 418 1222 487 testari,
1254 419 1579 473 meminerit
1603 436 1731 474 mo-
1771 420 1812 475 Α
1846 418 1935 473 his
1988 419 2129 473 meis
2191 418 2656 473 commentariis:
2705 418 2839 472 illos
2902 418 3263 489 respondisse
3312 419 3545 475 inanem

123 517 261 570 desim.
305 516 353 562 et
397 508 511 560 sine
560 506 827 560 conviciis
893 507 1222 577 asperisque
1278 508 1564 562 morsibus
1641 524 1732 562 me

125 603 228 676 quod
252 596 599 668 ignoraverim
626 596 840 649 doceat.
875 597 1015 649 Nam
1046 601 1109 649 ut
1134 596 1389 649 convicia
1418 602 1472 651 et
1502 613 1732 667 gravem

126 688 302 747 fortassis
328 684 771 755 objurgationem
810 688 1100 737 mereatur
1130 684 1293 750 liber,
1335 701 1451 738 non
1482 692 1733 740 meretur

118 778 366 832 institutum
395 778 446 824 et
476 776 708 824 conatus
756 771 934 823 animi
980 771 1138 825 mei:
1177 771 1257 824 ita
1306 772 1503 825 eadem
1561 788 1733 841 opera

114 867 194 925 fiet,
220 867 267 915 ut
290 877 382 931 ego
410 876 535 913 cum
572 860 696 912 aliis
724 860 969 913 fructum
1016 859 1354 913 eruditionis
1402 860 1556 912 illius
1602 875 1730 928 per-

113 952 278 1023 cipiam,
304 965 712 1020 agnoscamque
738 966 1118 1019 permagnum
1169 949 1532 1013 beneficium,
1564 954 1732 1020 atque

111 1041 291 1093 habeam
318 1037 549 1107 gratiam
580 1036 963 1090 immortalem
995 1056 1011 1090 :
1051 1042 1107 1091 et
1150 1037 1269 1107 ipse
1301 1037 1508 1090 melior
1543 1038 1733 1108 magi—

110 1136 189 1182 ster
212 1133 313 1181 tum
350 1142 405 1179 se
445 1126 722 1195 profuisse
769 1125 1071 1195 intelligat,
1118 1130 1242 1179 tum
1292 1126 1563 1180 doctrinm
1615 1142 1732 1180 sum

110 1219 221 1270 nulla
255 1216 617 1280 immodestia,
649 1231 775 1285 quae
807 1214 970 1285 pejor
1000 1221 1083 1269 est
1112 1233 1283 1286 quam
1330 1216 1573 1282 inscitia,
1609 1232 1731 1269 cor-

106 1310 239 1374 ruptae
276 1308 325 1356 et
386 1301 698 1370 inquinata:
747 1302 973 1355 laudem
1032 1302 1443 1372 amplissimam
1492 1303 1729 1357 auferat.

106 1392 247 1461 Neque
271 1390 405 1443 absit
432 1390 501 1444 ab
536 1390 740 1444 studiis
766 1391 1136 1445 humanitatis
1166 1392 1513 1460 humanitas,
1545 1408 1730 1446 serve-

103 1486 255 1549 turque
294 1479 384 1532 illa
433 1479 820 1549 tranquillitas
868 1480 1193 1534 animorum
1244 1497 1358 1551 qua
1409 1497 1581 1550 super
1643 1496 1731 1533 res

102 1585 248 1621 omnes
294 1569 424 1620 alias
470 1568 963 1637 Musaegaudent.
1016 1570 1080 1623 Et
1132 1568 1474 1639 incipiamus
1512 1584 1733 1622 morem

100 1658 205 1709 hunc
232 1656 410 1709 tollere
440 1673 614 1727 quem
646 1656 838 1711 infidae
870 1657 1135 1711 omnibus
1156 1658 1321 1711 furiae
1350 1658 1410 1711 in
1448 1662 1730 1728 praestan-

99 1744 323 1797 tiastudia
371 1744 757 1813 immiserunt,
810 1746 1125 1815 impetendi
1178 1750 1234 1799 et
1272 1746 1559 1800 lacerandi
1599 1763 1729 1800 eum

99 1848 219 1902 quem
238 1831 760 1901 conjunctissimum
790 1833 956 1885 nobis
987 1832 1460 1905 carissimumque
1490 1835 1731 1889 debebat

97 1922 342 1976 reddidisse
371 1924 699 1976 communio
730 1922 1051 1976 studiorum
1078 1939 1141 1976 ac
1190 1926 1522 1979 earumdem
1555 1927 1730 1979 Musa-

96 2024 185 2061 rum
206 2010 423 2073 cultura,
458 2013 523 2062 ut
553 2014 890 2078 praeteream
948 2009 1298 2079 baptismum
1340 2015 1395 2064 et
1434 2012 1731 2067 caritatem

97 2096 249 2152 Christi
277 2114 289 2151 :
319 2098 783 2169 quandoquidem
802 2099 923 2151 haec
955 2099 1077 2168 jam
1107 2098 1243 2153 olim
1273 2100 1458 2153 surdis
1496 2101 1732 2156 auribus

96 2186 238 2239 inania
261 2192 384 2240 sunt
411 2187 677 2255 nomina,
708 2192 764 2241 et
791 2188 957 2257 mgris
986 2188 1164 2242 oculis
1192 2204 1351 2242 vanae
1382 2189 1503 2244 sine
1529 2206 1730 2261 corpo-

96 2275 208 2328 ribus
233 2276 473 2342 umbrze;
523 2278 891 2347 colamusque
934 2276 1151 2330 litteras
1184 2282 1247 2331 ut
1275 2294 1379 2331 nos
1428 2278 1728 2345 delectent,

96 2368 135 2415 ut
152 2364 347 2432 juvent;
381 2382 498 2419 non
527 2366 664 2419 utin
695 2369 983 2418 certamen
1031 2366 1299 2420 acerbum
1347 2367 1729 2433 committant,

98 2455 131 2503 et
153 2453 241 2506 tela
260 2453 338 2506 vel
365 2453 728 2519 eruditionis,
759 2455 846 2507 vel
873 2454 1003 2524 styli
1034 2454 1488 2522 subministrent,
1524 2456 1731 2526 quibus

96 2557 245 2609 pravos
304 2544 538 2597 affectus
599 2547 823 2596 nostros
895 2544 1186 2613 explentes
1267 2545 1538 2598 feriamus
1606 2562 1733 2599 sau-

96 2628 359 2700 ciemusque
388 2630 711 2685 inimicum.
762 2631 869 2685 Sed
925 2631 994 2685 de
1022 2631 1108 2685 his
1147 2632 1315 2686 rebus
1346 2632 1455 2686 erit
1482 2638 1729 2703 tempus,

97 2732 183 2769 cum
208 2719 377 2773 locum
407 2720 703 2772 inveniam
730 2719 954 2773 dicendi
1006 2720 1306 2790 aptiorem.
1359 2722 1519 2775 Nunc
1566 2722 1728 2785 mihi,

94 2808 135 2853 ut
162 2804 217 2856 ad
263 2806 405 2875 quod
454 2821 745 2875 coeperam
784 2809 1047 2870 revertar,
1100 2810 1216 2859 tota
1248 2823 1375 2875 spes
1407 2806 1465 2860 in
1524 2807 1592 2860 iis
1650 2812 1733 2860 est

94 2892 161 2960 qui
177 2893 407 2961 candido,
439 2895 547 2965 qui
575 2894 796 2963 integro
826 2898 1051 2964 pectore
1083 2894 1151 2948 ad
1180 2895 1485 2949 lectionem
1523 2895 1731 2949 horum

94 2978 308 3035 librorum
337 2983 628 3049 accedent,
662 2982 776 3035 sive
821 2982 971 3035 docti
1014 2982 1147 3048 sint,
1208 2982 1323 3037 sive
1357 2983 1589 3038 indocti.
1623 2986 1729 3037 De-

94 3067 219 3138 nique
243 3069 313 3124 ita
332 3086 419 3125 me
446 3071 733 3136 consolor,
777 3071 823 3123 si
853 3070 923 3125 ab
966 3071 1299 3125 hominibus
1349 3073 1508 3126 nulla
1539 3072 1734 3127 redeat

93 3155 139 3207 ad
162 3174 246 3211 nos
270 3160 462 3229 gratia,
500 3176 617 3213 non
656 3159 896 3213 deerunt
948 3159 1156 3229 quibus
1206 3160 1480 3214 adductus
1519 3161 1732 3233 impul-

93 3258 248 3316 snsque
274 3248 412 3303 hanc
443 3264 543 3303 me
574 3264 806 3319 operam
837 3264 1071 3302 navasse
1102 3265 1400 3319 nunquam
1438 3250 1730 3319 poeniteat.

94 3331 193 3386 .‘iam
218 3340 265 3389 et
290 3337 624 3391 obsecutum
654 3352 774 3389 esse
808 3337 1039 3390 Erasmo
1068 3353 1219 3401 meo,
1250 3341 1368 3390 tam
1418 3352 1510 3389 me
1547 3337 1730 3407 juvat,

93 3434 218 3488 quam
252 3424 400 3478 nefas
447 3423 655 3479 fuisset
701 3423 857 3494 quod
905 3424 1225 3494 imponeret
1265 3440 1411 3477 onus
1449 3440 1730 3490 recusare,

95 3509 162 3576 qui
183 3510 230 3563 in
258 3528 341 3566 me
365 3517 420 3566 et
450 3511 708 3566 hominis
738 3516 889 3565 arcta
937 3528 1163 3565 mecum
1205 3512 1454 3566 amicitia
1494 3514 1734 3583 conjun-

92 3594 289 3666 ctissimi,
317 3605 370 3653 et
392 3600 769 3669 praeceptoris
799 3600 1014 3669 optime
1036 3600 1247 3666 meriti,
1274 3600 1369 3669 jus
1400 3617 1462 3653 ac
1490 3606 1735 3671 potesta-

89 3686 169 3737 tem
188 3687 355 3742 habet.
385 3690 536 3743 Tum
564 3688 781 3742 interea
802 3689 940 3742 dum
978 3690 1099 3742 haec
1132 3705 1257 3742 sum
1298 3690 1604 3743 meditatus
1634 3691 1734 3744 ho-

91 3773 350 3829 nestissimo
398 3793 491 3830 me
543 3775 983 3829 eXercitamento
1025 3792 1350 3846 occupasse,
1390 3781 1445 3831 et
1475 3778 1732 3831 animum

89 3867 393 3935 mentemque
442 3864 662 3919 crebris
694 3865 953 3935 cogitatis
982 3866 1280 3919 honestate
1328 3882 1393 3919 ac
1438 3866 1733 3921 sanctitate

90 3949 409 4007 refertissimis
457 3954 757 4019 imbuisse,
786 3970 915 4024 quae
960 3954 1374 4024 promptiorem
1414 3971 1505 4008 me
1564 3960 1733 4025 atque

89 4040 436 4107 expeditiorem
494 4043 568 4097 ad
617 4043 763 4095 bene
818 4047 876 4096 et
913 4043 1230 4096 Christiane
1264 4042 1569 4097 vivendum
1610 4045 1733 4098 red-

89 4123 203 4181 dant.
247 4133 361 4185 Heec
414 4150 555 4197 una,
606 4132 649 4185 si
682 4137 883 4185 caetera
926 4131 1113 4185 desint
1166 4130 1450 4197 universa,
1505 4132 1732 4185 abunde

90 4216 233 4283 ampla
258 4224 309 4274 et
349 4220 655 4289 magniﬁca
692 4236 908 4274 merces
965 4225 1067 4274 est.
1098 4221 1413 4285 Postremo,
1474 4226 1538 4274 ut
1576 4221 1732 4274 aliud

88 4301 195 4357 nihil
212 4313 480 4376 reputem,
507 4308 618 4361 nisi
653 4325 743 4362 me
764 4308 1010 4362 voluisse
1030 4308 1372 4377 Augustino,
1404 4313 1459 4362 et
1486 4309 1730 4379 proinde

88 4390 258 4447 Christo
285 4397 501 4468 aliquid
534 4397 856 4451 studiorum
884 4413 1144 4451 meorum
1175 4414 1417 4463 sacrare,
1458 4399 1729 4467 praeclare

86 4492 260 4536 mecum
296 4492 481 4539 actum
515 4486 837 4540 existimare
893 4486 1094 4539 debeo.
1147 4486 1369 4556 Quippe
1419 4487 1519 4556 qui
1558 4486 1729 4541 etiam

86 4564 255 4637 frigidm
298 4575 568 4643 poculum
607 4579 839 4644 propter
886 4590 943 4627 se
974 4590 1255 4644 suumque
1287 4590 1498 4628 nomen
1527 4575 1728 4644 praebi-

88 4658 175 4709 tum
208 4659 677 4716 irremuneratum
717 4678 774 4715 se
816 4678 930 4715 non
982 4662 1409 4732 prmteriturum
1438 4663 1729 4732 pollicitus

89 4750 146 4795 est
174 4762 185 4799 ε
212 4747 331 4804 huic
377 4768 608 4822 quoque
662 4768 806 4805 mea:
840 4751 1141 4816 voluntati,
1195 4767 1370 4821 quam
1418 4767 1593 4804 unam
1634 4752 1729 4805 ille

89 4840 226 4901 curat,
256 4840 493 4907 gratiam
530 4840 777 4894 referet:
819 4840 1140 4911 prmsertim
1180 4856 1311 4893 cum
1342 4840 1461 4909 ipse
1508 4839 1731 4893 labores

88 4936 243 4977 omnes
289 4944 440 4983 meos
475 4930 557 4983 ita
612 4930 843 4983 demum
892 4933 1041 4983 ratos
1095 4928 1233 4981 mihi
1293 4944 1413 4981 esse
1461 4930 1651 4996 velim,
1686 4929 1732 4981 si

90 5005 265 5067 Christo
306 5018 539 5089 ejusque
595 5018 923 5073 castissimm
972 5023 1026 5071 et
1066 5018 1451 5087 integerrima:
1510 5034 1729 5089 sponsm

92 5095 303 5157 Ecclesia:
331 5108 734 5177 approbentur.

323 5194 411 5247 DE
452 5196 835 5251 VETERIBUS
876 5196 1427 5250 INTERPBETIBUS

668 5301 833 5339 BUJUS
875 5300 1087 5339 OPERIS.

142 5364 371 5425 Narravit
428 5371 593 5427 hodie
646 5373 789 5427 mihi
822 5374 1035 5427 amicus
1090 5373 1324 5444 quidam
1373 5387 1535 5426 meus
1584 5371 1732 5425 inter

96 5450 478 5523 colloquendum
530 5476 657 5513 cum
707 5461 996 5515 nonnullis
1039 5462 1306 5515 fratribus
1374 5460 1731 5514 Dominicani

98 5538 267 5595 ordinis
293 5551 458 5617 atque
498 5547 757 5615 instituti,
816 5550 1077 5604 incidisse
1107 5566 1164 5603 se
1196 5550 1256 5603 in
1308 5564 1630 5603 sermonem
1661 5550 1729 5604 de

1840 524 1931 562 me
1972 524 2208 578 operam
2239 513 2410 577 atque
2442 507 2787 561 industriam
2819 507 3033 573 ludere,
3066 524 3129 562 ac
3161 507 3414 578 potuisse
3437 508 3544 563 hu-

1833 597 1927 666 jus
1956 595 2233 665 temporis
2260 596 2666 665 compendium
2696 596 2903 661 facere,
2935 612 3066 649 cum
3112 596 3169 649 in
3222 596 3397 650 libros
3426 600 3541 651 Au-

1842 684 2054 754 gustini
2080 684 2149 738 de
2182 684 2417 737 Civitate
2450 684 2550 737 Dei
2599 680 2951 754 scripserunt
2986 685 3374 739 Prmdicatorii
3405 686 3541 756 qui-

1842 775 1973 827 dam
2020 774 2222 827 fratres
2267 774 2335 827 ad
2384 773 2722 826 miraculum
2771 774 3010 837 erudite,
3068 774 3283 833 dextre,
3330 780 3540 839 exacte,

1840 863 2098 927 feliciter,
2132 861 2279 915 nihil
2309 878 2499 931 supra.
2542 862 2678 925 Qum
2710 862 2757 915 si
2808 861 2886 914 sic
2937 862 3170 928 habent,
3206 863 3379 915 nimis
3419 879 3544 933 pro-

1840 952 1987 1005 fecto
2040 950 2331 1004 confidens
2360 950 2463 1015 fui,
2496 950 2593 1019 qui
2633 966 2724 1003 me
2754 950 2859 1003 hac
2886 950 3104 1021 ingenii
3127 955 3184 1004 et
3204 950 3543 1004 eruditionis

1840 1040 2117 1093 tenuitate
2148 1040 2358 1109 scripta
2390 1055 2569 1108 usque
2596 1038 2736 1091 adeo
2776 1038 3034 1093 miranda
3080 1055 3349 1109 superare
3375 1056 3541 1109 posse

1841 1128 2157 1196 sperarim;
2212 1132 2268 1181 et
2299 1128 2553 1191 demens,
2596 1128 2697 1197 qui
2729 1131 2945 1181 tantam
2975 1128 3161 1181 lucem
3206 1145 3332 1183 mea
3360 1129 3543 1182 facula

1841 1215 2133 1269 obscurari
2182 1232 2347 1285 posse
2381 1215 2763 1279 crediderim;
2797 1220 2853 1268 et
2900 1216 3127 1279 stultus,
3171 1221 3234 1270 ut
3274 1233 3393 1270 non
3430 1217 3543 1270 illis

1843 1306 1949 1358 sim
1972 1321 2108 1358 usus
2128 1304 2341 1373 potius,
2375 1304 2519 1357 sicut
2562 1304 2771 1357 Valerii
2806 1304 2995 1367 Probi,
3030 1304 3230 1370 Servii,
3288 1309 3383 1358 aut
3429 1307 3541 1359 Do-

1842 1394 1959 1447 nati
2006 1392 2468 1458 commentariis;
2515 1395 2571 1445 et
2602 1391 2749 1445 male
2802 1392 3037 1445 feriatus
3095 1396 3158 1445 ut
3200 1393 3349 1445 ultro
3399 1392 3543 1445 tanti

1840 1482 2118 1552 temporis
2172 1481 2404 1535 fecerim
2472 1482 2754 1551 jacturam
2808 1485 2998 1534 actum
3073 1480 3313 1549 agendo,
3385 1480 3539 1550 quod

1843 1570 2040 1637 aiunt;
2071 1575 2126 1624 et
2174 1572 2441 1624 Erasmus
2480 1570 2601 1639 ipse
2648 1569 3000 1639 imprudens,
3039 1569 3139 1639 qui
3170 1585 3341 1622 novos
3379 1584 3542 1621 com-

1841 1658 2155 1713 mentarios
2178 1658 2465 1712 mandarit
2496 1658 2845 1723 scribendos,
2879 1656 2975 1710 ubi
3007 1657 3147 1710 tales
3176 1660 3365 1710 essent
3393 1660 3543 1710 vete-

1842 1764 1969 1813 res;
1997 1752 2052 1801 et
2089 1747 2453 1801 doctissimus
2478 1746 2719 1817 quisque
2749 1744 3140 1815 ineptissimus
3171 1744 3305 1798 huic
3330 1749 3542 1799 nostra:

1841 1853 2031 1907 operas
2065 1837 2211 1889 votis
2248 1836 2507 1897 favendo,
2545 1833 2780 1902 scilicet,
2809 1837 2870 1886 ut
2922 1832 3007 1886 illi
3045 1831 3247 1885 fratres
3312 1836 3540 1901 putant,

1840 1941 2290 1996 supervacaneze.
2351 1925 2502 1989 Quos
2549 1939 2652 1991 ego
2700 1922 2899 1975 fratres
2930 1922 3185 1991 dejerare
3234 1920 3437 1983 ausim,
3471 1937 3542 1974 ne

1838 2013 2086 2067 litteram
2118 2012 2353 2083 quidem
2394 2012 2450 2065 in
2482 2012 2593 2065 illis
2626 2010 3059 2064 Commentariis
3089 2008 3307 2079 legisse,
3343 2008 3543 2063 titulos

1837 2104 2043 2158 vidisse
2075 2102 2433 2156 solummodo
2462 2122 2477 2169 ;
2504 2106 2601 2155 aut
2625 2101 2670 2154 si
2691 2102 2975 2171 legerunt,
3004 2104 3060 2153 et
3083 2099 3350 2169 probant,
3373 2099 3542 2169 plane

1839 2192 2054 2246 similes
2085 2196 2216 2245 sunt
2242 2191 2349 2262 ipsi
2378 2194 2916 2244 commentatorum.
2978 2190 3047 2242 Ut
3095 2204 3391 2258 nunquam
3437 2188 3545 2241 fuit

1839 2280 2067 2334 animus
2095 2280 2353 2333 refellere
2388 2283 2503 2333 tam
2552 2283 2806 2350 apertam
2833 2277 3136 2343 inscitiam,
3177 2281 3295 2329 tam
3338 2276 3542 2346 insipi-

1840 2370 1940 2423 das
1967 2370 2352 2439 expositorum
2384 2368 2648 2439 ineptias,
2697 2383 2815 2421 non
2868 2366 3070 2437 collegi
3118 2366 3274 2419 locos
3322 2366 3544 2437 aliquot

1840 2457 1897 2511 in
1931 2457 2134 2527 primis
2164 2456 2433 2510 ridiculos
2455 2461 2511 2510 et
2540 2456 2834 2525 imperitos
2860 2472 2873 2521 ;
2924 2472 2992 2508 ex
3018 2454 3226 2525 quibus
3255 2454 3325 2508 de
3370 2470 3542 2525 opere

1838 2550 1957 2601 toto
1988 2545 2088 2616 qui
2119 2562 2238 2599 non
2270 2545 2559 2615 legissent,
2593 2549 2829 2614 possent
2861 2543 3144 2613 judicium
3199 2543 3404 2597 facere.
3434 2544 3545 2596 Nec

1838 2632 2095 2703 profecto
2122 2632 2231 2686 fuit
2260 2648 2507 2686 necesse.
2546 2633 2687 2685 Nam
2716 2631 2776 2683 in
2825 2631 3032 2683 smculo
3062 2633 3181 2697 jam
3222 2633 3310 2683 tot
3341 2628 3545 2683 litteris

1838 2720 2269 2791 disciplinisque
2314 2719 2697 2773 excultissimo
2745 2718 3018 2772 rarissimi
3050 2722 3181 2771 sunt
3217 2718 3315 2787 qui
3348 2732 3541 2787 quem-

1840 2824 2067 2879 cunque
2111 2809 2171 2861 in
2219 2808 2331 2861 illis
2386 2805 2822 2862 Commentariis
2876 2805 3122 2874 legerint
3162 2805 3375 2871 locum,
3427 2820 3542 2858 non

1839 2898 2027 2951 statim
2043 2897 2227 2967 qualis
2256 2896 2327 2950 sit
2356 2899 2475 2949 tota
2493 2910 2678 2948 massa
2707 2910 2775 2948 ex
2818 2892 3133 2963 quamlibet
3160 2908 3334 2962 parvo
3358 2908 3541 2947 exem-

1763 3002 1802 3057 C
1840 2987 1935 3056 plo
1966 2985 2185 3055 possint
2236 2984 2511 3054 judicare.
2546 2984 2743 3053 Itaque
2774 2982 2846 3036 ad
2891 2982 3087 3035 doctos
3127 2981 3391 3035 homines
3420 2996 3542 3036 ma-

1840 3089 1954 3144 gna
1982 3090 2115 3127 sane
2155 3088 2218 3126 ac
2247 3072 2562 3143 injucunda
2610 3087 2735 3124 sum
2767 3070 3023 3123 molestia
3051 3068 3323 3122 liberatus
3354 3068 3542 3122 stulti-

1839 3162 1935 3217 tiis
1964 3162 2076 3216 illis
2116 3160 2543 3233 patefaciendis.
2574 3159 2723 3213 Nihil
2747 3158 2901 3212 enim
2940 3161 3023 3211 est
3069 3173 3255 3228 neque
3287 3156 3535 3226 gravius,

1840 3266 2027 3321 neque
2094 3248 2405 3312 insuavius,
2468 3264 2641 3318 quam
2693 3248 2865 3300 stulta
2907 3246 3155 3300 refutare
3203 3244 3540 3315 prudenter.

1840 3340 1976 3402 Quae
2007 3338 2054 3391 si
2106 3342 2334 3391 tantum
2382 3336 2620 3404 indices,
2646 3351 2751 3405 pro
2793 3332 2981 3387 stultis
3034 3332 3403 3403 rejicientur;
3451 3332 3539 3385 sin

1841 3443 2075 3497 operam
2114 3426 2173 3479 in
2222 3440 2424 3479 eorum
2469 3428 2677 3477 natura
2730 3422 3069 3477 declaranda
3098 3422 3372 3487 iusumas,
3422 3436 3541 3474 non

1839 3521 1956 3570 tam
1977 3515 2397 3570 contemnenda
2416 3514 2640 3581 reddas,
2665 3528 2837 3583 quam
2870 3512 3058 3565 minus
3080 3511 3231 3582 apud
3262 3510 3539 3581 quosdam

1840 3606 2010 3659 facias
2033 3605 2232 3659 stulta.
2281 3604 2392 3656 Nec
2437 3602 2642 3655 desunt
2675 3618 2739 3655 ex
2771 3600 3104 3654 hominibus
3136 3600 3391 3670 ejusdem
3448 3614 3541 3651 or-

1841 3693 1991 3747 dinis
2038 3692 2138 3763 qui
2183 3708 2414 3745 censere
2469 3690 2730 3761 possint;
2786 3695 2843 3742 et
2891 3690 3045 3743 haud
3093 3688 3265 3742 dubie
3312 3691 3544 3741 censent

1841 3798 2016 3852 quam
2045 3781 2179 3835 vilia
2210 3785 2264 3834 et
2296 3779 2662 3849 despicienda
2692 3778 2803 3831 sint
2838 3778 3047 3847 scripta
3092 3777 3189 3830 illa
3217 3792 3337 3829 non
3371 3777 3542 3829 modo

1839 3870 2180 3940 Augustino,
2213 3869 2303 3922 sed
2340 3885 2409 3922 ne
2466 3868 2776 3933 Theodolo,
2810 3867 2899 3919 vel
2951 3868 3171 3930 Faceto,
3199 3866 3285 3917 vel
3318 3864 3539 3918 Floreto

1839 3958 2033 4028 digna.
2063 3959 2275 4012 Tamen
2296 3957 2430 4027 quia
2460 3956 2515 4009 id
2542 3972 2657 4009 non
2689 3956 2771 4008 illi
2808 3956 2989 4007 solum
3019 3954 3119 4024 qui
3144 3958 3323 4006 totam
3356 3967 3541 4005 meam

1841 4062 2075 4117 operam
2106 4062 2204 4099 seu
2262 4045 2494 4098 inanem
2544 4045 2909 4108 damnarunt,
2963 4043 3062 4095 sed
3112 4041 3211 4095 alii
3268 4039 3540 4112 permulti

1839 4152 1955 4189 non
1994 4135 2253 4197 credunt,
2301 4138 2526 4187 tantum
2566 4132 2703 4202 quia
2747 4131 2831 4184 illi
2884 4133 3103 4184 Fratres
3134 4129 3542 4184 Praedicatores

1840 4228 2261 4292 nuncupantur,
2304 4222 2433 4274 volo
2464 4220 2586 4274 istis
2629 4220 2913 4273 rationem
2970 4219 3288 4289 approbare
3336 4216 3543 4271 laboris

1842 4314 1992 4366 mei:
2028 4311 2074 4364 si
2103 4310 2275 4364 modo
2324 4308 2633 4379 approbari
2664 4308 2871 4373 sinant,
2913 4314 3013 4362 aut
3061 4305 3536 4378 approbationem

1840 4400 2195 4470 intelligant:
2255 4414 2500 4469 quorum
2536 4413 2641 4467 ego
2673 4397 2895 4467 aliquos
2920 4397 3088 4450 credo
3120 4398 3259 4450 tales
3305 4411 3445 4457 esse,
3482 4398 3544 4447 ut

1840 4490 1952 4543 illis
1979 4490 2123 4543 nihil
2168 4489 2319 4542 inter
2370 4487 2676 4541 dictionem
2724 4486 3005 4541 Ciceronis
3036 4490 3091 4539 et
3138 4480 3543 4540 Catholicoutis

1840 4578 2097 4644 intersit;
2148 4581 2247 4630 aut
2274 4577 2425 4630 inter
2482 4576 2782 4630 historiam
2816 4574 2955 4628 Livii
2990 4579 3046 4628 et
3096 4572 3397 4636 Viucentii,
3454 4569 3541 4623 vel

1839 4668 1987 4721 inter
2030 4665 2419 4735 cognitionem
2451 4680 2644 4717 rerum
2675 4663 2844 4717 Plinii
2892 4668 2945 4717 et
2993 4662 3394 4717 Bartholommi
3433 4664 3541 4716 An-

1840 4755 2113 4827 glici,aut
2144 4752 2472 4823 Hieronymi
2492 4757 2545 4806 et
2588 4752 2843 4823 Hugonis
2888 4751 3197 4806 Carrensis.
3240 4750 3347 4814 Qui
3385 4755 3541 4819 pote-

1839 4844 1935 4911 rit,
1967 4857 2096 4895 cum
2128 4856 2233 4895 nec
2266 4840 2460 4895 Latine
2493 4840 2695 4902 sciant,
2724 4856 2830 4894 nec
2878 4840 3023 4893 ullos
3064 4840 3243 4892 bonos
3284 4850 3537 4906 unquam

1839 4930 2135 5001 attigerint
2192 4930 2515 4999 scriptores,
2555 4929 2820 4983 innutriti
2854 4944 3079 4999 semper
3122 4931 3177 4980 et
3223 4927 3295 4979 ad
3347 4925 3541 4978 ambas

1840 5033 2006 5071 aures
2051 5018 2309 5070 immersi
2366 5018 2733 5071 sermonariis
2800 5017 3010 5082 Parati,
3093 5013 3382 5084 Discipuli,
3443 5019 3543 5068 aut

1840 5104 2279 5159 Dormisecure?
2326 5106 2440 5174 Ego
2472 5122 2604 5159 vero
2657 5104 2701 5158 si
2734 5106 2883 5176 apud
2932 5105 3058 5157 illos
3094 5118 3210 5157 non
3254 5118 3405 5168 mea,
3440 5102 3539 5155 sed

1841 5210 2038 5248 eorum
2069 5193 2236 5263 culpa
2263 5210 2379 5247 non
2422 5195 2742 5264 profecero,
2790 5192 3086 5263 proficiam
3112 5190 3263 5260 apud
3319 5190 3461 5244 alios
3484 5195 3542 5244 et

1840 5282 2072 5353 ingenio
2129 5282 2371 5350 saniore,
2412 5288 2468 5337 et
2511 5282 2831 5337 eruditione
2870 5280 3145 5334 meliore:
3200 5280 3397 5350 quales
3446 5279 3542 5333 ha-

1839 5374 1977 5426 bent
2004 5372 2063 5425 in
2092 5372 2293 5427 ordine
2317 5389 2419 5426 suo
2452 5371 2729 5442 quosdam
2761 5369 2933 5423 etiam
2966 5366 3110 5422 mihi
3140 5367 3539 5435 amicissimos,

1840 5461 1939 5532 qui
1977 5460 2255 5515 beneficio
2294 5460 2598 5514 meliorum
2646 5458 2967 5510 litterarum
3016 5471 3383 5509 communem
3433 5471 3538 5525 po-

1838 5550 2125 5620 pularium
2166 5566 2399 5604 suorum
2446 5553 2499 5601 et
2547 5549 2866 5614 agnoscunt
2912 5561 3187 5607 errorem,
3224 5549 3280 5598 et
3321 5544 3537 5611 dolent,
