3884 6178
323 294 425 346 447

1342 287 1899 343 SUPPLEMENTUM
1940 289 2028 343 AD
2067 287 2295 344 OPEBA
2337 289 2391 343 S.
2433 286 2821 343 AUGUSTINI.
3676 300 3759 352 448

325 421 403 481 et,
432 421 716 487 quatenus
743 415 889 477 licet,
922 413 1119 466 vitant.
1161 411 1379 465 Faciam
1402 410 1577 479 igitur
1600 409 1832 476 invitus,
1866 411 2019 480 quod
2057 411 2101 464 A
2133 411 2285 477 dam,
2308 411 2464 464 velut
2489 409 2765 479 exempla.
2803 407 2995 460 Primo
3027 405 3192 469 libro,
3226 405 3398 474 capite
3435 409 3633 479 quinto,
3659 431 3762 472 cum

325 523 359 560 a
388 505 669 576 principio
701 520 814 556 non
844 506 1174 567 statueram,
1205 504 1272 553 ut
1309 500 1572 552 homines
1609 499 1724 552 vita
1778 500 2024 567 functos,

326 599 383 648 et
411 598 569 648 extra
617 592 889 646 invidiam
936 605 1167 642 omnem
1199 588 1322 658 jam
1353 587 1589 658 positos,
1634 587 1696 640 in
1744 587 2027 658 judicium

326 696 740 751 censuramque
772 694 1026 732 revocem
1063 694 1075 730 :
1108 676 1422 748 prasertim
1454 692 1583 730 cum
1627 675 1710 729 illi
1741 677 2023 742 homines,

328 775 606 841 quantum
639 783 765 822 mea
789 767 898 820 fert
927 766 1145 836 opinio,
1190 766 1373 836 probi,
1415 765 1568 836 quod
1599 770 1839 835 potuere
1888 781 2029 835 prte-

329 857 610 911 stiterint:
651 855 878 909 tametsi
909 856 1015 908 hoc
1061 854 1396 924 imperitum
1439 858 1607 924 atque
1651 853 1933 922 ineptum,
1967 858 2032 907 ut

331 946 449 1000 fere
480 945 577 998 illo
611 948 774 998 erant
795 944 1021 997 saeculo.
1055 941 1400 996 Proﬁtentur
1420 958 1554 1011 ergo
1580 958 1638 995 se
1666 941 1724 994 in
1756 942 1860 994 hoc
1886 958 2030 1010 opus

325 1019 574 1086 scribere
605 1032 851 1086 Thomas
879 1030 1083 1092 Valois,
1107 1034 1163 1083 et
1192 1029 1453 1084 Nicolaus
1472 1028 1679 1093 Trivet,
1711 1032 1766 1081 et
1792 1029 2030 1084 Jacobus

327 1121 396 1174 de
428 1122 758 1173 Passavant.
796 1119 861 1172 Et
890 1117 1155 1171 veritates
1185 1116 1402 1187 colligit
1454 1115 1781 1170 Franciscus
1815 1115 1885 1168 de
1914 1117 2028 1169 Ma-

327 1207 482 1262 ronis
542 1207 822 1272 Minorita,
865 1223 936 1259 ne
977 1207 1162 1259 solum
1206 1221 1448 1275 regnum
1497 1204 1902 1257 Prasdicatores
1942 1209 2028 1256 te-

329 1301 520 1350 neant.
552 1296 808 1350 Primum
829 1294 1072 1347 Thomas
1094 1293 1281 1346 Valois
1299 1292 1602 1346 arbitratus
1629 1291 1796 1345 credo
1827 1290 2030 1360 ingens

331 1398 451 1436 esse
483 1399 646 1453 opus,
681 1387 739 1436 et
782 1383 956 1436 unius
999 1381 1214 1434 viribus
1263 1382 1468 1450 majus,
1503 1395 1617 1433 non
1659 1380 1849 1433 omnia
1878 1381 2032 1432 solus

332 1476 417 1524 est
471 1471 628 1524 obire
669 1487 859 1530 ausus,
891 1471 990 1524 sed
1031 1470 1248 1524 socium
1303 1469 1409 1522 sibi
1460 1467 1720 1538 sumpsit,
1767 1483 1832 1520 ac
1878 1468 2034 1520 velut

334 1559 748 1614 succedaneum
787 1559 1042 1613 sodalem
1092 1574 1257 1611 suum
1313 1558 1608 1611 Nicolaum
1658 1556 1864 1622 Trivet,
1914 1561 2032 1609 tam

333 1648 582 1704 similem
633 1648 742 1702 sibi
783 1664 956 1718 quam
1005 1664 1175 1701 ovum
1221 1663 1358 1709 ovo;
1415 1645 1507 1698 cui
1566 1645 1686 1715 ipse
1744 1644 2030 1713 lampada,

333 1737 488 1809 quod
535 1737 714 1801 aiunt,
759 1736 1010 1790 traderet
1054 1735 1257 1802 fessus,
1299 1733 1488 1787 nescio
1537 1749 1650 1802 quo
1689 1732 1981 1785 volumine
2016 1749 2028 1786 :

333 1841 466 1879 nam
498 1824 600 1878 etsi
631 1823 764 1892 legi,
795 1839 910 1876 non
936 1827 1128 1876 tamen
1160 1822 1444 1876 adnotavi.
1481 1822 1674 1892 Neque
1714 1836 1846 1873 vero
1881 1820 2033 1874 aliud

335 1915 711 1981 susceperunt
731 1909 1127 1979 explicandum
1157 1926 1330 1981 quam
1351 1910 1572 1964 fabulas
1601 1913 1698 1963 aut
1724 1909 1986 1963 historias
2017 1924 2028 1961 :

331 1999 672 2069 sacrilegum
703 1999 871 2052 credo
902 1999 1198 2052 rati‘sacra
1226 2004 1574 2052 contrectare
1606 2015 1620 2064 ;
1652 1997 1713 2051 in
1744 2013 1857 2068 quo
1883 2001 2033 2050 certe

334 2088 670 2144 modestiam
701 2088 1002 2142 hominum
1033 2104 1149 2142 non
1180 2087 1546 2141 mediocriter
1593 2086 1782 2150 laudo,
1824 2086 2034 2156 quibus

333 2178 468 2232 satis
497 2178 681 2232 visum
713 2181 795 2230 est
845 2177 1090 2247 profana
1128 2176 1540 2241 contaminare,
1572 2192 1605 2228 a
1635 2175 1811 2228 sacris
1859 2174 2032 2227 absti-

333 2271 605 2321 nuerunt.
640 2267 724 2319 Ita
753 2265 822 2319 ab
865 2265 1168 2320 undecimo
1213 2265 1282 2319 ad
1337 2264 1622 2318 decimum
1664 2268 1947 2328 octavum,
1980 2266 2036 2316 et

333 2370 368 2407 a
405 2354 625 2408 decimo
665 2369 815 2406 nono
858 2353 928 2406 ad
975 2352 1316 2422 vigesimum
1374 2352 1686 2405 secundum
1730 2350 1873 2404 nihil
1916 2351 2034 2403 fere

334 2441 712 2512 scripserunt.
749 2441 908 2505 Quod
947 2445 1281 2510 promptum
1331 2444 1416 2494 est
1457 2439 1765 2510 unicuique
1819 2438 2030 2503 videre,

335 2546 470 2585 nam
517 2529 648 2584 libri
692 2535 826 2584 sunt
855 2529 917 2583 in
962 2529 1248 2584 manibus.
1283 2529 1488 2582 Octavo
1535 2543 1690 2596 vero,
1745 2531 1801 2581 et
1857 2543 2032 2593 nono,

337 2624 394 2674 et
415 2619 636 2673 decimo
675 2617 858 2686 libris,
903 2618 1110 2689 quibus
1153 2617 1502 2687 Augustinus
1549 2617 1821 2670 adversus
1851 2616 2038 2669 Plato-

334 2707 495 2762 nicos
525 2707 796 2777 disputat,
827 2707 966 2777 quid
1011 2706 1290 2761 dixissent
1321 2705 1548 2769 miselli,
1582 2705 1682 2774 qui
1712 2720 1828 2758 non
1862 2703 2034 2757 modo

336 2794 654 2856 Platonem,
713 2798 813 2846 aut
858 2791 1212 2846 Platonicum
1261 2792 1463 2856 ullum,
1512 2790 1610 2844 sed
1651 2806 1722 2844 ne
1771 2790 2035 2843 umbram

335 2882 570 2954 quidem
623 2881 950 2952 philosophi
981 2881 1282 2935 viderant?
1329 2882 1522 2950 Itaque
1555 2895 1628 2934 ne
1671 2879 1824 2950 quod
1865 2882 2038 2949 agant

2136 501 2322 554 Czesar
2358 500 2508 568 apud
2548 497 2874 551 Sallustium
2905 494 3111 548 referat
3141 509 3268 563 quae
3307 495 3509 550 soleant
3536 499 3590 552 in
3631 502 3761 559 bellis

2136 589 2280 655 fieri,
2334 589 2456 659 rapi
2501 587 2769 657 virgines,
2809 600 3017 656 pueros
3073 581 3262 636 divelli
3307 598 3337 634 a
3380 587 3649 656 complexu
3685 609 3764 661 pa.

2138 684 2362 732 rentum
2387 697 2400 744 ;
2435 677 2606 730 etiam
2633 678 3054 728 commentator
3081 672 3202 725 haec
3226 670 3343 741 jam
3367 688 3479 727 esse
3508 691 3538 728 a
3567 677 3764 734 Catilina

2137 768 2304 829 facta,
2375 767 2653 820 Caesarem
2719 763 3040 833 signiﬁcare
3107 759 3242 814 dicit
3297 775 3310 812 :
3382 776 3536 815 verus
3598 766 3768 822 scilicet

2137 859 2550 910 commentator
2575 852 2736 923 quasi
2765 853 3137 904 commentor.
3169 849 3310 901 Tum
3339 847 3511 917 capite
3539 851 3767 920 vigesimo

2138 949 2360 1016 quarto,
2416 943 2674 997 Portium
2725 941 3026 994 Latronem
3067 937 3491 991 declamatorem
3540 939 3768 996 Catonem

2137 1034 2311 1087 fuisse
2339 1032 2474 1086 dicit
2505 1051 2520 1085 :
2554 1031 2632 1084 ibi
2681 1029 2908 1100 egregie
2946 1028 3200 1097 disputat
3240 1041 3313 1078 an
3341 1025 3441 1079 iste
3481 1026 3548 1080 sit
3582 1029 3668 1097 qui
3691 1031 3771 1082 Ca-

2137 1123 2435 1176 tunculum
2479 1135 2789 1190 puerorum
2839 1115 3243 1186 composuerit.
3288 1115 3348 1167 Et
3387 1114 3524 1167 libro
3567 1119 3770 1171 secundo

2139 1212 2321 1281 capite
2375 1215 2598 1280 quarto,
2649 1211 2815 1278 Atym
2854 1205 2988 1259 dicit
3034 1205 3290 1257 oblatum
3343 1202 3506 1255 matri
3549 1203 3695 1257 deum
3729 1206 3772 1259 in

2140 1300 2260 1369 ejus
2290 1300 2528 1368 templo,
2557 1301 2618 1350 ut
2642 1299 2871 1349 voveret
2896 1293 3231 1347 castitatem.
3269 1291 3430 1355 Quod
3474 1291 3625 1345 credo
3671 1309 3773 1348 eum

2141 1387 2405 1442 didicisse
2452 1387 2522 1439 ab
2572 1385 2762 1456 aliquo
2794 1400 2858 1436 ex
2903 1382 3074 1436 Gallis
3130 1379 3329 1434 matris
3378 1379 3559 1433 deum.
3591 1381 3648 1433 Et
3678 1388 3778 1449 post

2139 1477 2378 1548 paulum
2415 1493 2427 1529 :
2459 1472 2886 1545 Symphoniaci,
2917 1470 3120 1541 inquit,
3177 1473 3310 1523 sunt
3347 1473 3596 1522 canentes
3638 1470 3776 1533 tubis,

2139 1565 2227 1619 vel
2255 1565 2366 1618 alio
2399 1564 2569 1617 modo
2604 1562 2856 1615 sonitum
2908 1574 3183 1630 magnum
3230 1557 3510 1612 facientes.
3559 1559 3621 1610 Ex
3664 1557 3780 1610 dulci

2142 1658 2414 1708 consentu
2455 1667 2692 1720 magnos
2722 1649 2853 1703 facit
2895 1664 3066 1700 sonos
3106 1652 3278 1717 atque
3330 1646 3508 1700 tubas.
3543 1647 3602 1699 Et
3626 1646 3782 1714 paucis

2143 1743 2326 1796 verbis
2356 1748 2480 1812 post
2513 1757 2524 1794 :
2571 1741 2760 1807 Vocat,
2810 1737 3017 1808 inquit,
3055 1736 3149 1790 hic
3187 1734 3534 1805 Augustinus
3562 1734 3783 1804 sympho-

2143 1833 2333 1886 niacos
2354 1831 2453 1902 qui
2481 1829 2541 1884 in
2569 1828 2848 1882 honorem
2887 1827 3006 1880 dere
3035 1824 3328 1878 Pudicitia:
3359 1823 3607 1893 quaedam
3634 1822 3786 1891 turpia

2141 1921 2424 1975 faciebant
2457 1937 2470 1972 :
2499 1935 2612 1972 non
2652 1916 2856 1970 melius
2884 1914 3118 1969 dixisset
3147 1913 3195 1966 si
3229 1912 3332 1965 illa
3365 1916 3525 1964 aetate
3564 1909 3786 1973 vixisset;

2143 2015 2200 2064 et
2247 2009 2441 2079 paucis
2489 2006 2800 2076 interjectis
2870 2003 3076 2067 verbis,
3141 2000 3432 2055 Palladem
3479 1999 3606 2053 dicit
3651 1997 3787 2050 lavari

2143 2115 2274 2152 cum
2304 2101 2484 2150 matre
2525 2095 2694 2149 deum
2727 2093 2786 2146 in
2802 2093 3040 2146 Almone
3065 2105 3256 2144 amne.
3299 2087 3501 2143 Credas
3528 2088 3790 2138 Varronem

2142 2187 2251 2240 hoc
2299 2184 2485 2238 dicere
2537 2201 2551 2237 :
2598 2186 2821 2236 tantum
2870 2179 3144 2250 quoniam
3204 2176 3556 2247 Augustinus
3599 2171 3791 2242 virginis

2143 2273 2385 2328 caelestis
2429 2271 2545 2324 illic
2587 2267 2872 2333 meminit,
2904 2283 3006 2320 ceu
3036 2282 3151 2319 non
3198 2269 3352 2318 esset
3379 2263 3488 2316 alia
3532 2261 3628 2314 dea
3667 2259 3792 2328 virgo

2144 2378 2317 2433 quam
2363 2361 2563 2414 Pallas.
2621 2360 2685 2412 Et
2714 2374 2848 2410 mox
2895 2373 2908 2409 :
2959 2355 3104 2420 Fuit,
3157 2352 3373 2424 inquit,
3412 2366 3571 2404 scena
3604 2348 3794 2419 proprie

2146 2448 2489 2504 domuncula
2515 2445 2577 2499 in
2607 2444 2794 2499 medio
2823 2443 3050 2507 theatri,
3081 2442 3286 2512 quales
3315 2443 3446 2494 sunt
3484 2436 3794 2491 domunculas

2145 2537 2603 2591 tabernariorum
2624 2535 2711 2587 vel
2729 2537 3105 2586 mercatorum
3129 2531 3189 2583 in
3208 2527 3509 2593 nundinis,
3534 2525 3797 2580 secundum

2147 2623 2577 2695 Huguitionem,
2619 2622 2662 2676 Ο
2695 2621 2918 2674 miseras
2945 2619 3141 2673 Scauri
3171 2623 3226 2671 et
3262 2617 3544 2684 Curionis,
3573 2619 3627 2668 et
3661 2615 3796 2666 Pom-

2145 2711 2258 2782 peii
2304 2726 2483 2764 scenae
2533 2709 2848 2774 latissimas,
2897 2712 2954 2761 et
2997 2723 3136 2761 auro
3185 2710 3544 2776 argentoque
3604 2704 3799 2760 ornatas,

2147 2799 2436 2872 quomodo
2480 2799 2547 2852 ad
2594 2798 2968 2852 domunculas
3016 2799 3406 2849 mercatorum
3461 2793 3520 2846 in
3574 2788 3800 2844 nundinis

2143 2887 2472 2942 recidistis?
2520 2887 2628 2941 Sed
2658 2888 2765 2940 hoc
2805 2884 3182 2939 tolerabilius.
3219 2885 3286 2938 Et
3328 2881 3488 2936 addit
3520 2897 3532 2933 :
3583 2879 3639 2932 In
3667 2890 3800 2930 scena

336 2970 500 3038 desit,
531 2970 636 3024 toti
657 2975 790 3048 sunt
814 2971 875 3023 in
901 2974 1162 3023 contextu
1190 2969 1490 3040 partiendo
1520 2973 1576 3022 et
1605 2967 1870 3022 distribue

2264 2977 2396 3031 iitus
2437 2979 2576 3039 erat,
2614 2990 2787 3045 quem
2819 2973 3208 3028 ascendebant
3245 2971 3331 3025 illi
3359 2969 3460 3041 qui
3497 2967 3698 3022 fabulas
3733 2981 3798 3017 re-

336 3059 436 3113 Hic
465 3045 817 3128 Augustinus
859 3062 1063 3112 tractat
1091 3058 1159 3112 de
1203 3059 1329 3121 hoc,
1363 3061 1461 3110 aut
1498 3056 1619 3123 illo,
1652 3061 1708 3110 et
1738 3056 1872 3110 facit
1899 3055 2032 3110 duo.

337 3146 596 3201 Primum
638 3151 741 3211 est,
779 3147 936 3216 quod
990 3147 1262 3215 reprobat
1307 3146 1624 3212 Platonem,
1667 3145 1780 3210 ibi;
1836 3160 2038 3198 secun-

340 3234 478 3289 dum
510 3235 664 3305 quod
695 3235 832 3289 dicit
853 3235 960 3288 hoc
990 3240 1089 3288 aut
1115 3234 1280 3298 illud,
1323 3232 1403 3286 ibi
1453 3237 1509 3286 et
1538 3233 1694 3286 dicit.
1739 3234 1884 3286 Tum
1909 3248 2040 3302 quae

340 3322 696 3392 Augustinus
749 3339 892 3392 pure
924 3338 987 3376 ac
1037 3321 1233 3376 Latine
1284 3320 1522 3382 dixerat,
1555 3320 1665 3390 ipsi
1712 3325 1778 3374 ut
1818 3321 2040 3374 chartas

342 3411 641 3481 impleant,
704 3410 776 3464 ad
831 3426 1000 3464 suum
1043 3425 1267 3464 ccenum
1307 3423 1584 3478 suamque
1632 3408 2040 3464 obscenitatem

340 3499 596 3562 trahunt,
628 3514 732 3551 ceu
772 3513 890 3552 non
919 3498 1085 3552 aliter
1131 3497 1373 3568 posteris
1402 3495 1792 3550 intellecturis.
1824 3497 1945 3550 Jam
1981 3497 2042 3549 in

341 3587 596 3658 quinque
627 3586 809 3652 libris,
857 3591 913 3640 et
943 3591 1102 3656 parte
1134 3586 1341 3640 decimi
1387 3584 1571 3638 octavi
1621 3585 1828 3639 fabulae
1869 3592 1924 3640 et
1949 3585 2042 3640 hi-

343 3676 534 3730 storia:
573 3679 911 3729 tractantur.
953 3675 1052 3729 Hic
1103 3679 1309 3745 putant
1354 3691 1412 3728 se
1444 3690 1562 3728 esse
1611 3673 1670 3726 in
1699 3690 1802 3726 sua
1847 3691 2039 3740 arena,

342 3771 400 3818 et
427 3769 706 3834 vagantur
739 3765 1073 3834 jactantque
1104 3781 1161 3818 se
1191 3767 1255 3816 ut
1293 3779 1496 3833 equus,
1538 3763 1688 3834 quod
1721 3763 1948 3822 dicitur.
1983 3763 2044 3818 in

343 3868 566 3923 campo.
603 3854 664 3906 In
695 3853 902 3923 quibus
932 3852 1134 3906 omitto
1182 3852 1459 3906 sermonis
1489 3851 1682 3906 sordes
1728 3869 1790 3905 ac
1826 3851 2042 3922 spurci-

339 3940 506 4007 tiam,
537 3940 835 4011 fatuasque
883 3944 939 3994 et
975 3940 1219 3994 insulsas
1249 3939 1604 3993 narrationes
1637 3956 1649 3993 :
1682 3955 1824 4008 quas
1850 3944 2044 3993 tamen

341 4029 455 4099 ipsi
480 4029 772 4083 interdum
803 4045 868 4082 ex
907 4029 1328 4082 facundissimis
1356 4028 1732 4082 desumebant
1761 4028 2045 4099 scriptori'

342 4119 489 4185 bus;
521 4134 664 4189 quas
713 4119 907 4171 nullus
951 4118 1022 4170 sit
1046 4123 1162 4171 tam
1207 4118 1515 4188 impatiens
1545 4119 1891 4184 stomachus,
1944 4117 2046 4188 qui

341 4223 518 4262 unam
549 4223 617 4260 ex
647 4206 729 4261 eis
759 4211 859 4261 aut
884 4207 1120 4260 alteram
1164 4208 1343 4276 possit
1373 4206 1666 4274 devorare,
1698 4206 1808 4259 nisi
1838 4206 2044 4276 quibus

2145 3065 2282 3120 citat
2296 3069 2393 3120 ant
2414 3081 2427 3132 ;
2471 3069 2526 3119 et
2563 3068 2703 3135 quot
2731 3066 2892 3117 erant
2938 3061 3213 3126 carmina,
3258 3063 3344 3113 tot
3372 3056 3697 3129 reputabant
3721 3068 3801 3122 ap-

2147 3154 2399 3226 posuisse
2445 3153 2678 3208 fercula.
2735 3153 2864 3205 Haec
2913 3155 2997 3204 est
3045 3149 3416 3220 argutissima
3455 3141 3802 3215 interpretatio

2147 3243 2364 3297 ferculi.
2411 3242 2601 3312 Pergit
2627 3257 2760 3294 vero
2796 3257 2810 3294 :
2848 3241 2999 3294 Infra
3030 3239 3206 3292 etiam
3238 3238 3494 3292 latebant
3532 3231 3712 3288 larvati
3736 3229 3802 3283 hi-

2147 3332 2407 3398 striones,
2440 3335 2496 3384 et
2524 3330 2709 3397 mimi,
2759 3329 2859 3400 qui
2896 3328 3082 3382 subito
3114 3331 3390 3382 exeuntes
3420 3339 3604 3378 coram
3631 3319 3803 3392 populo

2149 3419 2400 3472 motibus
2431 3417 2684 3488 corporis
2723 3420 3126 3485 expresserunt
3170 3412 3464 3472 historias,
3497 3424 3593 3462 seu
3625 3405 3803 3461 fabulas

2148 3505 2446 3568 recitatas;
2499 3508 2556 3557 et
2600 3503 2695 3556 isti
2737 3502 2969 3572 pr0prie
3022 3501 3262 3554 fuerunt
3309 3495 3579 3569 appellati
3619 3488 3804 3546 scenici.

2149 3593 2330 3647 Scena
2381 3592 2555 3647 etiam
2628 3591 2973 3662 quandoque
3049 3589 3292 3660 ponitur
3357 3602 3465 3657 pro
3527 3583 3642 3654 ipso
3716 3582 3805 3631 toto

2151 3683 2392 3746 theatro,
2476 3681 2817 3752 quandoque
2885 3695 2990 3749 pro
3049 3677 3266 3745 fabula,
3337 3673 3673 3746 quandoque
3729 3680 3808 3737 pro

2149 3769 2480 3825 recitatione
2537 3769 2764 3822 tabulas.
2829 3768 2959 3821 Haec
3021 3765 3215 3819 omnia
3293 3764 3425 3834 quis
3488 3764 3650 3829 neget
3714 3768 3807 3807 esse

2152 3856 2528 3922 admirabilia,
2583 3872 2711 3908 cum
2781 3859 2950 3908 antea
2988 3853 3180 3906 nullus
3240 3866 3504 3922 unquam
3569 3841 3810 3900 audierit?

2151 3946 2286 4011 Quis
2308 3960 2564 4016 unquam
2592 3944 2675 3997 vel
2707 3943 2993 3996 theatrum
3013 3941 3156 3994 dixit
3186 3955 3444 4006 scenam,
3467 3937 3552 3990 vel
3581 3932 3807 3990 fabulam,

2151 4036 2240 4089 vel
2281 4035 2487 4089 fabula:
2517 4032 2959 4086 recitationem?
3010 4031 3154 4084 Tum
3203 4029 3368 4082 addit
3411 4024 3683 4079 Valerium
3724 4017 3810 4071 Ma'

2152 4125 2371 4178 ximum
2405 4123 2611 4188 dicere,
2644 4126 2952 4192 antequam
2995 4119 3188 4188 imago
3220 4116 3424 4172 matris
3469 4115 3634 4168 deum
3666 4115 3810 4162 trans-

2153 4215 2267 4268 lata
2334 4217 2479 4265 esset
2550 4226 2615 4264 ex
2688 4210 3042 4272 Pessinunte,
3118 4207 3501 4278 imperatores
3570 4202 3810 4254 Romanos

341 4295 492 4350 forte
542 4295 790 4349 salubria
819 4299 950 4348 sunt
981 4295 1170 4348 noxia.
1203 4295 1311 4348 Sed
1341 4294 1413 4347 ad
1462 4310 1550 4348 res
1593 4294 1744 4362 ipsas
1795 4294 2038 4348 veniam.
2081 4279 2125 4334 Ῑ)
2155 4319 2305 4372 saepe
2357 4301 2430 4355 ad
2499 4299 2896 4354 Pessinuntem
2961 4296 3149 4356 ivisse,
3203 4300 3271 4348 ut
3342 4297 3476 4348 vota
3551 4286 3807 4342 solverent.

342 4385 487 4440 Sunt
514 4390 665 4438 certe
717 4383 1113 4436 commentarii
1156 4383 1326 4435 utiles
1357 4382 1426 4434 iis
1474 4382 1574 4452 qui
1606 4382 1744 4434 nihil
1791 4398 1920 4435 vere
1957 4399 2045 4434 re-

345 4477 548 4543 cteque
599 4471 742 4525 scire
793 4472 992 4524 volunt
1041 4487 1055 4523 :
1109 4470 1300 4540 qualia
1333 4473 1466 4523 sunt
1501 4470 1734 4540 ingenia
1782 4471 2043 4540 quaedam

348 4576 478 4632 qua:
509 4575 580 4613 ne
610 4559 909 4612 historiam
939 4558 1168 4629 quidem
1210 4558 1407 4612 audire
1436 4559 1673 4628 possint,
1722 4575 1852 4612 vere
1882 4564 1938 4612 et
1965 4559 2047 4613 uti

348 4653 508 4719 gesta
552 4664 643 4701 res
688 4651 790 4707 est,
846 4651 1174 4713 narratam;
1216 4647 1373 4700 nefas
1431 4646 1602 4700 credo
1657 4645 2049 4698 existimantes

346 4737 562 4808 aliquid
621 4752 918 4790 remanere
969 4735 1174 4790 sinceri
1241 4751 1305 4789 ac
1352 4735 1686 4805 incorrupti.
1754 4734 2050 4788 Falluntur

348 4826 527 4896 igitur
554 4825 795 4879 infinitis
824 4825 984 4893 locis,
1013 4829 1066 4878 et
1095 4825 1320 4890 fallunt,
1356 4825 1404 4878 si
1435 4825 1564 4894 quis
1593 4829 1894 4894 sequatur;
1925 4828 2047 4878 tum

347 4920 584 4986 propter
631 4914 927 4968 confusam
973 4913 1366 4984 incertamque
1416 4929 1616 4967 eorum
1658 4930 1787 4983 qua:
1835 4912 2044 4966 scribe-

350 5005 490 5060 bant
543 5003 828 5068 notitiam,
876 5007 999 5056 tum
1049 5002 1220 5055 etiam
1264 5002 1415 5072 quod
1460 5001 1817 5071 ignoratione
1863 5000 2049 5055 Latini

348 5093 629 5148 sermonis
667 5093 727 5146 in
768 5091 904 5162 ipsis
933 5092 1103 5146 rebus
1141 5092 1354 5161 passim
1396 5091 1751 5144 labebantur.
1793 5090 1878 5144 Ad
1927 5090 2050 5143 haec

350 5181 596 5235 afferunt
651 5180 1038 5235 commentitia
1079 5180 1372 5250 pleraque,
1413 5185 1470 5232 et
1508 5194 1803 5249 nunquam
1853 5179 1922 5232 ab
1955 5195 2048 5232 au-

351 5269 604 5323 ctoribus
629 5271 714 5323 vel
743 5270 1021 5324 somniata
1055 5287 1066 5323 :
1104 5269 1313 5338 partim
1347 5284 1414 5321 ex
1455 5268 1626 5336 gestis
1659 5269 2048 5321 Romanorum

354 5356 720 5422 moralizatis,
754 5359 961 5427 partim
994 5374 1123 5429 quas
1153 5357 1325 5411 fando
1352 5355 1573 5410 narrari
1621 5356 1920 5410 audierant
1957 5356 2050 5409 in-

351 5452 441 5500 ter
469 5446 914 5514 compotandum
952 5447 1014 5500 in
1065 5445 1335 5517 hospitali
1381 5445 1672 5499 ccenaculo
1715 5444 2044 5500 sodalitatis.

356 5532 630 5602 Colligam
653 5549 782 5603 quae
812 5535 998 5605 prima
1029 5540 1198 5590 erunt
1239 5534 1311 5588 ad
1354 5550 1588 5588 manum
1616 5534 1859 5604 paucula
1889 5550 2046 5604 quaa-

2157 4369 2260 4444 L'bi
2290 4391 2396 4443 hoc
2421 4404 2678 4459 unquam
2731 4385 3033 4440 somniavit
3079 4383 3390 4437 Valerius?
3426 4383 3511 4434 Ita
3554 4392 3663 4432 non
3706 4369 3811 4424 satis

2156 4482 2242 4531 est
2293 4482 2348 4531 te
2404 4477 2641 4547 tingere,
2702 4475 2814 4528 nisi
2870 4477 2926 4528 et
2993 4472 3122 4526 aliis
3195 4470 3503 4525 mendacia
3580 4463 3811 4531 assigneS-

2159 4568 2358 4620 Narrat
2385 4565 2616 4636 quidem
2646 4563 2811 4617 ivisse
2832 4562 2968 4616 illuc
2997 4562 3286 4615 Romanos
3305 4559 3673 4628 imperatores
3695 4548 3809 4600 libro

2153 4655 2364 4725 primo,
2397 4655 2494 4707 sed
2527 4668 2642 4706 non
2681 4656 2811 4705 ante
2841 4654 3083 4703 matrem
3130 4649 3306 4702 deum
3355 4646 3695 4702 translatam,
3727 4647 3815 4703 quo

2154 4748 2412 4813 tempore
2442 4742 2634 4796 nullus
2687 4755 2948 4810 unquam
2988 4739 3286 4792 Romanus
3326 4751 3395 4788 eo
3425 4738 3509 4788 est
3550 4727 3810 4814 profectus:

2155 4832 2359 4903 Adjicit
2389 4831 2682 4885 Pantheon
2713 4829 2995 4898 templum
3027 4843 3060 4880 a
3082 4824 3409 4881 Domitiano
3437 4833 3653 4890 magum
3681 4815 3814 4903 matri

2157 4921 2330 4975 deum
2361 4922 2710 4973 exstructum
2753 4917 2950 4984 fuisse,
2995 4930 3126 4969 cum
3173 4914 3476 4968 Pantheon
3523 4898 3815 4960 exstruxeril

2155 5013 2287 5064 ante
2319 5007 2708 5062 Domitianum
2738 5005 2989 5076 Agrippa
3017 5003 3137 5058 Jovi
3191 4999 3429 5064 Victori,
3458 4994 3652 5052 deinde
3687 4991 3814 5041 cmle‘

2154 5099 2233 5153 ris
2264 5097 2387 5152 diis.
2445 5098 2508 5150 Et
2551 5097 2672 5150 haec
2715 5094 2909 5149 omnia
2956 5093 3016 5146 in
3047 5092 3251 5145 eodem
3302 5105 3436 5144 vere
3467 5100 3632 5140 aureo
3673 5084 3720 5132 et
3751 5087 3816 5126 00-

2155 5188 2316 5258 pioso
2348 5185 2595 5255 capitulo
2636 5185 2669 5238 4
2700 5182 2829 5236 libri
2860 5200 2918 5250 II,
2966 5180 3116 5251 quod
3162 5179 3300 5233 licet
3338 5191 3516 5232 cornu
3551 5169 3711 5241 copiae
3736 5179 3816 5231 al”

2158 5278 2352 5347 pelles.
2380 5277 2442 5329 In
2471 5277 2625 5327 sexto
2651 5288 2782 5325 vero
2810 5271 2994 5342 capite
3017 5267 3284 5322 versiculi
3312 5272 3449 5321 sunt
3480 5259 3665 5322 Persii,
3699 5265 3816 5324 (1005

2158 5357 2278 5428 ipse
2300 5354 2660 5409 festivissime
2687 5351 2931 5422 explicat
2963 5367 2975 5404 :

2251 5443 2458 5497 Discite,
2493 5455 2524 5489 ο
2553 5440 2746 5498 miseri,
2780 5443 2834 5488 et
2861 5451 3046 5487 causas
3066 5434 3376 5498 cognoscite
3414 5442 3603 5484 rerum.

2250 5487 2984 5564 Quri'd‘sumusIetquidnam
3004 5487 3192 5548 victuvri
3221 5496 3512 5560 gignimur,
3541 5487 3660 5538 ordo

2252 5567 2380 5623 Quis
2404 5566 2557 5614 datus
2575 5567 2599 5611 ?
