3884 6178
110 285 185 336 449

108 403 187 468 Sic,
222 397 391 467 inquit,
440 395 693 449 ordinata
733 400 818 449 est
864 396 1117 450 humana
1162 392 1387 465 natura,
1440 400 1596 469 quod
1630 405 1712 453 est
1751 404 1793 455 Α

111 504 232 558 super
252 488 392 539 bruta
419 485 696 538 animalia.
752 485 1027 539 Putabam
1067 503 1186 539 esse
1212 487 1377 547 infra,
1406 491 1517 541 Aut
1549 494 1713 542 metu:

114 593 231 648 quam
252 573 417 627 mollis
454 575 629 626 flexus
655 577 681 627 ?
707 575 887 638 Mela),
921 574 1127 644 inquit,
1160 575 1217 628 id
1249 581 1331 628 est
1362 577 1579 630 mortis.
1612 581 1706 630 At-

116 666 183 736 qui
212 680 256 716 ex
293 663 386 715 hac
414 663 600 715 nullus
631 667 713 715 est
739 664 933 717 ﬂexus.
971 664 1115 726 Quid
1146 680 1311 733 asper
1360 665 1497 718 utile
1551 682 1715 719 num-

108 770 195 808 mus
214 751 370 804 habet.
408 750 502 803 Hic
532 767 662 803 cum
696 751 1101 820 ignoraretcur
1131 769 1298 821 asper
1330 769 1597 806 nummus
1628 754 1713 806 di-

104 846 281 907 ceretur,
308 855 412 892 non
446 839 626 893 defuit
654 840 1027 892 moralizatio.
1062 844 1260 909 Asper,
1293 841 1499 911 inquit,
1532 841 1591 894 id
1634 847 1715 895 est

102 932 309 999 quantum
350 926 551 979 habeat
600 926 955 995 asperitatis:
990 933 1223 996 propter
1274 943 1437 979 curas
1480 943 1715 996 magnas

101 1034 195 1086 quas
237 1015 461 1084 ingerit;
498 1020 735 1084 propter
789 1016 943 1085 quod
985 1021 1040 1068 et
1092 1015 1269 1085 spinis
1312 1020 1718 1085 comparantur

97 1104 269 1160 divitiae.
302 1106 415 1158 Non
448 1104 525 1156 sic
560 1105 784 1158 Persius
810 1121 914 1157 sua
941 1110 1060 1157 tam
1096 1110 1257 1157 acute
1290 1104 1583 1167 intellexit,
1614 1122 1717 1158 nec

96 1202 174 1247 tam
216 1199 400 1246 sancte.
462 1194 527 1245 Et
581 1193 762 1262 capite
819 1197 1032 1258 octavo,
1083 1193 1151 1246 de
1210 1194 1393 1261 poetis
1426 1193 1715 1247 adnotatio

94 1282 216 1350 digna
238 1297 350 1351 qua:
388 1281 455 1334 ad
488 1282 722 1334 verbum
779 1282 1078 1336 ediscatur.
1130 1283 1454 1343 Poetarum,
1508 1282 1712 1351 inquit,

94 1368 170 1421 duo
194 1374 305 1420 sunt
332 1384 558 1438 genera,
593 1374 811 1422 veteres
842 1375 897 1422 et
926 1369 1077 1424 novi.
1102 1370 1330 1422 Veteres
1365 1370 1559 1423 omnia
1588 1386 1715 1439 qua:

93 1456 307 1508 canebant
349 1457 753 1510 convertebant
800 1458 868 1511 ad
910 1457 1119 1510 risum:
1176 1458 1324 1510 unde
1356 1459 1423 1511 de
1456 1456 1714 1509 meretri-

93 1543 160 1596 ciis
182 1549 225 1597 et
267 1544 485 1613 stupris,
534 1552 589 1599 et
626 1545 714 1598 his
744 1561 873 1614 qua:
905 1548 1168 1614 poterant
1199 1560 1506 1614 provocare
1538 1545 1714 1597 risum

89 1632 363 1686 tractabant:
430 1631 579 1685 sicut
636 1633 869 1686 Plautus
921 1638 976 1686 et
1023 1632 1335 1686 Terentius.
1386 1632 1525 1685 Novi
1581 1648 1713 1685 vero

90 1719 512 1789 reprehendebant
542 1720 674 1773 vitia
698 1721 997 1775 hominum
1030 1721 1369 1775 nominatim
1394 1739 1405 1787 ;
1449 1721 1713 1791 undeque

87 1808 283 1862 homines
333 1810 699 1873 lacessebant,
758 1826 957 1863 eorum
1004 1810 1140 1864 vitia
1169 1814 1463 1880 carpentes
1494 1826 1625 1862 vera
1663 1814 1719 1862 et

88 1898 203 1963 ficta;
246 1903 296 1951 et
337 1898 724 1968 pingebantur
769 1898 934 1966 nudi,
984 1899 1119 1969 quia
1148 1898 1284 1951 vitia
1314 1898 1706 1952 denudabant.

86 1988 196 2040 Tales
239 1994 411 2057 poetae
449 1988 657 2042 cornici
700 1988 924 2059 satyrici
972 1990 1366 2059 appellantur:
1420 1989 1562 2042 sicut
1616 1990 1719 2041 llo-

86 2077 230 2143 ratius,
268 2078 507 2146 Persius,
561 2078 871 2139 Juvenalis,
927 2084 983 2131 et
1029 2079 1378 2148 hujusmodi.
1434 2080 1495 2131 Et
1543 2079 1715 2148 paulo

84 2170 194 2225 post:
228 2168 457 2220 Possunt
509 2171 702 2220 autem
750 2171 933 2236 poetas
984 2168 1203 2236 tragici,
1236 2168 1381 2220 sicut
1411 2173 1467 2220 et
1495 2167 1713 2234 comici,

84 2252 205 2305 dividi
244 2254 299 2307 in
344 2255 482 2308 duas
532 2260 739 2325 partes.
794 2255 973 2308 Primi
1022 2255 1152 2325 puri
1210 2256 1448 2325 tragici;
1485 2256 1717 2308 secundi

84 2357 173 2393 vero
209 2343 358 2411 elegi,
406 2348 718 2396 tractantes
771 2344 840 2397 de
888 2343 1091 2413 elegia,
1139 2344 1193 2397 id
1224 2348 1306 2396 est
1335 2344 1404 2397 de
1466 2344 1714 2404 niiseria_

84 2429 139 2481 Sic
163 2431 254 2497 ille,
298 2448 363 2485 ex
396 2432 706 2485 Aristotele
752 2432 942 2499 credo,
993 2438 1092 2485 aut
1122 2432 1167 2484 si
1194 2432 1323 2502 quis
1348 2432 1455 2485 hoc
1489 2448 1719 2502 quoque

84 2519 242 2572 doctius
276 2521 338 2573 de
389 2520 582 2590 poetis
638 2520 881 2589 scripsit,
930 2525 986 2573 et
1032 2532 1225 2574 tamen
1283 2520 1382 2590 qui
1429 2520 1572 2573 nihil
1626 2538 1723 2574 un-

85 2624 205 2675 quam
249 2609 311 2661 de
354 2608 422 2661 iis
454 2614 761 2678 poetarum
793 2608 1098 2678 generibus
1139 2609 1375 2674 audivit,
1410 2626 1523 2662 non
1553 2609 1720 2663 intel-

84 2695 179 2763 liget
200 2712 356 2765 quam
385 2696 595 2749 frivola
624 2696 745 2749 haec
766 2701 820 2749 et
850 2696 1119 2765 imperita
1149 2696 1280 2761 sint,
1302 2697 1515 2749 nedum
1547 2697 1722 2749 stulta

84 2789 203 2853 atque
249 2785 507 2839 ridicula.
563 2784 619 2838 Si
667 2785 904 2852 audivit,
954 2785 1088 2838 huic
1125 2785 1365 2855 perinde
1396 2785 1503 2838 ista
1531 2790 1719 2849 erunt,

83 2887 170 2925 cum
215 2873 276 2927 de
305 2874 460 2927 novis
493 2878 556 2926 et
592 2873 879 2926 veteribus
910 2874 1161 2943 loquitur
1191 2874 1395 2943 poetis,
1428 2890 1491 2926 ac
1519 2873 1565 2926 si
1595 2874 1724 2943 quis

85 2959 189 3012 dicat
228 2962 665 3015 architectorum
715 2962 967 3015 ofﬁcium
1017 2967 1102 3015 est
1146 2963 1363 3015 calceos
1393 2978 1575 3027 suere,
1609 2978 1723 3015 cer-
1760 2982 1797 3036 ρ

84 3046 243 3102 donum
270 3066 394 3104 vero
424 3050 753 3104 aediﬁcare:
786 3054 842 3103 et
880 3067 1009 3103 cum
1052 3067 1229 3104 novos
1278 3049 1522 3103 comicos
1562 3056 1725 3103 vocat

86 3139 313 3207 satjricos,
363 3156 463 3193 ceu
518 3138 648 3209 quis
696 3138 843 3192 dicat
875 3139 1115 3192 fartores
1144 3154 1266 3192 esse
1288 3143 1556 3192 textores:
1592 3154 1721 3191 cum

86 3226 274 3282 comicos
314 3228 454 3281 dixit
505 3227 807 3297 elegiacos,
846 3228 1002 3281 velut
1031 3226 1238 3297 aliquis
1267 3242 1543 3297 agasones
1574 3226 1724 3280 dicat

85 3321 246 3379 nautas,
293 3322 388 3370 aut
438 3322 706 3371 tonsores
752 3315 1137 3369 carbonarios.
1169 3316 1292 3369 Jam
1323 3332 1453 3369 cum
1483 3316 1725 3385 explicat

84 3402 234 3472 elegia,
274 3405 327 3459 id
369 3411 452 3459 est
484 3405 741 3467 miseria,
776 3421 891 3459 non
923 3420 1081 3458 secus
1105 3420 1277 3474 quam
1304 3404 1349 3457 si
1376 3404 1723 3472 interprete-

84 3489 160 3543 ris:
206 3494 485 3562 scrinium,
551 3493 610 3547 id
666 3499 752 3547 est
802 3493 963 3546 liber.
1020 3494 1086 3546 Et
1131 3508 1254 3562 cap.
1316 3494 1436 3557 109,
1499 3506 1627 3544 cum
1655 3490 1723 3543 de

84 3578 231 3633 Plauto
277 3589 492 3651 ageret,
549 3581 653 3635 iste
704 3580 947 3651 scripsit,
982 3580 1189 3651 inquit,
1224 3580 1565 3633 comoediam
1594 3595 1723 3648 quas

83 3670 341 3736 appellatur
382 3670 711 3739 Aulularia,
756 3669 917 3739 quasi
965 3686 1082 3723 non
1126 3669 1316 3722 aliam.
1348 3672 1419 3722 At
1468 3668 1722 3738 philoso-

82 3755 200 3821 phari
243 3775 465 3829 quoque
516 3760 700 3812 voluit
734 3759 830 3812 lib.
866 3775 965 3812 v11.
1018 3759 1159 3811 Nam
1188 3774 1316 3810 cum
1349 3756 1585 3811 dixisset
1609 3759 1723 3809 Λιι-

82 3846 239 3911 gustiu.
281 3850 502 3902 Menam
559 3848 746 3913 deam,
801 3864 931 3917 quas
968 3846 1273 3900 menstruis
1316 3850 1540 3916 praeest,
1583 3861 1721 3897 con-

81 3931 185 3987 ferre
229 3938 429 3992 fluores
470 3942 793 3991 menstruos
847 3936 915 3989 ad
944 3936 1065 4005 ejus
1093 3935 1247 4005 quod
1277 3939 1611 4003 conceptum
1641 3938 1725 3986 est

81 4019 460 4091 incrementum,
490 4026 730 4095 ignarus
760 4024 1000 4077 lluorem
1031 4027 1388 4076 menstruum
1411 4021 1521 4074 dici
1552 4020 1721 4073 etiam

81 4111 361 4166 muliebrem
415 4111 783 4181 sanguinem,
838 4111 939 4181 qui
967 4112 1225 4163 lluxurus
1259 4115 1381 4163 erat
1412 4109 1468 4163 in
1500 4124 1719 4172 mense,

79 4194 159 4249 nisi
202 4202 277 4254 vel
319 4202 437 4255 fetu
485 4202 576 4253 vel
618 4201 728 4253 alia
756 4215 927 4253 causa
983 4198 1353 4263 detineretur,
1404 4198 1605 4268 incipit
1644 4200 1724 4253 di-

79 4285 311 4355 stinguere
358 4289 704 4360 sanguinem
744 4293 1125 4354 menstruum,
1176 4303 1290 4339 uno
1321 4287 1488 4340 modo
1519 4304 1623 4357 pro
1654 4306 1720 4341 eo
1762 4269 1805 4322 Β

81 4376 189 4440 quod
218 4382 291 4431 est
316 4381 766 4448 purgamentum
800 4381 1043 4437 naturae,
1076 4379 1131 4428 et
1168 4375 1407 4444 singulis
1437 4376 1729 4430 mensibus

80 4462 271 4527 ejicitur.
321 4467 448 4521 Alio
510 4466 687 4519 modo
743 4465 1019 4535 accipitur
1049 4480 1152 4533 pro
1184 4464 1463 4534 sanguine
1496 4464 1595 4533 qui
1624 4481 1729 4534 per

81 4550 360 4617 ejectionem
417 4560 717 4626 purgatur,
770 4560 826 4607 et
873 4558 1003 4624 post
1054 4554 1203 4606 ﬂuor
1236 4557 1561 4606 menstruus
1611 4570 1728 4607 non

82 4641 249 4696 confert
283 4644 350 4698 ad
378 4644 799 4697 incrementum
829 4643 997 4707 fetus,
1031 4642 1139 4695 nisi
1169 4658 1271 4713 per
1297 4641 1585 4708 accidens,
1628 4643 1730 4695 sci-

82 4724 177 4780 licet
216 4747 310 4800 per
349 4748 515 4785 suam
547 4732 881 4785 absentiam.
921 4731 1148 4785 Confert
1196 4730 1349 4783 enim
1382 4745 1483 4799 pro
1524 4735 1724 4784 tanto:

82 4818 181 4883 quia
197 4835 313 4874 cum
342 4821 464 4891 ipse
498 4820 818 4890 expellitur,
868 4819 1101 4889 sanguis
1142 4819 1238 4873 ille
1268 4820 1418 4873 unde
1446 4820 1591 4873 fetus
1625 4837 1728 4873 au-

84 4910 226 4971 getur,
254 4910 497 4963 efﬁcitur
517 4908 803 4974 mundior,
837 4913 892 4961 et
922 4908 995 4961 ad
1016 4908 1345 4977 augendum
1368 4908 1588 4961 melior.
1618 4908 1729 4962 Sed

82 4990 235 5051 beatus
278 4998 631 5071 Augustinus
688 4997 975 5051 extensive
1020 4997 1282 5066 loquens,
1341 5002 1503 5050 vocat
1564 4997 1729 5050 illum

85 5087 369 5154 sanguinem
416 5088 520 5159 qui
571 5088 881 5157 depuratur
918 5086 1162 5138 iluorem
1188 5089 1566 5139 menstruum.
1602 5086 1730 5138 Haec

86 5168 167 5225 ille.
190 5176 430 5231 Primum
461 5176 590 5248 quis
632 5190 889 5245 unquam
930 5172 1267 5243 sanguinem
1302 5172 1467 5225 illum
1498 5172 1597 5243 qui
1624 5188 1730 5241 pu-

87 5258 170 5313 rior
207 5270 458 5320 remanet
503 5266 561 5319 in
590 5280 826 5334 corpore
856 5261 1113 5316 mulieris
1143 5265 1270 5330 post
1301 5260 1542 5329 ejectum
1576 5275 1731 5312 men-

90 5352 283 5419 struum,
329 5355 548 5407 vocavit
599 5356 840 5407 ﬁuorem
881 5350 1290 5405 menstruum?
1341 5348 1557 5402 Deinde
1589 5364 1729 5418 quo-

90 5440 213 5491 modo
239 5440 326 5494 isti
379 5448 661 5511 augentur
702 5442 846 5495 fetus
887 5441 946 5493 in
986 5440 1123 5493 locis
1148 5440 1176 5492 ?
1198 5438 1297 5508 qui
1328 5436 1375 5490 si
1407 5441 1731 5490 menstruus

92 5521 160 5577 ille
197 5530 413 5596 delluat,
475 5532 620 5585 ﬁunt
665 5529 1095 5595 imbecilliores;
1143 5532 1199 5583 et
1244 5528 1291 5581 si
1320 5526 1553 5597 largius,
1587 5530 1642 5580 et
1669 5530 1733 5580 ut

812 275 1169 330 VARIORUM
1211 277 1810 334 EXEllClTATIONES
1849 281 1914 334 IN
1956 282 2011 334 S.
2055 282 2419 336 AUGUSTINI
2458 282 2716 336 OPERA.

3418 289 3524 340 450

1824 401 1935 455 alio
1984 403 2124 456 solet
2184 408 2441 473 tempore
2494 404 2710 469 effluat,
2763 406 2881 459 abit
2930 422 3061 460 cum
3115 423 3181 460 eo
3222 408 3389 474 fetus,
3422 426 3526 463 nec

1825 488 2023 558 augeri
2074 506 2178 541 nec
2218 490 2292 542 ali
2331 495 2532 558 potest.
2571 491 2678 544 Sed
2710 492 2846 545 libet
2886 493 3293 562 explicationes
3327 496 3526 549 audire

1824 578 2231 631 vocabulorum
2258 580 2283 632 ‘2
2333 580 2618 632 Exclamat
2662 584 2901 649 August.
2954 582 3051 634 lib.
3088 599 3168 635 Ii:
3220 584 3262 637 Ο
3304 583 3529 637 animos

1825 683 2117 735 germane,
2154 669 2458 720 Romanos.
2494 670 2791 733 Germane,
2836 669 3040 739 inquit,
3076 670 3131 723 id
3163 676 3248 724 est
3275 673 3408 737 alte,
3436 673 3527 726 vel

1825 756 2174 823 immaniter,
2225 773 2357 809 nam
2407 759 2671 811 Germani
2721 760 2931 812 habent
2975 761 3251 814 immania
3300 768 3356 816 et
3413 764 3526 816 alta

1826 862 2081 915 corpora.
2135 846 2198 898 Et
2243 845 2301 897 in
2350 846 2551 898 eodem
2592 848 2832 921 loquens
2874 849 3227 917 Augustinus
3272 850 3340 902 de
3406 850 3524 904 lino

1827 939 1925 986 aut
1975 934 2170 986 lanula
2218 934 2541 1001 flaminum,
2595 950 2708 1004 quo
2757 934 3085 989 vinciebant
3125 942 3312 1006 caput,
3355 955 3528 1008 quem

1826 1021 2045 1090 apicem
2090 1022 2481 1088 nominabant,
2532 1023 2695 1091 quasi
2738 1024 3157 1077 summitatem:
3207 1029 3380 1096 Apex,
3445 1027 3528 1080 in-

1826 1110 1970 1180 quit,
2031 1126 2245 1163 nomen
2302 1115 2386 1163 est
2434 1111 2729 1180 cujusdam
2778 1111 3244 1182 historiographi,
3303 1120 3364 1167 ut
3404 1115 3527 1184 jam

1827 1198 2154 1251 mirandum
2210 1215 2323 1250 non
2378 1198 2451 1251 sit
2498 1198 2693 1251 fecisse
2746 1200 2925 1251 Deum
2972 1200 3232 1254 homines
3274 1218 3340 1254 ex
3368 1202 3525 1269 limo,

1826 1302 1955 1340 cum
1979 1288 2080 1339 iste
2103 1286 2267 1339 faciat
2297 1303 2361 1339 ex
2394 1288 2532 1339 lino.
2562 1288 2627 1339 Et
2656 1303 2784 1339 cum
2810 1287 2953 1340 libro
2987 1294 3189 1357 quarto
3220 1290 3526 1359 posuisset,

1824 1374 2176 1443 Augustinus
2207 1375 2356 1427 inter
2386 1375 2652 1444 prodigia
2690 1376 2932 1429 feminas
2963 1384 3018 1429 et
3059 1377 3298 1445 gallinas
3332 1384 3387 1432 et
3420 1380 3526 1432 ho-

1826 1461 2010 1513 mines
2059 1479 2246 1514 versas
2296 1462 2353 1514 in
2410 1466 2725 1515 masculum
2774 1480 3008 1517 sexum:
3061 1465 3259 1528 Credo,
3306 1466 3512 1536 inquit,

1824 1546 2071 1600 litteram
2099 1565 2217 1602 esse
2240 1550 2461 1615 falsam,
2497 1567 2671 1621 quam
2701 1556 2893 1604 tamen
2928 1552 3093 1605 multi
3123 1553 3253 1606 libri
3285 1553 3519 1609 habent.

1827 1635 2067 1691 Deberet
2095 1640 2284 1691 autem
2318 1638 2505 1692 littera
2545 1639 2623 1691 sic
2652 1655 2793 1705 esse,
2828 1640 2888 1693 in
2926 1641 3189 1693 homines
3219 1646 3275 1695 et
3303 1659 3527 1696 mascu-

1822 1726 1942 1778 lum
1974 1742 2191 1780 sexum.
2224 1728 2353 1780 Vult
2379 1727 2531 1779 euim
2561 1727 2639 1780 sic
2678 1727 2885 1794 dicere,
2935 1730 3085 1798 quod
3115 1730 3343 1783 feminae
3389 1748 3529 1784 con—

1827 1830 1998 1867 versa:
2030 1821 2162 1867 sunt
2190 1816 2251 1868 in
2282 1816 2549 1868 homines
2576 1832 2588 1869 :
2620 1815 2676 1868 id
2708 1821 2792 1869 est
2821 1816 2880 1868 in
2929 1817 3101 1881 viros,
3135 1823 3189 1870 et
3213 1819 3443 1887 gallinas
3466 1820 3527 1872 in

1826 1904 2139 1956 masculum
2190 1919 2406 1957 sexum.
2443 1904 2485 1957 Ο
2516 1904 2778 1957 tenebras
2827 1904 2980 1957 illius
3025 1905 3207 1958 astatis
3256 1907 3526 1960 miseran-

1825 1990 1942 2057 das,
1978 1996 2033 2044 et
2061 1997 2252 2045 tamen
2284 1992 2397 2045 illis
2441 1993 2589 2045 oculi
2622 1993 2918 2046 assuefacti
2946 1993 3161 2047 illatam
3189 1994 3307 2063 jam
3342 1996 3527 2049 lucem

1824 2084 2078 2149 spectare
2124 2096 2237 2133 non
2285 2079 2570 2133 sustinent
2596 2087 2605 2132 l
2661 2081 2918 2134 Claudite
2946 2082 3081 2135 istas
3110 2083 3380 2136 fenestras
3411 2100 3529 2137 om—

1826 2184 1923 2219 nes
1950 2172 2007 2221 et
2036 2167 2292 2233 rimulas,
2326 2184 2396 2219 ne
2427 2184 2542 2237 qua
2569 2168 2664 2220 lux
2695 2174 2990 2238 penetrare
3018 2176 3209 2239 queat,
3245 2176 3301 2224 et
3336 2172 3532 2225 fruan-

1824 2260 1919 2308 tur
1943 2256 2141 2320 libcre,
2171 2272 2270 2308 sua
2295 2261 2458 2308 nocte
2483 2272 2496 2320 ;
2532 2260 2765 2309 tenuem
2796 2274 3026 2327 quoque
3049 2262 3103 2310 et
3132 2258 3528 2327 languidulam

1825 2342 1886 2395 in
1939 2344 2241 2397 tenebroso
2290 2343 2549 2397 cubiculo
2596 2345 2835 2398 meridie
2867 2345 2990 2415 ipso
3033 2346 3321 2400 accendite
3352 2349 3531 2401 lucer-

1828 2449 1978 2486 nam.
2038 2433 2183 2487 Illud
2234 2433 2292 2486 in
2352 2434 2552 2487 eodem
2596 2434 2774 2487 miror
2816 2434 3151 2504 interprete,
3197 2436 3350 2506 quod
3392 2419 3529 2490 cum

1828 2521 2187 2589 gravissimos
2216 2520 2453 2575 haberet
2478 2528 2757 2585 auctores,
2793 2539 2860 2576 ex
2892 2523 3100 2593 quibus
3131 2525 3409 2577 nonnulla
3439 2541 3531 2578 so-

1829 2610 1963 2663 litus
2026 2616 2111 2664 est
2158 2610 2477 2675 desumere,
2536 2615 2839 2680 possetque
2870 2627 2936 2664 ex
2982 2611 3197 2664 eisdem
3229 2612 3341 2665 alia
3370 2629 3525 2683 quae-

1831 2699 1961 2750 dam
2003 2699 2226 2763 afl'erre,
2285 2698 2489 2751 maluit
2528 2700 2596 2750 ab
2630 2698 2841 2751 Isidoro
2866 2702 3079 2767 petere,
3113 2701 3210 2750 aut
3239 2697 3347 2749 hoc
3373 2697 3528 2766 pejo-

1833 2787 2011 2848 ribus,
2062 2787 2413 2857 lluguitione
2465 2792 2520 2839 et
2572 2786 2861 2839 Vincentio
2908 2785 3410 2855 historializquod
3439 2800 3529 2837 su-

1833 2876 2040 2944 spicari
2080 2892 2170 2929 me
2220 2876 2373 2945 cogit
2420 2876 2611 2945 ipsum
2648 2875 2735 2929 vel
2782 2876 2965 2928 aliena
3012 2891 3130 2928 esse
3160 2873 3417 2927 usumin
3448 2872 3527 2926 ci-

1831 2964 2013 3017 taudis
2070 2964 2394 3017 auctoribus
2443 2980 2634 3033 opera,
2688 2965 2773 3016 vel
2805 2964 3004 3017 citatos
3039 2967 3136 3016 aut
3161 2961 3442 3015 invenisse
3469 2960 3530 3014 in

1833 3048 2025 3118 aliquo
2056 3049 2196 3101 vade
2228 3064 2472 3115 mecum,
2501 3054 2600 3101 aut
2632 3048 2919 3117 rapiamus
2950 3052 3154 3113 totum,
3188 3051 3285 3100 aut
3316 3047 3385 3100 de
3416 3045 3524 3099 ali-

1834 3154 1945 3207 quo
1994 3137 2291 3191 audivisse.
2346 3138 2486 3190 Nam
2537 3137 2930 3190 deﬁnitionem
2982 3136 3101 3203 Dei,
3147 3152 3319 3206 quam
3340 3152 3405 3190 ex
3440 3135 3528 3190 Ci-

1832 3226 2053 3279 ceronis
2100 3226 2288 3295 primo
2319 3226 2479 3278 Tusc.
2516 3228 2717 3295 quiest.
2760 3225 2897 3279 citat
2920 3225 3295 3295 Augustinus,
3335 3224 3528 3294 colligi

1832 3314 1969 3368 dicit
1999 3331 2066 3368 ex
2096 3314 2183 3367 his
2215 3331 2342 3385 quae
2372 3315 2431 3367 in
2465 3332 2521 3367 ιιι
2547 3315 2621 3367 De
2646 3315 2767 3369 Nat.
2802 3314 2958 3368 deor.
2997 3314 3237 3383 sparsim
3276 3317 3480 3367 tractat
3510 3330 3523 3379 ;

1834 3408 1888 3456 et
1916 3403 2369 3457 consolationem
2403 3403 2471 3456 de
2506 3408 2687 3455 morte
2734 3402 2887 3468 ﬁliae,
2938 3403 3155 3457 nescire
3199 3419 3256 3457 se
3288 3402 3424 3457 dicit
3455 3419 3529 3457 an

1833 3492 1907 3546 sit
1958 3492 2058 3546 lib.
2098 3509 2176 3545 xu
2231 3491 2589 3560 Orationum,
2640 3508 2768 3545 cum
2793 3492 2985 3546 Cicero
3020 3491 3141 3562 ipse
3172 3492 3231 3545 in
3262 3492 3525 3545 Academ.

1834 3586 1889 3633 et
1932 3581 2091 3633 Tusc.
2141 3585 2365 3650 quaest,
2419 3586 2475 3633 et
2520 3580 2843 3633 Lactantius
2886 3584 2940 3633 et
2992 3580 3207 3633 Plinius
3238 3580 3360 3650 ejus
3401 3578 3532 3633 libri

1833 3667 2220 3721 meminerint.
2277 3668 2484 3721 Valerii
2541 3668 2741 3722 Sorani
2804 3667 2947 3720 nihil
2989 3669 3315 3722 recordatur
3362 3684 3420 3720 se
3446 3669 3530 3721 le-

1833 3756 2002 3826 gisse,
2054 3774 2181 3810 cum
2234 3757 2357 3826 ejus
2408 3757 2479 3810 sit
2508 3756 2727 3810 mentio
2776 3757 2923 3825 apud
2949 3756 3218 3820 Plinium,
3247 3756 3530 3821 Solinum,

1836 3845 2206 3910 Lactantium,
2260 3846 2649 3908 Plutarchum,
2691 3845 2967 3912 Servium,
3009 3845 3376 3898 Macrobium.
3406 3845 3531 3897 Jam

1833 3950 1901 3987 ex
1949 3935 2145 3987 multis
2191 3934 2538 4002 Diogenibus
2584 3950 2785 3998 unum,
2836 3938 2892 3987 et
2921 3950 2987 3986 ex
3023 3934 3216 3986 multis
3256 3932 3529 3986 Aischini-

1834 4021 1940 4073 bus
1972 4038 2171 4087 unum,
2200 4026 2255 4073 et
2288 4038 2350 4074 ex
2384 4022 2613 4097 Socrate
2646 4025 2704 4074 et
2734 4022 2977 4073 Isocrate
2999 4021 3265 4073 eumdem
3293 4020 3532 4088 conglu-

1835 4109 2018 4162 tinare
2051 4115 2106 4162 et
2136 4109 2624 4162 conferruminare
2650 4108 2856 4161 invitos
2883 4112 2938 4161 et
2979 4108 3127 4162 male
3158 4108 3530 4173 cohaerentes,

1834 4214 1949 4251 non
1991 4214 2204 4261 rarum,
2255 4202 2321 4251 ut
2361 4213 2464 4250 nec
2495 4196 2605 4250 alia
2634 4195 2862 4250 omnia:
2895 4212 3022 4266 quae
3054 4196 3101 4249 si
3128 4197 3397 4267 persequi
3422 4196 3534 4250 sin-

1835 4286 2077 4357 gillatim
2116 4290 2353 4351 tentem,
2404 4302 2527 4340 rem
2575 4286 2636 4339 in
2686 4284 2977 4339 inﬁnitum
3024 4286 3354 4341 extendero.
3404 4288 3535 4340 Haec

1836 4392 1964 4445 quas
2017 4375 2246 4453 adduxi,
2294 4379 2519 4429 tantum
2578 4375 2733 4427 velut
2790 4374 3106 4444 specimina
3158 4376 3344 4445 posui,
3398 4393 3529 4447 quia

1838 4464 2025 4535 prima
2073 4466 2327 4535 profecto
2384 4463 2634 4518 volventi
2674 4463 2887 4517 librum
2939 4470 3346 4518 occurrerumt.
3395 4466 3537 4520 Sunt

1838 4551 1994 4604 enim
2045 4567 2223 4621 usque
2270 4551 2411 4604 adeo
2442 4550 2767 4620 frequentia
2805 4555 2860 4603 et
2890 4551 3086 4615 densa,
3123 4556 3186 4605 ut
3211 4552 3531 4621 periculum

1837 4656 1954 4692 non
2000 4639 2069 4692 sit
2104 4656 2177 4691 ne
2211 4640 2445 4703 lateant,
2478 4638 2668 4691 sinon
2698 4637 3058 4693 iudicentur:
3095 4644 3335 4703 exstant,
3370 4639 3535 4693 nimi-

1838 4744 1985 4792 rum,
2036 4731 2093 4779 et
2138 4727 2385 4780 offerunt
2437 4742 2494 4779 se
2526 4731 2694 4796 atque
2725 4726 2867 4781 adeo
2906 4727 3178 4796 ingerunt
3206 4727 3382 4780 oculis
3412 4743 3532 4780 om-

1836 4816 1997 4869 nium
2046 4814 2363 4868 volentium
2391 4814 2627 4882 intueri,
2661 4832 2789 4885 quae
2820 4831 2923 4869 nec
2958 4816 3020 4867 in
3048 4830 3219 4882 opere
3243 4815 3364 4883 ipso
3405 4829 3531 4867 sum

1837 4907 2212 4958 consectatus.
2264 4904 2408 4956 Tum
2458 4919 2528 4956 ne
2587 4903 2813 4956 fastidio
2880 4901 3079 4955 lectori
3141 4917 3322 4953 essem
3374 4905 3533 4954 tanta

1835 4992 2185 5064 prolixitate,
2236 4996 2357 5045 tum
2393 4993 2545 5062 quod
2571 4992 2856 5061 ineptiora
2895 4994 3049 5056 sunt,
3078 5005 3251 5059 quam
3278 4994 3342 5042 ut
3370 4990 3429 5043 in
3452 4989 3533 5043 eis

1837 5080 2158 5136 refellendis
2216 5080 2430 5150 aliquid
2484 5078 2745 5133 collocari
2805 5092 2994 5145 operas
3041 5076 3322 5131 debuerit.
3367 5078 3532 5142 Quis-

1838 5171 1965 5241 quis
1995 5168 2139 5223 milii
2164 5168 2335 5223 ﬁdem
2368 5185 2483 5222 non
2513 5167 2702 5232 habet,
2737 5166 2885 5233 legat
2910 5164 3030 5233 ipse
3058 5180 3071 5229 ;
3106 5169 3159 5218 et
3185 5166 3527 5235 veljudicet,

1839 5259 1885 5311 si
1916 5262 1999 5312 est
2041 5257 2258 5325 doctus,
2310 5258 2395 5309 vel
2427 5272 2459 5308 a
2489 5252 2836 5309 doctioribus
2880 5252 3223 5307 sententiam
3248 5256 3531 5326 exquirat,

1838 5347 2064 5417 illisque
2113 5345 2472 5400 assentiatur.
2517 5340 2679 5405 Quod
2719 5340 2764 5394 si
2809 5340 2937 5411 quis
2986 5346 3071 5395 est
3094 5342 3191 5413 qui
3221 5343 3341 5397 haec
3366 5345 3531 5399 unice

1838 5436 2028 5489 forsan
2058 5452 2121 5489 ac
2152 5441 2345 5489 tenere
2376 5429 2771 5498 complectitur
2802 5433 2858 5482 et
2898 5436 3071 5498 amat,
3103 5431 3272 5486 habet
3297 5450 3415 5487 non
3445 5451 3532 5488 so-

1838 5527 1958 5579 lum
2005 5527 2109 5579 hos
2139 5518 2598 5585 commentarios,
2633 5518 2730 5573 sed
2768 5518 2940 5573 etiam
2971 5520 3400 5593 Huguitionem,
3434 5524 3532 5577 Pa-
