  <div class='ocr_page' id='page_1' title='image "/cluster/home/n/w/nwhite01/storage/ocr_20150623/47/hvd.32044096580683/231.png"; bbox 0 0 3884 6178; ppageno 0'>
   <div class='ocr_carea' id='block_1_1' title="bbox 343 250 3759 322">
    <p class='ocr_par' dir='ltr' id='par_1_1' title="bbox 343 250 3759 322">
     <span class='ocr_line' id='line_1_1' title="bbox 343 250 3759 322; baseline -0.003 -11"><span class='ocrx_word' id='word_1_1' title='bbox 343 258 442 311; x_wconf 73' lang='grc'><strong>451</strong></span> <span class='ocrx_word' id='word_1_2' title='bbox 1338 250 1901 306; x_wconf 82' lang='lat' dir='ltr'><strong>SUPPLEMENTUM</strong></span> <span class='ocrx_word' id='word_1_3' title='bbox 1939 254 2031 307; x_wconf 92' lang='lat' dir='ltr'><strong>AD</strong></span> <span class='ocrx_word' id='word_1_4' title='bbox 2068 252 2303 309; x_wconf 81' lang='lat' dir='ltr'><strong>OPERA</strong></span> <span class='ocrx_word' id='word_1_5' title='bbox 2341 254 2394 307; x_wconf 89' lang='lat' dir='ltr'><strong>S.</strong></span> <span class='ocrx_word' id='word_1_6' title='bbox 2437 252 2823 309; x_wconf 77' lang='lat' dir='ltr'><strong>AUGUSTINI.</strong></span> <span class='ocrx_word' id='word_1_7' title='bbox 3681 273 3759 322; x_wconf 48' lang='lat'><strong>453</strong></span> 
     </span>
    </p>
   </div>
   <div class='ocr_carea' id='block_1_2' title="bbox 339 357 3762 448">
    <p class='ocr_par' dir='ltr' id='par_1_2' title="bbox 339 357 3762 448">
     <span class='ocr_line' id='line_1_2' title="bbox 339 357 3762 448; baseline 0.001 -16"><span class='ocrx_word' id='word_1_8' title='bbox 339 379 517 448; x_wconf 89' lang='lat' dir='ltr'><strong>piam,</strong></span> <span class='ocrx_word' id='word_1_9' title='bbox 568 375 918 442; x_wconf 73' lang='lat' dir='ltr'><strong>Graecistam,</strong></span> <span class='ocrx_word' id='word_1_10' title='bbox 977 376 1278 429; x_wconf 73' lang='lat' dir='ltr'><strong>Joannem.</strong></span> <span class='ocrx_word' id='word_1_11' title='bbox 1307 372 1375 427; x_wconf 90' lang='lat' dir='ltr'><strong>de</strong></span> <span class='ocrx_word' id='word_1_12' title='bbox 1418 357 1742 440; x_wconf 88' lang='lat' dir='ltr'><strong>Garlandia,</strong></span> <span class='ocrx_word' id='word_1_13' title='bbox 1794 373 2036 428; x_wconf 85' lang='lat' dir='ltr'><strong>Catlioli-</strong></span> <span class='ocrx_word' id='word_1_14' title='bbox 2072 383 2117 436; x_wconf 80' lang='grc' dir='ltr'>Α</span> <span class='ocrx_word' id='word_1_15' title='bbox 2146 375 2233 428; x_wconf 92' lang='lat' dir='ltr'><strong>lus</strong></span> <span class='ocrx_word' id='word_1_16' title='bbox 2262 371 2445 428; x_wconf 65' lang='lat' dir='ltr'><strong>aetatis</strong></span> <span class='ocrx_word' id='word_1_17' title='bbox 2474 373 2658 428; x_wconf 87' lang='lat' dir='ltr'><strong>illius?</strong></span> <span class='ocrx_word' id='word_1_18' title='bbox 2685 375 2811 428; x_wconf 84' lang='lat' dir='ltr'><strong>Jam</strong></span> <span class='ocrx_word' id='word_1_19' title='bbox 2841 387 2958 426; x_wconf 91' lang='lat' dir='ltr'><strong>non</strong></span> <span class='ocrx_word' id='word_1_20' title='bbox 2982 370 3172 426; x_wconf 91' lang='lat' dir='ltr'><strong>minus</strong></span> <span class='ocrx_word' id='word_1_21' title='bbox 3203 387 3265 426; x_wconf 84' lang='lat' dir='ltr'><strong>ex</strong></span> <span class='ocrx_word' id='word_1_22' title='bbox 3280 371 3496 431; x_wconf 81' lang='lat' dir='ltr'><strong>historia</strong></span> <span class='ocrx_word' id='word_1_23' title='bbox 3520 385 3571 435; x_wconf 87' lang='lat' dir='ltr'><strong>et</strong></span> <span class='ocrx_word' id='word_1_24' title='bbox 3595 383 3762 441; x_wconf 81' lang='lat' dir='ltr'><strong>fabulis</strong></span> 
     </span>
    </p>
   </div>
   <div class='ocr_carea' id='block_1_3' title="bbox 339 461 2036 534">
    <p class='ocr_par' dir='ltr' id='par_1_3' title="bbox 339 461 2036 534">
     <span class='ocr_line' id='line_1_3' title="bbox 339 461 2036 534; baseline -0.004 -12"><span class='ocrx_word' id='word_1_25' title='bbox 339 483 484 534; x_wconf 91' lang='lat' dir='ltr'><strong>con;</strong></span> <span class='ocrx_word' id='word_1_26' title='bbox 534 466 648 521; x_wconf 86' lang='lat' dir='ltr'><strong>illis</strong></span> <span class='ocrx_word' id='word_1_27' title='bbox 697 482 756 520; x_wconf 89' lang='lat' dir='ltr'><strong>se</strong></span> <span class='ocrx_word' id='word_1_28' title='bbox 803 462 1071 518; x_wconf 90' lang='lat' dir='ltr'><strong>omnibus</strong></span> <span class='ocrx_word' id='word_1_29' title='bbox 1123 461 1386 527; x_wconf 83' lang='lat' dir='ltr'><strong>oblectet,</strong></span> <span class='ocrx_word' id='word_1_30' title='bbox 1437 463 1592 532; x_wconf 92' lang='lat' dir='ltr'><strong>quod</strong></span> <span class='ocrx_word' id='word_1_31' title='bbox 1639 462 1708 516; x_wconf 86' lang='lat' dir='ltr'><strong>sit</strong></span> <span class='ocrx_word' id='word_1_32' title='bbox 1739 462 1792 516; x_wconf 92' lang='lat' dir='ltr'><strong>ei</strong></span> <span class='ocrx_word' id='word_1_33' title='bbox 1821 463 2036 516; x_wconf 90' lang='lat' dir='ltr'><strong>bonum</strong></span> 
     </span>
    </p>
   </div>
   <div class='ocr_carea' id='block_1_4' title="bbox 337 550 2038 626">
    <p class='ocr_par' dir='ltr' id='par_1_4' title="bbox 337 550 2038 626">
     <span class='ocr_line' id='line_1_4' title="bbox 337 550 2038 626; baseline -0.003 -16"><span class='ocrx_word' id='word_1_34' title='bbox 337 571 812 626; x_wconf 81' lang='lat' dir='ltr'><strong>prosperumque,</strong></span> <span class='ocrx_word' id='word_1_35' title='bbox 862 557 917 606; x_wconf 88' lang='lat' dir='ltr'><strong>et</strong></span> <span class='ocrx_word' id='word_1_36' title='bbox 960 551 1020 604; x_wconf 91' lang='lat' dir='ltr'><strong>in</strong></span> <span class='ocrx_word' id='word_1_37' title='bbox 1068 566 1272 604; x_wconf 90' lang='lat' dir='ltr'><strong>eorum</strong></span> <span class='ocrx_word' id='word_1_38' title='bbox 1318 552 1622 620; x_wconf 85' lang='lat' dir='ltr'><strong>complexu</strong></span> <span class='ocrx_word' id='word_1_39' title='bbox 1679 550 1911 605; x_wconf 81' lang='lat' dir='ltr'><strong>haereat.</strong></span> <span class='ocrx_word' id='word_1_40' title='bbox 1964 555 2038 605; x_wconf 89' lang='lat' dir='ltr'><strong>At</strong></span> 
     </span>
    </p>
   </div>
   <div class='ocr_carea' id='block_1_5' title="bbox 336 638 2036 709">
    <p class='ocr_par' dir='ltr' id='par_1_5' title="bbox 336 638 2036 709">
     <span class='ocr_line' id='line_1_5' title="bbox 336 638 2036 709; baseline -0.005 -9"><span class='ocrx_word' id='word_1_41' title='bbox 336 645 570 700; x_wconf 69' lang='lat' dir='ltr'><strong>Thomas</strong></span> <span class='ocrx_word' id='word_1_42' title='bbox 602 642 786 697; x_wconf 89' lang='lat' dir='ltr'><strong>Valois</strong></span> <span class='ocrx_word' id='word_1_43' title='bbox 815 646 872 695; x_wconf 91' lang='lat' dir='ltr'><strong>et</strong></span> <span class='ocrx_word' id='word_1_44' title='bbox 899 639 1129 694; x_wconf 88' lang='lat' dir='ltr'><strong>Nicolao</strong></span> <span class='ocrx_word' id='word_1_45' title='bbox 1161 639 1350 692; x_wconf 86' lang='lat' dir='ltr'><strong>Trivet</strong></span> <span class='ocrx_word' id='word_1_46' title='bbox 1377 638 1592 709; x_wconf 88' lang='lat' dir='ltr'><strong>prodiit</strong></span> <span class='ocrx_word' id='word_1_47' title='bbox 1617 639 1772 692; x_wconf 91' lang='lat' dir='ltr'><strong>velut</strong></span> <span class='ocrx_word' id='word_1_48' title='bbox 1798 653 2036 692; x_wconf 90' lang='lat' dir='ltr'><strong>succen—</strong></span> 
     </span>
    </p>
   </div>
   <div class='ocr_carea' id='block_1_6' title="bbox 337 726 2036 798">
    <p class='ocr_par' dir='ltr' id='par_1_6' title="bbox 337 726 2036 798">
     <span class='ocr_line' id='line_1_6' title="bbox 337 726 2036 798; baseline -0.005 -10"><span class='ocrx_word' id='word_1_49' title='bbox 337 734 579 788; x_wconf 89' lang='lat' dir='ltr'><strong>turiatus</strong></span> <span class='ocrx_word' id='word_1_50' title='bbox 625 731 863 786; x_wconf 72' lang='lat' dir='ltr'><strong>Iacobus</strong></span> <span class='ocrx_word' id='word_1_51' title='bbox 914 727 1331 794; x_wconf 87' lang='lat' dir='ltr'><strong>Passavantius,</strong></span> <span class='ocrx_word' id='word_1_52' title='bbox 1393 743 1567 798; x_wconf 86' lang='lat' dir='ltr'><strong>quem</strong></span> <span class='ocrx_word' id='word_1_53' title='bbox 1606 743 1816 780; x_wconf 89' lang='lat' dir='ltr'><strong>nomen</strong></span> <span class='ocrx_word' id='word_1_54' title='bbox 1845 726 2036 796; x_wconf 90' lang='lat' dir='ltr'><strong>ipsum</strong></span> 
     </span>
    </p>
   </div>
   <div class='ocr_carea' id='block_1_7' title="bbox 332 814 2033 886">
    <p class='ocr_par' dir='ltr' id='par_1_7' title="bbox 332 814 2033 886">
     <span class='ocr_line' id='line_1_7' title="bbox 332 814 2033 886; baseline -0.005 -10"><span class='ocrx_word' id='word_1_55' title='bbox 332 821 545 876; x_wconf 87' lang='lat' dir='ltr'><strong>indicat</strong></span> <span class='ocrx_word' id='word_1_56' title='bbox 586 818 760 873; x_wconf 91' lang='lat' dir='ltr'><strong>fuisse</strong></span> <span class='ocrx_word' id='word_1_57' title='bbox 800 833 1056 871; x_wconf 88' lang='lat' dir='ltr'><strong>scurram</strong></span> <span class='ocrx_word' id='word_1_58' title='bbox 1081 816 1336 886; x_wconf 85' lang='lat' dir='ltr'><strong>aliquem</strong></span> <span class='ocrx_word' id='word_1_59' title='bbox 1360 815 1648 882; x_wconf 89' lang='lat' dir='ltr'><strong>festivum,</strong></span> <span class='ocrx_word' id='word_1_60' title='bbox 1681 815 1781 886; x_wconf 87' lang='lat' dir='ltr'><strong>qui</strong></span> <span class='ocrx_word' id='word_1_61' title='bbox 1825 814 2033 869; x_wconf 90' lang='lat' dir='ltr'><strong>sodali-</strong></span> 
     </span>
    </p>
   </div>
   <div class='ocr_carea' id='block_1_8' title="bbox 333 906 2035 977">
    <p class='ocr_par' dir='ltr' id='par_1_8' title="bbox 333 906 2035 977">
     <span class='ocr_line' id='line_1_8' title="bbox 333 906 2035 977; baseline -0.004 -11"><span class='ocrx_word' id='word_1_62' title='bbox 333 913 480 966; x_wconf 87' lang='lat' dir='ltr'><strong>tium</strong></span> <span class='ocrx_word' id='word_1_63' title='bbox 531 914 712 964; x_wconf 92' lang='lat' dir='ltr'><strong>totum</strong></span> <span class='ocrx_word' id='word_1_64' title='bbox 763 907 1117 963; x_wconf 83' lang='lat' dir='ltr'><strong>oblectabat:</strong></span> <span class='ocrx_word' id='word_1_65' title='bbox 1166 907 1279 974; x_wconf 92' lang='lat' dir='ltr'><strong>cui,</strong></span> <span class='ocrx_word' id='word_1_66' title='bbox 1338 911 1402 960; x_wconf 88' lang='lat' dir='ltr'><strong>ut</strong></span> <span class='ocrx_word' id='word_1_67' title='bbox 1449 907 1638 972; x_wconf 85' lang='lat' dir='ltr'><strong>credo,</strong></span> <span class='ocrx_word' id='word_1_68' title='bbox 1688 922 1792 977; x_wconf 91' lang='lat' dir='ltr'><strong>per</strong></span> <span class='ocrx_word' id='word_1_69' title='bbox 1837 906 2035 975; x_wconf 90' lang='lat' dir='ltr'><strong>jocum</strong></span> 
     </span>
    </p>
   </div>
   <div class='ocr_carea' id='block_1_9' title="bbox 332 995 2033 1070">
    <p class='ocr_par' dir='ltr' id='par_1_9' title="bbox 332 995 2033 1070">
     <span class='ocr_line' id='line_1_9' title="bbox 332 995 2033 1070; baseline -0.004 -15"><span class='ocrx_word' id='word_1_70' title='bbox 332 1002 636 1070; x_wconf 87' lang='lat' dir='ltr'><strong>lusumque</strong></span> <span class='ocrx_word' id='word_1_71' title='bbox 688 1015 901 1052; x_wconf 90' lang='lat' dir='ltr'><strong>nomen</strong></span> <span class='ocrx_word' id='word_1_72' title='bbox 951 999 1257 1052; x_wconf 86' lang='lat' dir='ltr'><strong>Passavant</strong></span> <span class='ocrx_word' id='word_1_73' title='bbox 1304 1000 1386 1050; x_wconf 91' lang='lat' dir='ltr'><strong>est</strong></span> <span class='ocrx_word' id='word_1_74' title='bbox 1435 1011 1467 1049; x_wconf 90' lang='lat' dir='ltr'><strong>a</strong></span> <span class='ocrx_word' id='word_1_75' title='bbox 1500 995 1734 1066; x_wconf 83' lang='lat' dir='ltr'><strong>reliquis</strong></span> <span class='ocrx_word' id='word_1_76' title='bbox 1761 995 2033 1048; x_wconf 83' lang='lat' dir='ltr'><strong>fratribus</strong></span> 
     </span>
    </p>
   </div>
   <div class='ocr_carea' id='block_1_10' title="bbox 328 1082 2035 1155">
    <p class='ocr_par' dir='ltr' id='par_1_10' title="bbox 328 1082 2035 1155">
     <span class='ocr_line' id='line_1_10' title="bbox 328 1082 2035 1155; baseline -0.004 -13"><span class='ocrx_word' id='word_1_77' title='bbox 328 1087 599 1143; x_wconf 88' lang='lat' dir='ltr'><strong>inditum.</strong></span> <span class='ocrx_word' id='word_1_78' title='bbox 639 1086 1030 1155; x_wconf 83' lang='lat' dir='ltr'><strong>Loquendum</strong></span> <span class='ocrx_word' id='word_1_79' title='bbox 1079 1089 1160 1140; x_wconf 87' lang='lat' dir='ltr'><strong>est</strong></span> <span class='ocrx_word' id='word_1_80' title='bbox 1210 1084 1280 1138; x_wconf 91' lang='lat' dir='ltr'><strong>de</strong></span> <span class='ocrx_word' id='word_1_81' title='bbox 1309 1084 1676 1150; x_wconf 85' lang='lat' dir='ltr'><strong>Tertulliano,</strong></span> <span class='ocrx_word' id='word_1_82' title='bbox 1710 1083 1851 1136; x_wconf 84' lang='lat' dir='ltr'><strong>nihil</strong></span> <span class='ocrx_word' id='word_1_83' title='bbox 1891 1082 2035 1136; x_wconf 89' lang='lat' dir='ltr'><strong>mihi</strong></span> 
     </span>
    </p>
   </div>
   <div class='ocr_carea' id='block_1_11' title="bbox 329 1173 2032 1242">
    <p class='ocr_par' dir='ltr' id='par_1_11' title="bbox 329 1173 2032 1242">
     <span class='ocr_line' id='line_1_11' title="bbox 329 1173 2032 1242; baseline -0.004 -10"><span class='ocrx_word' id='word_1_84' title='bbox 329 1177 595 1242; x_wconf 90' lang='lat' dir='ltr'><strong>occurrit,</strong></span> <span class='ocrx_word' id='word_1_85' title='bbox 649 1181 971 1230; x_wconf 86' lang='lat' dir='ltr'><strong>reservetur</strong></span> <span class='ocrx_word' id='word_1_86' title='bbox 1018 1191 1150 1229; x_wconf 91' lang='lat' dir='ltr'><strong>cum</strong></span> <span class='ocrx_word' id='word_1_87' title='bbox 1198 1173 1368 1239; x_wconf 90' lang='lat' dir='ltr'><strong>aliis;</strong></span> <span class='ocrx_word' id='word_1_88' title='bbox 1420 1173 1487 1226; x_wconf 91' lang='lat' dir='ltr'><strong>de</strong></span> <span class='ocrx_word' id='word_1_89' title='bbox 1540 1173 1758 1226; x_wconf 88' lang='lat' dir='ltr'><strong>Valerio</strong></span> <span class='ocrx_word' id='word_1_90' title='bbox 1798 1173 2032 1240; x_wconf 86' lang='lat' dir='ltr'><strong>Sorano,</strong></span> 
     </span>
    </p>
   </div>
   <div class='ocr_carea' id='block_1_12' title="bbox 328 1260 2032 1328">
    <p class='ocr_par' dir='ltr' id='par_1_12' title="bbox 328 1260 2032 1328">
     <span class='ocr_line' id='line_1_12' title="bbox 328 1260 2032 1328; baseline -0.002 -9"><span class='ocrx_word' id='word_1_91' title='bbox 328 1266 474 1320; x_wconf 86' lang='lat' dir='ltr'><strong>nihil</strong></span> <span class='ocrx_word' id='word_1_92' title='bbox 529 1264 675 1319; x_wconf 79' lang='lat' dir='ltr'><strong>mihi</strong></span> <span class='ocrx_word' id='word_1_93' title='bbox 715 1265 884 1319; x_wconf 91' lang='lat' dir='ltr'><strong>modo</strong></span> <span class='ocrx_word' id='word_1_94' title='bbox 943 1263 1205 1328; x_wconf 90' lang='lat' dir='ltr'><strong>occurrit,</strong></span> <span class='ocrx_word' id='word_1_95' title='bbox 1237 1265 1558 1316; x_wconf 86' lang='lat' dir='ltr'><strong>reservetur</strong></span> <span class='ocrx_word' id='word_1_96' title='bbox 1607 1277 1739 1315; x_wconf 90' lang='lat' dir='ltr'><strong>cum</strong></span> <span class='ocrx_word' id='word_1_97' title='bbox 1765 1260 1926 1327; x_wconf 89' lang='lat' dir='ltr'><strong>aliis;</strong></span> <span class='ocrx_word' id='word_1_98' title='bbox 1963 1260 2032 1315; x_wconf 89' lang='lat' dir='ltr'><strong>de</strong></span> 
     </span>
    </p>
   </div>
   <div class='ocr_carea' id='block_1_13' title="bbox 330 1349 2033 1424">
    <p class='ocr_par' dir='ltr' id='par_1_13' title="bbox 330 1349 2033 1424">
     <span class='ocr_line' id='line_1_13' title="bbox 330 1349 2033 1424; baseline -0.004 -15"><span class='ocrx_word' id='word_1_99' title='bbox 330 1353 676 1424; x_wconf 80' lang='lat' dir='ltr'><strong>Xenophane</strong></span> <span class='ocrx_word' id='word_1_100' title='bbox 725 1359 783 1408; x_wconf 91' lang='lat' dir='ltr'><strong>et</strong></span> <span class='ocrx_word' id='word_1_101' title='bbox 831 1355 1185 1422; x_wconf 83' lang='lat' dir='ltr'><strong>Anaxagora,</strong></span> <span class='ocrx_word' id='word_1_102' title='bbox 1237 1351 1308 1404; x_wconf 89' lang='lat' dir='ltr'><strong>de</strong></span> <span class='ocrx_word' id='word_1_103' title='bbox 1351 1349 1662 1416; x_wconf 85' lang='lat' dir='ltr'><strong>Lactantio,</strong></span> <span class='ocrx_word' id='word_1_104' title='bbox 1713 1353 2033 1404; x_wconf 83' lang='lat' dir='ltr'><strong>reservetur</strong></span> 
     </span>
    </p>
   </div>
   <div class='ocr_carea' id='block_1_14' title="bbox 331 1437 2031 1506">
    <p class='ocr_par' dir='ltr' id='par_1_14' title="bbox 331 1437 2031 1506">
     <span class='ocr_line' id='line_1_14' title="bbox 331 1437 2031 1506; baseline -0.002 -10"><span class='ocrx_word' id='word_1_105' title='bbox 331 1459 463 1496; x_wconf 90' lang='lat' dir='ltr'><strong>cum</strong></span> <span class='ocrx_word' id='word_1_106' title='bbox 492 1441 636 1496; x_wconf 90' lang='lat' dir='ltr'><strong>aliis.</strong></span> <span class='ocrx_word' id='word_1_107' title='bbox 669 1441 815 1506; x_wconf 86' lang='lat' dir='ltr'><strong>Quid</strong></span> <span class='ocrx_word' id='word_1_108' title='bbox 853 1441 1070 1495; x_wconf 79' lang='lat' dir='ltr'><strong>malum</strong></span> <span class='ocrx_word' id='word_1_109' title='bbox 1095 1442 1227 1493; x_wconf 89' lang='lat' dir='ltr'><strong>sunt</strong></span> <span class='ocrx_word' id='word_1_110' title='bbox 1265 1439 1375 1492; x_wconf 90' lang='lat' dir='ltr'><strong>ista</strong></span> <span class='ocrx_word' id='word_1_111' title='bbox 1405 1439 1517 1492; x_wconf 92' lang='lat' dir='ltr'><strong>alia</strong></span> <span class='ocrx_word' id='word_1_112' title='bbox 1537 1437 1564 1491; x_wconf 84' lang='lat'><strong>?</strong></span> <span class='ocrx_word' id='word_1_113' title='bbox 1611 1438 1708 1492; x_wconf 90' lang='lat' dir='ltr'><strong>ubi</strong></span> <span class='ocrx_word' id='word_1_114' title='bbox 1736 1438 2031 1493; x_wconf 85' lang='lat' dir='ltr'><strong>reservas?</strong></span> 
     </span>
    </p>
   </div>
   <div class='ocr_carea' id='block_1_15' title="bbox 285 1527 2031 1600">
    <p class='ocr_par' dir='ltr' id='par_1_15' title="bbox 285 1527 2031 1600">
     <span class='ocr_line' id='line_1_15' title="bbox 285 1527 2031 1600; baseline -0.002 -16"><span class='ocrx_word' id='word_1_115' title='bbox 285 1541 288 1544; x_wconf 77' lang='lat'><strong>‘</strong></span> <span class='ocrx_word' id='word_1_116' title='bbox 332 1531 394 1584; x_wconf 91' lang='lat' dir='ltr'><strong>in</strong></span> <span class='ocrx_word' id='word_1_117' title='bbox 420 1545 593 1600; x_wconf 88' lang='lat' dir='ltr'><strong>quem</strong></span> <span class='ocrx_word' id='word_1_118' title='bbox 644 1531 865 1583; x_wconf 85' lang='lat' dir='ltr'><strong>usum?</strong></span> <span class='ocrx_word' id='word_1_119' title='bbox 913 1529 1049 1600; x_wconf 90' lang='lat' dir='ltr'><strong>quid</strong></span> <span class='ocrx_word' id='word_1_120' title='bbox 1100 1527 1254 1599; x_wconf 91' lang='lat' dir='ltr'><strong>quod</strong></span> <span class='ocrx_word' id='word_1_121' title='bbox 1297 1543 1402 1581; x_wconf 87' lang='lat' dir='ltr'><strong>nec</strong></span> <span class='ocrx_word' id='word_1_122' title='bbox 1433 1528 1649 1598; x_wconf 84' lang='lat' dir='ltr'><strong>legerat</strong></span> <span class='ocrx_word' id='word_1_123' title='bbox 1679 1527 2031 1599; x_wconf 87' lang='lat' dir='ltr'><strong>expositores</strong></span> 
     </span>
    </p>
   </div>
   <div class='ocr_carea' id='block_1_16' title="bbox 333 1616 2025 1690">
    <p class='ocr_par' dir='ltr' id='par_1_16' title="bbox 333 1616 2025 1690">
     <span class='ocr_line' id='line_1_16' title="bbox 333 1616 2025 1690; baseline -0.001 -18"><span class='ocrx_word' id='word_1_124' title='bbox 333 1619 506 1690; x_wconf 92' lang='lat' dir='ltr'><strong>ipsos,</strong></span> <span class='ocrx_word' id='word_1_125' title='bbox 557 1618 762 1689; x_wconf 89' lang='lat' dir='ltr'><strong>quibus</strong></span> <span class='ocrx_word' id='word_1_126' title='bbox 793 1618 928 1671; x_wconf 89' lang='lat' dir='ltr'><strong>dicit</strong></span> <span class='ocrx_word' id='word_1_127' title='bbox 957 1634 1014 1671; x_wconf 89' lang='lat' dir='ltr'><strong>se</strong></span> <span class='ocrx_word' id='word_1_128' title='bbox 1045 1633 1147 1670; x_wconf 91' lang='lat' dir='ltr'><strong>sua</strong></span> <span class='ocrx_word' id='word_1_129' title='bbox 1173 1617 1400 1683; x_wconf 85' lang='lat' dir='ltr'><strong>addere,</strong></span> <span class='ocrx_word' id='word_1_130' title='bbox 1433 1621 1497 1670; x_wconf 90' lang='lat' dir='ltr'><strong>ut</strong></span> <span class='ocrx_word' id='word_1_131' title='bbox 1522 1616 1621 1670; x_wconf 86' lang='lat' dir='ltr'><strong>lib.</strong></span> <span class='ocrx_word' id='word_1_132' title='bbox 1655 1635 1734 1683; x_wconf 84' lang='grc' dir='ltr'>ιιι,</span> <span class='ocrx_word' id='word_1_133' title='bbox 1769 1633 1889 1687; x_wconf 88' lang='lat' dir='ltr'><strong>cap.</strong></span> <span class='ocrx_word' id='word_1_134' title='bbox 1939 1620 2025 1682; x_wconf 83' lang='lat' dir='ltr'><strong>l2,</strong></span> 
     </span>
    </p>
   </div>
   <div class='ocr_carea' id='block_1_17' title="bbox 334 1705 2026 1776">
    <p class='ocr_par' dir='ltr' id='par_1_17' title="bbox 334 1705 2026 1776">
     <span class='ocr_line' id='line_1_17' title="bbox 334 1705 2026 1776; baseline 0 -16"><span class='ocrx_word' id='word_1_135' title='bbox 334 1708 413 1762; x_wconf 92' lang='lat' dir='ltr'><strong>sic</strong></span> <span class='ocrx_word' id='word_1_136' title='bbox 442 1707 663 1762; x_wconf 88' lang='lat' dir='ltr'><strong>scribit:</strong></span> <span class='ocrx_word' id='word_1_137' title='bbox 717 1707 782 1760; x_wconf 85' lang='lat' dir='ltr'><strong>In</strong></span> <span class='ocrx_word' id='word_1_138' title='bbox 830 1705 938 1760; x_wconf 91' lang='lat' dir='ltr'><strong>hoc</strong></span> <span class='ocrx_word' id='word_1_139' title='bbox 976 1722 1101 1776; x_wconf 89' lang='lat' dir='ltr'><strong>cap.</strong></span> <span class='ocrx_word' id='word_1_140' title='bbox 1137 1708 1202 1760; x_wconf 81' lang='lat' dir='ltr'><strong>l2</strong></span> <span class='ocrx_word' id='word_1_141' title='bbox 1233 1705 1367 1759; x_wconf 86' lang='lat' dir='ltr'><strong>facit</strong></span> <span class='ocrx_word' id='word_1_142' title='bbox 1393 1707 1540 1776; x_wconf 93' lang='lat' dir='ltr'><strong>Aug.</strong></span> <span class='ocrx_word' id='word_1_143' title='bbox 1574 1706 1926 1760; x_wconf 89' lang='lat' dir='ltr'><strong>mentionem</strong></span> <span class='ocrx_word' id='word_1_144' title='bbox 1957 1705 2026 1760; x_wconf 91' lang='lat' dir='ltr'><strong>de</strong></span> 
     </span>
    </p>
   </div>
   <div class='ocr_carea' id='block_1_18' title="bbox 334 1793 2031 1866">
    <p class='ocr_par' dir='ltr' id='par_1_18' title="bbox 334 1793 2031 1866">
     <span class='ocr_line' id='line_1_18' title="bbox 334 1793 2031 1866; baseline -0.001 -15"><span class='ocrx_word' id='word_1_145' title='bbox 334 1797 440 1851; x_wconf 90' lang='lat' dir='ltr'><strong>dea</strong></span> <span class='ocrx_word' id='word_1_146' title='bbox 493 1796 690 1864; x_wconf 87' lang='lat' dir='ltr'><strong>Febre,</strong></span> <span class='ocrx_word' id='word_1_147' title='bbox 747 1795 815 1849; x_wconf 88' lang='lat' dir='ltr'><strong>de</strong></span> <span class='ocrx_word' id='word_1_148' title='bbox 873 1811 988 1866; x_wconf 88' lang='lat' dir='ltr'><strong>qua</strong></span> <span class='ocrx_word' id='word_1_149' title='bbox 1033 1793 1171 1850; x_wconf 87' lang='lat' dir='ltr'><strong>dicit</strong></span> <span class='ocrx_word' id='word_1_150' title='bbox 1209 1795 1500 1865; x_wconf 80' lang='lat' dir='ltr'><strong>expositor</strong></span> <span class='ocrx_word' id='word_1_151' title='bbox 1529 1794 1682 1865; x_wconf 90' lang='lat' dir='ltr'><strong>quod</strong></span> <span class='ocrx_word' id='word_1_152' title='bbox 1709 1795 1818 1849; x_wconf 89' lang='lat' dir='ltr'><strong>fuit</strong></span> <span class='ocrx_word' id='word_1_153' title='bbox 1847 1799 2031 1850; x_wconf 90' lang='lat' dir='ltr'><strong>mater</strong></span> 
     </span>
    </p>
   </div>
   <div class='ocr_carea' id='block_1_19' title="bbox 332 1883 2022 1955">
    <p class='ocr_par' dir='ltr' id='par_1_19' title="bbox 332 1883 2022 1955">
     <span class='ocr_line' id='line_1_19' title="bbox 332 1883 2022 1955; baseline -0.001 -16"><span class='ocrx_word' id='word_1_154' title='bbox 332 1884 658 1955; x_wconf 56' lang='lat' dir='ltr'><strong>.IEsculapii,</strong></span> <span class='ocrx_word' id='word_1_155' title='bbox 703 1883 856 1955; x_wconf 91' lang='lat' dir='ltr'><strong>quod</strong></span> <span class='ocrx_word' id='word_1_156' title='bbox 902 1888 988 1938; x_wconf 90' lang='lat' dir='ltr'><strong>est</strong></span> <span class='ocrx_word' id='word_1_157' title='bbox 1029 1883 1134 1938; x_wconf 90' lang='lat' dir='ltr'><strong>dea</strong></span> <span class='ocrx_word' id='word_1_158' title='bbox 1173 1883 1400 1949; x_wconf 91' lang='lat' dir='ltr'><strong>inferni,</strong></span> <span class='ocrx_word' id='word_1_159' title='bbox 1437 1887 1494 1938; x_wconf 89' lang='lat' dir='ltr'><strong>et</strong></span> <span class='ocrx_word' id='word_1_160' title='bbox 1526 1883 1680 1954; x_wconf 89' lang='lat' dir='ltr'><strong>quod</strong></span> <span class='ocrx_word' id='word_1_161' title='bbox 1712 1885 1897 1938; x_wconf 86' lang='lat' dir='ltr'><strong>Numa</strong></span> <span class='ocrx_word' id='word_1_162' title='bbox 1926 1900 2022 1938; x_wconf 86' lang='lat' dir='ltr'><strong>rex</strong></span> 
     </span>
    </p>
   </div>
   <div class='ocr_carea' id='block_1_20' title="bbox 332 1971 2029 2042">
    <p class='ocr_par' dir='ltr' id='par_1_20' title="bbox 332 1971 2029 2042">
     <span class='ocr_line' id='line_1_20' title="bbox 332 1971 2029 2042; baseline -0.002 -14"><span class='ocrx_word' id='word_1_163' title='bbox 332 1973 571 2028; x_wconf 81' lang='lat' dir='ltr'><strong>sacravit</strong></span> <span class='ocrx_word' id='word_1_164' title='bbox 606 1973 726 2026; x_wconf 70' lang='lat' dir='ltr'><strong>deas</strong></span> <span class='ocrx_word' id='word_1_165' title='bbox 759 1971 923 2026; x_wconf 78' lang='lat' dir='ltr'><strong>Febri</strong></span> <span class='ocrx_word' id='word_1_166' title='bbox 951 1988 1209 2026; x_wconf 89' lang='lat' dir='ltr'><strong>mensem</strong></span> <span class='ocrx_word' id='word_1_167' title='bbox 1251 1972 1640 2026; x_wconf 84' lang='lat' dir='ltr'><strong>Februarium.</strong></span> <span class='ocrx_word' id='word_1_168' title='bbox 1674 1972 1850 2042; x_wconf 84' lang='lat' dir='ltr'><strong>Atqui</strong></span> <span class='ocrx_word' id='word_1_169' title='bbox 1880 1987 2029 2025; x_wconf 90' lang='lat' dir='ltr'><strong>nun-</strong></span> 
     </span>
    </p>
   </div>
   <div class='ocr_carea' id='block_1_21' title="bbox 333 2060 2032 2135">
    <p class='ocr_par' dir='ltr' id='par_1_21' title="bbox 333 2060 2032 2135">
     <span class='ocr_line' id='line_1_21' title="bbox 333 2060 2032 2135; baseline -0.002 -19"><span class='ocrx_word' id='word_1_170' title='bbox 333 2078 507 2135; x_wconf 89' lang='lat' dir='ltr'><strong>quam</strong></span> <span class='ocrx_word' id='word_1_171' title='bbox 535 2062 594 2116; x_wconf 92' lang='lat' dir='ltr'><strong>id</strong></span> <span class='ocrx_word' id='word_1_172' title='bbox 631 2061 921 2132; x_wconf 82' lang='lat' dir='ltr'><strong>expositor</strong></span> <span class='ocrx_word' id='word_1_173' title='bbox 947 2060 1192 2131; x_wconf 88' lang='lat' dir='ltr'><strong>scripsit,</strong></span> <span class='ocrx_word' id='word_1_174' title='bbox 1222 2060 1332 2114; x_wconf 91' lang='lat' dir='ltr'><strong>nisi</strong></span> <span class='ocrx_word' id='word_1_175' title='bbox 1360 2061 1550 2114; x_wconf 80' lang='lat' dir='ltr'><strong>forsan</strong></span> <span class='ocrx_word' id='word_1_176' title='bbox 1580 2077 1669 2114; x_wconf 90' lang='lat' dir='ltr'><strong>res</strong></span> <span class='ocrx_word' id='word_1_177' title='bbox 1715 2065 1833 2114; x_wconf 89' lang='lat' dir='ltr'><strong>tam</strong></span> <span class='ocrx_word' id='word_1_178' title='bbox 1860 2062 2032 2114; x_wconf 89' lang='lat' dir='ltr'><strong>stulta</strong></span> 
     </span>
    </p>
   </div>
   <div class='ocr_carea' id='block_1_22' title="bbox 332 2148 2028 2220">
    <p class='ocr_par' dir='ltr' id='par_1_22' title="bbox 332 2148 2028 2220">
     <span class='ocr_line' id='line_1_22' title="bbox 332 2148 2028 2220; baseline -0.002 -14"><span class='ocrx_word' id='word_1_179' title='bbox 332 2169 400 2206; x_wconf 85' lang='lat' dir='ltr'><strong>ex</strong></span> <span class='ocrx_word' id='word_1_180' title='bbox 448 2151 739 2206; x_wconf 89' lang='lat' dir='ltr'><strong>codicibus</strong></span> <span class='ocrx_word' id='word_1_181' title='bbox 792 2150 866 2205; x_wconf 88' lang='lat' dir='ltr'><strong>sit</strong></span> <span class='ocrx_word' id='word_1_182' title='bbox 910 2149 980 2204; x_wconf 90' lang='lat' dir='ltr'><strong>ab</strong></span> <span class='ocrx_word' id='word_1_183' title='bbox 1027 2149 1153 2203; x_wconf 91' lang='lat' dir='ltr'><strong>aliis</strong></span> <span class='ocrx_word' id='word_1_184' title='bbox 1201 2149 1490 2216; x_wconf 86' lang='lat' dir='ltr'><strong>fratribus,</strong></span> <span class='ocrx_word' id='word_1_185' title='bbox 1535 2148 1636 2220; x_wconf 88' lang='lat' dir='ltr'><strong>qui</strong></span> <span class='ocrx_word' id='word_1_186' title='bbox 1667 2165 1795 2203; x_wconf 90' lang='lat' dir='ltr'><strong>eam</strong></span> <span class='ocrx_word' id='word_1_187' title='bbox 1827 2149 2028 2220; x_wconf 83' lang='lat' dir='ltr'><strong>depre—</strong></span> 
     </span>
    </p>
   </div>
   <div class='ocr_carea' id='block_1_23' title="bbox 329 2238 2031 2308">
    <p class='ocr_par' dir='ltr' id='par_1_23' title="bbox 329 2238 2031 2308">
     <span class='ocr_line' id='line_1_23' title="bbox 329 2238 2031 2308; baseline -0.001 -16"><span class='ocrx_word' id='word_1_188' title='bbox 329 2238 651 2293; x_wconf 88' lang='lat' dir='ltr'><strong>henderant</strong></span> <span class='ocrx_word' id='word_1_189' title='bbox 696 2255 892 2293; x_wconf 91' lang='lat' dir='ltr'><strong>erasa:</strong></span> <span class='ocrx_word' id='word_1_190' title='bbox 948 2239 1046 2292; x_wconf 89' lang='lat' dir='ltr'><strong>sed</strong></span> <span class='ocrx_word' id='word_1_191' title='bbox 1091 2238 1354 2293; x_wconf 86' lang='lat' dir='ltr'><strong>videlicet</strong></span> <span class='ocrx_word' id='word_1_192' title='bbox 1404 2254 1577 2308; x_wconf 88' lang='lat' dir='ltr'><strong>super</strong></span> <span class='ocrx_word' id='word_1_193' title='bbox 1607 2254 1824 2292; x_wconf 58' lang='lat' dir='ltr'><strong>coenam</strong></span> <span class='ocrx_word' id='word_1_194' title='bbox 1856 2239 2031 2293; x_wconf 80' lang='lat' dir='ltr'><strong>frater</strong></span> 
     </span>
    </p>
   </div>
   <div class='ocr_carea' id='block_1_24' title="bbox 333 2326 2030 2400">
    <p class='ocr_par' dir='ltr' id='par_1_24' title="bbox 333 2326 2030 2400">
     <span class='ocr_line' id='line_1_24' title="bbox 333 2326 2030 2400; baseline -0.001 -18"><span class='ocrx_word' id='word_1_195' title='bbox 333 2327 541 2400; x_wconf 88' lang='lat' dir='ltr'><strong>aliquis</strong></span> <span class='ocrx_word' id='word_1_196' title='bbox 592 2326 956 2382; x_wconf 88' lang='lat' dir='ltr'><strong>Passavantio</strong></span> <span class='ocrx_word' id='word_1_197' title='bbox 1011 2331 1344 2381; x_wconf 86' lang='lat' dir='ltr'><strong>narraverat</strong></span> <span class='ocrx_word' id='word_1_198' title='bbox 1389 2327 1448 2381; x_wconf 89' lang='lat' dir='ltr'><strong>id</strong></span> <span class='ocrx_word' id='word_1_199' title='bbox 1478 2327 1896 2397; x_wconf 79' lang='lat' dir='ltr'><strong>‘expositorem</strong></span> <span class='ocrx_word' id='word_1_200' title='bbox 1950 2327 2030 2380; x_wconf 90' lang='lat' dir='ltr'><strong>di-</strong></span> 
     </span>
    </p>
   </div>
   <div class='ocr_carea' id='block_1_25' title="bbox 331 2415 2028 2487">
    <p class='ocr_par' dir='ltr' id='par_1_25' title="bbox 331 2415 2028 2487">
     <span class='ocr_line' id='line_1_25' title="bbox 331 2415 2028 2487; baseline -0.002 -14"><span class='ocrx_word' id='word_1_201' title='bbox 331 2434 478 2473; x_wconf 89' lang='lat' dir='ltr'><strong>cere.</strong></span> <span class='ocrx_word' id='word_1_202' title='bbox 511 2418 792 2473; x_wconf 75' lang='lat' dir='ltr'><strong>Caeterum</strong></span> <span class='ocrx_word' id='word_1_203' title='bbox 836 2433 950 2487; x_wconf 92' lang='lat' dir='ltr'><strong>quo</strong></span> <span class='ocrx_word' id='word_1_204' title='bbox 992 2415 1262 2486; x_wconf 87' lang='lat' dir='ltr'><strong>reprobet</strong></span> <span class='ocrx_word' id='word_1_205' title='bbox 1287 2416 1480 2480; x_wconf 89' lang='lat' dir='ltr'><strong>modo,</strong></span> <span class='ocrx_word' id='word_1_206' title='bbox 1516 2416 1835 2470; x_wconf 87' lang='lat' dir='ltr'><strong>audiamus.</strong></span> <span class='ocrx_word' id='word_1_207' title='bbox 1868 2416 2028 2479; x_wconf 88' lang='lat' dir='ltr'><strong>Quod</strong></span> 
     </span>
    </p>
   </div>
   <div class='ocr_carea' id='block_1_26' title="bbox 329 2503 2025 2575">
    <p class='ocr_par' dir='ltr' id='par_1_26' title="bbox 329 2503 2025 2575">
     <span class='ocr_line' id='line_1_26' title="bbox 329 2503 2025 2575; baseline -0.001 -15"><span class='ocrx_word' id='word_1_208' title='bbox 329 2522 447 2560; x_wconf 92' lang='lat' dir='ltr'><strong>non</strong></span> <span class='ocrx_word' id='word_1_209' title='bbox 497 2505 719 2559; x_wconf 87' lang='lat' dir='ltr'><strong>videtur</strong></span> <span class='ocrx_word' id='word_1_210' title='bbox 766 2505 914 2559; x_wconf 88' lang='lat' dir='ltr'><strong>bene</strong></span> <span class='ocrx_word' id='word_1_211' title='bbox 963 2504 1198 2570; x_wconf 92' lang='lat' dir='ltr'><strong>dictum,</strong></span> <span class='ocrx_word' id='word_1_212' title='bbox 1245 2503 1455 2575; x_wconf 88' lang='lat' dir='ltr'><strong>inquit,</strong></span> <span class='ocrx_word' id='word_1_213' title='bbox 1506 2505 1658 2558; x_wconf 88' lang='lat' dir='ltr'><strong>salva</strong></span> <span class='ocrx_word' id='word_1_214' title='bbox 1706 2503 1793 2558; x_wconf 91' lang='lat' dir='ltr'><strong>sui</strong></span> <span class='ocrx_word' id='word_1_215' title='bbox 1824 2505 2025 2574; x_wconf 89' lang='lat' dir='ltr'><strong>gratia.</strong></span> 
     </span>
    </p>
   </div>
   <div class='ocr_carea' id='block_1_27' title="bbox 330 2591 2026 2663">
    <p class='ocr_par' dir='ltr' id='par_1_27' title="bbox 330 2591 2026 2663">
     <span class='ocr_line' id='line_1_27' title="bbox 330 2591 2026 2663; baseline -0.001 -15"><span class='ocrx_word' id='word_1_216' title='bbox 330 2595 472 2648; x_wconf 90' lang='lat' dir='ltr'><strong>Nam</strong></span> <span class='ocrx_word' id='word_1_217' title='bbox 521 2594 663 2648; x_wconf 89' lang='lat' dir='ltr'><strong>sicut</strong></span> <span class='ocrx_word' id='word_1_218' title='bbox 708 2593 858 2648; x_wconf 91' lang='lat' dir='ltr'><strong>infra</strong></span> <span class='ocrx_word' id='word_1_219' title='bbox 909 2593 1147 2659; x_wconf 88' lang='lat' dir='ltr'><strong>dicetur,</strong></span> <span class='ocrx_word' id='word_1_220' title='bbox 1197 2591 1550 2663; x_wconf 63' lang='lat' dir='ltr'><strong>:Esculapius</strong></span> <span class='ocrx_word' id='word_1_221' title='bbox 1579 2592 1818 2663; x_wconf 86' lang='lat' dir='ltr'><strong>ﬁngitur</strong></span> <span class='ocrx_word' id='word_1_222' title='bbox 1852 2593 2026 2647; x_wconf 89' lang='lat' dir='ltr'><strong>fuisse</strong></span> 
     </span>
    </p>
   </div>
   <div class='ocr_carea' id='block_1_28' title="bbox 328 2680 2026 2738">
    <p class='ocr_par' dir='ltr' id='par_1_28' title="bbox 328 2680 2026 2738">
     <span class='ocr_line' id='line_1_28' title="bbox 328 2680 2026 2738; baseline -0.001 -2"><span class='ocrx_word' id='word_1_223' title='bbox 328 2683 478 2737; x_wconf 85' lang='lat' dir='ltr'><strong>ﬁlius</strong></span> <span class='ocrx_word' id='word_1_224' title='bbox 528 2683 725 2738; x_wconf 63' lang='lat' dir='ltr'><strong>Phasbi</strong></span> <span class='ocrx_word' id='word_1_225' title='bbox 780 2687 836 2737; x_wconf 90' lang='lat' dir='ltr'><strong>et</strong></span> <span class='ocrx_word' id='word_1_226' title='bbox 895 2682 1231 2738; x_wconf 88' lang='lat' dir='ltr'><strong>Coronidis:</strong></span> <span class='ocrx_word' id='word_1_227' title='bbox 1295 2682 1440 2736; x_wconf 89' lang='lat' dir='ltr'><strong>sicut</strong></span> <span class='ocrx_word' id='word_1_228' title='bbox 1493 2682 1615 2735; x_wconf 87' lang='lat' dir='ltr'><strong>vult</strong></span> <span class='ocrx_word' id='word_1_229' title='bbox 1668 2680 1902 2736; x_wconf 88' lang='lat' dir='ltr'><strong>Ovidius</strong></span> <span class='ocrx_word' id='word_1_230' title='bbox 1945 2697 2026 2734; x_wconf 90' lang='lat' dir='ltr'><strong>se-</strong></span> 
     </span>
    </p>
   </div>
   <div class='ocr_carea' id='block_1_29' title="bbox 327 2757 2026 2841">
    <p class='ocr_par' dir='ltr' id='par_1_29' title="bbox 327 2757 2026 2841">
     <span class='ocr_line' id='line_1_29' title="bbox 327 2757 2026 2841; baseline -0.002 -16"><span class='ocrx_word' id='word_1_231' title='bbox 327 2757 512 2826; x_wconf 86' lang='lat' dir='ltr'><strong>cundo</strong></span> <span class='ocrx_word' id='word_1_232' title='bbox 571 2772 697 2826; x_wconf 84' lang='lat' dir='ltr'><strong>Met.</strong></span> <span class='ocrx_word' id='word_1_233' title='bbox 756 2772 867 2825; x_wconf 89' lang='lat' dir='ltr'><strong>Nec</strong></span> <span class='ocrx_word' id='word_1_234' title='bbox 895 2787 1152 2841; x_wconf 90' lang='lat' dir='ltr'><strong>unquam</strong></span> <span class='ocrx_word' id='word_1_235' title='bbox 1191 2769 1403 2841; x_wconf 85' lang='lat' dir='ltr'><strong>legitur</strong></span> <span class='ocrx_word' id='word_1_236' title='bbox 1431 2771 1586 2841; x_wconf 90' lang='lat' dir='ltr'><strong>quod</strong></span> <span class='ocrx_word' id='word_1_237' title='bbox 1617 2769 1864 2823; x_wconf 62' lang='lat' dir='ltr'><strong>Phoebus</strong></span> <span class='ocrx_word' id='word_1_238' title='bbox 1895 2785 2026 2823; x_wconf 91' lang='lat' dir='ltr'><strong>cum</strong></span> 
     </span>
    </p>
   </div>
   <div class='ocr_carea' id='block_1_30' title="bbox 331 2857 2020 2930">
    <p class='ocr_par' dir='ltr' id='par_1_30' title="bbox 331 2857 2020 2930">
     <span class='ocr_line' id='line_1_30' title="bbox 331 2857 2020 2930; baseline -0.001 -16"><span class='ocrx_word' id='word_1_239' title='bbox 331 2859 503 2914; x_wconf 85' lang='lat' dir='ltr'><strong>Febre</strong></span> <span class='ocrx_word' id='word_1_240' title='bbox 552 2859 891 2919; x_wconf 90' lang='lat' dir='ltr'><strong>convenerit,</strong></span> <span class='ocrx_word' id='word_1_241' title='bbox 941 2860 1030 2913; x_wconf 87' lang='lat' dir='ltr'><strong>vel</strong></span> <span class='ocrx_word' id='word_1_242' title='bbox 1074 2859 1228 2930; x_wconf 91' lang='lat' dir='ltr'><strong>quod</strong></span> <span class='ocrx_word' id='word_1_243' title='bbox 1279 2874 1347 2912; x_wconf 85' lang='lat' dir='ltr'><strong>ex</strong></span> <span class='ocrx_word' id='word_1_244' title='bbox 1393 2875 1460 2912; x_wconf 90' lang='lat' dir='ltr'><strong>ea</strong></span> <span class='ocrx_word' id='word_1_245' title='bbox 1514 2857 1700 2912; x_wconf 81' lang='lat' dir='ltr'><strong>tilium</strong></span> <span class='ocrx_word' id='word_1_246' title='bbox 1737 2859 2020 2929; x_wconf 82' lang='lat' dir='ltr'><strong>genuerit.</strong></span> 
     </span>
    </p>
   </div>
   <div class='ocr_carea' id='block_1_31' title="bbox 2145 460 3760 539">
    <p class='ocr_par' dir='ltr' id='par_1_31' title="bbox 2145 460 3760 539">
     <span class='ocr_line' id='line_1_31' title="bbox 2145 460 3760 539; baseline 0.009 -25"><span class='ocrx_word' id='word_1_247' title='bbox 2145 460 2431 528; x_wconf 84' lang='lat' dir='ltr'><strong>veritates,</strong></span> <span class='ocrx_word' id='word_1_248' title='bbox 2484 478 2658 534; x_wconf 90' lang='lat' dir='ltr'><strong>quam</strong></span> <span class='ocrx_word' id='word_1_249' title='bbox 2703 479 2771 516; x_wconf 85' lang='lat' dir='ltr'><strong>ex</strong></span> <span class='ocrx_word' id='word_1_250' title='bbox 2827 461 2998 516; x_wconf 89' lang='lat' dir='ltr'><strong>rebus</strong></span> <span class='ocrx_word' id='word_1_251' title='bbox 3047 461 3372 531; x_wconf 89' lang='lat' dir='ltr'><strong>theologicis</strong></span> <span class='ocrx_word' id='word_1_252' title='bbox 3417 467 3624 539; x_wconf 78' lang='lat' dir='ltr'><strong>colligis.</strong></span> <span class='ocrx_word' id='word_1_253' title='bbox 3655 475 3760 537; x_wconf 71' lang='lat' dir='ltr'><strong>Qua.</strong></span> 
     </span>
    </p>
   </div>
   <div class='ocr_carea' id='block_1_32' title="bbox 2145 549 3764 630">
    <p class='ocr_par' dir='ltr' id='par_1_32' title="bbox 2145 549 3764 630">
     <span class='ocr_line' id='line_1_32' title="bbox 2145 549 3764 630; baseline 0.007 -26"><span class='ocrx_word' id='word_1_254' title='bbox 2145 550 2352 621; x_wconf 87' lang='lat' dir='ltr'><strong>glacies</strong></span> <span class='ocrx_word' id='word_1_255' title='bbox 2399 556 2503 620; x_wconf 92' lang='lat' dir='ltr'><strong>est,</strong></span> <span class='ocrx_word' id='word_1_256' title='bbox 2551 568 2682 606; x_wconf 90' lang='lat' dir='ltr'><strong>cum</strong></span> <span class='ocrx_word' id='word_1_257' title='bbox 2736 549 3090 622; x_wconf 85' lang='lat' dir='ltr'><strong>Augustinus</strong></span> <span class='ocrx_word' id='word_1_258' title='bbox 3133 556 3319 605; x_wconf 90' lang='lat' dir='ltr'><strong>narrat</strong></span> <span class='ocrx_word' id='word_1_259' title='bbox 3351 553 3541 610; x_wconf 81' lang='lat' dir='ltr'><strong>Ninum</strong></span> <span class='ocrx_word' id='word_1_260' title='bbox 3567 562 3764 630; x_wconf 79' lang='lat' dir='ltr'><strong>Assyriis</strong></span> 
     </span>
    </p>
   </div>
   <div class='ocr_carea' id='block_1_33' title="bbox 2144 640 3763 716">
    <p class='ocr_par' dir='ltr' id='par_1_33' title="bbox 2144 640 3763 716">
     <span class='ocr_line' id='line_1_33' title="bbox 2144 640 3763 716; baseline 0.007 -23"><span class='ocrx_word' id='word_1_261' title='bbox 2144 640 2454 712; x_wconf 79' lang='lat' dir='ltr'><strong>imperasse</strong></span> <span class='ocrx_word' id='word_1_262' title='bbox 2503 641 2779 711; x_wconf 89' lang='lat' dir='ltr'><strong>primum,</strong></span> <span class='ocrx_word' id='word_1_263' title='bbox 2825 645 2881 695; x_wconf 89' lang='lat' dir='ltr'><strong>te</strong></span> <span class='ocrx_word' id='word_1_264' title='bbox 2933 640 3085 694; x_wconf 88' lang='lat' dir='ltr'><strong>illico</strong></span> <span class='ocrx_word' id='word_1_265' title='bbox 3124 655 3227 694; x_wconf 91' lang='lat' dir='ltr'><strong>ceu</strong></span> <span class='ocrx_word' id='word_1_266' title='bbox 3266 641 3543 698; x_wconf 88' lang='lat' dir='ltr'><strong>veritatum</strong></span> <span class='ocrx_word' id='word_1_267' title='bbox 3567 648 3763 716; x_wconf 86' lang='lat' dir='ltr'><strong>plastem</strong></span> 
     </span>
    </p>
   </div>
   <div class='ocr_carea' id='block_1_34' title="bbox 2144 729 3766 800">
    <p class='ocr_par' dir='ltr' id='par_1_34' title="bbox 2144 729 3766 800">
     <span class='ocr_line' id='line_1_34' title="bbox 2144 729 3766 800; baseline 0.007 -18"><span class='ocrx_word' id='word_1_268' title='bbox 2144 745 2276 783; x_wconf 90' lang='lat' dir='ltr'><strong>cum</strong></span> <span class='ocrx_word' id='word_1_269' title='bbox 2322 729 2583 784; x_wconf 88' lang='lat' dir='ltr'><strong>formulis</strong></span> <span class='ocrx_word' id='word_1_270' title='bbox 2625 731 2740 784; x_wconf 88' lang='lat' dir='ltr'><strong>tuis</strong></span> <span class='ocrx_word' id='word_1_271' title='bbox 2797 729 2867 784; x_wconf 90' lang='lat' dir='ltr'><strong>ad</strong></span> <span class='ocrx_word' id='word_1_272' title='bbox 2922 729 3254 800; x_wconf 89' lang='lat' dir='ltr'><strong>ﬁngendam</strong></span> <span class='ocrx_word' id='word_1_273' title='bbox 3309 745 3369 784; x_wconf 88' lang='lat' dir='ltr'><strong>ex</strong></span> <span class='ocrx_word' id='word_1_274' title='bbox 3396 732 3494 786; x_wconf 92' lang='lat' dir='ltr'><strong>hoc</strong></span> <span class='ocrx_word' id='word_1_275' title='bbox 3519 736 3766 794; x_wconf 85' lang='lat' dir='ltr'><strong>veritatem</strong></span> 
     </span>
    </p>
   </div>
   <div class='ocr_carea' id='block_1_35' title="bbox 2143 819 3764 896">
    <p class='ocr_par' dir='ltr' id='par_1_35' title="bbox 2143 819 3764 896">
     <span class='ocr_line' id='line_1_35' title="bbox 2143 819 3764 896; baseline 0.004 -22"><span class='ocrx_word' id='word_1_276' title='bbox 2143 833 2457 886; x_wconf 83' lang='lat' dir='ltr'><strong>accurrere,</strong></span> <span class='ocrx_word' id='word_1_277' title='bbox 2521 835 2624 873; x_wconf 90' lang='lat' dir='ltr'><strong>ceu</strong></span> <span class='ocrx_word' id='word_1_278' title='bbox 2669 834 2786 873; x_wconf 89' lang='lat' dir='ltr'><strong>non</strong></span> <span class='ocrx_word' id='word_1_279' title='bbox 2833 819 2996 873; x_wconf 89' lang='lat' dir='ltr'><strong>aliter</strong></span> <span class='ocrx_word' id='word_1_280' title='bbox 3032 819 3226 872; x_wconf 89' lang='lat' dir='ltr'><strong>futura</strong></span> <span class='ocrx_word' id='word_1_281' title='bbox 3270 820 3534 875; x_wconf 82' lang='lat' dir='ltr'><strong>veritate?</strong></span> <span class='ocrx_word' id='word_1_282' title='bbox 3574 825 3764 896; x_wconf 82' lang='lat' dir='ltr'><strong>Veritas,</strong></span> 
     </span>
    </p>
   </div>
   <div class='ocr_carea' id='block_1_36' title="bbox 2142 905 3769 983">
    <p class='ocr_par' dir='ltr' id='par_1_36' title="bbox 2142 905 3769 983">
     <span class='ocr_line' id='line_1_36' title="bbox 2142 905 3769 983; baseline 0.006 -24"><span class='ocrx_word' id='word_1_283' title='bbox 2142 905 2353 978; x_wconf 86' lang='lat' dir='ltr'><strong>inquis.</strong></span> <span class='ocrx_word' id='word_1_284' title='bbox 2408 907 2590 961; x_wconf 90' lang='lat' dir='ltr'><strong>Ninus</strong></span> <span class='ocrx_word' id='word_1_285' title='bbox 2619 907 2726 961; x_wconf 92' lang='lat' dir='ltr'><strong>fuit</strong></span> <span class='ocrx_word' id='word_1_286' title='bbox 2751 923 2849 981; x_wconf 83' lang='lat' dir='ltr'><strong>rex</strong></span> <span class='ocrx_word' id='word_1_287' title='bbox 2887 906 3250 978; x_wconf 84' lang='lat' dir='ltr'><strong>Assyriorum</strong></span> <span class='ocrx_word' id='word_1_288' title='bbox 3280 907 3507 977; x_wconf 89' lang='lat' dir='ltr'><strong>primus.</strong></span> <span class='ocrx_word' id='word_1_289' title='bbox 3532 910 3630 964; x_wconf 91' lang='lat' dir='ltr'><strong>Cur</strong></span> <span class='ocrx_word' id='word_1_290' title='bbox 3648 916 3769 983; x_wconf 89' lang='lat' dir='ltr'><strong>quod</strong></span> 
     </span>
    </p>
   </div>
   <div class='ocr_carea' id='block_1_37' title="bbox 2141 995 3771 1067">
    <p class='ocr_par' dir='ltr' id='par_1_37' title="bbox 2141 995 3771 1067">
     <span class='ocr_line' id='line_1_37' title="bbox 2141 995 3771 1067; baseline 0.005 -19"><span class='ocrx_word' id='word_1_291' title='bbox 2141 996 2314 1065; x_wconf 89' lang='lat' dir='ltr'><strong>paulo</strong></span> <span class='ocrx_word' id='word_1_292' title='bbox 2365 1001 2497 1050; x_wconf 90' lang='lat' dir='ltr'><strong>ante</strong></span> <span class='ocrx_word' id='word_1_293' title='bbox 2543 996 2755 1067; x_wconf 87' lang='lat' dir='ltr'><strong>legitur</strong></span> <span class='ocrx_word' id='word_1_294' title='bbox 2806 1012 2923 1050; x_wconf 93' lang='lat' dir='ltr'><strong>non</strong></span> <span class='ocrx_word' id='word_1_295' title='bbox 2967 1001 3051 1049; x_wconf 90' lang='lat' dir='ltr'><strong>est</strong></span> <span class='ocrx_word' id='word_1_296' title='bbox 3091 995 3267 1049; x_wconf 90' lang='lat' dir='ltr'><strong>etiam</strong></span> <span class='ocrx_word' id='word_1_297' title='bbox 3312 997 3658 1053; x_wconf 85' lang='lat' dir='ltr'><strong>veritas?cur</strong></span> <span class='ocrx_word' id='word_1_298' title='bbox 3680 1017 3771 1057; x_wconf 87' lang='lat' dir='ltr'><strong>non</strong></span> 
     </span>
    </p>
   </div>
   <div class='ocr_carea' id='block_1_38' title="bbox 2141 1084 3770 1157">
    <p class='ocr_par' dir='ltr' id='par_1_38' title="bbox 2141 1084 3770 1157">
     <span class='ocr_line' id='line_1_38' title="bbox 2141 1084 3770 1157; baseline 0.004 -20"><span class='ocrx_word' id='word_1_299' title='bbox 2141 1084 2312 1153; x_wconf 91' lang='lat' dir='ltr'><strong>paulo</strong></span> <span class='ocrx_word' id='word_1_300' title='bbox 2368 1088 2549 1155; x_wconf 82' lang='lat' dir='ltr'><strong>post?</strong></span> <span class='ocrx_word' id='word_1_301' title='bbox 2603 1087 2668 1140; x_wconf 86' lang='lat' dir='ltr'><strong>Et</strong></span> <span class='ocrx_word' id='word_1_302' title='bbox 2706 1101 2887 1139; x_wconf 92' lang='lat' dir='ltr'><strong>unum</strong></span> <span class='ocrx_word' id='word_1_303' title='bbox 2918 1084 3240 1154; x_wconf 87' lang='lat' dir='ltr'><strong>exemplum</strong></span> <span class='ocrx_word' id='word_1_304' title='bbox 3271 1085 3469 1139; x_wconf 82' lang='lat' dir='ltr'><strong>adduxi</strong></span> <span class='ocrx_word' id='word_1_305' title='bbox 3495 1103 3589 1157; x_wconf 90' lang='lat' dir='ltr'><strong>pro</strong></span> <span class='ocrx_word' id='word_1_306' title='bbox 3615 1090 3770 1144; x_wconf 87' lang='lat' dir='ltr'><strong>multis</strong></span> 
     </span>
    </p>
   </div>
   <div class='ocr_carea' id='block_1_39' title="bbox 2140 1173 3772 1245">
    <p class='ocr_par' dir='ltr' id='par_1_39' title="bbox 2140 1173 3772 1245">
     <span class='ocr_line' id='line_1_39' title="bbox 2140 1173 3772 1245; baseline 0.004 -21"><span class='ocrx_word' id='word_1_307' title='bbox 2140 1173 2415 1229; x_wconf 89' lang='lat' dir='ltr'><strong>millibus.</strong></span> <span class='ocrx_word' id='word_1_308' title='bbox 2460 1175 2586 1228; x_wconf 84' lang='lat' dir='ltr'><strong>Jam</strong></span> <span class='ocrx_word' id='word_1_309' title='bbox 2635 1175 2802 1245; x_wconf 89' lang='lat' dir='ltr'><strong>quale</strong></span> <span class='ocrx_word' id='word_1_310' title='bbox 2840 1179 2926 1228; x_wconf 90' lang='lat' dir='ltr'><strong>est</strong></span> <span class='ocrx_word' id='word_1_311' title='bbox 2954 1178 3006 1227; x_wconf 89' lang='lat' dir='ltr'><strong>te</strong></span> <span class='ocrx_word' id='word_1_312' title='bbox 3035 1173 3279 1244; x_wconf 87' lang='lat' dir='ltr'><strong>ﬁgulum</strong></span> <span class='ocrx_word' id='word_1_313' title='bbox 3306 1174 3614 1242; x_wconf 85' lang='lat' dir='ltr'><strong>veritatum,</strong></span> <span class='ocrx_word' id='word_1_314' title='bbox 3640 1179 3772 1232; x_wconf 89' lang='lat' dir='ltr'><strong>modo</strong></span> 
     </span>
    </p>
   </div>
   <div class='ocr_carea' id='block_1_40' title="bbox 2140 1261 3775 1333">
    <p class='ocr_par' dir='ltr' id='par_1_40' title="bbox 2140 1261 3775 1333">
     <span class='ocr_line' id='line_1_40' title="bbox 2140 1261 3775 1333; baseline 0.003 -19"><span class='ocrx_word' id='word_1_315' title='bbox 2140 1261 2268 1314; x_wconf 89' lang='lat' dir='ltr'><strong>aliis</strong></span> <span class='ocrx_word' id='word_1_316' title='bbox 2313 1263 2549 1326; x_wconf 84' lang='lat' dir='ltr'><strong>incerta,</strong></span> <span class='ocrx_word' id='word_1_317' title='bbox 2607 1268 2665 1317; x_wconf 92' lang='lat' dir='ltr'><strong>et</strong></span> <span class='ocrx_word' id='word_1_318' title='bbox 2692 1262 2980 1333; x_wconf 91' lang='lat' dir='ltr'><strong>imprimis</strong></span> <span class='ocrx_word' id='word_1_319' title='bbox 2999 1267 3360 1316; x_wconf 89' lang='lat' dir='ltr'><strong>controversa</strong></span> <span class='ocrx_word' id='word_1_320' title='bbox 3387 1263 3667 1318; x_wconf 87' lang='lat' dir='ltr'><strong>admiscere</strong></span> <span class='ocrx_word' id='word_1_321' title='bbox 3691 1283 3702 1319; x_wconf 90' lang='lat'><strong>:</strong></span> <span class='ocrx_word' id='word_1_322' title='bbox 3729 1271 3775 1319; x_wconf 89' lang='lat' dir='ltr'><strong>ut</strong></span> 
     </span>
    </p>
   </div>
   <div class='ocr_carea' id='block_1_41' title="bbox 2141 1347 3776 1418">
    <p class='ocr_par' dir='ltr' id='par_1_41' title="bbox 2141 1347 3776 1418">
     <span class='ocr_line' id='line_1_41' title="bbox 2141 1347 3776 1418; baseline 0.002 -18"><span class='ocrx_word' id='word_1_323' title='bbox 2141 1362 2271 1400; x_wconf 92' lang='lat' dir='ltr'><strong>cum</strong></span> <span class='ocrx_word' id='word_1_324' title='bbox 2308 1351 2508 1402; x_wconf 89' lang='lat' dir='ltr'><strong>contra</strong></span> <span class='ocrx_word' id='word_1_325' title='bbox 2555 1347 2924 1418; x_wconf 85' lang='lat' dir='ltr'><strong>Aquinataeos</strong></span> <span class='ocrx_word' id='word_1_326' title='bbox 2955 1348 3232 1418; x_wconf 89' lang='lat' dir='ltr'><strong>disputas,</strong></span> <span class='ocrx_word' id='word_1_327' title='bbox 3269 1364 3378 1418; x_wconf 89' lang='lat' dir='ltr'><strong>quo</strong></span> <span class='ocrx_word' id='word_1_328' title='bbox 3405 1348 3538 1401; x_wconf 86' lang='lat' dir='ltr'><strong>nihil</strong></span> <span class='ocrx_word' id='word_1_329' title='bbox 3565 1349 3776 1403; x_wconf 85' lang='lat' dir='ltr'><strong>facisncc</strong></span> 
     </span>
    </p>
   </div>
   <div class='ocr_carea' id='block_1_42' title="bbox 2140 1434 3775 1508">
    <p class='ocr_par' dir='ltr' id='par_1_42' title="bbox 2140 1434 3775 1508">
     <span class='ocr_line' id='line_1_42' title="bbox 2140 1434 3775 1508; baseline 0.002 -21"><span class='ocrx_word' id='word_1_330' title='bbox 2140 1434 2414 1490; x_wconf 81' lang='lat' dir='ltr'><strong>libentius</strong></span> <span class='ocrx_word' id='word_1_331' title='bbox 2457 1453 2562 1491; x_wconf 91' lang='lat' dir='ltr'><strong>nec</strong></span> <span class='ocrx_word' id='word_1_332' title='bbox 2607 1437 2848 1508; x_wconf 89' lang='lat' dir='ltr'><strong>proinde</strong></span> <span class='ocrx_word' id='word_1_333' title='bbox 2897 1437 3183 1506; x_wconf 86' lang='lat' dir='ltr'><strong>crebrius;</strong></span> <span class='ocrx_word' id='word_1_334' title='bbox 3216 1437 3388 1490; x_wconf 92' lang='lat' dir='ltr'><strong>modo</strong></span> <span class='ocrx_word' id='word_1_335' title='bbox 3411 1435 3572 1490; x_wconf 89' lang='lat' dir='ltr'><strong>etiam</strong></span> <span class='ocrx_word' id='word_1_336' title='bbox 3598 1437 3686 1491; x_wconf 90' lang='lat' dir='ltr'><strong>tibi</strong></span> <span class='ocrx_word' id='word_1_337' title='bbox 3708 1437 3775 1492; x_wconf 90' lang='lat' dir='ltr'><strong>in-</strong></span> 
     </span>
    </p>
   </div>
   <div class='ocr_carea' id='block_1_43' title="bbox 2139 1524 3777 1597">
    <p class='ocr_par' dir='ltr' id='par_1_43' title="bbox 2139 1524 3777 1597">
     <span class='ocr_line' id='line_1_43' title="bbox 2139 1524 3777 1597; baseline 0.001 -19"><span class='ocrx_word' id='word_1_338' title='bbox 2139 1529 2313 1592; x_wconf 90' lang='lat' dir='ltr'><strong>certa,</strong></span> <span class='ocrx_word' id='word_1_339' title='bbox 2363 1530 2429 1579; x_wconf 93' lang='lat' dir='ltr'><strong>ut</strong></span> <span class='ocrx_word' id='word_1_340' title='bbox 2467 1524 2627 1579; x_wconf 89' lang='lat' dir='ltr'><strong>verbi</strong></span> <span class='ocrx_word' id='word_1_341' title='bbox 2676 1525 2880 1597; x_wconf 89' lang='lat' dir='ltr'><strong>gratia,</strong></span> <span class='ocrx_word' id='word_1_342' title='bbox 2927 1542 3054 1579; x_wconf 91' lang='lat' dir='ltr'><strong>cum</strong></span> <span class='ocrx_word' id='word_1_343' title='bbox 3089 1525 3447 1579; x_wconf 84' lang='lat' dir='ltr'><strong>Holofernem</strong></span> <span class='ocrx_word' id='word_1_344' title='bbox 3473 1525 3620 1578; x_wconf 88' lang='lat' dir='ltr'><strong>illum</strong></span> <span class='ocrx_word' id='word_1_345' title='bbox 3646 1527 3777 1580; x_wconf 81' lang='lat' dir='ltr'><strong>exli-</strong></span> 
     </span>
    </p>
   </div>
   <div class='ocr_carea' id='block_1_44' title="bbox 2137 1613 3780 1685">
    <p class='ocr_par' dir='ltr' id='par_1_44' title="bbox 2137 1613 3780 1685">
     <span class='ocr_line' id='line_1_44' title="bbox 2137 1613 3780 1685; baseline -0.001 -17"><span class='ocrx_word' id='word_1_346' title='bbox 2137 1613 2240 1668; x_wconf 89' lang='lat' dir='ltr'><strong>bro</strong></span> <span class='ocrx_word' id='word_1_347' title='bbox 2287 1614 2480 1668; x_wconf 87' lang='lat' dir='ltr'><strong>Jndith</strong></span> <span class='ocrx_word' id='word_1_348' title='bbox 2529 1614 2670 1668; x_wconf 92' lang='lat' dir='ltr'><strong>dicis</strong></span> <span class='ocrx_word' id='word_1_349' title='bbox 2721 1614 2892 1669; x_wconf 84' lang='lat' dir='ltr'><strong>fuisse</strong></span> <span class='ocrx_word' id='word_1_350' title='bbox 2951 1615 3160 1685; x_wconf 78' lang='lat' dir='ltr'><strong>Cyrum</strong></span> <span class='ocrx_word' id='word_1_351' title='bbox 3206 1614 3431 1670; x_wconf 81' lang='lat' dir='ltr'><strong>Assueri</strong></span> <span class='ocrx_word' id='word_1_352' title='bbox 3459 1619 3513 1668; x_wconf 89' lang='lat' dir='ltr'><strong>et</strong></span> <span class='ocrx_word' id='word_1_353' title='bbox 3539 1615 3709 1668; x_wconf 85' lang='lat' dir='ltr'><strong>Esther</strong></span> <span class='ocrx_word' id='word_1_354' title='bbox 3732 1615 3780 1668; x_wconf 87' lang='lat' dir='ltr'><strong>ﬁ-</strong></span> 
     </span>
    </p>
   </div>
   <div class='ocr_carea' id='block_1_45' title="bbox 2140 1702 3779 1774">
    <p class='ocr_par' dir='ltr' id='par_1_45' title="bbox 2140 1702 3779 1774">
     <span class='ocr_line' id='line_1_45' title="bbox 2140 1702 3779 1774; baseline 0 -18"><span class='ocrx_word' id='word_1_355' title='bbox 2140 1702 2301 1768; x_wconf 93' lang='lat' dir='ltr'><strong>lium,</strong></span> <span class='ocrx_word' id='word_1_356' title='bbox 2345 1702 2414 1757; x_wconf 93' lang='lat' dir='ltr'><strong>de</strong></span> <span class='ocrx_word' id='word_1_357' title='bbox 2443 1719 2556 1774; x_wconf 90' lang='lat' dir='ltr'><strong>quo</strong></span> <span class='ocrx_word' id='word_1_358' title='bbox 2605 1703 2940 1758; x_wconf 86' lang='lat' dir='ltr'><strong>veritatibus</strong></span> <span class='ocrx_word' id='word_1_359' title='bbox 2981 1703 3202 1774; x_wconf 89' lang='lat' dir='ltr'><strong>aliquot</strong></span> <span class='ocrx_word' id='word_1_360' title='bbox 3244 1706 3370 1772; x_wconf 91' lang='lat' dir='ltr'><strong>post</strong></span> <span class='ocrx_word' id='word_1_361' title='bbox 3397 1718 3517 1756; x_wconf 89' lang='lat' dir='ltr'><strong>eam</strong></span> <span class='ocrx_word' id='word_1_362' title='bbox 3547 1702 3779 1772; x_wconf 82' lang='lat' dir='ltr'><strong>ambigis;</strong></span> 
     </span>
    </p>
   </div>
   <div class='ocr_carea' id='block_1_46' title="bbox 2138 1790 3779 1861">
    <p class='ocr_par' dir='ltr' id='par_1_46' title="bbox 2138 1790 3779 1861">
     <span class='ocr_line' id='line_1_46' title="bbox 2138 1790 3779 1861; baseline -0.001 -15"><span class='ocrx_word' id='word_1_363' title='bbox 2138 1791 2312 1846; x_wconf 91' lang='lat' dir='ltr'><strong>modo</strong></span> <span class='ocrx_word' id='word_1_364' title='bbox 2361 1792 2535 1846; x_wconf 90' lang='lat' dir='ltr'><strong>etiam</strong></span> <span class='ocrx_word' id='word_1_365' title='bbox 2583 1792 2671 1846; x_wconf 85' lang='lat' dir='ltr'><strong>vel</strong></span> <span class='ocrx_word' id='word_1_366' title='bbox 2721 1791 2914 1861; x_wconf 91' lang='lat' dir='ltr'><strong>pueris</strong></span> <span class='ocrx_word' id='word_1_367' title='bbox 2961 1791 3121 1857; x_wconf 87' lang='lat' dir='ltr'><strong>falsa,</strong></span> <span class='ocrx_word' id='word_1_368' title='bbox 3180 1795 3247 1845; x_wconf 84' lang='lat' dir='ltr'><strong>ut</strong></span> <span class='ocrx_word' id='word_1_369' title='bbox 3291 1791 3359 1845; x_wconf 91' lang='lat' dir='ltr'><strong>de</strong></span> <span class='ocrx_word' id='word_1_370' title='bbox 3396 1790 3500 1845; x_wconf 92' lang='lat' dir='ltr'><strong>hoc</strong></span> <span class='ocrx_word' id='word_1_371' title='bbox 3524 1790 3634 1861; x_wconf 92' lang='lat' dir='ltr'><strong>ipso</strong></span> <span class='ocrx_word' id='word_1_372' title='bbox 3661 1792 3779 1861; x_wconf 87' lang='lat' dir='ltr'><strong>quod</strong></span> 
     </span>
    </p>
   </div>
   <div class='ocr_carea' id='block_1_47' title="bbox 2137 1879 3781 1950">
    <p class='ocr_par' dir='ltr' id='par_1_47' title="bbox 2137 1879 3781 1950">
     <span class='ocr_line' id='line_1_47' title="bbox 2137 1879 3781 1950; baseline -0.001 -16"><span class='ocrx_word' id='word_1_373' title='bbox 2137 1879 2342 1934; x_wconf 90' lang='lat' dir='ltr'><strong>Darius</strong></span> <span class='ocrx_word' id='word_1_374' title='bbox 2388 1880 2462 1934; x_wconf 91' lang='lat' dir='ltr'><strong>sit</strong></span> <span class='ocrx_word' id='word_1_375' title='bbox 2507 1880 2659 1934; x_wconf 86' lang='lat' dir='ltr'><strong>ﬁlius</strong></span> <span class='ocrx_word' id='word_1_376' title='bbox 2689 1879 2920 1935; x_wconf 87' lang='lat' dir='ltr'><strong>Assueri</strong></span> <span class='ocrx_word' id='word_1_377' title='bbox 2966 1884 3021 1934; x_wconf 91' lang='lat' dir='ltr'><strong>et</strong></span> <span class='ocrx_word' id='word_1_378' title='bbox 3069 1879 3292 1946; x_wconf 89' lang='lat' dir='ltr'><strong>Esther,</strong></span> <span class='ocrx_word' id='word_1_379' title='bbox 3341 1883 3461 1934; x_wconf 87' lang='lat' dir='ltr'><strong>tum</strong></span> <span class='ocrx_word' id='word_1_380' title='bbox 3493 1881 3633 1950; x_wconf 92' lang='lat' dir='ltr'><strong>quod</strong></span> <span class='ocrx_word' id='word_1_381' title='bbox 3660 1879 3781 1933; x_wconf 83' lang='lat' dir='ltr'><strong>tertii</strong></span> 
     </span>
    </p>
   </div>
   <div class='ocr_carea' id='block_1_48' title="bbox 2138 1967 3783 2039">
    <p class='ocr_par' dir='ltr' id='par_1_48' title="bbox 2138 1967 3783 2039">
     <span class='ocr_line' id='line_1_48' title="bbox 2138 1967 3783 2039; baseline -0.001 -17"><span class='ocrx_word' id='word_1_382' title='bbox 2138 1969 2271 2023; x_wconf 92' lang='lat' dir='ltr'><strong>libri</strong></span> <span class='ocrx_word' id='word_1_383' title='bbox 2320 1969 2507 2023; x_wconf 65' lang='lat' dir='ltr'><strong>Esdrm</strong></span> <span class='ocrx_word' id='word_1_384' title='bbox 2534 1969 2890 2039; x_wconf 86' lang='lat' dir='ltr'><strong>Augustinus</strong></span> <span class='ocrx_word' id='word_1_385' title='bbox 2919 1985 3036 2022; x_wconf 91' lang='lat' dir='ltr'><strong>non</strong></span> <span class='ocrx_word' id='word_1_386' title='bbox 3067 1967 3414 2034; x_wconf 87' lang='lat' dir='ltr'><strong>meminerit,</strong></span> <span class='ocrx_word' id='word_1_387' title='bbox 3448 1984 3571 2021; x_wconf 91' lang='lat' dir='ltr'><strong>cum</strong></span> <span class='ocrx_word' id='word_1_388' title='bbox 3597 1967 3710 2021; x_wconf 89' lang='lat' dir='ltr'><strong>citet</strong></span> <span class='ocrx_word' id='word_1_389' title='bbox 3732 1984 3783 2021; x_wconf 81' lang='lat' dir='ltr'><strong>ex</strong></span> 
     </span>
    </p>
   </div>
   <div class='ocr_carea' id='block_1_49' title="bbox 2138 2055 3782 2128">
    <p class='ocr_par' dir='ltr' id='par_1_49' title="bbox 2138 2055 3782 2128">
     <span class='ocr_line' id='line_1_49' title="bbox 2138 2055 3782 2128; baseline -0.002 -17"><span class='ocrx_word' id='word_1_390' title='bbox 2138 2073 2204 2111; x_wconf 92' lang='lat' dir='ltr'><strong>eo</strong></span> <span class='ocrx_word' id='word_1_391' title='bbox 2252 2057 2628 2128; x_wconf 75' lang='lat' dir='ltr'><strong>quaestionem</strong></span> <span class='ocrx_word' id='word_1_392' title='bbox 2677 2057 2836 2111; x_wconf 92' lang='lat' dir='ltr'><strong>illam</strong></span> <span class='ocrx_word' id='word_1_393' title='bbox 2887 2057 2957 2112; x_wconf 91' lang='lat' dir='ltr'><strong>de</strong></span> <span class='ocrx_word' id='word_1_394' title='bbox 3002 2073 3061 2110; x_wconf 89' lang='lat' dir='ltr'><strong>re</strong></span> <span class='ocrx_word' id='word_1_395' title='bbox 3091 2073 3223 2128; x_wconf 73' lang='lat' dir='ltr'><strong>quae</strong></span> <span class='ocrx_word' id='word_1_396' title='bbox 3253 2056 3577 2110; x_wconf 89' lang='lat' dir='ltr'><strong>fortitudine</strong></span> <span class='ocrx_word' id='word_1_397' title='bbox 3603 2055 3782 2109; x_wconf 64' lang='lat' dir='ltr'><strong>caeteris</strong></span> 
     </span>
    </p>
   </div>
   <div class='ocr_carea' id='block_1_50' title="bbox 2138 2143 3783 2216">
    <p class='ocr_par' dir='ltr' id='par_1_50' title="bbox 2138 2143 3783 2216">
     <span class='ocr_line' id='line_1_50' title="bbox 2138 2143 3783 2216; baseline -0.002 -17"><span class='ocrx_word' id='word_1_398' title='bbox 2138 2150 2477 2201; x_wconf 90' lang='lat' dir='ltr'><strong>antestaret:</strong></span> <span class='ocrx_word' id='word_1_399' title='bbox 2511 2147 2683 2201; x_wconf 90' lang='lat' dir='ltr'><strong>etiam</strong></span> <span class='ocrx_word' id='word_1_400' title='bbox 2715 2147 2915 2201; x_wconf 90' lang='lat' dir='ltr'><strong>eodem</strong></span> <span class='ocrx_word' id='word_1_401' title='bbox 2946 2145 3148 2216; x_wconf 88' lang='lat' dir='ltr'><strong>capite,</strong></span> <span class='ocrx_word' id='word_1_402' title='bbox 3173 2161 3292 2215; x_wconf 91' lang='lat' dir='ltr'><strong>quo</strong></span> <span class='ocrx_word' id='word_1_403' title='bbox 3340 2149 3402 2198; x_wconf 92' lang='lat' dir='ltr'><strong>tu</strong></span> <span class='ocrx_word' id='word_1_404' title='bbox 3432 2145 3488 2199; x_wconf 90' lang='lat' dir='ltr'><strong>id</strong></span> <span class='ocrx_word' id='word_1_405' title='bbox 3519 2144 3645 2198; x_wconf 91' lang='lat' dir='ltr'><strong>dicis</strong></span> <span class='ocrx_word' id='word_1_406' title='bbox 3668 2143 3783 2197; x_wconf 89' lang='lat' dir='ltr'><strong>libro</strong></span> 
     </span>
    </p>
   </div>
   <div class='ocr_carea' id='block_1_51' title="bbox 2136 2232 3783 2302">
    <p class='ocr_par' dir='ltr' id='par_1_51' title="bbox 2136 2232 3783 2302">
     <span class='ocr_line' id='line_1_51' title="bbox 2136 2232 3783 2302; baseline -0.003 -13"><span class='ocrx_word' id='word_1_407' title='bbox 2136 2235 2352 2290; x_wconf 91' lang='lat' dir='ltr'><strong>decimo</strong></span> <span class='ocrx_word' id='word_1_408' title='bbox 2405 2239 2623 2302; x_wconf 88' lang='lat' dir='ltr'><strong>octavo,</strong></span> <span class='ocrx_word' id='word_1_409' title='bbox 2663 2235 2745 2289; x_wconf 90' lang='lat' dir='ltr'><strong>ita</strong></span> <span class='ocrx_word' id='word_1_410' title='bbox 2789 2235 3055 2288; x_wconf 88' lang='lat' dir='ltr'><strong>veritates</strong></span> <span class='ocrx_word' id='word_1_411' title='bbox 3103 2237 3232 2287; x_wconf 90' lang='lat' dir='ltr'><strong>tuas</strong></span> <span class='ocrx_word' id='word_1_412' title='bbox 3276 2250 3395 2287; x_wconf 93' lang='lat' dir='ltr'><strong>non</strong></span> <span class='ocrx_word' id='word_1_413' title='bbox 3445 2250 3510 2287; x_wconf 81' lang='lat' dir='ltr'><strong>ex</strong></span> <span class='ocrx_word' id='word_1_414' title='bbox 3549 2249 3651 2286; x_wconf 88' lang='lat' dir='ltr'><strong>una</strong></span> <span class='ocrx_word' id='word_1_415' title='bbox 3676 2232 3783 2284; x_wconf 86' lang='lat' dir='ltr'><strong>sim-</strong></span> 
     </span>
    </p>
   </div>
   <div class='ocr_carea' id='block_1_52' title="bbox 2135 2319 3782 2396">
    <p class='ocr_par' dir='ltr' id='par_1_52' title="bbox 2135 2319 3782 2396">
     <span class='ocr_line' id='line_1_52' title="bbox 2135 2319 3782 2396; baseline -0.004 -18"><span class='ocrx_word' id='word_1_416' title='bbox 2135 2325 2269 2396; x_wconf 92' lang='lat' dir='ltr'><strong>plici</strong></span> <span class='ocrx_word' id='word_1_417' title='bbox 2309 2325 2544 2379; x_wconf 89' lang='lat' dir='ltr'><strong>veritate</strong></span> <span class='ocrx_word' id='word_1_418' title='bbox 2589 2325 2798 2379; x_wconf 86' lang='lat' dir='ltr'><strong>videris</strong></span> <span class='ocrx_word' id='word_1_419' title='bbox 2848 2323 3144 2396; x_wconf 87' lang='lat' dir='ltr'><strong>efﬁngere,</strong></span> <span class='ocrx_word' id='word_1_420' title='bbox 3191 2323 3292 2378; x_wconf 91' lang='lat' dir='ltr'><strong>sed</strong></span> <span class='ocrx_word' id='word_1_421' title='bbox 3333 2322 3539 2393; x_wconf 87' lang='lat' dir='ltr'><strong>partim</strong></span> <span class='ocrx_word' id='word_1_422' title='bbox 3565 2338 3623 2376; x_wconf 85' lang='lat' dir='ltr'><strong>ex</strong></span> <span class='ocrx_word' id='word_1_423' title='bbox 3650 2319 3782 2384; x_wconf 83' lang='lat' dir='ltr'><strong>veris,</strong></span> 
     </span>
    </p>
   </div>
   <div class='ocr_carea' id='block_1_53' title="bbox 2134 2409 3782 2484">
    <p class='ocr_par' dir='ltr' id='par_1_53' title="bbox 2134 2409 3782 2484">
     <span class='ocr_line' id='line_1_53' title="bbox 2134 2409 3782 2484; baseline -0.004 -18"><span class='ocrx_word' id='word_1_424' title='bbox 2134 2413 2344 2482; x_wconf 89' lang='lat' dir='ltr'><strong>partim</strong></span> <span class='ocrx_word' id='word_1_425' title='bbox 2392 2430 2460 2468; x_wconf 84' lang='lat' dir='ltr'><strong>ex</strong></span> <span class='ocrx_word' id='word_1_426' title='bbox 2510 2413 2759 2480; x_wconf 89' lang='lat' dir='ltr'><strong>incertis,</strong></span> <span class='ocrx_word' id='word_1_427' title='bbox 2812 2413 3017 2484; x_wconf 88' lang='lat' dir='ltr'><strong>partim</strong></span> <span class='ocrx_word' id='word_1_428' title='bbox 3068 2410 3358 2483; x_wconf 88' lang='lat' dir='ltr'><strong>litigiosis,</strong></span> <span class='ocrx_word' id='word_1_429' title='bbox 3404 2411 3602 2482; x_wconf 90' lang='lat' dir='ltr'><strong>partim</strong></span> <span class='ocrx_word' id='word_1_430' title='bbox 3628 2409 3782 2463; x_wconf 88' lang='lat' dir='ltr'><strong>falsis:</strong></span> 
     </span>
    </p>
   </div>
   <div class='ocr_carea' id='block_1_54' title="bbox 2134 2500 3787 2574">
    <p class='ocr_par' dir='ltr' id='par_1_54' title="bbox 2134 2500 3787 2574">
     <span class='ocr_line' id='line_1_54' title="bbox 2134 2500 3787 2574; baseline -0.004 -19"><span class='ocrx_word' id='word_1_431' title='bbox 2134 2507 2197 2556; x_wconf 88' lang='lat' dir='ltr'><strong>ut</strong></span> <span class='ocrx_word' id='word_1_432' title='bbox 2228 2506 2416 2556; x_wconf 88' lang='lat' dir='ltr'><strong>statua</strong></span> <span class='ocrx_word' id='word_1_433' title='bbox 2463 2503 2562 2556; x_wconf 89' lang='lat' dir='ltr'><strong>illa</strong></span> <span class='ocrx_word' id='word_1_434' title='bbox 2618 2519 2791 2574; x_wconf 87' lang='lat' dir='ltr'><strong>quam</strong></span> <span class='ocrx_word' id='word_1_435' title='bbox 2820 2518 2926 2572; x_wconf 91' lang='lat' dir='ltr'><strong>per</strong></span> <span class='ocrx_word' id='word_1_436' title='bbox 2953 2501 3208 2572; x_wconf 88' lang='lat' dir='ltr'><strong>quietem</strong></span> <span class='ocrx_word' id='word_1_437' title='bbox 3241 2500 3787 2555; x_wconf 84' lang='lat' dir='ltr'><strong>Nabuchodonosorus</strong></span> 
     </span>
    </p>
   </div>
   <div class='ocr_carea' id='block_1_55' title="bbox 2134 2587 3789 2662">
    <p class='ocr_par' dir='ltr' id='par_1_55' title="bbox 2134 2587 3789 2662">
     <span class='ocr_line' id='line_1_55' title="bbox 2134 2587 3789 2662; baseline -0.004 -18"><span class='ocrx_word' id='word_1_438' title='bbox 2134 2590 2290 2656; x_wconf 87' lang='lat' dir='ltr'><strong>vidit,</strong></span> <span class='ocrx_word' id='word_1_439' title='bbox 2321 2606 2386 2645; x_wconf 87' lang='lat' dir='ltr'><strong>ex</strong></span> <span class='ocrx_word' id='word_1_440' title='bbox 2412 2607 2572 2654; x_wconf 92' lang='lat' dir='ltr'><strong>auro,</strong></span> <span class='ocrx_word' id='word_1_441' title='bbox 2602 2597 2864 2662; x_wconf 90' lang='lat' dir='ltr'><strong>argento,</strong></span> <span class='ocrx_word' id='word_1_442' title='bbox 2894 2591 3148 2661; x_wconf 87' lang='lat' dir='ltr'><strong>chalybe,</strong></span> <span class='ocrx_word' id='word_1_443' title='bbox 3179 2589 3358 2655; x_wconf 89' lang='lat' dir='ltr'><strong>ferro,</strong></span> <span class='ocrx_word' id='word_1_444' title='bbox 3405 2594 3461 2642; x_wconf 87' lang='lat' dir='ltr'><strong>et</strong></span> <span class='ocrx_word' id='word_1_445' title='bbox 3489 2587 3674 2658; x_wconf 88' lang='lat' dir='ltr'><strong>argilla</strong></span> <span class='ocrx_word' id='word_1_446' title='bbox 3695 2591 3789 2639; x_wconf 81' lang='lat' dir='ltr'><strong>erat</strong></span> 
     </span>
    </p>
   </div>
   <div class='ocr_carea' id='block_1_56' title="bbox 2135 2674 3790 2748">
    <p class='ocr_par' dir='ltr' id='par_1_56' title="bbox 2135 2674 3790 2748">
     <span class='ocr_line' id='line_1_56' title="bbox 2135 2674 3790 2748; baseline -0.004 -16"><span class='ocrx_word' id='word_1_447' title='bbox 2135 2679 2395 2734; x_wconf 79' lang='lat' dir='ltr'><strong>conflata.</strong></span> <span class='ocrx_word' id='word_1_448' title='bbox 2453 2679 2562 2734; x_wconf 90' lang='lat' dir='ltr'><strong>Sed</strong></span> <span class='ocrx_word' id='word_1_449' title='bbox 2621 2680 2736 2733; x_wconf 90' lang='lat' dir='ltr'><strong>sint</strong></span> <span class='ocrx_word' id='word_1_450' title='bbox 2769 2695 2902 2733; x_wconf 89' lang='lat' dir='ltr'><strong>sane</strong></span> <span class='ocrx_word' id='word_1_451' title='bbox 2931 2679 3197 2733; x_wconf 87' lang='lat' dir='ltr'><strong>veritates</strong></span> <span class='ocrx_word' id='word_1_452' title='bbox 3228 2678 3374 2746; x_wconf 69' lang='lat' dir='ltr'><strong>istae,</strong></span> <span class='ocrx_word' id='word_1_453' title='bbox 3403 2681 3667 2748; x_wconf 90' lang='lat' dir='ltr'><strong>quantum</strong></span> <span class='ocrx_word' id='word_1_454' title='bbox 3692 2674 3790 2727; x_wconf 88' lang='lat' dir='ltr'><strong>aliis</strong></span> 
     </span>
    </p>
   </div>
   <div class='ocr_carea' id='block_1_57' title="bbox 2134 2764 3791 2840">
    <p class='ocr_par' dir='ltr' id='par_1_57' title="bbox 2134 2764 3791 2840">
     <span class='ocr_line' id='line_1_57' title="bbox 2134 2764 3791 2840; baseline -0.003 -20"><span class='ocrx_word' id='word_1_455' title='bbox 2134 2767 2390 2834; x_wconf 90' lang='lat' dir='ltr'><strong>libuerit,</strong></span> <span class='ocrx_word' id='word_1_456' title='bbox 2446 2767 2591 2822; x_wconf 84' lang='lat' dir='ltr'><strong>nihil</strong></span> <span class='ocrx_word' id='word_1_457' title='bbox 2649 2768 2936 2840; x_wconf 77' lang='lat' dir='ltr'><strong>impedio;</strong></span> <span class='ocrx_word' id='word_1_458' title='bbox 2969 2773 3025 2822; x_wconf 91' lang='lat' dir='ltr'><strong>et</strong></span> <span class='ocrx_word' id='word_1_459' title='bbox 3052 2768 3326 2837; x_wconf 89' lang='lat' dir='ltr'><strong>legantur</strong></span> <span class='ocrx_word' id='word_1_460' title='bbox 3357 2766 3427 2820; x_wconf 89' lang='lat' dir='ltr'><strong>ab</strong></span> <span class='ocrx_word' id='word_1_461' title='bbox 3453 2765 3538 2818; x_wconf 91' lang='lat' dir='ltr'><strong>his</strong></span> <span class='ocrx_word' id='word_1_462' title='bbox 3567 2764 3655 2835; x_wconf 87' lang='lat' dir='ltr'><strong>qui</strong></span> <span class='ocrx_word' id='word_1_463' title='bbox 3677 2764 3791 2832; x_wconf 81' lang='lat' dir='ltr'><strong>ejus-</strong></span> 
     </span>
    </p>
   </div>
   <div class='ocr_carea' id='block_1_58' title="bbox 2133 2854 3789 2927">
    <p class='ocr_par' dir='ltr' id='par_1_58' title="bbox 2133 2854 3789 2927">
     <span class='ocr_line' id='line_1_58' title="bbox 2133 2854 3789 2927; baseline -0.004 -18"><span class='ocrx_word' id='word_1_464' title='bbox 2133 2855 2291 2910; x_wconf 89' lang='lat' dir='ltr'><strong>modi</strong></span> <span class='ocrx_word' id='word_1_465' title='bbox 2349 2861 2558 2911; x_wconf 89' lang='lat' dir='ltr'><strong>amant.</strong></span> <span class='ocrx_word' id='word_1_466' title='bbox 2608 2858 2725 2927; x_wconf 87' lang='lat' dir='ltr'><strong>Ego</strong></span> <span class='ocrx_word' id='word_1_467' title='bbox 2754 2873 2910 2925; x_wconf 87' lang='lat' dir='ltr'><strong>vero,</strong></span> <span class='ocrx_word' id='word_1_468' title='bbox 2944 2873 3072 2927; x_wconf 68' lang='lat' dir='ltr'><strong>quas</strong></span> <span class='ocrx_word' id='word_1_469' title='bbox 3104 2856 3228 2926; x_wconf 91' lang='lat' dir='ltr'><strong>ipse</strong></span> <span class='ocrx_word' id='word_1_470' title='bbox 3261 2855 3334 2908; x_wconf 90' lang='lat' dir='ltr'><strong>ad</strong></span> <span class='ocrx_word' id='word_1_471' title='bbox 3362 2854 3591 2908; x_wconf 79' lang='lat' dir='ltr'><strong>verbum</strong></span> <span class='ocrx_word' id='word_1_472' title='bbox 3619 2869 3679 2906; x_wconf 75' lang='lat' dir='ltr'><strong>ex</strong></span> <span class='ocrx_word' id='word_1_473' title='bbox 3702 2855 3789 2904; x_wconf 85' lang='lat' dir='ltr'><strong>Au-</strong></span> 
     </span>
    </p>
   </div>
   <div class='ocr_carea' id='block_1_59' title="bbox 327 2940 3792 3020">
    <p class='ocr_par' dir='ltr' id='par_1_59' title="bbox 327 2940 3792 3020">
     <span class='ocr_line' id='line_1_59' title="bbox 327 2940 3792 3020; baseline -0.003 -18"><span class='ocrx_word' id='word_1_474' title='bbox 327 2949 470 3002; x_wconf 86' lang='lat' dir='ltr'><strong>Tum</strong></span> <span class='ocrx_word' id='word_1_475' title='bbox 523 2947 727 3019; x_wconf 91' lang='lat' dir='ltr'><strong>incipit</strong></span> <span class='ocrx_word' id='word_1_476' title='bbox 772 2947 1166 3018; x_wconf 88' lang='lat' dir='ltr'><strong>philosophari</strong></span> <span class='ocrx_word' id='word_1_477' title='bbox 1215 2952 1272 3002; x_wconf 90' lang='lat' dir='ltr'><strong>et</strong></span> <span class='ocrx_word' id='word_1_478' title='bbox 1328 2948 1684 3018; x_wconf 89' lang='lat' dir='ltr'><strong>conjecturas</strong></span> <span class='ocrx_word' id='word_1_479' title='bbox 1740 2963 2018 3018; x_wconf 67' lang='lat' dir='ltr'><strong>quaerere.</strong></span> <span class='ocrx_word' id='word_1_480' title='bbox 2061 2964 2100 3020; x_wconf 71' lang='grc' dir='ltr'><strong>(ς</strong></span> <span class='ocrx_word' id='word_1_481' title='bbox 2134 2945 2364 3016; x_wconf 91' lang='lat' dir='ltr'><strong>gustino</strong></span> <span class='ocrx_word' id='word_1_482' title='bbox 2421 2945 2617 3013; x_wconf 88' lang='lat' dir='ltr'><strong>refert,</strong></span> <span class='ocrx_word' id='word_1_483' title='bbox 2667 2945 2976 3016; x_wconf 86' lang='lat' dir='ltr'><strong>Augustini</strong></span> <span class='ocrx_word' id='word_1_484' title='bbox 3018 2960 3138 2999; x_wconf 91' lang='lat' dir='ltr'><strong>esse</strong></span> <span class='ocrx_word' id='word_1_485' title='bbox 3165 2948 3351 3014; x_wconf 87' lang='lat' dir='ltr'><strong>puto;</strong></span> <span class='ocrx_word' id='word_1_486' title='bbox 3384 2947 3582 2997; x_wconf 84' lang='lat' dir='ltr'><strong>caetera</strong></span> <span class='ocrx_word' id='word_1_487' title='bbox 3604 2958 3715 3013; x_wconf 75' lang='lat' dir='ltr'><strong>qua:</strong></span> <span class='ocrx_word' id='word_1_488' title='bbox 3739 2940 3792 2993; x_wconf 86' lang='lat' dir='ltr'><strong>de</strong></span> 
     </span>
    </p>
   </div>
   <div class='ocr_carea' id='block_1_60' title="bbox 329 3036 2024 3108">
    <p class='ocr_par' dir='ltr' id='par_1_60' title="bbox 329 3036 2024 3108">
     <span class='ocr_line' id='line_1_60' title="bbox 329 3036 2024 3108; baseline 0 -18"><span class='ocrx_word' id='word_1_489' title='bbox 329 3037 442 3090; x_wconf 77' lang='lat' dir='ltr'><strong>Nec</strong></span> <span class='ocrx_word' id='word_1_490' title='bbox 488 3036 912 3103; x_wconf 87' lang='lat' dir='ltr'><strong>convenienter,</strong></span> <span class='ocrx_word' id='word_1_491' title='bbox 968 3036 1176 3108; x_wconf 91' lang='lat' dir='ltr'><strong>inquit,</strong></span> <span class='ocrx_word' id='word_1_492' title='bbox 1224 3036 1463 3107; x_wconf 89' lang='lat' dir='ltr'><strong>ﬁngitur</strong></span> <span class='ocrx_word' id='word_1_493' title='bbox 1491 3036 1844 3107; x_wconf 68' lang='lat' dir='ltr'><strong>.Esculapius</strong></span> <span class='ocrx_word' id='word_1_494' title='bbox 1873 3036 2024 3090; x_wconf 89' lang='lat' dir='ltr'><strong>ﬁlius</strong></span> 
     </span>
    </p>
   </div>
   <div class='ocr_carea' id='block_1_61' title="bbox 326 3124 2024 3196">
    <p class='ocr_par' dir='ltr' id='par_1_61' title="bbox 326 3124 2024 3196">
     <span class='ocr_line' id='line_1_61' title="bbox 326 3124 2024 3196; baseline 0.001 -18"><span class='ocrx_word' id='word_1_495' title='bbox 326 3124 537 3191; x_wconf 86' lang='lat' dir='ltr'><strong>Febris,</strong></span> <span class='ocrx_word' id='word_1_496' title='bbox 587 3141 718 3178; x_wconf 91' lang='lat' dir='ltr'><strong>cum</strong></span> <span class='ocrx_word' id='word_1_497' title='bbox 766 3124 888 3196; x_wconf 91' lang='lat' dir='ltr'><strong>ipse</strong></span> <span class='ocrx_word' id='word_1_498' title='bbox 943 3124 1313 3196; x_wconf 89' lang='lat' dir='ltr'><strong>postmodum</strong></span> <span class='ocrx_word' id='word_1_499' title='bbox 1368 3125 1440 3178; x_wconf 92' lang='lat' dir='ltr'><strong>sit</strong></span> <span class='ocrx_word' id='word_1_500' title='bbox 1470 3124 1700 3181; x_wconf 90' lang='lat' dir='ltr'><strong>habitus</strong></span> <span class='ocrx_word' id='word_1_501' title='bbox 1731 3125 1872 3178; x_wconf 91' lang='lat' dir='ltr'><strong>deus</strong></span> <span class='ocrx_word' id='word_1_502' title='bbox 1905 3141 2024 3179; x_wconf 92' lang='lat' dir='ltr'><strong>me-</strong></span> 
     </span>
    </p>
   </div>
   <div class='ocr_carea' id='block_1_62' title="bbox 325 3211 2022 3283">
    <p class='ocr_par' dir='ltr' id='par_1_62' title="bbox 325 3211 2022 3283">
     <span class='ocr_line' id='line_1_62' title="bbox 325 3211 2022 3283; baseline 0.001 -18"><span class='ocrx_word' id='word_1_503' title='bbox 325 3211 548 3279; x_wconf 68' lang='lat' dir='ltr'><strong>dicinas,</strong></span> <span class='ocrx_word' id='word_1_504' title='bbox 582 3229 710 3283; x_wconf 65' lang='lat' dir='ltr'><strong>quas</strong></span> <span class='ocrx_word' id='word_1_505' title='bbox 741 3212 912 3266; x_wconf 89' lang='lat' dir='ltr'><strong>habet</strong></span> <span class='ocrx_word' id='word_1_506' title='bbox 940 3213 1156 3266; x_wconf 87' lang='lat' dir='ltr'><strong>febrem</strong></span> <span class='ocrx_word' id='word_1_507' title='bbox 1187 3211 1491 3282; x_wconf 87' lang='lat' dir='ltr'><strong>expellere.</strong></span> <span class='ocrx_word' id='word_1_508' title='bbox 1531 3213 1655 3267; x_wconf 86' lang='lat' dir='ltr'><strong>Jam</strong></span> <span class='ocrx_word' id='word_1_509' title='bbox 1684 3229 1754 3266; x_wconf 92' lang='lat' dir='ltr'><strong>ne</strong></span> <span class='ocrx_word' id='word_1_510' title='bbox 1785 3212 2022 3266; x_wconf 91' lang='lat' dir='ltr'><strong>omnino</strong></span> 
     </span>
    </p>
   </div>
   <div class='ocr_carea' id='block_1_63' title="bbox 324 3299 2022 3370">
    <p class='ocr_par' dir='ltr' id='par_1_63' title="bbox 324 3299 2022 3370">
     <span class='ocr_line' id='line_1_63' title="bbox 324 3299 2022 3370; baseline -0.001 -16"><span class='ocrx_word' id='word_1_511' title='bbox 324 3299 471 3354; x_wconf 89' lang='lat' dir='ltr'><strong>desit</strong></span> <span class='ocrx_word' id='word_1_512' title='bbox 502 3300 654 3370; x_wconf 91' lang='lat' dir='ltr'><strong>quod</strong></span> <span class='ocrx_word' id='word_1_513' title='bbox 684 3299 781 3353; x_wconf 91' lang='lat' dir='ltr'><strong>alii</strong></span> <span class='ocrx_word' id='word_1_514' title='bbox 811 3299 1030 3370; x_wconf 91' lang='lat' dir='ltr'><strong>possint</strong></span> <span class='ocrx_word' id='word_1_515' title='bbox 1059 3315 1166 3369; x_wconf 92' lang='lat' dir='ltr'><strong>pro</strong></span> <span class='ocrx_word' id='word_1_516' title='bbox 1199 3316 1258 3353; x_wconf 90' lang='lat' dir='ltr'><strong>se</strong></span> <span class='ocrx_word' id='word_1_517' title='bbox 1288 3300 1656 3369; x_wconf 88' lang='lat' dir='ltr'><strong>respondere,</strong></span> <span class='ocrx_word' id='word_1_518' title='bbox 1681 3300 1865 3355; x_wconf 88' lang='lat' dir='ltr'><strong>addit:</strong></span> <span class='ocrx_word' id='word_1_519' title='bbox 1901 3299 2022 3354; x_wconf 86' lang='lat' dir='ltr'><strong>Nisi</strong></span> 
     </span>
    </p>
   </div>
   <div class='ocr_carea' id='block_1_64' title="bbox 323 3387 2025 3459">
    <p class='ocr_par' dir='ltr' id='par_1_64' title="bbox 323 3387 2025 3459">
     <span class='ocr_line' id='line_1_64' title="bbox 323 3387 2025 3459; baseline 0 -17"><span class='ocrx_word' id='word_1_520' title='bbox 323 3387 543 3442; x_wconf 88' lang='lat' dir='ltr'><strong>dicatur</strong></span> <span class='ocrx_word' id='word_1_521' title='bbox 593 3388 677 3443; x_wconf 89' lang='lat' dir='ltr'><strong>ita</strong></span> <span class='ocrx_word' id='word_1_522' title='bbox 709 3388 954 3443; x_wconf 91' lang='lat' dir='ltr'><strong>crudelis</strong></span> <span class='ocrx_word' id='word_1_523' title='bbox 986 3388 1159 3455; x_wconf 80' lang='lat' dir='ltr'><strong>filius,</strong></span> <span class='ocrx_word' id='word_1_524' title='bbox 1195 3388 1349 3458; x_wconf 90' lang='lat' dir='ltr'><strong>quod</strong></span> <span class='ocrx_word' id='word_1_525' title='bbox 1381 3392 1621 3442; x_wconf 88' lang='lat' dir='ltr'><strong>matrem</strong></span> <span class='ocrx_word' id='word_1_526' title='bbox 1649 3393 2025 3459; x_wconf 89' lang='lat' dir='ltr'><strong>persequatur</strong></span> 
     </span>
    </p>
   </div>
   <div class='ocr_carea' id='block_1_65' title="bbox 324 3476 2024 3548">
    <p class='ocr_par' dir='ltr' id='par_1_65' title="bbox 324 3476 2024 3548">
     <span class='ocr_line' id='line_1_65' title="bbox 324 3476 2024 3548; baseline -0.001 -16"><span class='ocrx_word' id='word_1_527' title='bbox 324 3477 556 3548; x_wconf 88' lang='lat' dir='ltr'><strong>ubique,</strong></span> <span class='ocrx_word' id='word_1_528' title='bbox 613 3481 670 3532; x_wconf 90' lang='lat' dir='ltr'><strong>et</strong></span> <span class='ocrx_word' id='word_1_529' title='bbox 699 3476 860 3531; x_wconf 92' lang='lat' dir='ltr'><strong>omni</strong></span> <span class='ocrx_word' id='word_1_530' title='bbox 912 3476 1042 3531; x_wconf 90' lang='lat' dir='ltr'><strong>sede</strong></span> <span class='ocrx_word' id='word_1_531' title='bbox 1081 3477 1345 3546; x_wconf 83' lang='lat' dir='ltr'><strong>expellat.</strong></span> <span class='ocrx_word' id='word_1_532' title='bbox 1376 3476 1665 3531; x_wconf 86' lang='lat' dir='ltr'><strong>Joculares</strong></span> <span class='ocrx_word' id='word_1_533' title='bbox 1695 3481 1828 3530; x_wconf 91' lang='lat' dir='ltr'><strong>sunt</strong></span> <span class='ocrx_word' id='word_1_534' title='bbox 1853 3477 2024 3531; x_wconf 87' lang='lat' dir='ltr'><strong>addi-</strong></span> 
     </span>
    </p>
   </div>
   <div class='ocr_carea' id='block_1_66' title="bbox 322 3565 2018 3635">
    <p class='ocr_par' dir='ltr' id='par_1_66' title="bbox 322 3565 2018 3635">
     <span class='ocr_line' id='line_1_66' title="bbox 322 3565 2018 3635; baseline 0 -15"><span class='ocrx_word' id='word_1_535' title='bbox 322 3566 506 3620; x_wconf 89' lang='lat' dir='ltr'><strong>tiones</strong></span> <span class='ocrx_word' id='word_1_536' title='bbox 550 3568 693 3630; x_wconf 69' lang='lat' dir='ltr'><strong>istae,</strong></span> <span class='ocrx_word' id='word_1_537' title='bbox 751 3566 822 3620; x_wconf 92' lang='lat' dir='ltr'><strong>ad</strong></span> <span class='ocrx_word' id='word_1_538' title='bbox 869 3565 1049 3619; x_wconf 88' lang='lat' dir='ltr'><strong>risum</strong></span> <span class='ocrx_word' id='word_1_539' title='bbox 1091 3565 1363 3620; x_wconf 89' lang='lat' dir='ltr'><strong>fratribus</strong></span> <span class='ocrx_word' id='word_1_540' title='bbox 1411 3566 1755 3620; x_wconf 88' lang='lat' dir='ltr'><strong>movendum</strong></span> <span class='ocrx_word' id='word_1_541' title='bbox 1787 3570 2018 3635; x_wconf 68' lang='lat' dir='ltr'><strong>paratae.</strong></span> 
     </span>
    </p>
   </div>
   <div class='ocr_carea' id='block_1_67' title="bbox 323 3653 2022 3720">
    <p class='ocr_par' dir='ltr' id='par_1_67' title="bbox 323 3653 2022 3720">
     <span class='ocr_line' id='line_1_67' title="bbox 323 3653 2022 3720; baseline -0.001 -11"><span class='ocrx_word' id='word_1_542' title='bbox 323 3655 450 3709; x_wconf 89' lang='lat' dir='ltr'><strong>Istis</strong></span> <span class='ocrx_word' id='word_1_543' title='bbox 504 3655 768 3709; x_wconf 90' lang='lat' dir='ltr'><strong>omnibus</strong></span> <span class='ocrx_word' id='word_1_544' title='bbox 811 3654 1029 3708; x_wconf 87' lang='lat' dir='ltr'><strong>accedit</strong></span> <span class='ocrx_word' id='word_1_545' title='bbox 1081 3653 1410 3708; x_wconf 81' lang='lat' dir='ltr'><strong>Franciscus</strong></span> <span class='ocrx_word' id='word_1_546' title='bbox 1463 3654 1531 3708; x_wconf 90' lang='lat' dir='ltr'><strong>de</strong></span> <span class='ocrx_word' id='word_1_547' title='bbox 1582 3653 1848 3720; x_wconf 83' lang='lat' dir='ltr'><strong>Maronis,</strong></span> <span class='ocrx_word' id='word_1_548' title='bbox 1903 3670 2022 3708; x_wconf 93' lang='lat' dir='ltr'><strong>non</strong></span> 
     </span>
    </p>
   </div>
   <div class='ocr_carea' id='block_1_68' title="bbox 322 3741 2020 3817">
    <p class='ocr_par' dir='ltr' id='par_1_68' title="bbox 322 3741 2020 3817">
     <span class='ocr_line' id='line_1_68' title="bbox 322 3741 2020 3817; baseline -0.001 -19"><span class='ocrx_word' id='word_1_549' title='bbox 322 3744 508 3817; x_wconf 86' lang='lat' dir='ltr'><strong>quivis</strong></span> <span class='ocrx_word' id='word_1_550' title='bbox 558 3745 770 3804; x_wconf 88' lang='lat' dir='ltr'><strong>doctor,</strong></span> <span class='ocrx_word' id='word_1_551' title='bbox 817 3743 915 3798; x_wconf 90' lang='lat' dir='ltr'><strong>sed</strong></span> <span class='ocrx_word' id='word_1_552' title='bbox 962 3742 1354 3808; x_wconf 90' lang='lat' dir='ltr'><strong>illuminatus;</strong></span> <span class='ocrx_word' id='word_1_553' title='bbox 1406 3746 1463 3797; x_wconf 93' lang='lat' dir='ltr'><strong>et</strong></span> <span class='ocrx_word' id='word_1_554' title='bbox 1490 3741 1753 3797; x_wconf 87' lang='lat' dir='ltr'><strong>veritates</strong></span> <span class='ocrx_word' id='word_1_555' title='bbox 1781 3741 2020 3813; x_wconf 90' lang='lat' dir='ltr'><strong>colligit,</strong></span> 
     </span>
    </p>
   </div>
   <div class='ocr_carea' id='block_1_69' title="bbox 326 3830 2022 3901">
    <p class='ocr_par' dir='ltr' id='par_1_69' title="bbox 326 3830 2022 3901">
     <span class='ocr_line' id='line_1_69' title="bbox 326 3830 2022 3901; baseline -0.004 -12"><span class='ocrx_word' id='word_1_556' title='bbox 326 3834 488 3899; x_wconf 89' lang='lat' dir='ltr'><strong>quasi</strong></span> <span class='ocrx_word' id='word_1_557' title='bbox 539 3835 744 3888; x_wconf 64' lang='lat' dir='ltr'><strong>caetera</strong></span> <span class='ocrx_word' id='word_1_558' title='bbox 773 3835 964 3886; x_wconf 90' lang='lat' dir='ltr'><strong>essent</strong></span> <span class='ocrx_word' id='word_1_559' title='bbox 994 3831 1156 3885; x_wconf 87' lang='lat' dir='ltr'><strong>falsa.</strong></span> <span class='ocrx_word' id='word_1_560' title='bbox 1189 3831 1300 3886; x_wconf 90' lang='lat' dir='ltr'><strong>Sed</strong></span> <span class='ocrx_word' id='word_1_561' title='bbox 1337 3831 1430 3885; x_wconf 88' lang='lat' dir='ltr'><strong>hic</strong></span> <span class='ocrx_word' id='word_1_562' title='bbox 1461 3847 1578 3884; x_wconf 91' lang='lat' dir='ltr'><strong>non</strong></span> <span class='ocrx_word' id='word_1_563' title='bbox 1608 3830 1790 3901; x_wconf 89' lang='lat' dir='ltr'><strong>magis</strong></span> <span class='ocrx_word' id='word_1_564' title='bbox 1812 3830 1882 3884; x_wconf 90' lang='lat' dir='ltr'><strong>ad</strong></span> <span class='ocrx_word' id='word_1_565' title='bbox 1913 3830 2022 3883; x_wconf 90' lang='lat' dir='ltr'><strong>hoc</strong></span> 
     </span>
    </p>
   </div>
   <div class='ocr_carea' id='block_1_70' title="bbox 323 3918 2021 3994">
    <p class='ocr_par' dir='ltr' id='par_1_70' title="bbox 323 3918 2021 3994">
     <span class='ocr_line' id='line_1_70' title="bbox 323 3918 2021 3994; baseline -0.004 -17"><span class='ocrx_word' id='word_1_566' title='bbox 323 3939 465 3994; x_wconf 88' lang='lat' dir='ltr'><strong>opus</strong></span> <span class='ocrx_word' id='word_1_567' title='bbox 511 3927 728 3993; x_wconf 90' lang='lat' dir='ltr'><strong>spectat</strong></span> <span class='ocrx_word' id='word_1_568' title='bbox 760 3937 934 3991; x_wconf 90' lang='lat' dir='ltr'><strong>quam</strong></span> <span class='ocrx_word' id='word_1_569' title='bbox 985 3920 1053 3974; x_wconf 88' lang='lat' dir='ltr'><strong>ad</strong></span> <span class='ocrx_word' id='word_1_570' title='bbox 1103 3925 1308 3974; x_wconf 70' lang='lat' dir='ltr'><strong>caetera</strong></span> <span class='ocrx_word' id='word_1_571' title='bbox 1357 3918 1663 3990; x_wconf 90' lang='lat' dir='ltr'><strong>Augustini</strong></span> <span class='ocrx_word' id='word_1_572' title='bbox 1707 3935 1718 3972; x_wconf 96' lang='lat'><strong>:</strong></span> <span class='ocrx_word' id='word_1_573' title='bbox 1780 3934 1848 3972; x_wconf 84' lang='lat' dir='ltr'><strong>ex</strong></span> <span class='ocrx_word' id='word_1_574' title='bbox 1891 3918 2021 3988; x_wconf 88' lang='lat' dir='ltr'><strong>quis</strong></span> 
     </span>
    </p>
   </div>
   <div class='ocr_carea' id='block_1_71' title="bbox 321 4007 2017 4078">
    <p class='ocr_par' dir='ltr' id='par_1_71' title="bbox 321 4007 2017 4078">
     <span class='ocr_line' id='line_1_71' title="bbox 321 4007 2017 4078; baseline -0.003 -13"><span class='ocrx_word' id='word_1_575' title='bbox 321 4011 590 4065; x_wconf 90' lang='lat' dir='ltr'><strong>omnibus</strong></span> <span class='ocrx_word' id='word_1_576' title='bbox 620 4009 701 4063; x_wconf 92' lang='lat' dir='ltr'><strong>ita</strong></span> <span class='ocrx_word' id='word_1_577' title='bbox 728 4007 950 4063; x_wconf 87' lang='lat' dir='ltr'><strong>videtur</strong></span> <span class='ocrx_word' id='word_1_578' title='bbox 983 4009 1250 4063; x_wconf 86' lang='lat' dir='ltr'><strong>veritates</strong></span> <span class='ocrx_word' id='word_1_579' title='bbox 1281 4007 1550 4078; x_wconf 89' lang='lat' dir='ltr'><strong>selegisse</strong></span> <span class='ocrx_word' id='word_1_580' title='bbox 1581 4023 1645 4060; x_wconf 89' lang='lat' dir='ltr'><strong>ac</strong></span> <span class='ocrx_word' id='word_1_581' title='bbox 1674 4007 2017 4078; x_wconf 90' lang='lat' dir='ltr'><strong>seposuisse,</strong></span> 
     </span>
    </p>
   </div>
   <div class='ocr_carea' id='block_1_72' title="bbox 319 4095 2021 4171">
    <p class='ocr_par' dir='ltr' id='par_1_72' title="bbox 319 4095 2021 4171">
     <span class='ocr_line' id='line_1_72' title="bbox 319 4095 2021 4171; baseline -0.004 -16"><span class='ocrx_word' id='word_1_582' title='bbox 319 4104 385 4156; x_wconf 91' lang='lat' dir='ltr'><strong>ut</strong></span> <span class='ocrx_word' id='word_1_583' title='bbox 436 4098 705 4171; x_wconf 87' lang='lat' dir='ltr'><strong>Virgilius</strong></span> <span class='ocrx_word' id='word_1_584' title='bbox 741 4113 997 4169; x_wconf 88' lang='lat' dir='ltr'><strong>gemmas</strong></span> <span class='ocrx_word' id='word_1_585' title='bbox 1051 4114 1082 4153; x_wconf 90' lang='lat' dir='ltr'><strong>e</strong></span> <span class='ocrx_word' id='word_1_586' title='bbox 1139 4097 1482 4152; x_wconf 86' lang='lat' dir='ltr'><strong>stercoribus</strong></span> <span class='ocrx_word' id='word_1_587' title='bbox 1534 4095 1720 4152; x_wconf 90' lang='lat' dir='ltr'><strong>Ennii.</strong></span> <span class='ocrx_word' id='word_1_588' title='bbox 1768 4096 1928 4160; x_wconf 88' lang='lat' dir='ltr'><strong>Quod</strong></span> <span class='ocrx_word' id='word_1_589' title='bbox 1973 4095 2021 4149; x_wconf 93' lang='lat' dir='ltr'><strong>si</strong></span> 
     </span>
    </p>
   </div>
   <div class='ocr_carea' id='block_1_73' title="bbox 321 4185 2020 4258">
    <p class='ocr_par' dir='ltr' id='par_1_73' title="bbox 321 4185 2020 4258">
     <span class='ocr_line' id='line_1_73' title="bbox 321 4185 2020 4258; baseline -0.003 -15"><span class='ocrx_word' id='word_1_590' title='bbox 321 4187 494 4243; x_wconf 90' lang='lat' dir='ltr'><strong>alieni</strong></span> <span class='ocrx_word' id='word_1_591' title='bbox 538 4205 571 4243; x_wconf 90' lang='lat' dir='ltr'><strong>a</strong></span> <span class='ocrx_word' id='word_1_592' title='bbox 599 4191 794 4242; x_wconf 88' lang='lat' dir='ltr'><strong>nostra</strong></span> <span class='ocrx_word' id='word_1_593' title='bbox 820 4186 1100 4258; x_wconf 89' lang='lat' dir='ltr'><strong>religione</strong></span> <span class='ocrx_word' id='word_1_594' title='bbox 1141 4185 1451 4257; x_wconf 85' lang='lat' dir='ltr'><strong>Augustini</strong></span> <span class='ocrx_word' id='word_1_595' title='bbox 1483 4201 1656 4255; x_wconf 88' lang='lat' dir='ltr'><strong>opera</strong></span> <span class='ocrx_word' id='word_1_596' title='bbox 1704 4189 1933 4238; x_wconf 90' lang='lat' dir='ltr'><strong>sumant</strong></span> <span class='ocrx_word' id='word_1_597' title='bbox 1959 4185 2020 4238; x_wconf 90' lang='lat' dir='ltr'><strong>in</strong></span> 
     </span>
    </p>
   </div>
   <div class='ocr_carea' id='block_1_74' title="bbox 320 4256 2100 4342">
    <p class='ocr_par' dir='ltr' id='par_1_74' title="bbox 320 4256 2100 4342">
     <span class='ocr_line' id='line_1_74' title="bbox 320 4256 2100 4342; baseline -0.002 -12"><span class='ocrx_word' id='word_1_598' title='bbox 320 4276 609 4342; x_wconf 90' lang='lat' dir='ltr'><strong>manibus,</strong></span> <span class='ocrx_word' id='word_1_599' title='bbox 658 4275 812 4330; x_wconf 88' lang='lat' dir='ltr'><strong>illius</strong></span> <span class='ocrx_word' id='word_1_600' title='bbox 843 4256 1057 4329; x_wconf 78' lang='lat' dir='ltr'><strong>scilicet</strong></span> <span class='ocrx_word' id='word_1_601' title='bbox 1086 4256 1424 4328; x_wconf 86' lang='lat' dir='ltr'><strong>illuminatis</strong></span> <span class='ocrx_word' id='word_1_602' title='bbox 1452 4273 1783 4327; x_wconf 88' lang='lat' dir='ltr'><strong>veritatibus</strong></span> <span class='ocrx_word' id='word_1_603' title='bbox 1810 4273 2018 4327; x_wconf 91' lang='lat' dir='ltr'><strong>illumi-</strong></span> <span class='ocrx_word' id='word_1_604' title='bbox 2056 4256 2100 4311; x_wconf 73' lang='grc' dir='ltr'><strong>Β</strong></span> 
     </span>
    </p>
   </div>
   <div class='ocr_carea' id='block_1_75' title="bbox 321 4361 2017 4434">
    <p class='ocr_par' dir='ltr' id='par_1_75' title="bbox 321 4361 2017 4434">
     <span class='ocr_line' id='line_1_75' title="bbox 321 4361 2017 4434; baseline -0.002 -16"><span class='ocrx_word' id='word_1_605' title='bbox 321 4369 476 4431; x_wconf 91' lang='lat' dir='ltr'><strong>nata,</strong></span> <span class='ocrx_word' id='word_1_606' title='bbox 511 4363 652 4434; x_wconf 90' lang='lat' dir='ltr'><strong>quid</strong></span> <span class='ocrx_word' id='word_1_607' title='bbox 681 4364 762 4417; x_wconf 89' lang='lat' dir='ltr'><strong>eis</strong></span> <span class='ocrx_word' id='word_1_608' title='bbox 812 4363 1006 4417; x_wconf 88' lang='lat' dir='ltr'><strong>veniet</strong></span> <span class='ocrx_word' id='word_1_609' title='bbox 1034 4362 1094 4416; x_wconf 92' lang='lat' dir='ltr'><strong>in</strong></span> <span class='ocrx_word' id='word_1_610' title='bbox 1125 4367 1381 4416; x_wconf 87' lang='lat' dir='ltr'><strong>mentem</strong></span> <span class='ocrx_word' id='word_1_611' title='bbox 1410 4362 1480 4416; x_wconf 90' lang='lat' dir='ltr'><strong>de</strong></span> <span class='ocrx_word' id='word_1_612' title='bbox 1509 4361 1844 4431; x_wconf 85' lang='lat' dir='ltr'><strong>hujusmodi</strong></span> <span class='ocrx_word' id='word_1_613' title='bbox 1873 4362 2017 4415; x_wconf 90' lang='lat' dir='ltr'><strong>veri-</strong></span> 
     </span>
    </p>
   </div>
   <div class='ocr_carea' id='block_1_76' title="bbox 321 4449 2018 4521">
    <p class='ocr_par' dir='ltr' id='par_1_76' title="bbox 321 4449 2018 4521">
     <span class='ocr_line' id='line_1_76' title="bbox 321 4449 2018 4521; baseline 0 -15"><span class='ocrx_word' id='word_1_614' title='bbox 321 4451 564 4507; x_wconf 80' lang='lat' dir='ltr'><strong>tatibus?</strong></span> <span class='ocrx_word' id='word_1_615' title='bbox 601 4451 739 4521; x_wconf 91' lang='lat' dir='ltr'><strong>quid</strong></span> <span class='ocrx_word' id='word_1_616' title='bbox 759 4451 1226 4521; x_wconf 89' lang='lat' dir='ltr'><strong>suspicabuntur,</strong></span> <span class='ocrx_word' id='word_1_617' title='bbox 1255 4450 1392 4520; x_wconf 89' lang='lat' dir='ltr'><strong>quid</strong></span> <span class='ocrx_word' id='word_1_618' title='bbox 1423 4449 1702 4504; x_wconf 88' lang='lat' dir='ltr'><strong>credent?</strong></span> <span class='ocrx_word' id='word_1_619' title='bbox 1733 4449 2018 4506; x_wconf 87' lang='lat' dir='ltr'><strong>Nimirum</strong></span> 
     </span>
    </p>
   </div>
   <div class='ocr_carea' id='block_1_77' title="bbox 321 4537 2013 4610">
    <p class='ocr_par' dir='ltr' id='par_1_77' title="bbox 321 4537 2013 4610">
     <span class='ocr_line' id='line_1_77' title="bbox 321 4537 2013 4610; baseline -0.001 -16"><span class='ocrx_word' id='word_1_620' title='bbox 321 4557 442 4594; x_wconf 88' lang='lat' dir='ltr'><strong>esse</strong></span> <span class='ocrx_word' id='word_1_621' title='bbox 485 4543 692 4594; x_wconf 64' lang='lat' dir='ltr'><strong>caetera</strong></span> <span class='ocrx_word' id='word_1_622' title='bbox 737 4540 825 4594; x_wconf 91' lang='lat' dir='ltr'><strong>vel</strong></span> <span class='ocrx_word' id='word_1_623' title='bbox 872 4555 1079 4610; x_wconf 92' lang='lat' dir='ltr'><strong>parum</strong></span> <span class='ocrx_word' id='word_1_624' title='bbox 1126 4555 1278 4606; x_wconf 89' lang='lat' dir='ltr'><strong>vera,</strong></span> <span class='ocrx_word' id='word_1_625' title='bbox 1310 4539 1398 4593; x_wconf 91' lang='lat' dir='ltr'><strong>vel</strong></span> <span class='ocrx_word' id='word_1_626' title='bbox 1431 4537 1690 4592; x_wconf 73' lang='lat' dir='ltr'><strong>Ecclesiae</strong></span> <span class='ocrx_word' id='word_1_627' title='bbox 1724 4545 2013 4609; x_wconf 89' lang='lat' dir='ltr'><strong>suspecta;</strong></span> 
     </span>
    </p>
   </div>
   <div class='ocr_carea' id='block_1_78' title="bbox 319 4626 2017 4685">
    <p class='ocr_par' dir='ltr' id='par_1_78' title="bbox 319 4626 2017 4685">
     <span class='ocr_line' id='line_1_78' title="bbox 319 4626 2017 4685; baseline -0.001 -1"><span class='ocrx_word' id='word_1_628' title='bbox 319 4630 419 4685; x_wconf 91' lang='lat' dir='ltr'><strong>illa</strong></span> <span class='ocrx_word' id='word_1_629' title='bbox 469 4628 868 4683; x_wconf 86' lang='lat' dir='ltr'><strong>tantummodo</strong></span> <span class='ocrx_word' id='word_1_630' title='bbox 918 4627 1103 4682; x_wconf 89' lang='lat' dir='ltr'><strong>teneri</strong></span> <span class='ocrx_word' id='word_1_631' title='bbox 1151 4631 1207 4682; x_wconf 88' lang='lat' dir='ltr'><strong>et</strong></span> <span class='ocrx_word' id='word_1_632' title='bbox 1259 4627 1432 4682; x_wconf 90' lang='lat' dir='ltr'><strong>asseri</strong></span> <span class='ocrx_word' id='word_1_633' title='bbox 1463 4644 1495 4681; x_wconf 86' lang='lat' dir='ltr'><strong>a</strong></span> <span class='ocrx_word' id='word_1_634' title='bbox 1533 4626 1698 4681; x_wconf 90' lang='lat' dir='ltr'><strong>nobis</strong></span> <span class='ocrx_word' id='word_1_635' title='bbox 1727 4644 1831 4682; x_wconf 91' lang='lat' dir='ltr'><strong>ceu</strong></span> <span class='ocrx_word' id='word_1_636' title='bbox 1852 4628 2017 4682; x_wconf 88' lang='lat' dir='ltr'><strong>ﬁrma</strong></span> 
     </span>
    </p>
   </div>
   <div class='ocr_carea' id='block_1_79' title="bbox 320 4716 2012 4788">
    <p class='ocr_par' dir='ltr' id='par_1_79' title="bbox 320 4716 2012 4788">
     <span class='ocr_line' id='line_1_79' title="bbox 320 4716 2012 4788; baseline -0.001 -14"><span class='ocrx_word' id='word_1_637' title='bbox 320 4724 379 4774; x_wconf 90' lang='lat' dir='ltr'><strong>et</strong></span> <span class='ocrx_word' id='word_1_638' title='bbox 421 4717 765 4786; x_wconf 89' lang='lat' dir='ltr'><strong>indubitata,</strong></span> <span class='ocrx_word' id='word_1_639' title='bbox 814 4722 880 4772; x_wconf 91' lang='lat' dir='ltr'><strong>ut</strong></span> <span class='ocrx_word' id='word_1_640' title='bbox 923 4733 1052 4788; x_wconf 71' lang='lat' dir='ltr'><strong>quae</strong></span> <span class='ocrx_word' id='word_1_641' title='bbox 1099 4716 1456 4771; x_wconf 87' lang='lat' dir='ltr'><strong>illuminatus</strong></span> <span class='ocrx_word' id='word_1_642' title='bbox 1491 4716 1686 4770; x_wconf 91' lang='lat' dir='ltr'><strong>doctor</strong></span> <span class='ocrx_word' id='word_1_643' title='bbox 1713 4717 2012 4773; x_wconf 88' lang='lat' dir='ltr'><strong>indicarit:</strong></span> 
     </span>
    </p>
   </div>
   <div class='ocr_carea' id='block_1_80' title="bbox 319 4805 2017 4880">
    <p class='ocr_par' dir='ltr' id='par_1_80' title="bbox 319 4805 2017 4880">
     <span class='ocr_line' id='line_1_80' title="bbox 319 4805 2017 4880; baseline -0.002 -18"><span class='ocrx_word' id='word_1_644' title='bbox 319 4807 382 4862; x_wconf 93' lang='lat' dir='ltr'><strong>in</strong></span> <span class='ocrx_word' id='word_1_645' title='bbox 433 4807 643 4880; x_wconf 90' lang='lat' dir='ltr'><strong>quibus</strong></span> <span class='ocrx_word' id='word_1_646' title='bbox 695 4813 890 4862; x_wconf 91' lang='lat' dir='ltr'><strong>tamen</strong></span> <span class='ocrx_word' id='word_1_647' title='bbox 919 4806 1108 4860; x_wconf 84' lang='lat' dir='ltr'><strong>rixosa</strong></span> <span class='ocrx_word' id='word_1_648' title='bbox 1132 4808 1333 4875; x_wconf 90' lang='lat' dir='ltr'><strong>multa,</strong></span> <span class='ocrx_word' id='word_1_649' title='bbox 1380 4805 1492 4859; x_wconf 90' lang='lat' dir='ltr'><strong>alia</strong></span> <span class='ocrx_word' id='word_1_650' title='bbox 1522 4805 1813 4877; x_wconf 89' lang='lat' dir='ltr'><strong>ambigua,</strong></span> <span class='ocrx_word' id='word_1_651' title='bbox 1841 4805 2017 4860; x_wconf 89' lang='lat' dir='ltr'><strong>etiam</strong></span> 
     </span>
    </p>
   </div>
   <div class='ocr_carea' id='block_1_81' title="bbox 318 4893 2018 4965">
    <p class='ocr_par' dir='ltr' id='par_1_81' title="bbox 318 4893 2018 4965">
     <span class='ocr_line' id='line_1_81' title="bbox 318 4893 2018 4965; baseline -0.001 -15"><span class='ocrx_word' id='word_1_652' title='bbox 318 4895 460 4951; x_wconf 91' lang='lat' dir='ltr'><strong>falsa</strong></span> <span class='ocrx_word' id='word_1_653' title='bbox 511 4896 809 4965; x_wconf 88' lang='lat' dir='ltr'><strong>complura</strong></span> <span class='ocrx_word' id='word_1_654' title='bbox 850 4894 1120 4950; x_wconf 89' lang='lat' dir='ltr'><strong>inveniat.</strong></span> <span class='ocrx_word' id='word_1_655' title='bbox 1181 4895 1324 4948; x_wconf 92' lang='lat' dir='ltr'><strong>Nam</strong></span> <span class='ocrx_word' id='word_1_656' title='bbox 1371 4893 1418 4947; x_wconf 88' lang='lat' dir='ltr'><strong>si</strong></span> <span class='ocrx_word' id='word_1_657' title='bbox 1475 4893 1672 4948; x_wconf 90' lang='lat' dir='ltr'><strong>omnia</strong></span> <span class='ocrx_word' id='word_1_658' title='bbox 1710 4894 2018 4965; x_wconf 85' lang='lat' dir='ltr'><strong>Augustini</strong></span> 
     </span>
    </p>
   </div>
   <div class='ocr_carea' id='block_1_82' title="bbox 319 4981 2018 5056">
    <p class='ocr_par' dir='ltr' id='par_1_82' title="bbox 319 4981 2018 5056">
     <span class='ocr_line' id='line_1_82' title="bbox 319 4981 2018 5056; baseline -0.002 -17"><span class='ocrx_word' id='word_1_659' title='bbox 319 4988 451 5039; x_wconf 90' lang='lat' dir='ltr'><strong>sunt</strong></span> <span class='ocrx_word' id='word_1_660' title='bbox 492 5000 656 5056; x_wconf 69' lang='lat' dir='ltr'><strong>aeque</strong></span> <span class='ocrx_word' id='word_1_661' title='bbox 701 5000 856 5052; x_wconf 90' lang='lat' dir='ltr'><strong>vera,</strong></span> <span class='ocrx_word' id='word_1_662' title='bbox 909 4982 1048 5054; x_wconf 91' lang='lat' dir='ltr'><strong>quid</strong></span> <span class='ocrx_word' id='word_1_663' title='bbox 1084 4981 1226 5036; x_wconf 91' lang='lat' dir='ltr'><strong>mihi</strong></span> <span class='ocrx_word' id='word_1_664' title='bbox 1256 4998 1386 5037; x_wconf 91' lang='lat' dir='ltr'><strong>cum</strong></span> <span class='ocrx_word' id='word_1_665' title='bbox 1417 4981 1530 5036; x_wconf 89' lang='lat' dir='ltr'><strong>tuis</strong></span> <span class='ocrx_word' id='word_1_666' title='bbox 1570 4981 1923 5049; x_wconf 76' lang='lat' dir='ltr'><strong>veritatibus,</strong></span> <span class='ocrx_word' id='word_1_667' title='bbox 1956 4982 2018 5036; x_wconf 89' lang='lat' dir='ltr'><strong>in</strong></span> 
     </span>
    </p>
   </div>
   <div class='ocr_carea' id='block_1_83' title="bbox 319 5071 2017 5144">
    <p class='ocr_par' dir='ltr' id='par_1_83' title="bbox 319 5071 2017 5144">
     <span class='ocr_line' id='line_1_83' title="bbox 319 5071 2017 5144; baseline 0.001 -19"><span class='ocrx_word' id='word_1_668' title='bbox 319 5089 563 5142; x_wconf 89' lang='lat' dir='ltr'><strong>quarum</strong></span> <span class='ocrx_word' id='word_1_669' title='bbox 610 5072 898 5144; x_wconf 90' lang='lat' dir='ltr'><strong>plerisque</strong></span> <span class='ocrx_word' id='word_1_670' title='bbox 944 5071 1092 5126; x_wconf 90' lang='lat' dir='ltr'><strong>nihil</strong></span> <span class='ocrx_word' id='word_1_671' title='bbox 1121 5071 1426 5143; x_wconf 88' lang='lat' dir='ltr'><strong>Augustini</strong></span> <span class='ocrx_word' id='word_1_672' title='bbox 1454 5071 1619 5126; x_wconf 87' lang='lat' dir='ltr'><strong>dictis</strong></span> <span class='ocrx_word' id='word_1_673' title='bbox 1649 5071 1810 5126; x_wconf 91' lang='lat' dir='ltr'><strong>addis</strong></span> <span class='ocrx_word' id='word_1_674' title='bbox 1836 5089 1851 5138; x_wconf 87' lang='lat'><strong>;</strong></span> <span class='ocrx_word' id='word_1_675' title='bbox 1886 5088 2017 5126; x_wconf 89' lang='lat' dir='ltr'><strong>cum</strong></span> 
     </span>
    </p>
   </div>
   <div class='ocr_carea' id='block_1_84' title="bbox 317 5160 2016 5232">
    <p class='ocr_par' dir='ltr' id='par_1_84' title="bbox 317 5160 2016 5232">
     <span class='ocr_line' id='line_1_84' title="bbox 317 5160 2016 5232; baseline 0.001 -20"><span class='ocrx_word' id='word_1_676' title='bbox 317 5176 450 5214; x_wconf 87' lang='lat' dir='ltr'><strong>vero</strong></span> <span class='ocrx_word' id='word_1_677' title='bbox 503 5161 684 5230; x_wconf 86' lang='lat' dir='ltr'><strong>addis,</strong></span> <span class='ocrx_word' id='word_1_678' title='bbox 740 5161 1164 5232; x_wconf 88' lang='lat' dir='ltr'><strong>sophisticaris:</strong></span> <span class='ocrx_word' id='word_1_679' title='bbox 1209 5166 1264 5215; x_wconf 92' lang='lat' dir='ltr'><strong>et</strong></span> <span class='ocrx_word' id='word_1_680' title='bbox 1291 5177 1407 5214; x_wconf 91' lang='lat' dir='ltr'><strong>non</strong></span> <span class='ocrx_word' id='word_1_681' title='bbox 1436 5165 1498 5214; x_wconf 92' lang='lat' dir='ltr'><strong>tu</strong></span> <span class='ocrx_word' id='word_1_682' title='bbox 1529 5160 1836 5231; x_wconf 86' lang='lat' dir='ltr'><strong>Augustini</strong></span> <span class='ocrx_word' id='word_1_683' title='bbox 1867 5161 2016 5215; x_wconf 88' lang='lat' dir='ltr'><strong>veri-</strong></span> 
     </span>
    </p>
   </div>
   <div class='ocr_carea' id='block_1_85' title="bbox 319 5249 2016 5319">
    <p class='ocr_par' dir='ltr' id='par_1_85' title="bbox 319 5249 2016 5319">
     <span class='ocr_line' id='line_1_85' title="bbox 319 5249 2016 5319; baseline 0.002 -19"><span class='ocrx_word' id='word_1_684' title='bbox 319 5253 497 5301; x_wconf 89' lang='lat' dir='ltr'><strong>tatem</strong></span> <span class='ocrx_word' id='word_1_685' title='bbox 541 5249 814 5319; x_wconf 87' lang='lat' dir='ltr'><strong>sequeris,</strong></span> <span class='ocrx_word' id='word_1_686' title='bbox 877 5250 975 5305; x_wconf 91' lang='lat' dir='ltr'><strong>sed</strong></span> <span class='ocrx_word' id='word_1_687' title='bbox 1022 5249 1184 5303; x_wconf 92' lang='lat' dir='ltr'><strong>illum</strong></span> <span class='ocrx_word' id='word_1_688' title='bbox 1221 5265 1353 5303; x_wconf 90' lang='lat' dir='ltr'><strong>cum</strong></span> <span class='ocrx_word' id='word_1_689' title='bbox 1381 5249 1613 5304; x_wconf 89' lang='lat' dir='ltr'><strong>veritate</strong></span> <span class='ocrx_word' id='word_1_690' title='bbox 1645 5250 1867 5303; x_wconf 90' lang='lat' dir='ltr'><strong>obtorto</strong></span> <span class='ocrx_word' id='word_1_691' title='bbox 1897 5251 2016 5303; x_wconf 88' lang='lat' dir='ltr'><strong>col-</strong></span> 
     </span>
    </p>
   </div>
   <div class='ocr_carea' id='block_1_86' title="bbox 317 5335 2014 5408">
    <p class='ocr_par' dir='ltr' id='par_1_86' title="bbox 317 5335 2014 5408">
     <span class='ocr_line' id='line_1_86' title="bbox 317 5335 2014 5408; baseline 0 -18"><span class='ocrx_word' id='word_1_692' title='bbox 317 5335 397 5402; x_wconf 92' lang='lat' dir='ltr'><strong>lo,</strong></span> <span class='ocrx_word' id='word_1_693' title='bbox 448 5351 562 5406; x_wconf 92' lang='lat' dir='ltr'><strong>quo</strong></span> <span class='ocrx_word' id='word_1_694' title='bbox 610 5337 730 5407; x_wconf 90' lang='lat' dir='ltr'><strong>ipse</strong></span> <span class='ocrx_word' id='word_1_695' title='bbox 781 5337 865 5391; x_wconf 90' lang='lat' dir='ltr'><strong>vis</strong></span> <span class='ocrx_word' id='word_1_696' title='bbox 908 5342 1160 5408; x_wconf 89' lang='lat' dir='ltr'><strong>torques,</strong></span> <span class='ocrx_word' id='word_1_697' title='bbox 1205 5353 1413 5406; x_wconf 86' lang='lat' dir='ltr'><strong>nempe</strong></span> <span class='ocrx_word' id='word_1_698' title='bbox 1441 5338 1513 5390; x_wconf 92' lang='lat' dir='ltr'><strong>ad</strong></span> <span class='ocrx_word' id='word_1_699' title='bbox 1543 5337 1852 5391; x_wconf 89' lang='lat' dir='ltr'><strong>factionem</strong></span> <span class='ocrx_word' id='word_1_700' title='bbox 1882 5337 2014 5391; x_wconf 92' lang='lat' dir='ltr'><strong>Sco-</strong></span> 
     </span>
    </p>
   </div>
   <div class='ocr_carea' id='block_1_87' title="bbox 317 5423 2018 5490">
    <p class='ocr_par' dir='ltr' id='par_1_87' title="bbox 317 5423 2018 5490">
     <span class='ocr_line' id='line_1_87' title="bbox 317 5423 2018 5490; baseline 0.001 -13"><span class='ocrx_word' id='word_1_701' title='bbox 317 5423 510 5490; x_wconf 90' lang='lat' dir='ltr'><strong>ticam,</strong></span> <span class='ocrx_word' id='word_1_702' title='bbox 541 5427 606 5478; x_wconf 91' lang='lat' dir='ltr'><strong>ut</strong></span> <span class='ocrx_word' id='word_1_703' title='bbox 651 5427 848 5478; x_wconf 90' lang='lat' dir='ltr'><strong>contra</strong></span> <span class='ocrx_word' id='word_1_704' title='bbox 882 5425 1160 5480; x_wconf 87' lang='lat' dir='ltr'><strong>Thomam</strong></span> <span class='ocrx_word' id='word_1_705' title='bbox 1180 5425 1406 5479; x_wconf 90' lang='lat' dir='ltr'><strong>locutus</strong></span> <span class='ocrx_word' id='word_1_706' title='bbox 1429 5424 1718 5490; x_wconf 84' lang='lat' dir='ltr'><strong>videatur;</strong></span> <span class='ocrx_word' id='word_1_707' title='bbox 1760 5429 1816 5478; x_wconf 90' lang='lat' dir='ltr'><strong>et</strong></span> <span class='ocrx_word' id='word_1_708' title='bbox 1853 5440 2018 5479; x_wconf 85' lang='lat' dir='ltr'><strong>cona-</strong></span> 
     </span>
    </p>
   </div>
   <div class='ocr_carea' id='block_1_88' title="bbox 317 5511 2018 5584">
    <p class='ocr_par' dir='ltr' id='par_1_88' title="bbox 317 5511 2018 5584">
     <span class='ocr_line' id='line_1_88' title="bbox 317 5511 2018 5584; baseline 0.001 -19"><span class='ocrx_word' id='word_1_709' title='bbox 317 5511 397 5566; x_wconf 89' lang='lat' dir='ltr'><strong>ris</strong></span> <span class='ocrx_word' id='word_1_710' title='bbox 445 5511 635 5583; x_wconf 88' lang='lat' dir='ltr'><strong>ipsum</strong></span> <span class='ocrx_word' id='word_1_711' title='bbox 675 5513 867 5584; x_wconf 86' lang='lat' dir='ltr'><strong>putari</strong></span> <span class='ocrx_word' id='word_1_712' title='bbox 895 5513 1081 5568; x_wconf 88' lang='lat' dir='ltr'><strong>dicere</strong></span> <span class='ocrx_word' id='word_1_713' title='bbox 1112 5528 1242 5584; x_wconf 82' lang='lat' dir='ltr'><strong>quae</strong></span> <span class='ocrx_word' id='word_1_714' title='bbox 1273 5529 1345 5567; x_wconf 85' lang='lat' dir='ltr'><strong>ne</strong></span> <span class='ocrx_word' id='word_1_715' title='bbox 1374 5511 1646 5584; x_wconf 84' lang='lat' dir='ltr'><strong>cogitavit</strong></span> <span class='ocrx_word' id='word_1_716' title='bbox 1673 5511 1908 5583; x_wconf 88' lang='lat' dir='ltr'><strong>quidem</strong></span> <span class='ocrx_word' id='word_1_717' title='bbox 1937 5512 2018 5567; x_wconf 80' lang='lat' dir='ltr'><strong>nl-</strong></span> 
     </span>
    </p>
   </div>
   <div class='ocr_carea' id='block_1_89' title="bbox 2132 3030 3788 3106">
    <p class='ocr_par' dir='ltr' id='par_1_89' title="bbox 2132 3030 3788 3106">
     <span class='ocr_line' id='line_1_89' title="bbox 2132 3030 3788 3106; baseline -0.004 -18"><span class='ocrx_word' id='word_1_718' title='bbox 2132 3049 2235 3088; x_wconf 91' lang='lat' dir='ltr'><strong>suo</strong></span> <span class='ocrx_word' id='word_1_719' title='bbox 2259 3034 2435 3104; x_wconf 90' lang='lat' dir='ltr'><strong>addit,</strong></span> <span class='ocrx_word' id='word_1_720' title='bbox 2481 3050 2596 3088; x_wconf 92' lang='lat' dir='ltr'><strong>non</strong></span> <span class='ocrx_word' id='word_1_721' title='bbox 2625 3034 2970 3106; x_wconf 87' lang='lat' dir='ltr'><strong>peculiarius</strong></span> <span class='ocrx_word' id='word_1_722' title='bbox 3016 3035 3088 3088; x_wconf 89' lang='lat' dir='ltr'><strong>ad</strong></span> <span class='ocrx_word' id='word_1_723' title='bbox 3114 3033 3504 3105; x_wconf 90' lang='lat' dir='ltr'><strong>Augustinum</strong></span> <span class='ocrx_word' id='word_1_724' title='bbox 3529 3030 3788 3102; x_wconf 84' lang='lat' dir='ltr'><strong>pertinere,</strong></span> 
     </span>
    </p>
   </div>
   <div class='ocr_carea' id='block_1_90' title="bbox 2133 3119 3792 3194">
    <p class='ocr_par' dir='ltr' id='par_1_90' title="bbox 2133 3119 3792 3194">
     <span class='ocr_line' id='line_1_90' title="bbox 2133 3119 3792 3194; baseline -0.004 -17"><span class='ocrx_word' id='word_1_725' title='bbox 2133 3138 2308 3193; x_wconf 89' lang='lat' dir='ltr'><strong>quam</strong></span> <span class='ocrx_word' id='word_1_726' title='bbox 2334 3139 2463 3194; x_wconf 66' lang='lat' dir='ltr'><strong>qua:</strong></span> <span class='ocrx_word' id='word_1_727' title='bbox 2495 3141 2528 3177; x_wconf 91' lang='lat' dir='ltr'><strong>a</strong></span> <span class='ocrx_word' id='word_1_728' title='bbox 2553 3124 2941 3177; x_wconf 89' lang='lat' dir='ltr'><strong>summulariis</strong></span> <span class='ocrx_word' id='word_1_729' title='bbox 2969 3127 3069 3176; x_wconf 90' lang='lat' dir='ltr'><strong>aut</strong></span> <span class='ocrx_word' id='word_1_730' title='bbox 3097 3120 3488 3176; x_wconf 89' lang='lat' dir='ltr'><strong>sententiariis</strong></span> <span class='ocrx_word' id='word_1_731' title='bbox 3516 3119 3792 3174; x_wconf 87' lang='lat' dir='ltr'><strong>auctoribus</strong></span> 
     </span>
    </p>
   </div>
   <div class='ocr_carea' id='block_1_91' title="bbox 2131 3210 3790 3282">
    <p class='ocr_par' dir='ltr' id='par_1_91' title="bbox 2131 3210 3790 3282">
     <span class='ocr_line' id='line_1_91' title="bbox 2131 3210 3790 3282; baseline -0.004 -16"><span class='ocrx_word' id='word_1_732' title='bbox 2131 3212 2201 3266; x_wconf 91' lang='lat' dir='ltr'><strong>de</strong></span> <span class='ocrx_word' id='word_1_733' title='bbox 2251 3212 2535 3267; x_wconf 89' lang='lat' dir='ltr'><strong>similibus</strong></span> <span class='ocrx_word' id='word_1_734' title='bbox 2560 3213 2998 3267; x_wconf 84' lang='lat' dir='ltr'><strong>conscribuntur</strong></span> <span class='ocrx_word' id='word_1_735' title='bbox 3043 3228 3229 3282; x_wconf 87' lang='lat' dir='ltr'><strong>prope</strong></span> <span class='ocrx_word' id='word_1_736' title='bbox 3259 3210 3507 3265; x_wconf 85' lang='lat' dir='ltr'><strong>inﬁnita.</strong></span> <span class='ocrx_word' id='word_1_737' title='bbox 3540 3211 3657 3264; x_wconf 69' lang='lat' dir='ltr'><strong>Haec</strong></span> <span class='ocrx_word' id='word_1_738' title='bbox 3681 3222 3790 3278; x_wconf 85' lang='lat' dir='ltr'><strong>pau-</strong></span> 
     </span>
    </p>
   </div>
   <div class='ocr_carea' id='block_1_92' title="bbox 2132 3298 3792 3372">
    <p class='ocr_par' dir='ltr' id='par_1_92' title="bbox 2132 3298 3792 3372">
     <span class='ocr_line' id='line_1_92' title="bbox 2132 3298 3792 3372; baseline -0.003 -18"><span class='ocrx_word' id='word_1_739' title='bbox 2132 3301 2259 3355; x_wconf 90' lang='lat' dir='ltr'><strong>cula</strong></span> <span class='ocrx_word' id='word_1_740' title='bbox 2299 3301 2368 3355; x_wconf 91' lang='lat' dir='ltr'><strong>de</strong></span> <span class='ocrx_word' id='word_1_741' title='bbox 2415 3301 2827 3371; x_wconf 89' lang='lat' dir='ltr'><strong>interpretibus</strong></span> <span class='ocrx_word' id='word_1_742' title='bbox 2880 3302 3052 3372; x_wconf 90' lang='lat' dir='ltr'><strong>hujus</strong></span> <span class='ocrx_word' id='word_1_743' title='bbox 3095 3299 3294 3371; x_wconf 89' lang='lat' dir='ltr'><strong>operis</strong></span> <span class='ocrx_word' id='word_1_744' title='bbox 3341 3299 3548 3353; x_wconf 81' lang='lat' dir='ltr'><strong>dixisse</strong></span> <span class='ocrx_word' id='word_1_745' title='bbox 3587 3314 3670 3352; x_wconf 89' lang='lat' dir='ltr'><strong>me</strong></span> <span class='ocrx_word' id='word_1_746' title='bbox 3704 3298 3792 3349; x_wconf 84' lang='lat' dir='ltr'><strong>las-</strong></span> 
     </span>
    </p>
   </div>
   <div class='ocr_carea' id='block_1_93' title="bbox 2132 3385 3790 3454">
    <p class='ocr_par' dir='ltr' id='par_1_93' title="bbox 2132 3385 3790 3454">
     <span class='ocr_line' id='line_1_93' title="bbox 2132 3385 3790 3454; baseline -0.004 -12"><span class='ocrx_word' id='word_1_747' title='bbox 2132 3405 2258 3442; x_wconf 90' lang='lat' dir='ltr'><strong>sum</strong></span> <span class='ocrx_word' id='word_1_748' title='bbox 2286 3393 2342 3443; x_wconf 91' lang='lat' dir='ltr'><strong>et</strong></span> <span class='ocrx_word' id='word_1_749' title='bbox 2391 3389 2758 3444; x_wconf 88' lang='lat' dir='ltr'><strong>festinantem</strong></span> <span class='ocrx_word' id='word_1_750' title='bbox 2796 3390 2869 3444; x_wconf 89' lang='lat' dir='ltr'><strong>ad</strong></span> <span class='ocrx_word' id='word_1_751' title='bbox 2895 3390 3006 3444; x_wconf 89' lang='lat' dir='ltr'><strong>alia</strong></span> <span class='ocrx_word' id='word_1_752' title='bbox 3044 3388 3116 3443; x_wconf 91' lang='lat' dir='ltr'><strong>sit</strong></span> <span class='ocrx_word' id='word_1_753' title='bbox 3143 3388 3309 3454; x_wconf 89' lang='lat' dir='ltr'><strong>satis,</strong></span> <span class='ocrx_word' id='word_1_754' title='bbox 3332 3392 3552 3441; x_wconf 86' lang='lat' dir='ltr'><strong>tantum</strong></span> <span class='ocrx_word' id='word_1_755' title='bbox 3588 3387 3650 3440; x_wconf 89' lang='lat' dir='ltr'><strong>ad</strong></span> <span class='ocrx_word' id='word_1_756' title='bbox 3671 3385 3790 3438; x_wconf 88' lang='lat' dir='ltr'><strong>bona</strong></span> 
     </span>
    </p>
   </div>
   <div class='ocr_carea' id='block_1_94' title="bbox 2131 3471 3790 3548">
    <p class='ocr_par' dir='ltr' id='par_1_94' title="bbox 2131 3471 3790 3548">
     <span class='ocr_line' id='line_1_94' title="bbox 2131 3471 3790 3548; baseline -0.004 -17"><span class='ocrx_word' id='word_1_757' title='bbox 2131 3476 2366 3548; x_wconf 90' lang='lat' dir='ltr'><strong>ingenia</strong></span> <span class='ocrx_word' id='word_1_758' title='bbox 2410 3477 2978 3533; x_wconf 87' lang='lat' dir='ltr'><strong>commonefacienda</strong></span> <span class='ocrx_word' id='word_1_759' title='bbox 3015 3493 3131 3532; x_wconf 91' lang='lat' dir='ltr'><strong>non</strong></span> <span class='ocrx_word' id='word_1_760' title='bbox 3159 3493 3258 3531; x_wconf 90' lang='lat' dir='ltr'><strong>me</strong></span> <span class='ocrx_word' id='word_1_761' title='bbox 3288 3475 3530 3531; x_wconf 91' lang='lat' dir='ltr'><strong>omnino</strong></span> <span class='ocrx_word' id='word_1_762' title='bbox 3556 3475 3611 3529; x_wconf 89' lang='lat' dir='ltr'><strong>in</strong></span> <span class='ocrx_word' id='word_1_763' title='bbox 3636 3473 3712 3528; x_wconf 87' lang='lat' dir='ltr'><strong>his</strong></span> <span class='ocrx_word' id='word_1_764' title='bbox 3736 3471 3790 3525; x_wconf 91' lang='lat' dir='ltr'><strong>li-</strong></span> 
     </span>
    </p>
   </div>
   <div class='ocr_carea' id='block_1_95' title="bbox 2131 3566 2677 3638">
    <p class='ocr_par' dir='ltr' id='par_1_95' title="bbox 2131 3566 2677 3638">
     <span class='ocr_line' id='line_1_95' title="bbox 2131 3566 2677 3638; baseline 0.004 -18"><span class='ocrx_word' id='word_1_765' title='bbox 2131 3566 2248 3620; x_wconf 89' lang='lat' dir='ltr'><strong>bris</strong></span> <span class='ocrx_word' id='word_1_766' title='bbox 2265 3571 2455 3621; x_wconf 91' lang='lat' dir='ltr'><strong>actum</strong></span> <span class='ocrx_word' id='word_1_767' title='bbox 2473 3567 2677 3638; x_wconf 80' lang='lat' dir='ltr'><strong>egisse.</strong></span> 
     </span>
    </p>
   </div>
   <div class='ocr_carea' id='block_1_96' title="bbox 2367 3656 3594 3726">
    <p class='ocr_par' dir='ltr' id='par_1_96' title="bbox 2367 3656 3594 3726">
     <span class='ocr_line' id='line_1_96' title="bbox 2367 3656 3594 3726; baseline 0.005 -17"><span class='ocrx_word' id='word_1_768' title='bbox 2367 3656 2635 3719; x_wconf 87' lang='lat' dir='ltr'><strong>QUINAM</strong></span> <span class='ocrx_word' id='word_1_769' title='bbox 2668 3657 2992 3712; x_wconf 75' lang='lat' dir='ltr'><strong>HOMINUM</strong></span> <span class='ocrx_word' id='word_1_770' title='bbox 3023 3659 3335 3716; x_wconf 82' lang='lat' dir='ltr'><strong>FUERINT</strong></span> <span class='ocrx_word' id='word_1_771' title='bbox 3367 3661 3594 3726; x_wconf 83' lang='lat' dir='ltr'><strong>GOTHI,</strong></span> 
     </span>
    </p>
   </div>
   <div class='ocr_carea' id='block_1_97' title="bbox 2521 3761 3428 3806">
    <p class='ocr_par' dir='ltr' id='par_1_97' title="bbox 2521 3761 3428 3806">
     <span class='ocr_line' id='line_1_97' title="bbox 2521 3761 3428 3806; baseline 0.007 -8"><span class='ocrx_word' id='word_1_772' title='bbox 2521 3761 2584 3798; x_wconf 83' lang='lat' dir='ltr'><strong>ET</strong></span> <span class='ocrx_word' id='word_1_773' title='bbox 2609 3761 2868 3805; x_wconf 76' lang='lat' dir='ltr'><strong>QUOMODO</strong></span> <span class='ocrx_word' id='word_1_774' title='bbox 2907 3763 3090 3801; x_wconf 61' lang='lat' dir='ltr'><strong>8031A)!</strong></span> <span class='ocrx_word' id='word_1_775' title='bbox 3138 3763 3428 3806; x_wconf 73' lang='lat' dir='ltr'><strong>CEPERINT.</strong></span> 
     </span>
    </p>
   </div>
   <div class='ocr_carea' id='block_1_98' title="bbox 2202 3831 3794 3910">
    <p class='ocr_par' dir='ltr' id='par_1_98' title="bbox 2202 3831 3794 3910">
     <span class='ocr_line' id='line_1_98' title="bbox 2202 3831 3794 3910; baseline -0.002 -25"><span class='ocrx_word' id='word_1_776' title='bbox 2202 3832 2345 3886; x_wconf 88' lang='lat' dir='ltr'><strong>Cum</strong></span> <span class='ocrx_word' id='word_1_777' title='bbox 2395 3833 2750 3902; x_wconf 88' lang='lat' dir='ltr'><strong>Augustinus</strong></span> <span class='ocrx_word' id='word_1_778' title='bbox 2804 3850 2870 3887; x_wconf 81' lang='lat' dir='ltr'><strong>ex</strong></span> <span class='ocrx_word' id='word_1_779' title='bbox 2915 3835 3178 3890; x_wconf 82' lang='lat' dir='ltr'><strong>Romana</strong></span> <span class='ocrx_word' id='word_1_780' title='bbox 3228 3839 3554 3910; x_wconf 87' lang='lat' dir='ltr'><strong>captivitate</strong></span> <span class='ocrx_word' id='word_1_781' title='bbox 3595 3831 3794 3890; x_wconf 84' lang='lat' dir='ltr'><strong>occasiu-</strong></span> 
     </span>
    </p>
   </div>
   <div class='ocr_carea' id='block_1_99' title="bbox 2133 3921 3794 3992">
    <p class='ocr_par' dir='ltr' id='par_1_99' title="bbox 2133 3921 3794 3992">
     <span class='ocr_line' id='line_1_99' title="bbox 2133 3921 3794 3992; baseline 0.001 -19"><span class='ocrx_word' id='word_1_782' title='bbox 2133 3936 2263 3974; x_wconf 89' lang='lat' dir='ltr'><strong>nem</strong></span> <span class='ocrx_word' id='word_1_783' title='bbox 2317 3921 2625 3992; x_wconf 88' lang='lat' dir='ltr'><strong>sumpserit</strong></span> <span class='ocrx_word' id='word_1_784' title='bbox 2677 3922 2960 3977; x_wconf 90' lang='lat' dir='ltr'><strong>scribendi</strong></span> <span class='ocrx_word' id='word_1_785' title='bbox 3011 3925 3080 3978; x_wconf 87' lang='lat' dir='ltr'><strong>de</strong></span> <span class='ocrx_word' id='word_1_786' title='bbox 3135 3926 3385 3983; x_wconf 89' lang='lat' dir='ltr'><strong>Civitate</strong></span> <span class='ocrx_word' id='word_1_787' title='bbox 3424 3927 3544 3992; x_wconf 91' lang='lat' dir='ltr'><strong>Dei,</strong></span> <span class='ocrx_word' id='word_1_788' title='bbox 3571 3930 3629 3979; x_wconf 89' lang='lat' dir='ltr'><strong>ut</strong></span> <span class='ocrx_word' id='word_1_789' title='bbox 3652 3922 3710 3976; x_wconf 86' lang='lat' dir='ltr'><strong>iis</strong></span> <span class='ocrx_word' id='word_1_790' title='bbox 3734 3933 3794 3971; x_wconf 82' lang='lat' dir='ltr'><strong>re-</strong></span> 
     </span>
    </p>
   </div>
   <div class='ocr_carea' id='block_1_100' title="bbox 2131 4009 3794 4087">
    <p class='ocr_par' dir='ltr' id='par_1_100' title="bbox 2131 4009 3794 4087">
     <span class='ocr_line' id='line_1_100' title="bbox 2131 4009 3794 4087; baseline 0 -24"><span class='ocrx_word' id='word_1_791' title='bbox 2131 4009 2435 4077; x_wconf 88' lang='lat' dir='ltr'><strong>sponderet</strong></span> <span class='ocrx_word' id='word_1_792' title='bbox 2464 4009 2564 4080; x_wconf 92' lang='lat' dir='ltr'><strong>qui</strong></span> <span class='ocrx_word' id='word_1_793' title='bbox 2593 4027 2720 4064; x_wconf 89' lang='lat' dir='ltr'><strong>eam</strong></span> <span class='ocrx_word' id='word_1_794' title='bbox 2746 4011 2968 4066; x_wconf 91' lang='lat' dir='ltr'><strong>cladem</strong></span> <span class='ocrx_word' id='word_1_795' title='bbox 2997 4014 3340 4071; x_wconf 66' lang='lat' dir='ltr'><strong>Christianas</strong></span> <span class='ocrx_word' id='word_1_796' title='bbox 3364 4013 3625 4087; x_wconf 88' lang='lat' dir='ltr'><strong>religioni</strong></span> <span class='ocrx_word' id='word_1_797' title='bbox 3647 4011 3794 4079; x_wconf 85' lang='lat' dir='ltr'><strong>impu-</strong></span> 
     </span>
    </p>
   </div>
   <div class='ocr_carea' id='block_1_101' title="bbox 2129 4096 3793 4171">
    <p class='ocr_par' dir='ltr' id='par_1_101' title="bbox 2129 4096 3793 4171">
     <span class='ocr_line' id='line_1_101' title="bbox 2129 4096 3793 4171; baseline 0 -20"><span class='ocrx_word' id='word_1_798' title='bbox 2129 4098 2345 4167; x_wconf 87' lang='lat' dir='ltr'><strong>tabant,</strong></span> <span class='ocrx_word' id='word_1_799' title='bbox 2392 4115 2582 4168; x_wconf 65' lang='lat' dir='ltr'><strong>operas</strong></span> <span class='ocrx_word' id='word_1_800' title='bbox 2609 4099 2862 4169; x_wconf 90' lang='lat' dir='ltr'><strong>pretium</strong></span> <span class='ocrx_word' id='word_1_801' title='bbox 2899 4101 3006 4155; x_wconf 88' lang='lat' dir='ltr'><strong>erit</strong></span> <span class='ocrx_word' id='word_1_802' title='bbox 3033 4103 3207 4157; x_wconf 90' lang='lat' dir='ltr'><strong>altius</strong></span> <span class='ocrx_word' id='word_1_803' title='bbox 3239 4105 3570 4159; x_wconf 88' lang='lat' dir='ltr'><strong>narratione</strong></span> <span class='ocrx_word' id='word_1_804' title='bbox 3599 4096 3793 4171; x_wconf 78' lang='lat' dir='ltr'><strong>repetita</strong></span> 
     </span>
    </p>
   </div>
   <div class='ocr_carea' id='block_1_102' title="bbox 2130 4183 3792 4263">
    <p class='ocr_par' dir='ltr' id='par_1_102' title="bbox 2130 4183 3792 4263">
     <span class='ocr_line' id='line_1_102' title="bbox 2130 4183 3792 4263; baseline -0.001 -25"><span class='ocrx_word' id='word_1_805' title='bbox 2130 4185 2433 4255; x_wconf 82' lang='lat' dir='ltr'><strong>explicare,</strong></span> <span class='ocrx_word' id='word_1_806' title='bbox 2465 4187 2701 4257; x_wconf 88' lang='lat' dir='ltr'><strong>quinam</strong></span> <span class='ocrx_word' id='word_1_807' title='bbox 2732 4188 3035 4244; x_wconf 91' lang='lat' dir='ltr'><strong>hominum</strong></span> <span class='ocrx_word' id='word_1_808' title='bbox 3063 4191 3287 4248; x_wconf 89' lang='lat' dir='ltr'><strong>fuerint</strong></span> <span class='ocrx_word' id='word_1_809' title='bbox 3327 4193 3517 4259; x_wconf 89' lang='lat' dir='ltr'><strong>Gothi,</strong></span> <span class='ocrx_word' id='word_1_810' title='bbox 3549 4183 3792 4263; x_wconf 89' lang='lat' dir='ltr'><strong>quomodo</strong></span> 
     </span>
    </p>
   </div>
   <div class='ocr_carea' id='block_1_103' title="bbox 2129 4273 3794 4353">
    <p class='ocr_par' dir='ltr' id='par_1_103' title="bbox 2129 4273 3794 4353">
     <span class='ocr_line' id='line_1_103' title="bbox 2129 4273 3794 4353; baseline -0.001 -26"><span class='ocrx_word' id='word_1_811' title='bbox 2129 4273 2190 4327; x_wconf 90' lang='lat' dir='ltr'><strong>in</strong></span> <span class='ocrx_word' id='word_1_812' title='bbox 2225 4275 2448 4329; x_wconf 87' lang='lat' dir='ltr'><strong>Italiam</strong></span> <span class='ocrx_word' id='word_1_813' title='bbox 2493 4277 2774 4344; x_wconf 89' lang='lat' dir='ltr'><strong>venerint,</strong></span> <span class='ocrx_word' id='word_1_814' title='bbox 2851 4278 3177 4351; x_wconf 89' lang='lat' dir='ltr'><strong>Urbemque</strong></span> <span class='ocrx_word' id='word_1_815' title='bbox 3243 4283 3526 4353; x_wconf 90' lang='lat' dir='ltr'><strong>ceperint.</strong></span> <span class='ocrx_word' id='word_1_816' title='bbox 3581 4278 3794 4334; x_wconf 89' lang='lat' dir='ltr'><strong>Primum</strong></span> 
     </span>
    </p>
   </div>
   <div class='ocr_carea' id='block_1_104' title="bbox 2127 4363 3793 4441">
    <p class='ocr_par' dir='ltr' id='par_1_104' title="bbox 2127 4363 3793 4441">
     <span class='ocr_line' id='line_1_104' title="bbox 2127 4363 3793 4441; baseline 0 -25"><span class='ocrx_word' id='word_1_817' title='bbox 2127 4363 2388 4417; x_wconf 91' lang='lat' dir='ltr'><strong>omnium</strong></span> <span class='ocrx_word' id='word_1_818' title='bbox 2431 4363 2552 4418; x_wconf 80' lang='lat' dir='ltr'><strong>fere</strong></span> <span class='ocrx_word' id='word_1_819' title='bbox 2603 4365 2765 4420; x_wconf 92' lang='lat' dir='ltr'><strong>video</strong></span> <span class='ocrx_word' id='word_1_820' title='bbox 2811 4372 3092 4429; x_wconf 78' lang='lat' dir='ltr'><strong>constare.</strong></span> <span class='ocrx_word' id='word_1_821' title='bbox 3145 4386 3299 4440; x_wconf 90' lang='lat' dir='ltr'><strong>quos</strong></span> <span class='ocrx_word' id='word_1_822' title='bbox 3371 4369 3646 4441; x_wconf 89' lang='lat' dir='ltr'><strong>posterior</strong></span> <span class='ocrx_word' id='word_1_823' title='bbox 3688 4367 3793 4416; x_wconf 73' lang='lat' dir='ltr'><strong>aetas</strong></span> 
     </span>
    </p>
   </div>
   <div class='ocr_carea' id='block_1_105' title="bbox 2127 4451 3796 4527">
    <p class='ocr_par' dir='ltr' id='par_1_105' title="bbox 2127 4451 3796 4527">
     <span class='ocr_line' id='line_1_105' title="bbox 2127 4451 3796 4527; baseline 0.001 -23"><span class='ocrx_word' id='word_1_824' title='bbox 2127 4451 2372 4520; x_wconf 73' lang='lat' dir='ltr'><strong>Gothos,</strong></span> <span class='ocrx_word' id='word_1_825' title='bbox 2407 4451 2659 4522; x_wconf 89' lang='lat' dir='ltr'><strong>priorem</strong></span> <span class='ocrx_word' id='word_1_826' title='bbox 2708 4456 2871 4509; x_wconf 86' lang='lat' dir='ltr'><strong>Getas</strong></span> <span class='ocrx_word' id='word_1_827' title='bbox 2919 4472 3358 4527; x_wconf 88' lang='lat' dir='ltr'><strong>nuncupasse,:</strong></span> <span class='ocrx_word' id='word_1_828' title='bbox 3411 4463 3473 4512; x_wconf 92' lang='lat' dir='ltr'><strong>ut</strong></span> <span class='ocrx_word' id='word_1_829' title='bbox 3519 4457 3617 4511; x_wconf 91' lang='lat' dir='ltr'><strong>illa</strong></span> <span class='ocrx_word' id='word_1_830' title='bbox 3651 4464 3796 4524; x_wconf 74' lang='lat' dir='ltr'><strong>pauca</strong></span> 
     </span>
    </p>
   </div>
   <div class='ocr_carea' id='block_1_106' title="bbox 2127 4539 3794 4616">
    <p class='ocr_par' dir='ltr' id='par_1_106' title="bbox 2127 4539 3794 4616">
     <span class='ocr_line' id='line_1_106' title="bbox 2127 4539 3794 4616; baseline 0 -24"><span class='ocrx_word' id='word_1_831' title='bbox 2127 4555 2192 4592; x_wconf 84' lang='lat' dir='ltr'><strong>ex</strong></span> <span class='ocrx_word' id='word_1_832' title='bbox 2237 4539 2436 4609; x_wconf 88' lang='lat' dir='ltr'><strong>priscis</strong></span> <span class='ocrx_word' id='word_1_833' title='bbox 2485 4541 2772 4595; x_wconf 89' lang='lat' dir='ltr'><strong>vocabulis</strong></span> <span class='ocrx_word' id='word_1_834' title='bbox 2826 4558 2945 4597; x_wconf 90' lang='lat' dir='ltr'><strong>non</strong></span> <span class='ocrx_word' id='word_1_835' title='bbox 3003 4546 3282 4616; x_wconf 82' lang='lat' dir='ltr'><strong>corrupit.</strong></span> <span class='ocrx_word' id='word_1_836' title='bbox 3329 4546 3420 4600; x_wconf 92' lang='lat' dir='ltr'><strong>Sic</strong></span> <span class='ocrx_word' id='word_1_837' title='bbox 3480 4541 3705 4599; x_wconf 86' lang='lat' dir='ltr'><strong>Rutilius</strong></span> <span class='ocrx_word' id='word_1_838' title='bbox 3753 4541 3794 4587; x_wconf 72' lang='lat' dir='ltr'><strong>et</strong></span> 
     </span>
    </p>
   </div>
   <div class='ocr_carea' id='block_1_107' title="bbox 2128 4627 3795 4705">
    <p class='ocr_par' dir='ltr' id='par_1_107' title="bbox 2128 4627 3795 4705">
     <span class='ocr_line' id='line_1_107' title="bbox 2128 4627 3795 4705; baseline -0.004 -23"><span class='ocrx_word' id='word_1_839' title='bbox 2128 4627 2472 4682; x_wconf 86' lang='lat' dir='ltr'><strong>Claudianus</strong></span> <span class='ocrx_word' id='word_1_840' title='bbox 2523 4633 2728 4700; x_wconf 83' lang='lat' dir='ltr'><strong>poetae,</strong></span> <span class='ocrx_word' id='word_1_841' title='bbox 2781 4647 2911 4685; x_wconf 88' lang='lat' dir='ltr'><strong>cum</strong></span> <span class='ocrx_word' id='word_1_842' title='bbox 2963 4633 3032 4687; x_wconf 90' lang='lat' dir='ltr'><strong>de</strong></span> <span class='ocrx_word' id='word_1_843' title='bbox 3065 4635 3269 4688; x_wconf 89' lang='lat' dir='ltr'><strong>Gothis</strong></span> <span class='ocrx_word' id='word_1_844' title='bbox 3303 4636 3636 4705; x_wconf 88' lang='lat' dir='ltr'><strong>loquuntur,</strong></span> <span class='ocrx_word' id='word_1_845' title='bbox 3665 4631 3795 4682; x_wconf 81' lang='lat' dir='ltr'><strong>Getas</strong></span> 
     </span>
    </p>
   </div>
   <div class='ocr_carea' id='block_1_108' title="bbox 2128 4715 3793 4788">
    <p class='ocr_par' dir='ltr' id='par_1_108' title="bbox 2128 4715 3793 4788">
     <span class='ocr_line' id='line_1_108' title="bbox 2128 4715 3793 4788; baseline -0.004 -19"><span class='ocrx_word' id='word_1_846' title='bbox 2128 4732 2225 4770; x_wconf 92' lang='lat' dir='ltr'><strong>eos</strong></span> <span class='ocrx_word' id='word_1_847' title='bbox 2275 4732 2498 4788; x_wconf 89' lang='lat' dir='ltr'><strong>semper</strong></span> <span class='ocrx_word' id='word_1_848' title='bbox 2555 4719 2876 4774; x_wconf 86' lang='lat' dir='ltr'><strong>nominant.</strong></span> <span class='ocrx_word' id='word_1_849' title='bbox 2937 4721 3166 4776; x_wconf 90' lang='lat' dir='ltr'><strong>Orosius</strong></span> <span class='ocrx_word' id='word_1_850' title='bbox 3220 4723 3428 4778; x_wconf 91' lang='lat' dir='ltr'><strong>itidem</strong></span> <span class='ocrx_word' id='word_1_851' title='bbox 3465 4723 3526 4776; x_wconf 92' lang='lat' dir='ltr'><strong>in</strong></span> <span class='ocrx_word' id='word_1_852' title='bbox 3562 4715 3793 4775; x_wconf 85' lang='lat' dir='ltr'><strong>Historia:</strong></span> 
     </span>
    </p>
   </div>
   <div class='ocr_carea' id='block_1_109' title="bbox 2128 4801 3796 4882">
    <p class='ocr_par' dir='ltr' id='par_1_109' title="bbox 2128 4801 3796 4882">
     <span class='ocr_line' id='line_1_109' title="bbox 2128 4801 3796 4882; baseline -0.002 -23"><span class='ocrx_word' id='word_1_853' title='bbox 2128 4806 2302 4871; x_wconf 63' lang='lat' dir='ltr'><strong>Getae,</strong></span> <span class='ocrx_word' id='word_1_854' title='bbox 2351 4804 2556 4876; x_wconf 87' lang='lat' dir='ltr'><strong>inquit,</strong></span> <span class='ocrx_word' id='word_1_855' title='bbox 2603 4806 2704 4877; x_wconf 91' lang='lat' dir='ltr'><strong>qui</strong></span> <span class='ocrx_word' id='word_1_856' title='bbox 2751 4824 2904 4862; x_wconf 93' lang='lat' dir='ltr'><strong>nunc</strong></span> <span class='ocrx_word' id='word_1_857' title='bbox 2957 4810 3124 4863; x_wconf 83' lang='lat' dir='ltr'><strong>Gothi</strong></span> <span class='ocrx_word' id='word_1_858' title='bbox 3179 4827 3332 4882; x_wconf 90' lang='lat' dir='ltr'><strong>quos</strong></span> <span class='ocrx_word' id='word_1_859' title='bbox 3375 4808 3683 4866; x_wconf 84' lang='lat' dir='ltr'><strong>Alexander</strong></span> <span class='ocrx_word' id='word_1_860' title='bbox 3705 4801 3796 4856; x_wconf 76' lang='lat' dir='ltr'><strong>evi-</strong></span> 
     </span>
    </p>
   </div>
   <div class='ocr_carea' id='block_1_110' title="bbox 2126 4892 3796 4968">
    <p class='ocr_par' dir='ltr' id='par_1_110' title="bbox 2126 4892 3796 4968">
     <span class='ocr_line' id='line_1_110' title="bbox 2126 4892 3796 4968; baseline 0.001 -22"><span class='ocrx_word' id='word_1_861' title='bbox 2126 4892 2329 4947; x_wconf 91' lang='lat' dir='ltr'><strong>tandos</strong></span> <span class='ocrx_word' id='word_1_862' title='bbox 2374 4895 2783 4963; x_wconf 79' lang='lat' dir='ltr'><strong>pronuntiavit,</strong></span> <span class='ocrx_word' id='word_1_863' title='bbox 2829 4898 3081 4968; x_wconf 79' lang='lat' dir='ltr'><strong>Pyrrhus</strong></span> <span class='ocrx_word' id='word_1_864' title='bbox 3123 4899 3454 4968; x_wconf 82' lang='lat' dir='ltr'><strong>exhorruit,</strong></span> <span class='ocrx_word' id='word_1_865' title='bbox 3505 4900 3676 4953; x_wconf 68' lang='lat' dir='ltr'><strong>Caesar</strong></span> <span class='ocrx_word' id='word_1_866' title='bbox 3715 4906 3796 4944; x_wconf 79' lang='lat' dir='ltr'><strong>au-</strong></span> 
     </span>
    </p>
   </div>
   <div class='ocr_carea' id='block_1_111' title="bbox 2126 4981 3796 5058">
    <p class='ocr_par' dir='ltr' id='par_1_111' title="bbox 2126 4981 3796 5058">
     <span class='ocr_line' id='line_1_111' title="bbox 2126 4981 3796 5058; baseline 0.001 -23"><span class='ocrx_word' id='word_1_867' title='bbox 2126 4985 2245 5036; x_wconf 89' lang='lat' dir='ltr'><strong>tem</strong></span> <span class='ocrx_word' id='word_1_868' title='bbox 2292 4981 2614 5050; x_wconf 85' lang='lat' dir='ltr'><strong>declinavit,</strong></span> <span class='ocrx_word' id='word_1_869' title='bbox 2668 4985 2877 5040; x_wconf 89' lang='lat' dir='ltr'><strong>relictis</strong></span> <span class='ocrx_word' id='word_1_870' title='bbox 2923 5003 3216 5058; x_wconf 86' lang='lat' dir='ltr'><strong>vacueque</strong></span> <span class='ocrx_word' id='word_1_871' title='bbox 3271 4987 3439 5042; x_wconf 89' lang='lat' dir='ltr'><strong>factis</strong></span> <span class='ocrx_word' id='word_1_872' title='bbox 3477 4984 3707 5047; x_wconf 88' lang='lat' dir='ltr'><strong>sedibus,</strong></span> <span class='ocrx_word' id='word_1_873' title='bbox 3747 4992 3796 5029; x_wconf 81' lang='lat' dir='ltr'><strong>ac</strong></span> 
     </span>
    </p>
   </div>
   <div class='ocr_carea' id='block_1_112' title="bbox 2127 5067 3796 5147">
    <p class='ocr_par' dir='ltr' id='par_1_112' title="bbox 2127 5067 3796 5147">
     <span class='ocr_line' id='line_1_112' title="bbox 2127 5067 3796 5147; baseline -0.003 -23"><span class='ocrx_word' id='word_1_874' title='bbox 2127 5069 2263 5124; x_wconf 89' lang='lat' dir='ltr'><strong>totis</strong></span> <span class='ocrx_word' id='word_1_875' title='bbox 2309 5070 2530 5126; x_wconf 86' lang='lat' dir='ltr'><strong>viribus</strong></span> <span class='ocrx_word' id='word_1_876' title='bbox 2578 5073 2688 5126; x_wconf 89' lang='lat' dir='ltr'><strong>tuti</strong></span> <span class='ocrx_word' id='word_1_877' title='bbox 2733 5075 3019 5130; x_wconf 82' lang='lat' dir='ltr'><strong>Romanas</strong></span> <span class='ocrx_word' id='word_1_878' title='bbox 3052 5075 3304 5146; x_wconf 83' lang='lat' dir='ltr'><strong>ingressi</strong></span> <span class='ocrx_word' id='word_1_879' title='bbox 3331 5075 3662 5147; x_wconf 85' lang='lat' dir='ltr'><strong>provincias.</strong></span> <span class='ocrx_word' id='word_1_880' title='bbox 3693 5067 3796 5122; x_wconf 86' lang='lat' dir='ltr'><strong>llie-</strong></span> 
     </span>
    </p>
   </div>
   <div class='ocr_carea' id='block_1_113' title="bbox 2126 5153 3796 5230">
    <p class='ocr_par' dir='ltr' id='par_1_113' title="bbox 2126 5153 3796 5230">
     <span class='ocr_line' id='line_1_113' title="bbox 2126 5153 3796 5230; baseline 0 -18"><span class='ocrx_word' id='word_1_881' title='bbox 2126 5174 2401 5228; x_wconf 83' lang='lat' dir='ltr'><strong>ronymus</strong></span> <span class='ocrx_word' id='word_1_882' title='bbox 2448 5159 2511 5213; x_wconf 90' lang='lat' dir='ltr'><strong>in</strong></span> <span class='ocrx_word' id='word_1_883' title='bbox 2559 5161 2843 5230; x_wconf 89' lang='lat' dir='ltr'><strong>Genesim,</strong></span> <span class='ocrx_word' id='word_1_884' title='bbox 2902 5165 3112 5219; x_wconf 86' lang='lat' dir='ltr'><strong>Gothos</strong></span> <span class='ocrx_word' id='word_1_885' title='bbox 3163 5165 3239 5219; x_wconf 90' lang='lat' dir='ltr'><strong>ab</strong></span> <span class='ocrx_word' id='word_1_886' title='bbox 3291 5164 3536 5220; x_wconf 87' lang='lat' dir='ltr'><strong>eruditis</strong></span> <span class='ocrx_word' id='word_1_887' title='bbox 3580 5153 3796 5228; x_wconf 82' lang='lat' dir='ltr'><strong>antiquis</strong></span> 
     </span>
    </p>
   </div>
   <div class='ocr_carea' id='block_1_114' title="bbox 2128 5241 3797 5314">
    <p class='ocr_par' dir='ltr' id='par_1_114' title="bbox 2128 5241 3797 5314">
     <span class='ocr_line' id='line_1_114' title="bbox 2128 5241 3797 5314; baseline 0 -13"><span class='ocrx_word' id='word_1_888' title='bbox 2128 5250 2292 5302; x_wconf 89' lang='lat' dir='ltr'><strong>Getas</strong></span> <span class='ocrx_word' id='word_1_889' title='bbox 2337 5249 2665 5304; x_wconf 88' lang='lat' dir='ltr'><strong>nominatos</strong></span> <span class='ocrx_word' id='word_1_890' title='bbox 2717 5268 2836 5305; x_wconf 89' lang='lat' dir='ltr'><strong>esse</strong></span> <span class='ocrx_word' id='word_1_891' title='bbox 2888 5257 3148 5308; x_wconf 90' lang='lat' dir='ltr'><strong>testatur.</strong></span> <span class='ocrx_word' id='word_1_892' title='bbox 3199 5256 3362 5309; x_wconf 67' lang='lat' dir='ltr'><strong>Getas</strong></span> <span class='ocrx_word' id='word_1_893' title='bbox 3402 5269 3535 5306; x_wconf 86' lang='lat' dir='ltr'><strong>vero</strong></span> <span class='ocrx_word' id='word_1_894' title='bbox 3573 5241 3797 5314; x_wconf 80' lang='lat' dir='ltr'><strong>suntqui</strong></span> 
     </span>
    </p>
   </div>
   <div class='ocr_carea' id='block_1_115' title="bbox 2126 5333 3799 5409">
    <p class='ocr_par' dir='ltr' id='par_1_115' title="bbox 2126 5333 3799 5409">
     <span class='ocr_line' id='line_1_115' title="bbox 2126 5333 3799 5409; baseline 0.001 -19"><span class='ocrx_word' id='word_1_895' title='bbox 2126 5336 2274 5390; x_wconf 91' lang='lat' dir='ltr'><strong>circa</strong></span> <span class='ocrx_word' id='word_1_896' title='bbox 2333 5338 2536 5392; x_wconf 89' lang='lat' dir='ltr'><strong>Istrum</strong></span> <span class='ocrx_word' id='word_1_897' title='bbox 2595 5338 2835 5393; x_wconf 88' lang='lat' dir='ltr'><strong>ﬂuvium</strong></span> <span class='ocrx_word' id='word_1_898' title='bbox 2884 5339 3192 5409; x_wconf 87' lang='lat' dir='ltr'><strong>habitant,</strong></span> <span class='ocrx_word' id='word_1_899' title='bbox 3251 5348 3317 5396; x_wconf 93' lang='lat' dir='ltr'><strong>ut</strong></span> <span class='ocrx_word' id='word_1_900' title='bbox 3380 5344 3634 5396; x_wconf 87' lang='lat' dir='ltr'><strong>auctores</strong></span> <span class='ocrx_word' id='word_1_901' title='bbox 3689 5333 3799 5387; x_wconf 67' lang='lat' dir='ltr'><strong>sunt</strong></span> 
     </span>
    </p>
   </div>
   <div class='ocr_carea' id='block_1_116' title="bbox 2125 5425 3795 5502">
    <p class='ocr_par' dir='ltr' id='par_1_116' title="bbox 2125 5425 3795 5502">
     <span class='ocr_line' id='line_1_116' title="bbox 2125 5425 3795 5502; baseline -0.001 -22"><span class='ocrx_word' id='word_1_902' title='bbox 2125 5425 2346 5496; x_wconf 90' lang='lat' dir='ltr'><strong>Strabo,</strong></span> <span class='ocrx_word' id='word_1_903' title='bbox 2382 5427 2545 5493; x_wconf 85' lang='lat' dir='ltr'><strong>Mela,</strong></span> <span class='ocrx_word' id='word_1_904' title='bbox 2580 5427 2820 5495; x_wconf 90' lang='lat' dir='ltr'><strong>Plinius,</strong></span> <span class='ocrx_word' id='word_1_905' title='bbox 2853 5435 2910 5484; x_wconf 92' lang='lat' dir='ltr'><strong>et</strong></span> <span class='ocrx_word' id='word_1_906' title='bbox 2939 5430 3072 5498; x_wconf 89' lang='lat' dir='ltr'><strong>alii;</strong></span> <span class='ocrx_word' id='word_1_907' title='bbox 3101 5430 3341 5502; x_wconf 89' lang='lat' dir='ltr'><strong>lateque</strong></span> <span class='ocrx_word' id='word_1_908' title='bbox 3371 5430 3660 5500; x_wconf 88' lang='lat' dir='ltr'><strong>regionem</strong></span> <span class='ocrx_word' id='word_1_909' title='bbox 3685 5438 3795 5494; x_wconf 80' lang='lat' dir='ltr'><strong>pos-</strong></span> 
     </span>
    </p>
   </div>
   <div class='ocr_carea' id='block_1_117' title="bbox 2125 5512 3792 5589">
    <p class='ocr_par' dir='ltr' id='par_1_117' title="bbox 2125 5512 3792 5589">
     <span class='ocr_line' id='line_1_117' title="bbox 2125 5512 3792 5589; baseline -0.004 -21"><span class='ocrx_word' id='word_1_910' title='bbox 2125 5513 2312 5570; x_wconf 86' lang='lat' dir='ltr'><strong>sident</strong></span> <span class='ocrx_word' id='word_1_911' title='bbox 2337 5514 2612 5571; x_wconf 88' lang='lat' dir='ltr'><strong>incultam</strong></span> <span class='ocrx_word' id='word_1_912' title='bbox 2643 5531 2852 5588; x_wconf 85' lang='lat' dir='ltr'><strong>magna</strong></span> <span class='ocrx_word' id='word_1_913' title='bbox 2878 5523 3061 5588; x_wconf 88' lang='lat' dir='ltr'><strong>parte,</strong></span> <span class='ocrx_word' id='word_1_914' title='bbox 3093 5523 3148 5573; x_wconf 90' lang='lat' dir='ltr'><strong>et</strong></span> <span class='ocrx_word' id='word_1_915' title='bbox 3178 5517 3478 5589; x_wconf 88' lang='lat' dir='ltr'><strong>rigoribus</strong></span> <span class='ocrx_word' id='word_1_916' title='bbox 3515 5512 3792 5570; x_wconf 83' lang='lat' dir='ltr'><strong>immitem:</strong></span> 
     </span>
    </p>
   </div>
  </div>
