3920 6180
109 267 192 317 453

814 252 1174 308 νΑιιιοιωΜ
1214 252 1809 310 ΕΧΕΒΟΙΤΑΤΙΟΝΕΞ
1848 254 1915 307 ΙΝ
1957 255 2017 308 S.
2064 255 2360 311 AUGUSTI

1214 252 1809 310 EXERCITATIONES
1848 254 1915 307 ΙΝ
1957 255 2017 308 S.
2064 255 2436 311 AUGUSTINI
2474 253 2739 311 OPERA'

3435 261 3539 317 454

107 377 359 443 tenentque
395 368 656 424 ulteriora
695 334 828 422 lstri
880 369 951 423 ad
1007 368 1314 440 Scythiam,
1374 372 1431 424 et
1476 369 1740 425 citeriora
1764 372 1805 426 A
1847 370 2061 442 iniquis
2085 387 2285 442 pacem
2314 388 2445 426 cum
2498 371 2611 426 illis
2653 374 2947 429 fecerunt:
2980 391 3154 446 quam
3209 378 3376 431 Gothi
3422 396 3539 433 non

109 465 163 519 ad
191 458 464 525 Thraciam,
493 457 587 512 ubi
608 458 837 525 Tomus,
886 457 1072 511 Ovidii
1136 457 1279 512 vatis
1330 458 1527 512 exsilio
1558 460 1731 529 clara,

112 548 411 624 quiseapud
441 548 601 602 Getas
648 562 819 617 agere
862 563 981 600 non
1032 548 1206 600 semel
1254 546 1314 600 in
1370 547 1647 602 Tristibus
1678 554 1734 603 et

113 644 248 697 Ponto
271 636 465 702 scribit,
527 640 651 690 tum
719 640 775 690 et
819 636 1239 690 mediterranea
1290 641 1570 707 occupant
1597 638 1734 692 Ger-

111 728 303 784 maniam
348 742 532 779 versus
580 730 636 779 et
692 724 821 779 Istri
857 725 1095 792 fontem,
1151 741 1296 796 quos
1341 725 1541 780 Strabo
1588 726 1734 780 libro

105 817 295 887 septimo
324 815 490 869 Docas
520 818 574 867 et
598 813 733 867 olim
776 815 956 867 Davos
982 813 1307 867 nominatos
1337 830 1456 868 esse
1479 815 1578 882 ait,
1603 830 1735 869 cum

103 903 341 958 viciniores
370 904 545 956 Ponto
576 901 859 956 diceretur
887 917 921 955 a
962 901 1170 956 Graecis
1209 904 1381 969 Getae,
1437 903 1734 957 eumdem-

102 1009 183 1064 que
206 992 473 1061 utriusque
532 990 761 1062 populis
814 1006 1143 1045 sermonem
1198 1007 1339 1045 esse.
1396 992 1737 1063 Quanquam

100 1080 272 1136 Plinius
298 1096 406 1134 non
430 1079 582 1134 aliud
614 1080 765 1133 inter
800 1079 904 1133 hos
959 1080 1205 1151 populos
1257 1080 1483 1134 videtur
1514 1080 1736 1152 signiti-

98 1187 193 1224 care
212 1169 495 1224 discrimen
528 1185 672 1239 esse,
703 1185 877 1240 quam
909 1170 1064 1240 quod
1122 1170 1274 1224 ϐείω
1327 1169 1535 1224 Graecis
1582 1173 1734 1233 sunt,

99 1259 172 1330 qui
196 1257 442 1313 Romanis
468 1256 621 1311 Daci.
675 1258 785 1312 Sed
843 1274 945 1312 nos
1002 1258 1342 1313 Strabonem
1390 1260 1497 1312 hoc
1538 1275 1737 1329 seque-

97 1361 196 1398 mur
218 1346 345 1399 loco.
385 1347 534 1400 Geta:
570 1346 813 1401 barbara
844 1351 900 1400 et
930 1346 1051 1400 fera
1099 1362 1237 1417 gens
1267 1351 1372 1415 est,
1405 1347 1622 1402 viribus
1654 1351 1738 1401 at-

99 1450 181 1505 que
207 1434 390 1489 animo
445 1434 686 1489 immani
715 1434 915 1489 mortis
938 1438 1369 1505 comtemptore,
1400 1437 1556 1507 quod
1603 1452 1737 1507 per-

98 1540 283 1577 suasum
313 1523 555 1578 habeant
601 1524 790 1579 redire
847 1523 1088 1592 animas,
1154 1523 1301 1579 sicut
1332 1525 1475 1579 Mela
1504 1525 1735 1579 scribit:

97 1616 169 1665 aut
192 1612 231 1665 si
255 1628 362 1667 non
390 1613 648 1683 redeant,
672 1629 789 1666 non
813 1616 1008 1666 tamen
1033 1612 1341 1683 exstingui,
1373 1616 1429 1668 et
1448 1612 1509 1667 in
1538 1613 1738 1669 melio-

98 1718 162 1754 res
190 1702 328 1756 sedes
374 1702 746 1774 immigrare:
804 1702 958 1772 quod
1009 1701 1055 1755 si
1110 1707 1381 1756 neutrum
1425 1703 1739 1774 contingat,

95 1794 311 1858 prastare
340 1796 488 1845 certe
519 1791 653 1845 vita:
700 1796 969 1845 mortem.
1024 1791 1196 1844 Fama
1253 1796 1355 1857 est,
1405 1793 1742 1863 posteriori-

95 1877 170 1931 bus
194 1878 378 1933 deinde
430 1879 794 1950 temporibus
852 1880 1017 1934 Getas
1073 1880 1447 1950 Ostrogothos
1496 1897 1616 1936 esse
1658 1882 1742 1936 di-

96 1972 209 2020 ctos:
237 1969 402 2022 Dacos
429 1985 569 2024 vero
599 1969 925 2040 Visigothos
951 1968 1153 2040 patriis
1182 1968 1514 2024 nominibus
1538 1983 1550 2023 :
1588 1969 1745 2040 quod

94 2054 218 2110 hiad
264 2057 643 2121 Occidentem,
689 2059 761 2113 ad
818 2058 1108 2114 Orientem
1156 2057 1242 2112 illi
1297 2059 1479 2129 magis
1533 2064 1746 2130 specta-

95 2150 205 2199 rent.
231 2147 664 2203 Confunduntur
692 2152 887 2202 tamen
920 2148 1260 2219 plerumque
1300 2147 1391 2201 hae
1443 2148 1746 2221 cognomi-

95 2233 305 2289 nationes
332 2252 526 2291 rerum
573 2253 607 2290 a
652 2236 1040 2307 scriptoribus,
1074 2253 1193 2291 non
1244 2236 1416 2290 modo
1465 2237 1744 2291 recentio-

95 2322 229 2389 ribus,
282 2325 376 2379 sed
425 2326 606 2380 etiam
666 2325 942 2397 antiquis.
995 2326 1148 2383 Hanc
1218 2329 1449 2397 gentem
1514 2326 1749 2381 tradunt

93 2410 183 2478 jam
208 2411 332 2467 olim
360 2414 606 2469 ﬂorente
636 2430 767 2469 cum
796 2413 1113 2485 plurimum
1139 2414 1396 2468 Romana
1450 2430 1531 2477 re,
1563 2415 1746 2486 impe-

97 2502 262 2555 tumin
302 2502 658 2571 provinciam
698 2502 899 2573 populi
928 2503 1184 2557 Romana
1238 2502 1620 2557 Mithridatico
1652 2504 1746 2557 fe-

94 2586 196 2641 cisse
220 2588 395 2645 bello:
426 2608 581 2663 quos
619 2592 906 2660 Lucullus,
965 2590 1067 2661 qui
1113 2591 1175 2645 in
1202 2590 1336 2645 Asia
1372 2607 1583 2662 magno
1615 2609 1748 2647 cum

94 2677 293 2732 exemita
339 2680 661 2751 imperator
690 2696 780 2734 res
820 2681 1075 2751 gerebat,
1130 2696 1160 2734 e
1208 2679 1383 2752 Mysia
1429 2697 1559 2736 cum
1589 2682 1748 2737 clade

92 2766 251 2836 exegit.
283 2768 411 2822 Post
448 2784 592 2823 vero
633 2768 942 2823 Bosrebista
970 2769 1134 2836 duce,
1166 2785 1298 2823 cum
1330 2770 1398 2824 ab
1430 2786 1496 2825 eo
1550 2770 1623 2825 ad
1664 2772 1747 2825 la-

91 2850 215 2908 bores
256 2856 686 2928 militaremque
765 2857 1126 2928 disciplinam
1190 2862 1380 2912 essent
1424 2859 1744 2927 assuefacti,

1843 461 2153 516 admodum
2184 460 2516 515 diuturnam
2546 466 2860 528 servarunt,
2904 462 3135 533 ignavia
3172 468 3229 519 et
3278 467 3539 522 socordia

1844 547 2082 601 Gallieni
2110 548 2384 620 principis
2427 549 2577 604 freti.
2613 552 2737 604 Non
2762 551 2885 620 jam
2924 552 3224 607 Thraciam
3276 555 3536 626 Mysiam-

1844 636 2079 703 que,sed
2106 636 2301 691 Asiam
2328 637 2514 708 ipsam
2545 638 2819 693 Minorem
2875 645 3008 694 sunt
3056 645 3276 695 tentare
3329 644 3533 697 adorti.

1845 724 2167 794 Bithyniam
2199 730 2452 779 vexatam
2499 728 2904 797 spoliaverunt,
2958 730 3283 800 reversique
3331 730 3391 784 in
3430 733 3539 785 Eu-

1843 829 2065 883 ropam,
2150 815 2448 868 Thraciam
2529 816 3030 889 Macedoniamque
3119 823 3536 888 pervastarunt.

1843 901 2060 965 Quibus
2092 902 2151 956 in
2180 903 2453 957 Achaiam
2510 905 2870 959 venientibus
2926 906 3206 961 Macrinus
3276 924 3335 960 se
3392 909 3542 979 obje-

1844 992 1938 1059 cit,
1967 1010 2177 1064 eosque
2199 994 2331 1049 vicit
2358 1010 2424 1048 ac
2451 995 2671 1064 fugavit
2708 1002 3057 1066 persecutus,
3121 1015 3421 1070 quousque
3477 1000 3541 1053 il-

1846 1080 1931 1133 los
1950 1080 2100 1135 intra
2127 1083 2268 1136 fines
2294 1100 2425 1136 suos
2455 1084 2752 1153 compulit.
2787 1085 3003 1148 Quibus
3054 1091 3247 1141 tamen
3311 1104 3368 1141 se
3422 1105 3540 1142 non

1847 1168 1948 1223 diu
1977 1169 2343 1238 continuere;
2377 1188 2710 1243 quanquam
2754 1174 2964 1243 egressi
2995 1173 3053 1227 in
3084 1176 3541 1231 strenuissimum

1848 1259 2169 1329 principem
2218 1260 2561 1328 inciderunt,
2618 1262 2803 1316 virum
2833 1279 2937 1317 nec
2966 1263 3205 1318 minoris
3257 1265 3540 1320 felicitatis

1850 1363 2022 1418 quam
2050 1349 2292 1417 virtutis,
2322 1351 2369 1403 si
2399 1351 2513 1404 vita
2539 1351 2713 1405 modo
2742 1351 3077 1421 contigisset
3118 1351 3179 1405 in
3214 1352 3538 1424 principatu

1850 1436 2193 1495 diuturnior.
2228 1439 2491 1493 Claudius
2523 1439 2632 1493 fuit
2654 1439 2703 1493 is
2733 1439 2833 1510 qui
2862 1444 3113 1495 trecenta
3137 1440 3318 1494 millia
3347 1457 3544 1497 eorum

1848 1525 2061 1595 partim
2091 1526 2321 1595 delevit,
2350 1528 2561 1597 partim
2591 1527 2759 1597 cepit.
2816 1527 3102 1583 Inﬁnitam
3155 1530 3329 1585 fuisse
3359 1531 3545 1601 gentis

1850 1614 2023 1685 hujus
2053 1616 2483 1670 multitudinem
2510 1617 2778 1686 oportuit.
2814 1618 2935 1671 Non
2976 1619 3131 1672 enim
3160 1620 3373 1674 multos
3416 1625 3549 1691 post

1852 1720 2051 1770 annos,
2080 1705 2384 1759 Aureliano
2416 1705 2724 1775 imperium
2770 1710 3021 1773 tenente,
3051 1707 3121 1761 ad
3147 1724 3305 1761 arma
3360 1709 3546 1764 redie-

1853 1797 2005 1858 runt,
2038 1792 2343 1865 primoque
2363 1795 2564 1863 praelio
2594 1798 2727 1849 sunt
2766 1795 2835 1849 ad
2870 1795 3192 1849 Danubium
3254 1797 3533 1867 superati.

1854 1884 1935 1938 Fl.
1969 1883 2373 1937 Constantinus
2402 1887 2557 1937 tanta
2598 1883 2723 1936 illos
2779 1883 2933 1938 caede
2989 1884 3194 1950 atfecit,
3227 1890 3293 1938 ut
3320 1890 3551 1956 cogeret

1851 1972 2083 2027 tandem
2112 1972 2326 2026 multos
2356 1988 2458 2043 per
2486 1988 2667 2025 annos
2701 1972 2924 2043 quietos
2952 1989 3097 2026 esse.
3134 1974 3216 2027 Ita
3248 1974 3404 2028 enim
3454 1974 3550 2028 isti

1850 2061 2204 2131 pugnabant,
2237 2064 2294 2115 et
2323 2076 2530 2131 magno
2560 2060 2808 2115 hostium
2867 2061 3015 2115 malo
3062 2061 3372 2129 vincerent,
3431 2079 3550 2118 non

1852 2148 2075 2203 minore
2105 2166 2208 2203 suo
2239 2149 2622 2203 vincerentur.
2655 2151 2841 2220 Atque
2870 2150 2991 2204 haec
3005 2150 3238 2221 quidem
3254 2155 3554 2221 gesserunt

1854 2237 2041 2304 Gothi,
2074 2254 2246 2309 quam
2278 2238 2377 2292 diu
2395 2243 2577 2292 certas
2606 2237 2717 2307 ipsi
2754 2239 3079 2293 habuerunt
3109 2239 3287 2294 sedes.
3319 2241 3549 2295 Valente

1853 2326 2132 2398 principe,
2166 2327 2379 2396 Hunni,
2412 2326 2512 2398 qui
2542 2331 2597 2381 et
2626 2326 2736 2397 ipsi
2775 2332 2907 2381 sunt
2952 2328 3191 2399 Scythae,
3236 2330 3328 2383 sed
3369 2329 3555 2383 immi-

1854 2417 2027 2471 tiores
2056 2416 2431 2487 rudioresque
2464 2416 2704 2471 humani
2758 2417 3103 2485 commercii,
3158 2418 3217 2471 in
3273 2419 3555 2489 Rypheeos

1857 2510 2077 2560 montes
2133 2504 2542 2575 inclinatiores,
2610 2505 2762 2559 inter
2812 2506 3049 2560 Tanaim
3104 2507 3554 2578 Massagetasque

1856 2593 2127 2649 conclusi.
2182 2594 2387 2648 Gothos
2438 2594 2671 2664 regione
2703 2610 2877 2664 quam
2928 2594 3260 2662 incolerent,
3308 2612 3411 2665 per
3438 2596 3555 2651 vim

1857 2682 2093 2753 ejecere.
2142 2682 2279 2746 Quae
2332 2682 2561 2736 tametsi
2604 2682 2810 2752 rigoris
2838 2682 3179 2751 intemperie
3208 2699 3411 2753 parum
3439 2684 3553 2738 hu-

1857 2772 2044 2826 manis
2074 2776 2196 2826 erat
2223 2772 2422 2825 usibus
2450 2772 2773 2837 commoda,
2801 2776 2994 2824 tamen
3017 2773 3209 2825 Hunni
3254 2773 3557 2827 saluberri-

1856 2877 2011 2915 mam
2033 2860 2538 2930 suavissimamque
2562 2859 2823 2914 omnium
2852 2858 3269 2926 existimabant,
3292 2860 3557 2915 homines

92 2955 297 3010 egressos
318 2946 621 3016 regionem
641 2962 804 3000 suam
835 2947 1045 3000 multas
1072 2945 1179 3000 sibi
1207 2950 1407 3017 gentes
1436 2947 1748 3017 subegisse,
1788 2951 1829 3007 C
1860 2954 2015 3004 extra
2044 2948 2176 3003 solis
2206 2949 2325 3003 vias
2356 2964 2666 3017 cursusque
2712 2948 2833 3001 nati
2875 2952 2932 3001 et
2985 2947 3227 3001 educati.
3286 2948 3385 3002 Hic
3434 2948 3557 3018 jam

93 3028 298 3104 lstroqne
339 3051 469 3089 cum
491 3034 750 3088 maxima
775 3035 1011 3105 trajecta
1059 3050 1257 3095 manu,
1290 3034 1611 3102 Thraciam,
1644 3037 1754 3091 Ma-

92 3118 358 3189 cedoniam,
390 3131 448 3177 et
472 3123 740 3194 Illyrium
769 3124 882 3178 late
921 3124 1313 3195 depopulatos,
1346 3123 1640 3195 ingentem
1670 3126 1751 3180 fe-

93 3206 199 3260 cisse
226 3209 487 3266 Romanis
522 3216 823 3267 terrorem.
856 3211 1229 3283 Interimque,
1263 3212 1401 3266 dum
1429 3211 1490 3265 in
1514 3228 1610 3265 eos
1641 3212 1753 3266 Ro-

92 3309 350 3355 manorum
380 3317 549 3355 arma
578 3301 981 3372 expediuntur,
1018 3300 1324 3356 erebista
1348 3300 1463 3354 fato
1520 3317 1755 3355 conces-

95 3382 161 3437 sit.
186 3389 458 3459 Augustus
489 3390 755 3460 legiones
784 3391 902 3445 fere
932 3392 1129 3445 decem
1159 3390 1221 3444 in
1273 3391 1401 3445 illos
1445 3390 1602 3445 misit
1658 3408 1753 3446 eo-

92 3488 290 3547 rumque
338 3496 475 3550 opes
534 3495 717 3550 usque
774 3480 912 3534 adeo
968 3479 1203 3545 attrivit,
1258 3484 1324 3533 ut
1377 3495 1445 3533 ex
1495 3479 1755 3534 ducentis

94 3562 300 3620 millibus
327 3568 586 3623 militum
617 3568 688 3622 ad
718 3568 1097 3639 quadraginta
1123 3567 1307 3622 millia
1332 3568 1523 3638 copias
1552 3584 1756 3623 eorum

91 3651 346 3723 redegerit,
379 3672 445 3711 ac
472 3672 687 3728 parum
735 3656 982 3711 abfuerit
1013 3656 1153 3727 quin
1184 3662 1417 3727 gentem
1447 3660 1624 3711 totam
1653 3658 1758 3711 im-

92 3740 217 3806 perio
244 3744 508 3800 subderet
567 3746 847 3800 Romano.
900 3745 1137 3816 Aliquot
1192 3761 1373 3799 annos
1426 3749 1559 3815 post
1612 3744 1757 3798 fines

94 3825 337 3886 Romanos
369 3832 640 3903 ingressi,
670 3832 919 3903 Oppium
945 3832 1223 3887 Sabinum
1268 3834 1628 3887 consularem
1678 3832 1757 3886 vi-

91 3931 190 3971 rum
222 3936 343 3975 cum
364 3921 619 3976 exercitu
649 3921 994 3987 ceciderunt,
1030 3922 1130 3993 qui
1159 3938 1192 3975 a
1246 3923 1506 3977 Cornelio
1556 3924 1755 3988 Fusco,

92 4000 370 4063 Domitiano
418 4010 706 4081 principe,
751 4014 883 4080 post
911 4009 1070 4063 varia
1099 4010 1298 4079 praelia
1325 4011 1558 4065 tandem
1597 4027 1758 4064 com-

90 4094 236 4159 pressi
284 4102 431 4153 sunt.
484 4097 765 4168 Trajanus
814 4097 1132 4168 imperator
1196 4100 1446 4153 multum
1484 4116 1617 4153 cum
1678 4098 1760 4153 eis

89 4194 373 4256 magnaque
418 4202 557 4241 cum
605 4187 791 4257 gloria
819 4186 1195 4258 belligeravit.
1235 4188 1556 4242 Antoninus
1585 4188 1753 4242 Cara-

87 4271 203 4325 calla
246 4290 344 4343 per
387 4275 752 4330 occasionem
808 4276 954 4331 nihil
1002 4276 1115 4331 tale
1180 4277 1532 4347 suspicantes
1582 4277 1750 4331 vehe-

88 4364 279 4415 menter
308 4364 532 4420 aftlixit.
568 4364 838 4419 Gordiani
879 4381 1011 4420 vero
1061 4366 1417 4436 temporibus
1459 4366 1518 4419 in
1549 4368 1759 4421 Roma-

87 4463 170 4500 nos
195 4449 328 4505 ﬁnes
355 4452 829 4523 frequentissime
867 4469 926 4507 se
955 4452 1342 4520 effundebant,
1390 4469 1534 4524 quos
1571 4452 1761 4507 minor

91 4534 375 4594 Gordianus
430 4540 585 4595 facili
643 4556 819 4612 opera
873 4540 1144 4595 excedere
1191 4540 1484 4612 provincia
1538 4541 1751 4612 coegit.

92 4621 239 4681 Ferox
269 4632 325 4683 et
348 4629 612 4700 inquieta
657 4646 820 4700 gens,
880 4629 1111 4701 suisque
1163 4626 1391 4684 sedibus
1434 4630 1583 4684 male
1639 4646 1764 4684 con-

90 4716 236 4780 tenta,
282 4718 528 4771 subinde
596 4734 791 4772 causas
849 4718 1062 4772 alienas
1101 4717 1409 4773 invadendi
1447 4718 1757 4789 quaerebat.

89 4798 256 4873 Itaque
277 4806 540 4878 Philippo
600 4807 886 4861 Bostrensi
913 4806 1283 4877 imperatore,
1314 4806 1646 4878 quiprimus
1694 4823 1760 4860 ex

87 4890 330 4948 Romanis
360 4894 719 4965 principibus
765 4895 1141 4950 Christianam
1168 4896 1443 4965 pietatem
1492 4901 1579 4950 est
1630 4911 1762 4966 pro-

86 4976 260 5050 fessus,
293 4985 491 5039 multis
521 4984 769 5039 caedibus
798 4983 1382 5056 populationibusque
1435 4984 1603 5039 editis
1636 5001 1764 5039 am-

86 5068 216 5132 Plius
244 5078 501 5128 trecenta
528 5074 649 5129 fere
677 5073 933 5127 vir0rum
986 5072 1171 5128 millia
1214 5072 1275 5126 in
1320 5073 1613 5143 proximas
1656 5071 1766 5126 sibi

86 5156 357 5216 Thraciam
414 5162 767 5233 Mysiamque
817 5161 1129 5216 irruerunt.
1181 5162 1262 5216 Ad
1296 5178 1440 5231 quos
1479 5161 1764 5231 expellen-

89 5244 168 5299 dos
201 5250 404 5304 missus
436 5251 638 5307 Decius
668 5267 792 5306 rem
840 5267 1044 5323 parum
1099 5250 1442 5322 plerumque
1492 5264 1766 5321 prospere

89 5336 338 5393 tentatam
365 5344 425 5393 et
452 5339 570 5411 ipse
595 5340 865 5394 infectam
920 5340 1174 5411 reliquit,
1230 5355 1404 5410 quam
1459 5337 1767 5391 succedens

92 5421 325 5498 Philippo
374 5427 439 5482 in
480 5427 804 5499 principatu
853 5427 1248 5483 dissimulavit.
1314 5427 1504 5483 Gallus
1558 5426 1768 5481 deinde

91 5516 247 5581 pater,
268 5520 326 5571 et
356 5517 695 5572 Volusianus
740 5518 913 5586 illius,
956 5517 1127 5574 certis
1173 5516 1603 5573 conditionibus
1658 5515 1765 5571 sibi

1860 3038 2027 3093 Gothi
2057 3037 2308 3103 sedibus,
2341 3036 2623 3101 domibus,
2656 3035 2869 3090 laribus
2923 3035 3251 3106 penatibus,
3284 3037 3555 3106 exutique

1859 3127 1959 3199 qui
1987 3128 2139 3181 ultra
2188 3126 2405 3180 alienos
2434 3130 2598 3180 erant
2644 3124 2800 3179 soliti
2856 3125 2998 3178 ﬁnes
3038 3124 3326 3192 invadere,
3378 3124 3560 3179 coacti

1860 3220 1993 3271 sunt
2019 3216 2107 3270 vel
2136 3220 2379 3269 mortem
2424 3214 2648 3269 fortiter
2678 3216 2970 3284 oppetere,
3022 3214 3109 3267 vel
3148 3212 3210 3266 in
3258 3213 3430 3267 alieni
3453 3213 3560 3267 soli

1860 3303 2298 3375 possessionem,
2316 3318 2448 3356 cum
2478 3301 2587 3373 ipsi
2616 3301 2840 3356 nullum
2853 3302 2975 3373 jam
2999 3301 3295 3368 haberent,
3318 3301 3557 3356 haerere.

1860 3396 2004 3449 Sunt
2032 3393 2132 3464 qui
2163 3409 2281 3446 non
2308 3392 2470 3447 Getas
2500 3392 2631 3445 illos
2679 3406 2822 3461 quos
2876 3391 3243 3461 Ostrogothos
3296 3390 3560 3453 diximus,

1859 3484 2080 3538 venisse
2134 3482 2197 3537 in
2248 3497 2452 3552 agrum
2501 3480 2703 3551 populi
2762 3479 3007 3534 Romani
3062 3479 3417 3549 perhibeant,
3468 3478 3566 3533 sed

1846 3571 2197 3644 Visogothos
2228 3571 2454 3624 fortuna
2502 3569 2789 3622 sociorum
2857 3568 3196 3622 conterritos
3222 3567 3565 3622 deliberasse

1862 3661 1931 3715 de
1953 3659 2242 3715 mutandis
2259 3658 2509 3725 sedibus,
2532 3657 2739 3711 veritos
2795 3672 2866 3711 ne
2893 3657 3094 3711 eadem
3131 3662 3319 3711 essent
3337 3656 3565 3727 passuri

1862 3766 1991 3820 quae
2031 3746 2382 3818 Ostrogothi,
2425 3745 2862 3800 extendentibus
2893 3761 2951 3798 se
2992 3745 3142 3797 velut
3169 3744 3391 3798 marino
3422 3750 3566 3800 aestu

1866 3836 2139 3892 Hunnicis
2195 3835 2387 3901 armis,
2420 3834 2747 3905 vicinasque
2773 3832 3034 3902 regiones
3055 3832 3397 3889 delentibus.
3432 3835 3563 3887 Haec

1864 3942 1953 3979 res
1976 3922 2309 3993 Visogothos
2340 3922 2400 3975 in
2425 3937 2551 3974 eam
2583 3919 2925 3974 sententiam
2976 3919 3208 3988 impulit
3258 3924 3321 3973 ut
3347 3920 3565 3988 legatos

1867 4012 1936 4065 ad
1962 4010 2257 4064 Valentem
2290 4011 2611 4063 Romanum
2660 4008 3069 4077 imperatorem
3124 4006 3437 4071 mitterent,
3468 4008 3567 4077 qui

1866 4100 2051 4170 gentis
2072 4099 2304 4153 nomine
2350 4097 2582 4169 Mysiam
2634 4097 2772 4151 citra
2816 4095 3141 4150 Danubium
3197 4095 3413 4149 ﬂumen
3460 4096 3567 4151 sibi

1864 4186 2227 4240 incolendam
2265 4189 2542 4256 peterent,
2591 4183 2938 4254 spondentes
2978 4183 3273 4237 communi
3331 4183 3567 4239 nomine

1879 4293 1937 4331 se
1965 4292 2165 4330 omnes
2194 4274 2575 4330 Christianam
2606 4272 2880 4343 pietatem
2932 4276 3281 4342 accepturos,
3336 4272 3572 4327 futuros-

1869 4381 1981 4436 que
2012 4364 2194 4419 bonos
2211 4363 2521 4433 ﬁdelesque
2536 4362 2923 4417 Romanorum
2945 4360 3366 4431 stipendiarios,
3391 4360 3565 4415 armis

1869 4453 1986 4508 suis
2017 4452 2334 4523 opibusque
2363 4451 2507 4505 ﬁnes
2533 4451 2661 4504 illos
2708 4451 2908 4520 populi
2951 4449 3197 4505 Romani
3228 4448 3296 4503 ab
3326 4449 3569 4504 incursi-

1868 4542 1974 4597 bus
2000 4540 2358 4611 reliquorum
2387 4539 2723 4608 Scytharum
2754 4538 2946 4592 sedulo
2976 4539 3330 4593 defensuros.
3354 4538 3571 4603 Quibus

1870 4628 2296 4684 conditionibus
2335 4626 2610 4680 adductus
2642 4626 2845 4679 Valens
2900 4626 3242 4696 Lupicinum
3289 4632 3346 4681 et
3400 4627 3570 4681 Maxi-

1871 4734 2031 4772 mum
2052 4717 2208 4771 velut
2228 4714 2557 4769 duumviros
2599 4714 2746 4784 agris
2778 4714 3098 4768 dividendis
3129 4715 3201 4768 ad
3248 4730 3342 4768 eos
3392 4714 3569 4780 misit,

1872 4806 1972 4877 qui
2019 4805 2180 4859 sedes
2233 4801 2551 4873 Visogothis
2604 4801 3033 4855 distribuerant.
3096 4802 3161 4854 Hi
3215 4817 3345 4854 cum
3398 4817 3566 4855 avare

1872 4892 2288 4962 crudeliterque
2318 4890 2592 4944 haberent
2620 4893 2870 4959 gentem,
2901 4890 3154 4958 primum
3184 4889 3334 4943 ferre
3374 4888 3566 4955 Gothi,

1873 4986 1930 5036 et
1957 4980 2317 5035 dissimulare
2378 4978 2668 5049 injuriam,
2700 4994 2771 5032 ne
2797 4978 2987 5047 primo
3037 4978 3225 5031 statim
3257 4977 3458 5032 aliena:
3488 4994 3571 5032 re-

1873 5069 2060 5142 gionis
2096 5068 2359 5140 ingressu
2396 5083 2486 5122 res
2516 5071 2812 5135 novarent,
2859 5065 3267 5133 existimantes,
3322 5082 3451 5121 cum
3483 5084 3571 5121 ex-

1874 5157 2063 5214 satiati
2092 5157 2208 5211 suis
2239 5157 2445 5227 opibus
2477 5157 2647 5211 duces
2680 5159 2887 5218 essent,
2916 5155 3163 5209 facturos
3204 5154 3473 5209 saeviendi
3518 5160 3573 5209 et

1874 5246 2138 5319 rapiendi
2186 5246 2383 5301 tinem.
2433 5245 2541 5300 Sed
2596 5244 2681 5299 illi
2725 5244 2863 5299 dum
2918 5243 3168 5313 maligne
3219 5246 3574 5297 commeatus

1876 5337 2204 5409 partiuntur
2228 5339 2284 5389 et
2312 5338 2533 5401 curant,
2565 5333 2773 5387 famem
2792 5332 3211 5385 intolerabilem
3238 5332 3569 5397 effecerunt,

1877 5438 2005 5497 quae
2038 5431 2094 5479 et
2122 5425 2262 5495 ipsis
2293 5423 2532 5479 ducibus
2577 5428 2633 5476 et
2658 5423 2916 5476 Romano
2946 5420 3193 5493 principi
3242 5420 3411 5476 exitio
3441 5421 3568 5475 fuit.

1876 5514 2043 5570 Gothi
2070 5514 2226 5569 enim
2253 5528 2385 5570 cum
2410 5514 2559 5567 fame
2588 5511 2708 5581 jam
2737 5525 2795 5565 se
2846 5510 2999 5565 velut
3036 5510 3252 5565 belluas
3310 5509 3572 5566 viderent
