3884 6178
371 273 474 324 455

1377 267 1938 324 SUPPLEMENTUM
1978 267 2068 322 AD
2107 265 2338 322 OPERA
2375 269 2431 322 S.
2473 267 2865 332 ΑυαυδΤιΝι.

2259 268 2338 321 RA
2375 269 2431 322 s.
2473 267 2865 332 AUGUSTINI.
3192 338 3198 344 ι
3711 282 3793 335 43η

368 394 510 465 peti,
543 392 816 463 correptis
849 390 1361 446 tumultuosissime
1391 391 1564 446 armis
1584 393 1873 446 Romanos
1899 392 2068 446 duces
2104 392 2148 445 Α
2174 391 2298 444 dini
2326 391 2546 446 alendae
2578 395 2742 457 esset,
2775 395 2957 445 castra
2983 391 3155 445 duces
3203 392 3468 461 dividunt,
3499 397 3799 473 diversisque

371 498 501 536 cum
548 481 826 553 praesidiis
855 480 1125 534 atrociter
1166 479 1414 545 cadunt,
1463 485 1518 533 et
1546 480 1624 534 ita
1655 480 1857 533 armati
1885 484 2062 533 totam

370 571 605 642 Mysiam
644 573 1044 640 pervagantur,
1078 567 1251 637 inque
1282 568 1604 637 proximam
1656 569 2065 623 transcendunt

369 659 690 724 Thraciam,
713 673 884 728 quam
908 656 1012 709 sibi
1037 657 1372 726 vectigalem
1400 657 1793 711 reddiderunt.
1829 659 1928 711 Hic
1951 657 2064 711 illis

370 748 614 802 occurrit
654 747 888 812 Valens;
912 749 1349 816 pugnatumque
1369 749 1454 799 est
1481 747 1704 812 acriter,
1732 746 1870 800 fusis
1899 746 2061 815 fuga-

367 838 554 907 tisque
585 834 876 900 Romanis,
909 849 1118 903 magna
1145 834 1205 886 in
1248 834 1330 887 eis
1377 834 1525 888 facta
1581 840 1790 905 strage.
1829 835 2063 889 Saucius

366 925 679 995 imperator
711 923 772 975 in
798 923 1048 975 hostium
1102 925 1441 990 potestatem
1470 921 1629 976 vivus
1657 922 1812 976 venit
1841 938 1854 976 ε
1889 939 2063 993 quem

365 1012 449 1065 illi
492 1011 836 1065 eﬁ‘eratiores
883 1015 1012 1080 post
1061 1015 1286 1062 tantum
1333 1010 1668 1064 exhaustum
1725 1012 2061 1080 sanguinem

370 1099 557 1154 vivum
585 1103 1002 1165 cremaverunt,
1044 1102 1310 1169 rectaque
1362 1099 1693 1168 Byzantium
1737 1103 1972 1169 petunt:
2007 1105 2063 1153 et

364 1189 538 1242 nullis
570 1188 796 1242 obviam
821 1186 977 1240 factis
1027 1186 1222 1251 armis,
1280 1186 1481 1241 urbem
1539 1203 1748 1240 corona
1802 1186 2058 1256 cingunt,

366 1293 496 1348 qua:
531 1275 864 1346 aliquandiu
893 1290 1068 1343 opera
1096 1279 1152 1328 et
1178 1274 1418 1328 consilio
1461 1275 1768 1328 Dominicae
1813 1275 2061 1329 Valentis

364 1364 624 1435 conjugis
653 1363 1012 1418 obsidionem
1045 1363 1162 1416 suis
1193 1363 1396 1432 opibus
1425 1363 1577 1425 tulit,
1621 1363 1969 1420 conﬁrmatis
2001 1363 2062 1417 in

364 1454 536 1509 ﬁdem
569 1453 840 1523 principis
865 1452 1074 1504 civium
1113 1451 1320 1505 animis
1350 1468 1560 1522 magna
1602 1452 1912 1507 Dominicaa
1942 1453 2059 1505 lar-

364 1543 603 1614 gitione.
662 1543 797 1596 Post
849 1541 1229 1594 Valentiniani
1303 1541 1550 1594 Valentis
1605 1541 1793 1595 fratris
1849 1541 2059 1595 virtute

361 1634 546 1686 soluta
575 1630 891 1692 obsidione,
922 1633 1072 1683 retro
1103 1629 1386 1683 abierunt.
1418 1628 1847 1683 Valentinianus
1875 1627 2057 1682 Theo-

361 1719 586 1774 dosium
613 1718 925 1787 Hispanum
955 1716 1141 1769 virum
1168 1715 1410 1769 accitum
1440 1731 1505 1768 ex
1527 1714 1800 1785 Hispania
1828 1715 2058 1785 adopta-

358 1807 457 1874 vit,
487 1805 938 1876 participemque
993 1804 1124 1858 fecit
1164 1803 1415 1874 imperii.
1475 1803 1573 1858 Hic
1603 1804 1813 1858 Gothos
1861 1803 2058 1857 multis

357 1895 572 1964 praaliis
599 1893 772 1963 fregit
802 1892 1198 1962 contuditque,
1231 1897 1283 1946 et
1318 1892 1601 1963 supplices
1625 1908 1824 1962 pacem
1871 1890 2058 1960 coegit

354 1987 585 2052 petere;
618 1997 792 2052 quam
824 1997 953 2034 cum
987 1980 1254 2050 dedisset,
1287 1997 1497 2051 rexque
1528 1997 1729 2034 eorum
1765 1980 2056 2034 Athalari-

355 2088 453 2125 cus
484 2071 816 2142 Byzantium
845 2071 915 2123 ad
944 2069 1324 2124 Theodosium
1356 2085 1576 2139 mgrum
1621 2068 1921 2123 visendum
1953 2084 2056 2121 ve-

355 2160 554 2225 nisset,
587 2175 683 2212 rex
713 2159 773 2212 in
804 2158 1074 2212 morbum
1129 2159 1340 2228 lapsus,
1392 2158 1612 2228 aliquot
1649 2162 1846 2228 postea
1894 2173 2053 2210 men-

356 2247 510 2302 sibus
540 2247 805 2300 moritur.
835 2246 1002 2301 Gothi
1028 2250 1149 2300 toto
1182 2245 1412 2316 imperii
1463 2245 1766 2300 Theodosii
1795 2249 2054 2315 tempore

355 2334 459 2388 sub
492 2335 748 2388 Romano
793 2333 1140 2402 imperatore
1171 2331 1509 2399 militarunt,
1544 2347 1648 2385 nec
1704 2347 1900 2403 regem
1945 2332 2054 2385 ha—

355 2423 606 2477 buerunt
632 2422 832 2487 alium,
866 2437 970 2474 nec
1012 2421 1236 2487 ducem,
1275 2420 1383 2474 nisi
1412 2436 1586 2490 quem
1638 2421 1927 2475 Romanus
1953 2420 2053 2475 de-

355 2511 532 2566 disset
560 2511 892 2581 imperator.
949 2511 1104 2564 Inter
1133 2510 1255 2563 haec
1309 2509 1679 2577 Theodosius,
1725 2507 2048 2575 Mediolani,

354 2599 620 2671 princeps
649 2599 771 2653 sine
800 2598 1190 2652 controversia
1219 2602 1274 2652 et
1319 2597 1472 2652 bello
1499 2603 1556 2652 et
1579 2614 1718 2668 pace
1779 2598 2049 2668 optimus,

353 2688 615 2755 moritur,
650 2689 816 2742 Basso
863 2692 919 2741 et
962 2686 1226 2757 Philippo
1282 2703 1424 2741 coss.
1456 2686 1668 2740 relictis
1723 2685 1963 2740 Arcadio
1995 2690 2053 2739 et

355 2776 602 2831 Honorio
630 2776 782 2841 filiis,
815 2781 871 2829 et
895 2775 1147 2829 Placidia
1175 2775 1312 2829 tilia.
1343 2775 1646 2830 Arcadium
1698 2775 1968 2846 Byzantio
1995 2779 2052 2828 et

349 2865 435 2920 illi
461 2864 732 2919 Orientali
760 2863 1016 2935 praefecit
1041 2863 1306 2934 imperio,
1340 2863 1655 2918 Honorium
1707 2862 2050 2919 Occidentali

2173 479 2412 550 profecti
2447 480 2551 533 viis
2581 496 2685 550 per
2715 479 3093 545 Pannoniam,
3125 481 3402 549 Illyricum
3451 485 3796 560 Noricumque,

2171 567 2418 622 incensis
2445 568 2788 638 vastatisque
2820 567 3000 622 obviis
3033 569 3200 622 rebus
3225 570 3492 636 omnibus,
3533 575 3589 628 in
3615 577 3800 634 Italiam

2171 655 2426 710 veniunt.
2463 656 2726 710 Rufiinus
2739 672 2869 710 cum
2896 657 3312 726 imprudentius
3333 659 3556 729 cogitata
3578 679 3801 736 exseque-

2173 749 2349 812 retur,
2381 745 2449 799 ad
2478 745 2933 799 Thessalonicam
2965 763 2996 798 a
3028 745 3304 799 militibus
3349 748 3548 803 occisus
3591 757 3682 804 est.
3725 756 3801 809 Sti-

2171 832 2280 887 lico
2309 833 2550 888 astutius
2575 834 2811 888 consilia
2837 835 3092 901 celabat;
3127 839 3182 888 et
3225 835 3574 906 Rhadagasus
3611 841 3800 910 quidem

2169 938 2274 991 per
2301 923 2583 977 Etruriam
2613 924 2682 976 ad
2716 923 2923 977 Urbem
2953 939 3083 977 cum
3125 923 3348 994 agmine
3375 926 3637 993 veniebat,
3664 929 3801 999 longe

2171 1011 2396 1082 lateque
2414 1028 2756 1082 quacunque
2774 1011 2883 1065 iret
2903 1012 3098 1082 fugam
3123 1017 3502 1083 terroremque
3528 1017 3800 1073 ostendens.

2169 1100 2412 1170 Trepida
2443 1102 2700 1155 Romana
2750 1099 2944 1153 civitas
2993 1100 3371 1154 mercenarios
3399 1101 3556 1155 duces
3598 1105 3803 1159 venienti

2170 1186 2428 1258 opponit.
2463 1186 2828 1256 Rhadagasus
2871 1185 3248 1241 inconsultius
3278 1188 3519 1241 exercitu
3545 1189 3802 1261 castrisque

2172 1274 2482 1346 dispositis,
2510 1275 2568 1328 in
2600 1275 2723 1328 loca
2764 1291 2822 1328 se
2869 1275 3070 1346 iniqua
3115 1276 3502 1347 praecipitavit.
3565 1278 3804 1334 Commea-

2169 1361 2321 1417 tibus
2359 1363 2642 1434 ademptis
2695 1363 3124 1418 multitudinem
3173 1381 3336 1418 suam
3400 1365 3542 1418 fame
3588 1367 3802 1423 confecit.

2169 1453 2295 1521 Ipse
2325 1451 2693 1522 comploratis
2722 1452 2914 1518 rebus,
2947 1452 3084 1505 dum
3107 1453 3302 1522 fugam
3332 1469 3433 1522 per
3459 1455 3658 1507 occulta
3702 1471 3803 1509 cum

2168 1538 2362 1609 paucis
2391 1542 2595 1604 tentat,
2627 1554 2661 1591 a
2690 1539 2963 1592 Romanis
2997 1539 3278 1592 militibus
3325 1539 3650 1611 interceptus
3675 1557 3803 1594 neca-

2168 1631 2376 1698 tusque
2427 1631 2533 1695 est,
2581 1628 2896 1681 Gothorum
2925 1627 3297 1681 multitudine
3352 1627 3622 1681 vilissimis
3649 1629 3804 1698 pretiis

2172 1715 2479 1770 divendita.
2513 1715 2840 1770 Secundum
2870 1716 3017 1769 hanc
3044 1717 3360 1771 Gothorum
3411 1717 3631 1779 cladem,
3659 1718 3803 1770 Alari-

2167 1821 2264 1858 cus
2293 1804 2354 1858 in
2386 1804 2608 1859 Italiam
2637 1805 2812 1872 venit,
2846 1805 3160 1875 majoribus
3188 1805 3372 1859 adhuc
3400 1806 3628 1859 miscens
3650 1805 3804 1858 omnia

2165 1893 2482 1947 terroribus
2541 1910 2716 1964 quam
2764 1895 2976 1948 fecerat
3021 1894 3409 1964 Rhadagasus.
3452 1896 3521 1947 At
3561 1894 3703 1964 cujus
3744 1893 3806 1946 rei

2164 1982 2454 2048 nuntium,
2488 1981 2703 2049 Stilieo,
2736 1983 2836 2054 qui
2867 1982 3120 2054 Byzantii
3151 1987 3294 2050 erat,
3347 1982 3628 2052 praemissa
3652 1982 3805 2052 capia-

2163 2087 2293 2124 rum
2324 2077 2504 2142 parte,
2562 2087 2692 2141 quae
2739 2076 3056 2125 extremum
3099 2072 3418 2126 Gothorum
3474 2087 3665 2141 agmen
3707 2087 3806 2123 car-

2162 2159 2353 2229 pendo
2383 2159 2452 2212 ab
2478 2163 2670 2229 strage
2700 2159 2893 2229 aliqua
2922 2175 3133 2229 magna
3155 2175 3534 2230 agrorumque
3547 2159 3806 2212 vastatione

2161 2248 2386 2301 hostem
2412 2248 2759 2313 deterreret;
2787 2247 2907 2317 ipse
2930 2264 3035 2318 per
3062 2264 3222 2302 oram
3254 2248 3455 2317 Superi
3502 2247 3662 2301 maris
3704 2261 3805 2299 cum

2161 2334 2375 2389 viribus
2431 2336 2716 2405 peditatus
2764 2336 3166 2408 equitatusque
3200 2338 3270 2390 ad
3321 2337 3509 2391 hostes
3559 2335 3804 2407 pervenit;

2160 2428 2403 2494 uterque
2431 2423 2710 2478 exercitus
2766 2431 2948 2479 castra
2987 2441 3166 2496 prope
3224 2427 3549 2480 Ravennam
3575 2423 3802 2478 contulit:

2162 2512 2330 2567 Gothi
2361 2512 2701 2566 Pollentiam
2730 2513 2883 2567 viam
2930 2513 3282 2575 obtinebant,
3342 2529 3573 2568 numero
3613 2513 3804 2583 quidem

2160 2601 2433 2672 potiores,
2471 2602 2569 2656 sed
2593 2606 2710 2655 arte
2741 2607 2796 2656 et
2843 2602 3147 2673 disciplina
3195 2602 3434 2656 militari
3489 2615 3804 2673 nequaquam

2159 2705 2291 2754 cum
2348 2689 2595 2744 exercitu
2649 2691 2905 2744 Romano
2961 2692 3351 2761 comparandi.
3415 2691 3598 2746 Stilico
3646 2688 3808 2743 bellico

2162 2782 2289 2832 astu
2318 2778 2659 2849 plerumque
2685 2779 2898 2833 Gothos
2930 2779 3240 2850 superavit,
3272 2780 3646 2850 compulitque
3673 2778 3722 2830 in
3747 2791 3809 2828 ar-

2159 2871 2315 2921 ctum
2347 2867 2653 2937 quemdam
2686 2868 2895 2935 locum,
2930 2868 3027 2922 ubi
3061 2869 3267 2922 sedens
3311 2869 3582 2922 coniicere
3629 2868 3811 2937 poterat

352 2955 742 3024 Romanaeque
771 2951 917 3006 urbi.
953 2953 1018 3006 Et
1059 2952 1192 3022 quia
1239 2952 1478 3022 juvenes
1521 2952 1833 3006 admodum
1863 2956 2044 3013 erant,
2088 2963 2127 3019 (ς
2163 2955 2399 3022 bellum,
2433 2955 2481 3008 si
2501 2955 2810 3010 voluisset:
2843 2972 3042 3010 verum
3071 2972 3204 3010 cum
3235 2956 3486 3010 exercitu
3523 2969 3634 3008 esse
3660 2953 3810 3006 decre-

352 3047 572 3096 tutores
619 3041 1068 3109 educatoresque
1144 3044 1484 3094 testamento
1556 3040 1910 3109 assignavit:
1962 3039 2049 3093 illi

352 3129 669 3194 Rufﬁnum,
701 3128 833 3181 huic
862 3127 1212 3196 Stiliconem,
1245 3128 1462 3181 vafrum
1506 3132 1817 3198 utrumque
1849 3132 1904 3182 et
1929 3143 2046 3182 sce-

349 3219 595 3272 leratum
641 3215 957 3281 hominem,
1011 3215 1334 3286 cujusmodi
1381 3215 1616 3284 ingenia
1660 3215 1927 3270 facillime
1986 3217 2047 3270 in

347 3306 579 3361 intimas
609 3322 667 3360 se
689 3307 874 3359 solent
901 3305 1059 3359 aulas
1085 3303 1402 3358 insinuare.
1437 3305 1503 3358 Hi
1534 3304 1860 3376 principum
1881 3309 2046 3359 aetate

348 3394 577 3464 injuriae
599 3392 844 3448 obnoxia
874 3392 945 3446 ad
969 3408 1099 3446 suas
1131 3392 1298 3446 ambo
1353 3393 1683 3463 auguendas
1731 3409 1891 3462 opes,
1923 3409 2045 3447 ma-

347 3498 635 3555 gnamque
666 3481 773 3536 sibi
825 3485 882 3535 et
935 3480 1304 3534 immodicam
1365 3481 1680 3550 parandam
1725 3480 2046 3550 potentiam

347 3568 665 3635 abutentes,
694 3584 810 3622 non
855 3569 974 3639 jam
1023 3569 1094 3623 de
1142 3569 1362 3639 privata
1404 3569 1597 3640 aliqua
1646 3570 2046 3640 magnitudine

347 3655 618 3725 cogitare,
653 3657 752 3711 sed
778 3657 849 3710 ad
890 3657 1206 3728 principale
1237 3657 1429 3728 ipsum
1468 3658 1762 3729 fastigium
1822 3659 2046 3714 animos

346 3744 579 3798 nefariis
611 3745 1050 3817 cogitationibus
1081 3747 1426 3817 adjecerant.
1459 3747 1722 3801 Ruftinus
1752 3747 1880 3816 sibi,
1929 3748 2045 3802 Sti-

347 3832 456 3886 lico
490 3833 608 3887 tilio
638 3834 950 3904 imperium
983 3835 1296 3890 affectabat.
1321 3836 1462 3890 Cum
1489 3835 1611 3890 haec
1640 3841 1879 3907 uterque
1909 3853 2043 3890 con-

345 3921 471 3975 silia
499 3922 759 3993 agitaret,
792 3924 941 3977 bello
975 3940 1120 3994 opus
1149 3928 1271 3978 erat
1298 3925 1369 3978 ad
1401 3940 1494 3978 eas
1525 3941 1612 3978 res
1645 3925 2041 3996 perﬁciendas,

344 4017 411 4065 ut
430 4016 769 4082 tempestate
795 4013 1035 4068 turbatis
1065 4013 1238 4067 rebus
1263 4029 1395 4067 cum
1427 4013 1619 4068 minus
1648 4031 1848 4068 eorum
1894 4013 2042 4069 desi-

345 4099 504 4154 deria
533 4101 1120 4172 deprehenderentur,
1158 4106 1282 4156 tum
1338 4119 1471 4156 vero
1519 4103 1930 4174 perﬁcerentur
1957 4103 2039 4156 fa-

343 4187 506 4240 cilius
531 4189 806 4257 pereulsis
824 4189 1152 4260 principum
1173 4190 1378 4244 animis
1403 4191 1683 4246 bellorum
1704 4191 2038 4257 terroribus,

343 4275 487 4330 nihil
515 4293 634 4330 non
660 4279 1101 4333 concedentibus
1145 4271 1419 4348 proximis
1448 4280 1557 4334 sibi
1611 4281 1765 4347 viris,
1837 4285 1893 4335 et
1941 4280 2041 4350 qui

346 4379 537 4418 rerum
558 4365 815 4418 omnium
836 4366 1426 4420 administrationibus
1455 4374 1787 4436 praeessent.
1819 4369 1960 4421 Nam
1981 4369 2042 4422 in

343 4467 480 4521 pace
504 4453 659 4506 velut
687 4469 888 4507 sereno
921 4459 978 4507 et
1011 4454 1318 4524 tranquillo
1349 4456 1511 4518 ccelo,
1555 4460 1610 4508 et
1664 4457 1929 4525 cognosci
1955 4461 2039 4510 te-

343 4539 548 4593 nebras
585 4556 821 4594 suorum
875 4541 1222 4604 animorum,
1279 4546 1336 4596 et
1378 4543 1572 4613 puniri
1613 4544 2041 4598 consulentibus

342 4643 445 4695 per
489 4628 672 4682 otium
702 4629 1059 4700 principibus
1086 4647 1254 4701 posse
1303 4647 1419 4686 non
1461 4631 1824 4703 ignorabant.
1887 4632 2040 4697 Quo-

340 4717 488 4770 circa
525 4717 752 4781 Gothos,
792 4725 1022 4788 gentem
1053 4721 1122 4774 ad
1151 4735 1242 4775 res
1269 4736 1443 4775 novas
1491 4722 1888 4793 tumultusque
1917 4721 2036 4776 bel-

339 4807 475 4860 licos
505 4805 808 4861 exciendos
836 4807 1211 4877 aptissimam,
1244 4827 1343 4880 spe
1365 4809 1614 4880 ingentis
1650 4811 1857 4880 praedae
1884 4816 2036 4865 uter-

339 4911 451 4966 que
506 4894 772 4950 sollicitat
816 4902 882 4950 ut
930 4913 1033 4951 suo
1089 4897 1337 4969 principi
1383 4898 1600 4952 bellum
1648 4900 1832 4953 faciat.
1867 4899 2037 4954 Gothi

339 4984 694 5038 occasionem
725 4983 922 5039 adesse
949 4985 1076 5049 rati,
1111 4987 1198 5039 vel
1223 4986 1305 5040 rei
1323 4987 1562 5058 alicujus
1581 4987 1726 5042 bene
1748 4988 2035 5060 gerendae,

337 5073 426 5126 vel
457 5080 604 5127 certe
636 5073 916 5128 intentato
943 5073 1094 5128 bello
1118 5075 1347 5128 domum
1380 5091 1509 5129 cum
1553 5076 1707 5130 haud
1738 5093 1910 5147 parva
1940 5093 2036 5130 re—

339 5159 552 5214 deundi
582 5162 790 5230 praeda,
817 5178 976 5216 arma
1005 5161 1269 5229 induunt,
1295 5179 1545 5234 regeque
1574 5164 1643 5218 de
1666 5181 1768 5218 suo
1796 5181 2033 5234 corpore

339 5260 409 5299 ex
457 5247 788 5303 Balthorum
836 5249 1045 5304 illustri
1086 5251 1307 5305 familia
1349 5252 1572 5305 Alarico
1626 5258 1832 5317 creato,
1889 5254 2034 5307 fines

339 5352 471 5390 suos
493 5352 702 5406 magno
731 5340 1050 5394 vicinorum
1081 5347 1298 5396 terrore
1329 5343 1720 5412 egrediuntur.
1781 5342 1920 5396 Huic
1974 5359 2033 5396 se

336 5424 510 5493 paulo
541 5430 668 5494 post
698 5427 1068 5498 Rhadagasus
1115 5445 1244 5484 cum
1293 5431 1672 5485 ducentorum
1719 5431 2031 5485 Gothorum
2075 5463 2092 5490 χ

336 5511 591 5566 millibus
621 5515 948 5584 conjungit:
973 5533 1217 5588 cumque
1245 5519 1405 5573 nulla
1431 5517 1568 5572 satis
1596 5521 1750 5573 terra
1773 5517 2030 5573 multitu-

2156 3047 2338 3109 verat,
2372 3059 2671 3114 quousque
2701 3045 3008 3114 populares
3037 3044 3125 3098 sui
3159 3045 3478 3099 Vandali‘in
3503 3042 3714 3097 Galliam
3738 3055 3806 3092 ve-

2157 3130 2393 3184 nissent.
2425 3132 2534 3184 Pro
2560 3130 2800 3184 indubio
2827 3131 2982 3184 enim
3020 3131 3271 3186 habebat
3300 3148 3426 3186 eam
3457 3131 3592 3184 forte
3633 3133 3806 3182 certam

2157 3217 2515 3272 occasionem
2544 3217 2774 3290 imperii
2804 3219 3080 3274 Eucherio
3111 3220 3232 3274 ﬁlio
3249 3219 3507 3292 parandi.
3531 3220 3609 3272 Ita
3628 3215 3805 3270 levibus

2154 3309 2376 3378 aliquot
2411 3309 2821 3362 certaminibus
2851 3309 3071 3363 hostem
3101 3309 3431 3363 lacessendo
3487 3314 3694 3377 tempus
3719 3310 3806 3357 tra-

2155 3396 2354 3450 hebat:
2388 3396 2539 3466 quod
2571 3396 2827 3451 Alaricus
2856 3414 2986 3452 cum
3018 3413 3120 3468 per
3151 3401 3406 3453 occultos
3451 3403 3658 3451 meatus
3697 3392 3804 3446 olfe-

2154 3483 2340 3550 eisset,
2369 3485 2440 3539 ad
2472 3485 2784 3540 Honorium
2807 3487 3028 3541 detulit.
3065 3488 3259 3557 quue
3291 3489 3447 3544 velut
3469 3500 3688 3540 munere
3705 3496 3803 3534 cum

2151 3573 2458 3642 placatiore
2487 3573 2594 3628 sibi
2624 3574 2868 3628 Honorio
2918 3592 2977 3628 se
3025 3591 3269 3629 usurum
3337 3574 3688 3636 existimaret,
3727 3582 3804 3638 per

2154 3662 2377 3716 eosdem
2397 3662 2612 3732 legatos
2640 3679 2783 3734 quos
2831 3663 2904 3717 ad
2961 3663 3347 3734 detegendum
3384 3661 3620 3718 Honorio
3658 3658 3803 3713 scelus

2152 3749 2438 3804 Stiliconis
2467 3752 2719 3818 miserat,
2753 3753 2948 3806 Gallias
2968 3758 3193 3822 partem
3227 3770 3348 3816 suae
3370 3748 3701 3806 multitudini
3725 3760 3802 3815 pe-

2149 3837 2272 3894 tiit:
2309 3839 2554 3894 victuros
2579 3857 2637 3893 se
2668 3841 2891 3911 legibus
2919 3841 3216 3907 Romanis,
3249 3859 3356 3897 nec
3405 3856 3577 3912 parvo
3624 3838 3803 3892 futuros

2154 3927 2280 3981 usui
2309 3928 2552 3998 imperio
2578 3929 2857 3999 bellisque
2890 3931 3181 3998 Romanis,
3215 3932 3501 4002 nullisque
3539 3922 3802 4000 provincia-

2151 4015 2300 4070 libus
2329 4017 2416 4070 vel
2442 4017 2554 4071 tide
2585 4019 2674 4071 vel
2715 4019 2990 4088 obsequio
3045 4035 3182 4089 erga
3231 4021 3521 4074 Romanos
3571 4026 3798 4070 cessuros.

2152 4105 2467 4175 Imperator
2485 4106 2720 4176 ancipiti
2744 4108 2892 4161 malo
2918 4123 3242 4174 concussus,
3280 4107 3342 4162 in
3372 4113 3584 4178 partem
3612 4099 3801 4157 ditionis

2154 4193 2365 4247 Gothos
2387 4193 2659 4264 recipere,
2695 4212 2870 4265 quam
2899 4195 3186 4250 Stiliconis
3214 4196 3457 4266 perﬁdia
3488 4193 3592 4248 sibi
3617 4189 3799 4256 suisque

2154 4282 2390 4336 exitium
2421 4299 2619 4353 parare
2647 4285 2867 4338 maluit.
2902 4285 3096 4355 Neque
3123 4286 3278 4338 enim
3324 4285 3541 4355 primus
3571 4279 3800 4335 detulerat

2153 4371 2222 4424 ad
2255 4371 2566 4425 Honorium
2589 4372 2860 4435 Alaricus,
2893 4374 3046 4444 quod
3076 4373 3272 4428 Stilico
3321 4375 3586 4443 coqueret
3635 4365 3792 4420 scelus.

2150 4460 2262 4513 Nec
2293 4464 2486 4513 tamen
2515 4465 2705 4514 tutum
2732 4461 2970 4531 putabat
2993 4461 3194 4532 quovis
3221 4466 3483 4532 tempore
3510 4458 3681 4512 virum
3717 4451 3797 4504 tol-

2149 4547 2267 4602 lere
2297 4564 2364 4601 ex
2393 4548 2614 4602 duabus
2643 4549 2918 4603 uxoribus
2947 4549 3056 4603 sibi
3085 4565 3368 4616 socerum,
3425 4553 3482 4602 et
3512 4545 3695 4616 opibus
3719 4553 3794 4592 su—

2148 4651 2252 4704 pra
2269 4635 2552 4705 privatum
2567 4636 2855 4706 fastigium
2882 4637 3194 4707 pollentem
3210 4643 3629 4708 potentemque.
3652 4625 3795 4685 Simul

2147 4723 2324 4793 igitur
2356 4739 2486 4777 cum
2517 4724 2720 4794 legatis
2751 4723 3069 4779 Gothorum
3126 4725 3347 4778 litteras
3397 4725 3469 4778 ad
3514 4720 3794 4776 Stiliconem

2147 4811 2345 4876 mittit,
2375 4816 2438 4864 ut
2464 4811 2652 4880 primo
2680 4827 2911 4882 quoque
2940 4817 3196 4883 tempore
3238 4813 3450 4866 Gothos
3489 4811 3545 4864 in
3598 4803 3793 4862 Galliam

2145 4897 2338 4951 venire
2364 4898 2678 4968 permittat.
2712 4899 2953 4953 Nuntius
2983 4899 3074 4953 hic
3117 4900 3225 4954 fuit
3275 4896 3532 4954 Stiliconi
3585 4905 3727 4962 asper
3748 4890 3791 4938 εἴ

2146 4985 2509 5057 importunus
2543 5003 2554 5040 :
2585 4987 2798 5057 quippe
2828 4991 2886 5042 et
2914 5004 2972 5041 se
2993 4987 3244 5042 fraudari
3267 4993 3430 5042 tanta
3455 4999 3548 5057 spe
3587 4977 3791 5036 videbat.

2147 5079 2202 5128 et
2230 5090 2332 5128 sua
2361 5075 2616 5128 consulta
2647 5075 2837 5146 palam
2888 5075 3014 5129 fieri
3071 5076 3486 5146 suspicabatur.
3537 5063 3791 5126 Haesitan-

2147 5163 2404 5234 quandiu
2431 5179 2561 5218 acer
2589 5168 2647 5216 et
2692 5164 2852 5218 ferox
2897 5164 3143 5230 animus,
3199 5164 3430 5218 tandem
3481 5157 3621 5232 quod
3651 5151 3792 5209 tutius

2146 5258 2268 5307 erat
2296 5257 2542 5319 secutus,
2588 5251 2913 5322 pariturum
2967 5268 3026 5307 se
3076 5252 3249 5323 jussis
3301 5249 3568 5322 principis
3605 5244 3681 5298 sui
3720 5254 3789 5292 re-

2145 5341 2394 5411 spondit.
2427 5340 2537 5396 Sed
2592 5356 2666 5394 ne
2710 5356 2799 5393 res
2848 5341 2909 5393 in
2938 5345 3121 5394 totum
3153 5359 3183 5394 e
3215 5340 3477 5394 manibus
3525 5335 3787 5390 laberetur,

2143 5431 2378 5486 Saulum
2406 5429 2717 5501 quemdam
2746 5445 2876 5482 cum
2906 5429 3154 5483 Judaicis
3183 5429 3361 5500 copiis
3416 5426 3679 5484 subornat,
3709 5413 3788 5486 qui

2145 5518 2454 5574 Gothorum
2485 5517 2739 5588 vestigiis
2765 5517 3027 5588 proxime
3055 5517 3340 5585 insistens,
3387 5514 3539 5568 caesis
3589 5525 3679 5581 per
3711 5517 3786 5556 οε·
