3920 6180
118 292 197 342 «i3?
870 279 1228 335 VARIORUM
1276 279 1880 336 EXERCITATIONES
1919 282 1983 335 IN
2025 284 2081 337 S.
2125 284 2496 339 AUGUSTINI
2534 284 2790 340 OPERA.

3476 287 3581 340 458

119 408 363 461 rasionem
407 398 631 470 aliquot
681 397 953 466 millibus,
1001 399 1340 453 irritabilem
1380 400 1659 470 populum
1703 400 1771 453 ad
1810 408 1855 459 A
1887 400 2240 471 diligentem,
2298 421 2361 456 ac
2415 404 2559 457 bene
2619 404 2867 470 doctum,
2922 406 3202 473 quantum
3234 420 3299 456 ex
3356 402 3584 472 scriptis

130 496 282 551 foedus
298 489 664 559 rumpendum
684 487 965 556 impellat.
989 488 1191 542 Saulus
1211 487 1502 542 dominico
1528 488 1639 554 die,
1666 505 1777 558 quo

132 602 185 638 ex
224 584 388 635 vetere
425 581 627 630 nostra:
672 575 964 645 religionis
1005 575 1265 629 instituto
1306 576 1602 641 feriamur,
1648 592 1778 628 cum

132 671 219 725 toti
236 668 380 721 rebus
415 664 579 719 sacris
619 664 823 718 intenti
859 664 1024 718 Gothi
1047 670 1254 732 essent,
1287 665 1568 734 impetum
1600 665 1660 717 in
1682 681 1778 717 eos

122 757 250 821 facit,
285 754 569 824 primoque
628 752 879 805 tumultu
921 751 1140 821 aliquot
1171 768 1240 805 ex
1272 751 1352 804 eis
1382 752 1605 805 sternit.
1638 753 1779 805 Ter-

122 845 199 899 riti
225 841 375 898 Gothi
398 840 601 908 subito,
636 844 912 911 quantum
932 840 988 892 in
1014 840 1399 909 trepidatione
1430 857 1626 893 rerum
1654 840 1780 893 fieri

118 936 325 1005 poterat,
370 945 502 982 num
556 928 628 981 ad
667 944 827 981 arma
866 928 1327 982 concurrendum
1368 934 1516 982 esset
1559 930 1781 982 consul-

117 1026 233 1077 tant.
267 1020 496 1072 Venerat
522 1017 675 1071 enim
707 1017 767 1070 in
797 1017 1138 1087 religionem
1170 1018 1315 1071 festo
1347 1017 1660 1071 Servatoris
1690 1018 1779 1072 die

114 1126 249 1164 arma
276 1112 526 1171 tractare,
558 1107 877 1159 humanum
909 1105 1248 1175 sanguinem
1298 1106 1560 1173 fundere,
1595 1106 1779 1160 caedes

112 1198 382 1253 hominum
402 1196 605 1249 facere.
656 1194 763 1249 Sed
814 1210 943 1247 cum
978 1194 1156 1247 Judaai
1202 1195 1438 1248 modum
1486 1195 1779 1249 occidendi

112 1284 513 1354 trucidandique
564 1300 681 1337 non
728 1286 1030 1351 ponerent,
1079 1282 1186 1336 sibi
1214 1282 1453 1353 quisque
1481 1282 1779 1337 consilium

110 1374 250 1443 cepit,
300 1388 411 1425 non
445 1375 763 1442 exspectato
818 1370 1131 1435 communi,
1178 1375 1239 1425 ut
1268 1387 1426 1425 arma
1465 1372 1553 1426 sui
1584 1371 1779 1425 tuendi

109 1462 266 1533 gratia
288 1461 569 1527 indueret,
600 1462 855 1531 Cumque
879 1460 1003 1530 jam
1054 1461 1381 1530 frequentes
1413 1459 1616 1513 armati
1645 1476 1778 1513 con-

108 1550 379 1615 venissent,
429 1550 687 1603 Alaricus
731 1565 835 1619 pro
885 1552 1144 1618 tempore
1196 1548 1472 1601 instructa
1521 1546 1638 1600 acie
1669 1545 1778 1598 im-

106 1640 231 1693 belle
255 1654 430 1709 genus
478 1638 781 1692 hominum
820 1637 983 1691 facile
1021 1636 1187 1690 sistit.
1222 1636 1363 1717 ljinc
1410 1634 1639 1689 connixi
1673 1634 1775 1688 ali-

106 1732 355 1797 quantum
400 1726 570 1782 Gothi
599 1727 824 1780 Iudaeos
853 1725 1103 1780 fundunt
1138 1724 1474 1796 fugantque.
1502 1726 1565 1777 Et
1594 1722 1776 1794 questi

107 1819 296 1868 coactos
334 1830 392 1867 se
441 1830 478 1866 a
530 1813 897 1867 violatoribus
953 1813 1190 1866 humani
1220 1812 1360 1882 juris
1405 1811 1660 1866 divinum
1686 1811 1782 1879 jus

105 1903 329 1973 polluere
350 1919 411 1957 ac
441 1901 859 1968 contaminare,
896 1902 1182 1957 Christum
1204 1901 1389 1971 ipsum
1434 1900 1779 1963 invocantes,

105 2008 191 2060 per
215 1991 365 2061 cujus
378 1990 641 2059 juratum
667 2006 882 2044 numen
912 1989 1095 2043 foedus
1120 1993 1308 2042 essent
1352 1988 1621 2057 utrinque
1652 2003 1781 2040 san-

106 2079 273 2144 citum,
348 2078 632 2148 cujusque
687 2077 858 2131 ferias
925 2080 1127 2130 contra
1186 2092 1347 2129 suam
1425 2075 1784 2130 voluntatem

107 2183 296 2232 cruore,
352 2166 633 2233 caedibus,
674 2169 859 2235 strage
899 2165 1226 2232 fcedassent,
1273 2163 1357 2216 ira
1395 2162 1633 2229 incensi,
1682 2179 1785 2232 per

105 2254 325 2308 mediam
362 2254 591 2309 Italiam
638 2255 711 2309 ad
760 2254 966 2309 Urbem
998 2254 1145 2307 ferre
1180 2252 1342 2323 signa
1375 2256 1646 2322 pergunt.
1689 2252 1781 2304 Di-

108 2344 309 2397 miserat
353 2344 553 2398 Stilico
597 2343 905 2397 nonnullos
935 2342 1147 2396 milites
1176 2346 1451 2411 tanquam
1482 2341 1604 2394 sine
1634 2341 1782 2394 bello

109 2432 327 2497 inutiles,
364 2448 517 2502 quos
547 2432 617 2486 ad
648 2436 990 2502 praesentem
1020 2435 1297 2485 terrorem
1327 2434 1555 2482 coactus
1600 2432 1684 2482 est
1714 2429 1783 2482 ab

108 2521 418 2590 imperatore
448 2526 736 2591 repetere,
766 2519 937 2572 simul
968 2534 1097 2571 cum
1142 2516 1540 2586 supplemento
1588 2515 1781 2585 copia-

109 2626 230 2675 rum,
261 2614 319 2662 ut
355 2609 630 2663 maximis
657 2608 871 2661 viribus
900 2608 1213 2661 Gothorum
1235 2604 1530 2658 conatibus
1556 2603 1783 2656 obviam

109 2697 274 2752 iretur.
334 2698 644 2763 Honorius,
696 2694 990 2766 patefactis
1034 2692 1322 2748 Stiliconis
1352 2690 1622 2756 consiliis,
1668 2708 1785 2745 ma-

106 2802 248 2855 gnam
274 2787 533 2840 militum
560 2801 797 2839 manum
825 2784 897 2838 ad
959 2799 1091 2836 eum
1131 2780 1329 2847 mittit,
1375 2782 1510 2835 dato
1543 2780 1784 2834 ducibus

108 2876 290 2929 occulte
334 2874 597 2945 negotio,
654 2878 715 2926 ut
756 2874 1081 2942 opportuno
1132 2869 1217 2921 rei
1260 2867 1495 2937 agendae
1524 2873 1783 2935 tempore

107 2968 315 3033 captato,
348 2964 688 3018 Stiliconem
714 2977 844 3014 cum
875 2959 993 3013 filio
1018 2959 1378 3012 obtruncent.
1412 2954 1501 3008 Illi
1526 2968 1781 3043 commu-
1812 2988 1850 3043 Ο

108 3052 266 3106 nicato
310 3053 464 3106 inter
500 3068 558 3105 se
590 3049 846 3118 consilio,
894 3048 1102 3118 dieque
1150 3045 1429 3100 destinato
1463 3060 1576 3113 quo
1600 3042 1779 3112 impe-

108 3145 207 3193 rata
234 3139 514 3211 principis
543 3152 769 3192 strenue
811 3140 1173 3207 peragerent,
1207 3130 1419 3186 diversi
1448 3129 1782 3184 Stiliconem

108 3243 157 3279 ac
182 3228 349 3281 tilium
376 3226 594 3291 adorti,
628 3232 684 3279 et
704 3242 800 3278 eos
829 3225 1003 3294 ipsos,
1027 3227 1085 3276 et
1113 3238 1177 3275 ex
1201 3218 1535 3274 necessariis
1564 3218 1785 3287 aliquot

108 3316 189 3385 qui
212 3318 318 3371 vim
364 3316 676 3387 parabant,
709 3315 905 3369 Romae
959 3313 1021 3365 in
1051 3312 1172 3365 foro
1204 3310 1365 3363 Pacis
1412 3307 1776 3362 interﬁciunt.

110 3406 417 3475 Imprudens
449 3411 651 3459 tamen
682 3408 738 3456 et
778 3403 1017 3472 ignavus
1052 3399 1339 3470 princeps,
1373 3398 1515 3451 duce
1537 3396 1780 3459 sublato,

110 3491 154 3545 in
178 3494 288 3563 ejus
342 3495 542 3547 locum
585 3490 875 3545 neminem
908 3487 1237 3557 subrogavit
1269 3503 1281 3540 :
1315 3486 1483 3539 credo
1516 3500 1586 3538 ne
1632 3484 1786 3537 ultus

108 3598 279 3650 parem
306 3587 515 3636 nactus
552 3579 892 3649 potentiam,
927 3576 1139 3631 similia
1160 3574 1479 3629 moliretur.
1513 3574 1590 3626 Ita
1625 3588 1785 3625 exer-

109 3668 230 3723 citus
260 3670 376 3723 sine
420 3666 718 3740 prmcipuo
749 3666 939 3736 aliquo
982 3664 1120 3718 duce
1166 3662 1371 3715 misere
1411 3677 1443 3713 a
1472 3659 1668 3714 Gothis
1698 3660 1788 3711 fu—

110 3774 202 3826 sus,
228 3776 325 3828 per
363 3758 582 3813 multas
636 3755 823 3809 clades
849 3759 1130 3808 terrorem
1172 3751 1395 3806 Gotliici
1424 3748 1673 3803 nominis
1696 3748 1788 3800 in—

108 3853 306 3915 gentem
362 3846 624 3901 imbibit.
690 3842 858 3899 Gothi
913 3841 1234 3912 superiores
1282 3839 1435 3897 facti.
1469 3838 1540 3891 ad
1587 3836 1786 3889 urbem

109 3935 319 3989 Romam
350 3936 520 4006 signa
550 3933 756 3986 infesta
786 3932 1020 3998 ducunt,
1054 3944 1295 3998 eamque
1343 3925 1642 3981 obsidione
1692 3924 1785 3978 diu

106 4040 328 4093 pressam
383 4022 645 4094 capiunt,
698 4019 975 4089 diripiunt
1024 4016 1231 4087 majori
1301 4014 1547 4068 tumultu
1618 4018 1788 4082 atque

105 4113 425 4182 cxpilatione
450 4126 670 4175 rerum,
695 4124 867 4179 quam
891 4106 1138 4161 caedibus
1161 4109 1257 4158 aut
1290 4102 1521 4172 stupris,
1548 4100 1788 4169 aliisque

104 4200 244 4252 tetris
282 4217 345 4253 ac
403 4197 569 4253 foedis
615 4196 964 4250 facinoribus
1021 4210 1149 4264 quas
1191 4193 1427 4246 urbibus
1453 4188 1788 4260 expugnatis

104 4289 365 4343 committi
405 4304 513 4359 per
568 4285 936 4339 insolentiam
982 4282 1228 4336 militum
1267 4282 1477 4333 solent.
1534 4278 1789 4331 Alaricus

106 4378 241 4431 enim
288 4378 495 4432 urbem
537 4375 914 4444 ingressurus,
947 4372 1059 4425 duo
1098 4370 1160 4423 in
1215 4368 1415 4421 castris
1448 4366 1631 4420 edicta
1661 4381 1791 4435 pro-

107 4472 396 4534 posuerat:
448 4466 715 4529 alterum,
769 4479 800 4515 a
857 4461 1008 4515 ccede
1048 4462 1102 4512 et
1131 4457 1439 4511 violatione
1489 4454 1791 4509 hominum

106 4555 460 4623 abstinerent,
494 4552 600 4607 sibi
631 4549 916 4622 ejusmodi
954 4565 1044 4602 res
1076 4545 1458 4617 displicituras
1486 4560 1498 4609 ;
1524 4545 1790 4609 alterum,

110 4648 159 4696 ut
186 4644 421 4714 capitale
463 4646 628 4707 esset,
680 4640 728 4693 si
769 4638 897 4709 quis
944 4653 1075 4690 eum
1109 4634 1207 4705 qui
1228 4634 1300 4687 ad
1332 4632 1545 4701 templa
1576 4630 1793 4700 princi-

106 4746 227 4799 pum
262 4732 656 4802 apostolorum
687 4727 1034 4796 confugisset
1076 4723 1327 4785 lzederet,
1377 4724 1474 4773 aut
1504 4720 1626 4789 ipsa
1655 4724 1796 4772 tem-

108 4820 188 4888 pla
241 4821 502 4874 violaret.
573 4818 748 4887 Capta
799 4821 884 4869 est
931 4830 965 4867 a
1020 4812 1219 4868 Gothis
1268 4811 1449 4864 Roma
1489 4823 1638 4861 anno
1670 4812 1798 4876 post

106 4910 351 4962 eamdem
403 4906 689 4961 conditam
748 4905 902 4969 116i,
958 4902 1062 4955 cal.
1096 4899 1313 4970 April.,
1350 4896 1537 4952 Flavio
1578 4901 1634 4948 et
1663 4897 1793 4948 Var-

107 5011 231 5050 rone
277 5012 420 5050 coss.
465 4995 587 5059 Quo
619 4996 781 5063 pacto
832 4990 904 5044 sit
931 4993 1095 5060 capta
1145 5002 1349 5057 parum
1400 4983 1686 5053 explicant
1710 4999 1797 5035 re-

108 5100 216 5138 rum
244 5085 569 5154 scriptores.
606 5079 859 5151 Baptista
896 5076 1166 5148 Egnatius
1195 5092 1253 5128 se
1298 5073 1537 5126 modum
1570 5072 1690 5141 ejus
1718 5070 1796 5123 rei

108 5173 228 5227 dicit
274 5189 343 5226 ex
376 5170 654 5240 Procopio
687 5170 877 5222 Graeco
921 5166 1142 5231 afferre,
1171 5162 1485 5231 mirarique
1517 5160 1797 5227 interpre-

108 5264 207 5314 tem
234 5261 321 5315 vel
355 5274 490 5312 eum
538 5258 726 5310 locum
782 5255 1057 5306 scientem
1115 5250 1569 5321 prudentemque
1598 5244 1800 5296 transi-

110 5348 287 5414 liisse;
338 5348 432 5400 vel
482 5346 527 5398 si
575 5344 635 5397 in
699 5343 968 5396 mutilum
1011 5339 1215 5393 incidit
1270 5336 1540 5398 codicem,
1592 5347 1798 5401 parum

110 5434 560 5491 animadvertisse
619 5431 755 5502 quid
818 5430 1056 5484 deesset.
1119 5424 1461 5495 Procopium
1540 5422 1796 5475 Grmcum

111 5526 351 5577 nondum
382 5520 497 5574 vidi
530 5537 543 5587 ;
602 5520 742 5573 fides
792 5517 902 5571 erit
929 5532 1105 5587 penes
1146 5512 1470 5585 Egnatium,
1504 5507 1800 5563 hominem

409 5626 684 5691 PATROL.
735 5623 980 5690 XLVII.

1881 490 2140 560 judicare
2186 508 2441 559 possum.
2496 492 2701 547 Scribit
2755 508 2935 562 ergo:
2987 492 3297 547 Obsederat
3341 494 3580 546 Romam

1887 578 2141 632 Alaricus
2165 579 2286 648 jam
2329 580 2645 647 biennium,
2698 596 2801 633 nec
2837 580 3136 648 Honorius,
3165 581 3263 651 qui
3296 583 3580 635 Ravennae

1887 666 2182 721 desidebat
2225 673 2322 721 aut
2366 667 2513 722 ferre
2563 669 2853 738 suppetias
2898 674 3123 739 poterat
3170 675 3263 723 aut
3312 670 3578 723 audebat.

1890 757 2031 809 Nam
2058 772 2192 834 cum
2217 756 2360 809 nihil
2391 756 2580 809 minus
2613 773 2787 827 quam
2818 758 2885 810 de
2922 758 3082 811 Urbis
3106 759 3286 811 salute
3309 758 3585 813 sollicitus

1888 834 2077 909 esset,"
2103 843 2372 897 Stilicone
2426 843 2749 911 interfecto,
2801 844 3003 897 ducem
3035 844 3309 899 exercitui
3346 846 3585 899 minime

1888 932 2217 1001 praefecerat
2268 932 2367 1002 qui
2411 948 2534 985 rem
2587 932 2852 985 adversus
2894 933 3101 986 Gothos
3145 934 3585 988 administraret.

1892 1019 2045 1073 Unde
2094 1020 2287 1074 Gothis
2334 1020 2662 1074 obsidendae
2725 1020 2887 1073 Urbis
2957 1021 3244 1089 cogitatio,
3326 1024 3584 1076 Romano

1888 1108 2069 1162 milite
2125 1113 2221 1162 aut
2267 1109 2506 1179 dilapso,
2558 1113 2656 1161 aut
2697 1108 2949 1178 segniter
2978 1125 3098 1162 rem
3127 1115 3345 1179 agente.
3379 1112 3584 1163 Verum

1888 1212 2013 1250 eam
2047 1197 2257 1251 frustra
2288 1198 2572 1251 obsessam
2610 1213 2739 1250 cum
2764 1213 3088 1266 expugnare
3110 1197 3162 1250 vi
3190 1216 3305 1251 non
3331 1203 3587 1268 possent,

1887 1284 1959 1337 ad
1989 1285 2182 1338 dolum
2236 1283 2412 1338 hostis
2450 1283 2725 1338 barbarus
2773 1284 3033 1338 vertitur.
3084 1286 3499 1340 Profectionem
3527 1288 3586 1342 in

1888 1373 2133 1442 patriam
2175 1374 2424 1438 simulat,
2486 1377 2881 1443 trecentosque
2932 1373 3171 1441 juvenes
3224 1376 3591 1444 corporiset

1887 1460 2064 1514 animi
2094 1461 2143 1513 vi
2168 1466 2504 1530 praestantes
2527 1461 2745 1531 deligit,
2768 1478 2910 1532 quos
2936 1462 3208 1515 Romanis
3230 1463 3588 1533 principibus

1889 1548 2040 1601 dono
2071 1549 2181 1617 det,
2216 1549 2521 1603 instructos
2548 1549 2707 1619 prius
2738 1555 2803 1602 ut
2831 1549 2990 1603 omni
3027 1550 3301 1619 obsequio
3325 1551 3590 1605 dominos

1890 1652 2021 1690 suos
2078 1637 2397 1706 promereri
2435 1637 2721 1703 studeant,
2764 1642 2813 1691 et
2871 1638 2939 1691 ad
2999 1642 3213 1692 certam
3264 1640 3415 1693 diem
3442 1640 3591 1694 circa

1892 1724 2212 1791 meridiem,
2262 1740 2391 1777 cum
2452 1723 2695 1778 Romani
2741 1724 3028 1794 principes
3076 1741 3275 1780 somno
3333 1728 3417 1780 vel
3476 1728 3590 1782 otio

1891 1818 2174 1879 vacarent,
2208 1812 2279 1866 ad
2305 1812 2625 1866 Asinariam
2654 1817 2878 1882 portam
2901 1813 3160 1867 advolent
3194 1830 3206 1879 ;
3249 1814 3588 1869 interfectis-

1891 1918 2003 1973 que
2031 1901 2337 1971 improviso
2367 1902 2580 1954 insultu
2608 1900 2953 1966 custodibus,
2986 1907 3213 1970 portam
3241 1902 3350 1955 sibi
3381 1909 3589 1973 praesto

1890 1990 2097 2044 futuris
2118 1989 2402 2060 aperiant.
2434 1990 2655 2043 Interea
2675 1989 2842 2043 Gothi
2863 2006 2992 2043 cum
3015 1990 3257 2044 reditum
3289 1991 3397 2044 alia
3421 2000 3590 2062 atque

1894 2081 2003 2135 alia
2024 2082 2218 2135 deesse
2248 2080 2356 2133 sibi
2388 2079 2723 2132 simulantes
2765 2079 3080 2139 differrent,
3122 2080 3361 2133 trecenti
3392 2080 3475 2134 illi
3494 2081 3589 2151 ju-

1894 2185 2065 2223 venes
2114 2168 2409 2223 occasione
2457 2167 2683 2237 egregie
2742 2167 2849 2233 usi,
2880 2173 3103 2237 portam
3144 2172 3317 2222 strato
3351 2169 3442 2222 die
3472 2170 3590 2222 suis

1892 2257 2180 2328 aperiunt,
2222 2260 2277 2310 et
2316 2255 2675 2309 intromissus
2732 2256 2947 2310 Gothus
3005 2257 3219 2326 majore
3273 2256 3594 2326 ignominia

1892 2363 2065 2417 quam
2126 2346 2335 2399 damno
2393 2344 2594 2397 urbem
2650 2360 2883 2399 omnem
2923 2346 3244 2415 populatur.
3290 2346 3440 2400 Sunt
3494 2346 3594 2417 qui

1892 2435 2090 2489 Probae
2122 2433 2360 2487 illustris
2384 2432 2614 2487 feminae
2639 2437 2694 2486 et
2741 2432 3191 2502 opulentissimae
3224 2450 3397 2504 opera
3436 2439 3595 2503 pate-

1891 2521 2100 2574 factam
2121 2520 2323 2575 Gothis
2352 2527 2579 2591 portam
2611 2520 2953 2587 existiment,
2987 2537 3114 2573 cum
3138 2521 3359 2591 plebem
3391 2522 3597 2575 Roma-

1890 2625 2025 2663 nam
2056 2609 2271 2679 passim
2303 2608 2451 2662 fame
2495 2613 2549 2661 et
2606 2609 2823 2663 morbis
2848 2608 3135 2678 pecudum
3183 2626 3339 2661 more
3386 2610 3595 2663 caden-

1892 2704 2008 2751 tem
2022 2698 2408 2751 miseraretur.
2431 2698 2553 2751 Duo
2568 2702 2702 2750 sunt
2716 2696 2947 2767 cognitu
2964 2714 3077 2749 non
3107 2696 3342 2767 indigna
3365 2713 3595 2766 :unum,

1893 2786 2142 2841 edictum
2175 2787 2243 2839 ab
2278 2786 2501 2838 Alarico
2554 2785 2750 2852 fuisse,
2802 2789 2865 2838 ut
2921 2785 3247 2856 quicunque
3284 2786 3342 2838 in
3385 2787 3599 2857 templa

1893 2874 2153 2928 divorum
2202 2875 2595 2943 confugerent,
2650 2872 2944 2943 praecipue
2997 2873 3148 2926 Petri
3196 2878 3253 2926 et
3292 2875 3473 2940 Pauli,
3510 2874 3599 2928 his

1894 2964 2052 3017 nulla
2089 2963 2172 3016 vis
2202 2962 2513 3016 inferretur
2546 2978 2557 3015 :
2598 2962 2749 3031 quod
2784 2966 2840 3015 et
2885 2978 3110 3014 summa
3146 2961 3259 3015 ﬁde
3290 2967 3595 3017 servatum.

1891 3053 2170 3117 Alterum,
2227 3049 2381 3120 quod
2421 3066 2551 3103 cum
2610 3048 2942 3102 nuntiatum
2997 3050 3247 3103 Honorio
3291 3056 3437 3105 esset
3488 3053 3597 3105 Ra-

1892 3154 2111 3204 vennae,
2164 3138 2406 3191 Romam
2443 3136 2750 3206 perditam,
2805 3135 3049 3189 credidit
3090 3136 3185 3189 ille
3239 3137 3307 3191 de
3352 3138 3598 3209 pugnaci

1893 3228 2049 3283 Gallo
2084 3226 2175 3279 cui
2204 3243 2417 3280 nomen
2441 3232 2564 3279 erat
2593 3228 2811 3293 Romae,
2859 3225 3237 3295 signiﬁcatum
3263 3224 3598 3294 esse,admi-

1893 3321 2195 3383 ratumque
2227 3314 2597 3366 vehementer
2645 3317 2763 3366 tam
2818 3312 3004 3366 subito
3037 3312 3276 3382 periisse
3326 3329 3458 3367 eum
3499 3312 3597 3383 qui

1894 3419 2021 3455 cum
2053 3402 2224 3472 paulo
2267 3406 2396 3454 ante
2441 3400 2797 3454 festivissime
2846 3401 3082 3453 luserat.
3139 3403 3264 3454 Haec
3305 3402 3594 3471 Egnatius.

1897 3490 2005 3542 Has
2035 3504 2231 3542 omnes
2253 3488 2438 3541 clades
2458 3486 2998 3541 maledicentissima
3024 3486 3269 3558 etimpia
3296 3503 3437 3556 gens
3466 3487 3598 3540 reli-

1896 3576 2055 3645 gioni
2088 3576 2420 3630 Christianae
2443 3575 2782 3645 imputabat,
2812 3591 3029 3644 negans
3064 3575 3322 3628 futurum
3355 3580 3415 3628 ut
3439 3580 3601 3646 capta

1899 3678 2149 3733 unquam
2187 3666 2331 3715 esset
2374 3663 2572 3728 Roma,
2614 3661 2660 3715 si
2692 3661 2933 3715 deorum
2970 3661 3271 3731 religiones
3300 3678 3333 3716 a
3362 3662 3599 3731 majori-

1896 3753 2001 3805 bus
2047 3752 2223 3805 cultas
2296 3750 2646 3818 traditasque
2694 3748 2936 3818 posteris
3001 3749 3318 3801 tenuissent
3369 3765 3381 3802 :
3440 3749 3600 3819 quasi

1896 3858 2029 3894 vero
2061 3857 2176 3894 non
2208 3839 2469 3893 eamdem
2503 3838 2573 3891 ob
2604 3853 2855 3903 causam,
2908 3836 3042 3905 quia
3080 3837 3356 3889 violatum
3396 3841 3483 3889 est
3505 3837 3601 3905 jus

1897 3929 2236 3991 humanum,
2270 3926 2414 3981 Galli
2467 3925 2604 3979 olim
2646 3924 2990 3994 vigentibus,
3035 3930 3097 3977 ut
3138 3923 3317 3990 aiunt,
3354 3924 3600 3977 maxime

1900 4016 2094 4087 impiis
2148 4015 2260 4068 illis
2313 4013 2571 4078 insaniis,
2626 4013 2834 4066 Urbem
2892 4011 3149 4081 ceperint
3179 4016 3234 4065 et
3276 4010 3597 4077 diruerint;

1898 4122 2000 4159 ceu
2035 4120 2147 4156 non
2205 4100 2370 4155 multi
2428 4100 2807 4170 imperatores
2859 4099 3168 4155 Christiani
3225 4098 3437 4169 optime
3478 4115 3597 4152 rem

1898 4191 2197 4263 gesserint,
2233 4195 2287 4243 et
2336 4194 2611 4258 tanquam
2654 4204 2768 4241 non
2810 4187 2930 4239 haec
2969 4186 3264 4239 inclinatio
3291 4186 3517 4256 imperii
3547 4192 3601 4241 et

1831 4282 1875 4335 D
1904 4282 2240 4339 manifestus
2267 4279 2337 4333 ad
2380 4278 2605 4331 ruinam
2638 4293 2800 4330 casus
2832 4274 3065 4345 coeperit
3103 4275 3207 4328 sub
3236 4274 3600 4345 imperatori-

1904 4370 2009 4422 bus
2032 4366 2364 4437 gentilibus,
2400 4370 2457 4418 et
2497 4381 2615 4418 non
2656 4379 2758 4433 per
2787 4362 3050 4415 eamdem
3082 4361 3399 4415 socordiam
3438 4361 3599 4432 igna-

1903 4459 2166 4527 viamque
2194 4454 2474 4509 Honorius
2513 4452 2771 4507 amiscrit
2812 4454 3074 4516 Romam,
3096 4467 3201 4520 per
3230 4466 3402 4521 quam
3428 4450 3605 4505 Galie-

1902 4562 2010 4599 nus
2039 4547 2366 4614 i-Egyptum,
2426 4542 2639 4607 Asiam,
2685 4539 2946 4604 Galliam,
2979 4540 3051 4592 ad
3093 4554 3335 4609 quarum
3360 4539 3606 4609 perdita-

1905 4650 2034 4685 rum
2087 4648 2347 4684 rumores
2405 4628 2571 4683 dictis
2616 4628 2813 4680 luserit
2874 4626 3088 4679 facetis.
3159 4625 3440 4679 Adversus
3498 4626 3602 4679 hos

1903 4725 2081 4794 igitur
2113 4721 2375 4774 homines
2427 4722 2633 4772 sanctm
2666 4715 2983 4785 religionis,
3026 4715 3248 4768 etiamsi
3277 4717 3437 4770 nulla
3466 4732 3602 4769 con-

1904 4811 2124 4881 tigisset
2174 4807 2487 4873 calamitas,
2520 4804 2780 4858 inimicos
2827 4808 2883 4856 et
2934 4801 3204 4865 infensos,
3244 4802 3419 4855 libros
3463 4819 3603 4855 con-

1894 4894 2128 4967 'scripsit
2175 4893 2527 4963 Augustinus
2578 4893 2723 4946 duos
2766 4895 2823 4943 et
2870 4888 3092 4959 viginti,
3128 4889 3423 4943 Civitatem
3483 4888 3603 4955 Dei,

1906 4986 2014 5039 hoc
2065 4988 2148 5037 est
2204 4980 2582 5035 Christianam
2648 4977 2987 5047 religionem
3041 4977 3309 5031 adversus
3353 4976 3605 5030 rabiosas

1907 5075 2077 5139 atque
2107 5066 2312 5138 impias
2346 5082 2546 5119 eorum
2578 5064 2837 5135 querelas
2869 5062 3179 5116 defendens

2423 5150 3080 5207 ANIMADVERSIONES

2366 5255 2418 5292 ΙΝ
2452 5255 2637 5292 LIBROS
2668 5254 2735 5292 DE
2764 5253 2996 5291 CIVITATE
3017 5254 3128 5290 DEI.

1982 5333 2147 5385 Liaao
2180 5346 2215 5381 1.
2253 5328 2384 5397 Cap.
2442 5331 2488 5380 l.
2546 5328 2633 5380 An
2663 5342 2767 5379 non
2802 5328 2964 5379 etiam
2990 5325 3076 5377 illi
3136 5325 3365 5378 Romani
3395 5326 3611 5380 Christi

1911 5421 2113 5474 nomini
2162 5419 2352 5482 infesti
2379 5419 2522 5479 sunt,
2557 5416 2752 5483 quibus
2778 5417 2999 5482 propter
3048 5414 3332 5466 Christum
3382 5413 3613 5470 barbari

1908 5510 2282 5576 popa-errant.
2350 5507 2640 5557 Testantur
2675 5503 2768 5554 hoc
2814 5506 3119 5571 martyrum
3144 5503 3258 5555 loca
3300 5506 3349 5554 et
3381 5502 3615 5555 basilica:

3164 5613 3241 5671 15
