3884 6178
324 258 427 311 459

1315 296 1318 299 -
1349 255 1905 311 SUPPLEMENTUM
1946 256 2037 309 AD
2074 255 2308 311 OPERA
2345 257 2400 310 S.
2441 256 2827 312 AUGUSTINI.

3663 272 3743 324 460

323 378 727 448 Apostolorum,
754 391 872 444 qua
900 378 958 429 in
984 373 1087 430 illa
1132 376 1434 428 vastatione
1466 375 1624 429 Urbis
1654 376 1726 429 ad
1750 391 1805 429 se
1831 378 2020 443 confu-
2053 378 2099 430 A
2134 383 2383 432 matores
2425 377 2634 432 ethnici
2678 377 2889 431 similia
2943 376 3006 431 in
3058 375 3392 433 Christianas
3441 381 3658 453 virgines
3709 398 3748 444 et

321 470 524 534 gientes
542 481 664 521 suos
707 467 1014 532 alienasque
1059 462 1412 532 receperunt.]
1445 463 1554 518 Sed
1599 480 1716 517 non
1745 471 1865 518 erat
1895 465 2016 519 dis-

325 555 710 610 simulandum
732 553 898 606 hosce
920 549 1194 604 barbaros
1215 549 1387 604 fuisse
1414 550 1781 618 Christianos,
1816 569 2017 623 quam-

323 644 407 698 vis
435 643 556 697 Arii
586 646 796 695 sectam
846 644 1245 708 sequerentur,
1307 638 1444 693 Vide
1477 640 1718 693 Paulum
1753 640 2018 695 Orosium

325 733 424 787 lib.
465 749 560 798 vn,
607 746 728 799 cap.
762 731 816 794 6,
846 727 906 781 in
948 727 1083 780 ﬁne.
1115 726 1225 780 Sed
1253 726 1526 781 laudandi
1557 727 1796 782 fuissent
1822 728 2016 782 haere—

321 819 593 887 retici,{et
641 816 725 870 rei
772 814 1184 870 admirabilitas
1215 814 1567 882 minuenda;
1613 816 1765 887 quod
1795 815 2021 886 simpli-

320 907 441 962 cior
479 905 712 976 quidem
748 904 991 975 scriptor
1039 902 1222 957 facere
1261 903 1556 974 potuisset,
1591 904 1688 958 sed
1716 920 1836 958 non
1861 904 2017 958 calli-

321 997 434 1051 dus
461 995 681 1049 rhetor.

391 1087 524 1156 Cap.
551 1086 601 1138 3.
633 1083 776 1136 Ecce
804 1079 1055 1149 qualibus
1093 1079 1201 1134 diis
1232 1079 1416 1133 urbem
1441 1081 1671 1134 Romani
1697 1079 2024 1135 servandam

320 1171 714 1230 commendasse
759 1168 1095 1236 gaudebant.
1153 1171 1194 1224 0
1224 1169 1450 1222 nimium
1487 1169 1847 1224 miserabilem
1873 1185 2025 1223 erro-

318 1278 431 1318 rem
451 1266 472 1315 !
503 1266 634 1328 etc.I
665 1256 868 1311 Irridet
897 1272 1102 1327 nempe
1156 1255 1291 1310 deos
1320 1255 1420 1326 qui
1475 1273 1579 1310 nec
1625 1257 1842 1327 templa
1901 1274 2024 1326 sua,

321 1367 427 1406 nec
443 1352 657 1404 statuas
690 1361 914 1399 servare
956 1348 1282 1414 potuerant.
1333 1345 1490 1397 Idem
1535 1345 1666 1398 facit
1700 1345 2025 1400 Lactantius

322 1437 505 1492 Instit.
535 1434 719 1490 Divin.
753 1433 850 1487 lib.
885 1449 946 1500 ιι,
970 1448 1094 1502 cap.
1126 1433 1160 1486 4
1191 1436 1247 1485 et
1275 1431 1434 1487 alibi.
1470 1432 1632 1487 Idem
1665 1449 1894 1504 quoque
1925 1432 2024 1487 alii

319 1531 539 1581 veteres
569 1520 872 1578 Christiani
897 1540 911 1586 ;
941 1520 1061 1586 sed,
1093 1519 1201 1572 nisi
1232 1520 1416 1586 fallor,
1449 1521 1864 1592 imprudenter,
1892 1537 2024 1575 cum

321 1613 532 1668 similia
561 1611 921 1681 aliquatenus
949 1607 1158 1662 Iudaeis
1189 1606 1359 1678 objici
1388 1614 1642 1678 possent,
1698 1608 1799 1680 qui
1826 1613 2021 1662 tamen

321 1716 520 1755 verum
551 1697 810 1752 colebant
866 1697 1066 1749 Deum.
1112 1693 1203 1748 Sic
1251 1699 1306 1748 et
1352 1693 1491 1747 alias
1538 1695 1795 1748 fecerunt
1827 1694 2019 1749 minus

319 1789 630 1860 prudentes
674 1782 1001 1852 Christiani,
1043 1781 1284 1836 ethnicis
1343 1782 1677 1852 objicientes
1719 1800 1850 1855 qua:
1879 1784 2021 1854 ipsis

322 1878 391 1932 ab
421 1874 662 1931 ethnicis
692 1873 912 1944 objecta
939 1871 1184 1939 fuerant,
1216 1875 1280 1925 ut
1335 1871 1442 1925 viri
1483 1872 1634 1926 docti
1661 1872 2022 1927 animadver-

318 1970 530 2021 terunt.
582 1967 650 2020 At
711 1962 758 2016 si
804 1959 1208 2032 prudentiores
1245 1959 1505 2026 fuissent,
1557 1961 1628 2014 iis
1675 1961 1852 2015 armis
1906 1977 2012 2032 pro

320 2054 602 2126 religione
633 2050 954 2106 Christiana
982 2049 1262 2103 utendum
1281 2047 1390 2102 fuit
1411 2065 1540 2120 quae
1570 2049 1702 2104 usui
1721 2066 2019 2121 nunquam

321 2142 562 2198 ethnicis
607 2140 848 2195 fuissent
877 2141 975 2192 aut
1013 2152 1133 2191 esse
1175 2141 1428 2207 possent,
1461 2153 1593 2192 cum
1621 2137 1848 2193 veritati
1877 2138 2022 2193 nihil

321 2245 625 2286 commune
649 2228 877 2283 sitcum
906 2224 1222 2280 mendacio.
1260 2226 1468 2280 Verum
1510 2227 1785 2294 rhetores,
1823 2227 2024 2281 verisi-

321 2320 547 2377 milium
577 2335 744 2390 aequo
775 2315 1058 2371 avidiores
1081 2318 1422 2385 captatores,
1481 2316 1620 2371 talia
1665 2317 1886 2372 monita
1917 2333 2022 2371 ne-

322 2424 615 2484 quaquam
661 2404 1060 2461 attendebant.

393 2499 527 2567 Cap.
569 2498 620 2549 5.
653 2494 817 2560 Quem
835 2507 1034 2546 morem
1071 2493 1236 2545 etiam
1255 2492 1434 2548 Caesar
1477 2491 1639 2562 (sicut
1669 2493 1860 2547 scribit
1889 2493 2021 2548 Sal—

323 2589 536 2650 lustius,
593 2583 872 2637 nobilitate
928 2581 1174 2635 veritatis
1241 2579 1545 2649 historicus)
1585 2583 1848 2635 sententia
1898 2596 2025 2658 sua,

313 2690 478 2746 quam
504 2673 570 2727 de
597 2671 899 2740 conjuratis
928 2671 985 2722 in
1011 2673 1202 2723 senatu
1231 2669 1443 2734 habuit,
1465 2679 1874 2725 Commemorare
1915 2687 2023 2725 non

306 2757 724 2835 praetermittit]
767 2757 1081 2814 Credebam
1126 2757 1298 2822 illico,
1343 2773 1474 2810 cum
1503 2757 1626 2811 haec
1653 2757 1909 2828 primum
1938 2760 2020 2813 le-

313 2865 530 2923 gerem,
556 2847 649 2903 hic
679 2845 991 2917 legendum
1019 2843 1359 2907 nobilitatus,
1385 2844 1483 2897 sed
1514 2843 1768 2913 inspecta
1799 2845 2019 2899 Erasmi

2127 467 2457 522 fervidiores
2532 471 2808 537 martyres
2855 467 3044 536 jacere
3106 471 3350 535 possent.
3406 469 3501 524 Sed
3543 472 3746 544 iniquior

2128 556 2236 610 fuit
2259 555 2497 610 ethnicis
2531 549 2818 622 omnibus,
2840 559 2970 624 post
3020 555 3418 610 controversias
3445 560 3747 631 Pelagianas;

2128 644 2262 716 quia
2293 644 2436 698 nihil
2476 643 2596 697 sine
2635 646 2838 712 gratia,
2890 643 2999 696 hoc
3048 647 3134 696 est
3181 643 3370 697 afflatu
3410 645 3583 700 divino
3616 648 3750 705 inusi-

2130 738 2270 792 tato,
2310 733 2526 787 bonum
2573 747 2693 786 esse
2738 730 2978 798 dicebat,
3025 731 3361 802 uolebatque
3403 749 3520 788 eam
3560 742 3754 803 gratiam

2130 821 2371 876 ethnicis
2393 821 2588 875 tribui.

2205 911 2339 980 Cap.
2371 913 2460 964 26.
2486 909 2742 975 Quaedam
2794 913 2993 964 sancta
3023 911 3260 977 feminae,
3303 913 3518 978 tempore
3556 927 3756 981 persecu-

2134 1003 2315 1067 tionis,
2347 1004 2408 1053 ut
2462 1001 2804 1052 insectatores
2853 1013 2962 1052 suae
3010 998 3296 1067 pudicitiae
3331 997 3610 1054 devitarent
3633 1003 3681 1054 in
3699 1019 3764 1056 ra-

2127 1091 2352 1156 pturum
2374 1091 2536 1154 atque
2580 1090 2896 1140 necaturum
2937 1101 2992 1139 se
3020 1087 3246 1153 ﬂuvium
3270 1085 3608 1153 projecerunt,
3636 1103 3763 1158 eoque

2132 1175 2286 1228 modo
2314 1175 2580 1240 defunctae
2626 1179 2770 1241 sunt,
2813 1189 3103 1241 earumque
3135 1175 3406 1242 martyr-ia
3449 1177 3504 1227 in
3555 1178 3770 1230 catholica

2135 1264 2374 1318 Ecclesia
2411 1266 2749 1317 veneratione
2788 1263 3112 1318 celeberrina
3156 1263 3606 1335 frequentantur.]
3647 1265 3772 1318 Tales

2137 1352 2435 1406 Domnina‘:
2461 1352 2593 1406 ﬁliai
2645 1351 2878 1406 Bernice
2919 1356 2976 1404 et
3017 1351 3316 1418 Prosdoce,
3371 1367 3602 1421 quarum
3648 1359 3774 1405 nata-

2135 1441 2250 1494 lem
2281 1441 2569 1495 celebrant
2606 1441 2784 1495 Grzeci
2815 1440 2906 1495 die
2935 1442 2968 1494 4
3007 1439 3264 1494 Octobris
3297 1444 3353 1494 et
3396 1439 3464 1493 de
3487 1440 3673 1509 quibus
3703 1457 3775 1493 ex-

2134 1534 2244 1584 stat
2272 1530 2503 1600 elegans
2539 1529 2780 1583 homilia
2806 1527 3041 1583 Joannis
3070 1527 3460 1598 Chrysostomi
3486 1526 3619 1581 tomi
3642 1528 3781 1598 primi

2135 1623 2222 1673 51.
2286 1621 2422 1673 Eam
2477 1618 2673 1672 Latine
2745 1616 2987 1671 inseruit
3058 1615 3208 1670 Actis
3246 1614 3480 1668 sinceris
3515 1620 3568 1668 et
3605 1617 3783 1669 selectis

2132 1712 2448 1778 martyrum
2486 1707 2663 1761 Thod.
2705 1706 3036 1771 Ruinartus,
3087 1704 3186 1759 ubi
3218 1703 3394 1759 etiam
3429 1704 3674 1774 quaedam
3705 1705 3784 1757 ha-

2129 1797 2243 1862 bet,
2278 1797 2426 1850 hanc
2454 1795 2514 1850 in
2556 1812 2699 1860 rem,
2731 1795 2792 1849 in
2827 1796 3060 1867 praeﬁxa
3081 1794 3500 1862 admonitione,
3529 1795 3663 1850 lectu
3698 1811 3788 1848 non

2129 1886 2386 1956 indigna.

2203 1974 2346 2029 Ibid.
2396 1977 2470 2028 De
2521 1975 2606 2028 his
2655 1974 2798 2028 nihil
2841 1979 3030 2029 temere
3075 1974 3250 2028 audeo
3307 1975 3587 2044 judicare.
3639 1975 3794 2027 Utrum

2129 2066 2272 2118 enim
2300 2065 2547 2118 Ecclesiae
2576 2063 2852 2132 aliquibus
2892 2063 2996 2132 ﬁde
3037 2063 3223 2130 dignis
3271 2062 3736 2132 testiﬁcationibus,
3753 2066 3795 2113 ut

2133 2167 2318 2207 earum
2351 2155 2661 2206 memoriam
2680 2154 2756 2206 sic
2778 2153 3014 2218 honoret,
3062 2152 3260 2207 divina
3299 2154 3635 2222 persuaserit
3660 2155 3804 2204 aucto-

2131 2242 2270 2296 ritas
2297 2239 2517 2313 nescio.]
2546 2241 2719 2294 Multo
2765 2239 3092 2294 credibilius
3127 2244 3217 2293 est
3269 2257 3304 2294 a
3331 2239 3535 2294 vicinis
3583 2236 3800 2291 Ecclesiis

2133 2327 2385 2400 primum
2407 2344 2500 2382 eas
2521 2328 2772 2398 virgines
2818 2327 2879 2380 in
2927 2327 3187 2381 ordinem
3257 2330 3584 2397 martyrum
3604 2325 3805 2388 relatas;

2135 2417 2290 2487 quod
2316 2416 2442 2483 hoc,
2502 2415 2778 2486 quidquid
2820 2414 2929 2469 fuit
2956 2413 3194 2484 peccati,
3263 2414 3404 2468 satis
3464 2414 3675 2467 elutum
3717 2426 3811 2464 esse

2135 2509 2446 2571 censerent,
2518 2503 2710 2558 animo
2748 2520 2862 2575 quo
2912 2503 2974 2557 in
3019 2503 3078 2557 id
3108 2502 3470 2570 inciderant,
3497 2502 3607 2556 hoc
3653 2497 3814 2553 estin-

2132 2597 2424 2647 temeratae
2471 2592 2743 2648 castitatis
2798 2597 2853 2645 et
2893 2591 3192 2662 religionis
3248 2592 3593 2646 Christianae
3635 2603 3815 2642 amore.

2133 2682 2278 2737 Sane
2307 2683 2487 2736 multa
2515 2681 2840 2748 laudantur,
2872 2680 2932 2733 in
2957 2680 3166 2751 quibus
3203 2683 3413 2734 tantus
3466 2679 3688 2734 animus
3726 2692 3820 2730 non

2134 2769 2389 2838 emicuit,
2437 2773 2686 2840 quantus
2715 2768 2776 2821 in
2833 2767 2904 2821 iis
2955 2783 3085 2838 quas
3136 2768 3531 2823 excusatione
3572 2766 3819 2835 indigent.

2133 2857 2517 2922 Quamobrem
2547 2857 2604 2911 id
2628 2871 2824 2910 earum
2864 2855 3074 2910 factum
3119 2855 3372 2910 laudare
3428 2871 3551 2910 non
3579 2853 3824 2910 dubitavit

311 2940 583 3002 editione,
609 2934 728 2989 Vidi
774 2933 1052 2987 mendum
1088 2931 1194 2986 hoc
1239 2947 1362 2986 esse
1401 2933 1902 3003 typographicuma
1936 2933 2016 2988 Ῑθ·
2057 2962 2096 3018 c
2133 2945 2567 3016 Chrysostomus
2595 2960 2923 3015 novumque
2958 2947 3014 2998 et
3051 2943 3414 2999 inusitatum
3446 2944 3725 3014 baptisma
3749 2959 3826 2994 vo-

312 3029 680 3100 gendumque
708 3023 1024 3088 nobilitates,
1085 3021 1194 3074 hoc
1247 3025 1351 3088 est,
1404 3021 1703 3076 celebratas
1733 3021 2006 3077 veritatis.

313 3117 627 3172 Observant
658 3114 850 3166 autem
888 3108 982 3163 hic
1020 3107 1394 3174 Benedictini,
1456 3108 1518 3162 in
1574 3108 1844 3163 omnibus
1873 3125 2006 3163 mss.

314 3207 428 3278 legi
457 3221 577 3260 non
602 3205 800 3268 Caesar,
833 3199 932 3254 sed
962 3200 1111 3266 Cato,
1142 3214 1338 3254 verum
1367 3197 1502 3269 quia
1522 3201 1693 3254 verba
1717 3216 1844 3271 quae
1875 3216 2010 3269 pro-

309 3296 420 3350 fert
445 3296 644 3364 postea
670 3288 1022 3360 Augustinus
1053 3292 1186 3342 sunt
1230 3287 1290 3340 in
1323 3287 1582 3342 oratione
1634 3289 1862 3345 Caesaris
1892 3304 2010 3342 non

312 3384 549 3450 Catonis,
583 3397 616 3434 a
644 3377 851 3434 criticis
887 3379 1172 3430 mutatum
1225 3391 1346 3430 esse
1378 3392 1606 3430 nomen.
1633 3375 2010 3446 Suspicantur

309 3471 419 3543 ipsi
448 3467 700 3541 potuisse
725 3464 851 3520 ﬁeri
889 3468 953 3518 ut
978 3462 1329 3534 Augustinus
1376 3463 1658 3517 memoria
1688 3464 1880 3533 lapsus
1913 3463 2005 3519 sit.

311 3561 384 3615 Iis
439 3575 507 3612 eo
534 3555 803 3612 libentius
841 3552 1204 3612 assentimur,
1233 3552 1383 3622 quod
1432 3552 1584 3605 aliud
1615 3567 1789 3619 agens
1817 3554 2006 3623 Augu-

309 3647 512 3715 stinus,
543 3649 607 3699 ut
633 3644 717 3712 ﬁt,
770 3642 1082 3712 vidensque
1131 3641 1252 3694 haec
1293 3639 1464 3693 verba
1492 3641 1676 3711 magis
1704 3639 1906 3694 fecisse
1936 3642 2007 3696 ad

307 3749 544 3805 scopum
572 3730 842 3786 orationis
899 3730 1116 3785 Catonis
1167 3743 1341 3798 quam
1369 3728 1618 3794 Caesaris,
1665 3745 1731 3783 ea
1757 3730 2009 3798 potuerit

307 3827 614 3894 propterea
643 3820 834 3877 Catoni
850 3817 1119 3872 tribuere.
1152 3816 1314 3886 Saepe
1340 3815 1535 3869 animo
1558 3816 1619 3870 in
1648 3832 1769 3870 rem
1801 3833 2004 3888 quam-

305 3913 463 3984 piam
487 3909 636 3965 serio
667 3908 916 3962 intento.
953 3905 1232 3962 memoria
1258 3905 1451 3959 minus
1481 3904 1597 3959 ﬁda
1650 3909 1755 3961 est.

378 4003 513 4072 Cap.
545 4004 596 4055 9.
640 3999 761 4054 Sua
791 3999 955 4063 famae
1010 4011 1073 4048 ac
1114 3996 1284 4050 saluti
1321 3995 1670 4060 consulentes,
1702 3995 1832 4049 dum
1860 3997 2005 4050 insi-

304 4093 426 4146 dias
464 4094 628 4159 atque
664 4088 894 4154 impetus
949 4084 1214 4137 malorum
1260 4081 1493 4155 timent.]
1552 4083 1774 4137 Dudum
1803 4084 2003 4138 obser-

304 4182 532 4233 vaverat
565 4177 724 4230 Joan.
769 4172 916 4226 Frid.
970 4170 1306 4238 Gronovius,
1367 4170 1657 4225 Observat.
1718 4171 1778 4225 in
1826 4173 1999 4242 scrip.
2045 4189 2048 4192 '

2123 3050 2271 3088 care.
2322 3035 2459 3099 Quae
2503 3034 2563 3087 in
2621 3033 2864 3088 Ecclesia
2921 3032 3371 3087 constituuntur
3431 3050 3585 3103 saepe
3641 3029 3821 3085 sensim

2121 3128 2179 3177 et
2210 3123 2334 3178 sine
2365 3127 2592 3177 matura
2625 3123 2740 3176 ulla
2772 3120 3190 3176 deliberatione
3248 3122 3318 3176 in
3366 3139 3504 3176 eam
3555 3123 3824 3191 irrepant;

2119 3210 2380 3281 quinimo
2413 3215 2469 3265 et
2511 3211 2571 3265 in
2614 3211 2752 3282 ipsis
2801 3211 3078 3278 conciliis,
3132 3211 3241 3266 ubi
3307 3212 3609 3283 suffragiis
3662 3208 3825 3263 omnia

2121 3299 2591 3365 decernebantur,
2639 3315 2757 3353 non
2804 3299 3104 3368 doctiores,
3150 3301 3264 3372 qui
3296 3301 3484 3372 pauci
3529 3303 3707 3364 erant,
3751 3293 3829 3349 sed

2118 3388 2330 3456 plures,
2371 3386 2481 3440 hoc
2529 3391 2614 3440 est
2663 3386 3006 3440 indoctiores
3037 3390 3136 3441 aut
3191 3393 3361 3441 certe
3413 3385 3747 3442 auctoritate
3781 3397 3829 3434 ac

2117 3473 2342 3529 dicendi
2376 3473 2643 3527 facultate
2699 3473 3022 3544 superiores
3055 3474 3494 3535 audiebantur,
3558 3479 3624 3528 ut
3667 3485 3836 3528 omnes

2118 3563 2351 3626 norunt,
2385 3577 2488 3614 nec
2504 3560 2851 3631 ignorabant
2871 3562 2989 3632 ipse
3019 3563 3431 3632 Augustinus.

2188 3640 2354 3694 Lmae
2400 3657 2459 3693 ιι.
2518 3640 2652 3711 Cap.
2702 3644 2752 3696 3.
2790 3643 3044 3696 Memento
3101 3647 3304 3697 autem
3351 3658 3443 3697 me
3497 3643 3614 3697 ista
3642 3653 3838 3694 comme-

2115 3732 2412 3782 morantem
2442 3728 2624 3783 adhuc
2679 3734 2868 3783 contra
2909 3731 3198 3798 imperitos
3252 3747 3452 3799 agere,
3513 3747 3583 3785 ea:
3642 3743 3841 3797 quorum

2117 3818 2396 3884 imperitia
2416 3815 2556 3870 illud
2585 3832 2795 3887 quoque
2818 3821 2996 3872 ortum
3027 3821 3108 3871 est
3156 3820 3414 3886 vulgare
3467 3818 3802 3888 proverbium
3827 3830 3838 3864 :

2119 3905 2312 3959 Pluvia
2351 3906 2510 3974 deﬁt,
2551 3922 2721 3961 causa
2774 3905 3101 3961 Christiani.
3150 3909 3320 3963 Sunt
3377 3925 3627 3979 namque
3660 3905 3750 3976 qui
3775 3920 3844 3958 eo-

2113 4009 2235 4048 rum
2260 3995 2460 4050 studiis
2493 3995 2804 4051 liberalibus
2850 3998 3093 4051 instituti
3131 4002 3352 4051 amant
3406 3999 3727 4063 historiam,
3754 4006 3846 4062 qua

2112 4084 2376 4147 facillime
2434 4085 2544 4138 ista
2596 4089 2889 4151 nover-unt;
2947 4085 3041 4138 sed
3094 4090 3159 4139 ut
3223 4087 3403 4142 nobis
3469 4086 3848 4142 ineruditorum

2115 4171 2302 4226 turbas
2349 4174 2734 4238 infestissimas
2791 4174 3042 4240 reddant,
3123 4188 3188 4228 se
3259 4191 3459 4243 nosse,
3515 4173 3846 4230 dissimulant

307 4263 733 4329 ecclesiasticos,
785 4276 907 4330 cap.
945 4262 1030 4323 l7,
1079 4258 1140 4311 in
1191 4275 1327 4313 mss.
1363 4260 1556 4313 deesse
1587 4275 1782 4314 vocem
1806 4276 2004 4316 consu-
2036 4265 2085 4318 D
2117 4258 2250 4330 etc.]
2288 4260 2522 4327 Norant,
2559 4276 2789 4330 nempe,
2843 4260 2998 4331 quod
3039 4265 3228 4315 antea
3264 4262 3428 4318 dixit
3486 4261 3849 4334 Augustinus,

305 4359 487 4421 lentes,
517 4351 776 4420 adeoque
838 4347 1159 4402 delendam.
1201 4347 1290 4400 Sic
1340 4347 1495 4400 enim
1545 4363 1696 4417 saepe
1749 4349 2003 4419 loquitur

303 4440 679 4513 Augustinus,
727 4441 791 4491 ut
819 4435 969 4490 infra
1018 4451 1142 4504 cap.
1185 4437 1288 4488 30:
1347 4436 1526 4489 Istam
1573 4437 1722 4490 vobis
1764 4443 2000 4492 metuens

305 4531 665 4586 calamitatem
691 4543 706 4591 ;
739 4529 795 4578 et
823 4539 944 4592 cap.
972 4525 1038 4576 32
1066 4540 1084 4576 :
1119 4524 1266 4576 Hanc
1288 4523 1582 4591 probitatis
1627 4528 1677 4577 ct
1707 4525 2000 4579 honestatis

304 4619 626 4674 eversionem
662 4612 812 4666 vobis
852 4611 1035 4679 Scipio
1059 4610 1149 4663 ille
1168 4610 1452 4664 metuebat.
1482 4611 1636 4664 Hanc
1654 4609 2000 4666 animadver-

303 4708 524 4762 sionem
537 4700 754 4773 judicio
785 4716 887 4753 suo
918 4698 1330 4753 conﬁrmarunt
1357 4699 1605 4753 editores
1629 4699 1994 4757 Parisienses.

2113 4365 2224 4402 non
2256 4349 2445 4402 minus
2467 4353 2598 4403 ante
2636 4349 2955 4404 Christiana
2985 4352 3295 4419 tempora,
3351 4369 3549 4422 quam
3604 4351 3850 4415 deinceps

2109 4435 2385 4490 siccitates
2425 4436 2678 4507 aliasque
2722 4435 2779 4490 id
2831 4452 3012 4507 genus
3076 4438 3483 4494 calamitates
3547 4437 3852 4507 contigisse.

2111 4525 2289 4578 Nemo
2321 4524 2606 4594 copiosius
2634 4524 3021 4594 objectionem
3068 4526 3314 4582 hancce
3367 4530 3632 4590 diduxit,
3667 4533 3723 4580 et
3745 4527 3854 4596 plu-

2107 4611 2265 4666 ribus
2286 4613 2599 4667 confutavit
2639 4629 2814 4684 quam
2869 4613 3166 4667 Arnobius
3200 4614 3322 4672 lib.
3354 4634 3374 4671 1
3398 4622 3622 4673 contra
3649 4617 3856 4673 Gentes.

2107 4698 2259 4752 Inter
2296 4698 2548 4753 eruditos
2606 4697 2736 4752 illos
2783 4715 2928 4769 quos
2974 4707 3287 4756 memorat
3355 4704 3756 4774 Augustinus,
3783 4715 3858 4750 ac-

2105 4788 2419 4842 censendus
2472 4787 2580 4842 fuit
2610 4787 2983 4858 Symmachus
3012 4789 3108 4842 ille
3181 4791 3345 4846 Urbi
3409 4792 3754 4864 praefectus,
3780 4784 3862 4858 qui

2104 4873 2239 4927 talia
2293 4874 2464 4928 habet
2516 4873 2578 4928 in
2627 4873 2903 4928 relatione
2944 4875 3140 4930 oblata
3198 4880 3674 4944 Valentiniano,
3731 4890 3862 4930 anno

2105 4969 2227 5032 384,
2261 4979 2435 5034 quam
2486 4962 2799 5016 confutavit
2847 4963 3228 5021 Ambrosius.
3283 4968 3447 5024 Vide
3480 4986 3656 5025 num.
3709 4967 3770 5022 t—i
3816 4963 3862 5016 in

2103 5054 2353 5110 editione
2382 5051 2773 5106 Ambrosiana.
2799 5052 2884 5106 Ad
2937 5068 3066 5106 eam
3133 5057 3547 5112 calumniam
3582 5058 3862 5113 contritam

2100 5141 2252 5206 dam,
2283 5143 2487 5209 rogatu
2517 5138 2840 5209 Augustini,
2871 5137 3196 5194 historiam
3246 5145 3535 5200 scribere
3575 5153 3862 5218 aggressus

2101 5234 2186 5284 est
2212 5228 2420 5283 Paulus
2436 5228 2686 5295 Orosius,
2720 5231 2782 5282 ut
2811 5228 2873 5282 in
2904 5228 3274 5298 praefatione
3299 5233 3447 5304 ipsa
3482 5237 3564 5290 ad
3603 5231 3862 5304 Augustis

2099 5335 2240 5373 num
2294 5322 2557 5372 testatur.

2170 5408 2303 5478 Cap.
2350 5410 2404 5460 7.
2458 5407 2766 5476 Postquam
2821 5407 3210 5476 exprobravit
3294 5411 3456 5467 deos
3509 5414 3862 5468 ethnicorum

2097 5496 2254 5550 nulla
2283 5494 2505 5550 virtutis
2543 5498 2829 5566 pracepta
2859 5494 3194 5552 cultoribus
3248 5501 3386 5555 suis
3444 5501 3861 5574 suppeditasse,

374 4796 509 4863 Cap.
568 4795 652 4845 17.
708 4789 789 4844 Ac
813 4803 914 4858 per
969 4789 1063 4842 hoc
1117 4792 1167 4843 et
1197 4803 1316 4858 qua
1371 4804 1426 4843 se
1495 4789 1808 4844 occiderunt
1845 4791 1994 4857 (san-

301 4880 656 4939 ctimoniales
702 4893 772 4931 ne
805 4876 1144 4932 vitiarentur
1175 4895 1205 4931 a
1253 4877 1557 4946 militibus)
1590 4893 1655 4931 ne
1694 4877 1996 4946 quidquam

301 4969 612 5042 hujusmodi
649 4970 984 5037 paterentur,
1039 4968 1162 5034 quis
1213 4967 1479 5021 humanus
1525 4967 1749 5034 aﬂ‘ectus
1784 4969 1834 5021 ei
1860 4969 1996 5022 nolit

299 5056 566 5129 ignosci?]
601 5057 714 5111 Hac
742 5055 811 5109 de
860 5070 922 5108 re
963 5053 1159 5108 multis
1185 5055 1306 5124 agit
1347 5055 1404 5107 in
1451 5055 1843 5125 sequentibus,
1894 5056 1995 5110 ubi

300 5149 502 5200 merito
587 5149 642 5199 et
705 5142 886 5197 ﬁrmis
953 5141 1271 5196 rationibus
1332 5140 1642 5205 αὐτοχειρίαν
1673 5149 1986 5214 oppugnat.

300 5235 406 5289 Sed
428 5232 584 5287 aliud
613 5236 698 5286 est
724 5231 868 5286 velle
896 5229 1113 5300 ignosci
1155 5229 1225 5283 iis
1256 5229 1355 5299 qui
1393 5230 1454 5283 in
1492 5235 1746 5285 extremo
1774 5247 1901 5284 casu
1935 5237 1993 5286 et

299 5321 490 5376 animo
558 5319 794 5389 periculi
846 5319 1140 5373 atrocitate
1209 5317 1561 5388 perturbato,
1622 5319 1807 5373 simile
1850 5321 1988 5390 quid

297 5411 594 5474 fecerunt;
655 5406 809 5461 aliud
847 5407 1058 5462 factum
1093 5403 1355 5477 probare.
1412 5406 1624 5460 Vellem
1679 5411 1872 5462 tamen
1926 5412 1990 5463 ut

297 5495 571 5552 Lucretiae
589 5499 644 5549 et
672 5494 870 5549 Catoni
899 5495 1117 5566 aequior
1146 5497 1341 5548 noster
1374 5493 1593 5563 fuisset,
1638 5510 1768 5550 cum
1801 5496 1983 5551 decla-
