3920 6180
112 254 194 302 itii

107 463 508 530 sputationesque
554 465 924 520 memorabunt
1176 472 1296 526 Non
1354 473 1575 530 deorum
1618 493 1773 546 prae-

107 553 240 617 cepta
265 553 405 612 sunt,
432 551 523 602 sed
552 552 822 606 hominum
849 556 1087 619 inventa,
1112 561 1209 625 qui
1277 564 1546 631 utcunque
1589 569 1772 622 conati

107 641 236 704 sunt,
271 639 484 704 ingeniis
521 642 852 696 acutissimis
890 644 1138 714 praediti,
1185 650 1565 705 ratiocinando
1605 656 1767 707 vesti-

100 742 215 792 gare
255 727 379 794 quid
412 729 466 780 in
500 745 681 784 rerum
724 737 926 786 natura
957 734 1222 803 latitaret,
1262 741 1398 808 quid
1444 743 1502 794 in
1524 744 1765 798 moribus

100 814 424 882 appetendum
451 822 598 882 esset,
635 820 770 887 quid
798 822 1140 890 fugiendum,
1173 831 1277 879 etc.
1320 827 1338 896 ]
1370 827 1671 899 Nimirum,
1707 831 1764 886 id

97 899 228 970 quod
277 901 608 972 religionem
652 907 926 961 vocabant
982 909 1197 964 ethnici
1265 919 1428 968 erant
1466 915 1765 986 disciplina

95 989 330 1058 quaedam
379 993 774 1061 superstitiosa
823 995 892 1050 de
929 997 1133 1053 ritibus
1173 1016 1484 1071 sacrorum,
1553 1006 1762 1073 quibus

93 1075 206 1128 deos
229 1075 433 1147 placari
455 1081 751 1157 putabant,
785 1099 964 1155 eaque
1017 1102 1051 1139 a
1095 1089 1484 1144 sacerdotibus
1517 1096 1574 1146 et
1615 1110 1759 1164 pon-

93 1163 305 1218 tiﬁcibus
349 1165 633 1235 discenda,
683 1187 802 1224 non
851 1189 883 1226 a
939 1174 1320 1246 philosophis.
1381 1181 1453 1233 At
1497 1163 1759 1252 quisquis

91 1253 210 1305 scire
254 1254 515 1323 cupiebat
541 1257 680 1328 quid
713 1259 782 1313 de
800 1261 1046 1316 Numine
1078 1264 1462 1333 sentiendum,
1514 1272 1569 1322 et
1611 1286 1756 1338 quo-

89 1341 234 1395 modo
276 1358 464 1397 mores
512 1345 870 1417 instituendi,
925 1367 1057 1404 eum
1105 1352 1176 1406 ad
1222 1353 1590 1426 phi1050phos
1619 1373 1757 1412 con-

86 1430 210 1483 ferre
257 1447 312 1485 se
359 1435 677 1504 oportebat.
735 1437 1049 1493 Audiamus
1091 1441 1197 1494 hac
1236 1441 1305 1495 de
1333 1459 1396 1496 re
1424 1444 1754 1499 Latinorum

88 1522 292 1575 Patrum
337 1522 774 1581 disertissimum
841 1529 1216 1597 Lactantium,
1275 1531 1375 1586 lib.
1425 1551 1494 1598 1v,
1540 1551 1660 1604 cap.
1722 1539 1751 1590 3

84 1609 480 1666 lnstitutionum
515 1613 856 1680 divinarum,
913 1635 1026 1688 quo
1070 1618 1133 1672 in
1174 1619 1323 1674 libro
1373 1622 1490 1692 agit
1517 1623 1586 1677 de
1617 1640 1749 1677 vera

84 1696 360 1768 sapientia:
390 1700 632 1756 Deorum
667 1706 864 1773 cultus,
913 1705 1119 1777 inquit,
1169 1724 1276 1763 non
1325 1711 1483 1764 habet
1533 1709 1750 1779 sapien-

82 1786 219 1849 tiam;
248 1801 348 1840 non
368 1789 526 1843 modo
557 1793 690 1858 quia
716 1791 962 1846 divinum
996 1797 1202 1848 animal
1232 1797 1494 1851 hominem
1520 1801 1745 1852 terrenis

79 1872 445 1941 fragilibusque
499 1876 829 1945 substernit;
865 1879 960 1933 sed
1003 1883 1133 1948 quia
1174 1883 1317 1936 nihil
1357 1883 1438 1936 ibi
1457 1883 1748 1938 disseritur

81 1959 198 2026 quod
216 1964 459 2029 proﬁciat
500 1964 575 2017 ad
600 1981 770 2020 mores
804 1968 1115 2023 excolendos
1180 1971 1454 2040 vitamque
1503 1973 1746 2037 forman-

80 2045 203 2112 dam,
245 2064 333 2103 nec
371 2051 538 2105 habet
589 2055 992 2122 inquisitionem
1045 2057 1291 2126 aliquam
1329 2061 1602 2128 veritatis,
1651 2061 1745 2114 sed

79 2137 405 2192 tantummodo
426 2142 602 2195 ritum
629 2143 856 2203 colendi,
891 2147 987 2212 qui
1026 2161 1132 2200 non
1174 2145 1355 2216 ofﬁcio
1408 2149 1600 2202 mentis
1650 2149 1744 2202 sed

80 2225 336 2280 ministerio
367 2233 614 2298 corporis
640 2236 866 2286 constat.
900 2235 969 2287 Et
1000 2233 1115 2288 ideo
1144 2249 1249 2288 non
1292 2240 1370 2290 est
1408 2237 1506 2289 illa
1552 2237 1742 2303 religio

77 2329 176 2369 vera
196 2317 522 2387 judicanda,
554 2324 687 2389 quia
711 2323 878 2377 nullis
895 2323 1132 2392 justitiw
1180 2327 1509 2396 virtutisque
1541 2343 1738 2396 praece-

75 2405 161 2469 ptis
179 2403 365 2474 erudit,
396 2407 676 2475 efﬁcitque
696 2410 960 2464 meliores.
993 2412 1194 2480 Itaque
1214 2413 1580 2482 philosophia,
1607 2416 1741 2482 quia

75 2506 222 2545 veram
249 2494 580 2562 religionem,
607 2497 669 2549 id
697 2503 774 2552 est
801 2513 1067 2553 summam
1105 2502 1361 2568 pietatem
1401 2517 1508 2556 non
1556 2502 1735 2568 habet,

77 2587 247 2635 nonest
282 2599 407 2636 vera
459 2587 761 2653 sapientia,
809 2592 914 2642 etc.
959 2590 1226 2654 Quoniam
1271 2592 1462 2658 igitur,
1506 2595 1565 2644 ut
1595 2591 1734 2658 dimi,

75 2669 377 2738 philosophia
421 2676 478 2726 et
521 2675 711 2741 religio
754 2676 973 2730 deorum
1025 2677 1304 2746 disjuncta
1328 2683 1454 2732 sunt
1485 2680 1740 2748 longeque

74 2763 253 2827 secreta,
296 2763 346 2814 si
399 2762 627 2829 quidem
658 2764 758 2817 alii
786 2770 912 2818 sunt
952 2769 1285 2834 professores
1333 2768 1612 2835 sapientiae
1638 2782 1738 2834 per

75 2862 176 2912 quos
200 2851 375 2918 utique
394 2854 476 2906 ad
501 2853 623 2907 deos
641 2868 746 2906 non
767 2853 1017 2921 discitur,
1042 2857 1144 2908 alii
1164 2856 1443 2923 religionis
1466 2856 1736 2909 antistites

871 253 1228 312 VABIORUM
1271 259 1878 322 EXERCITATIONES
1916 270 1985 325 IN
2025 273 2079 326 S.
2124 277 2491 336 AUGUSTINI
2530 284 2778 340 ΟΡΕΒΛ.

107 373 177 426 ita
191 371 401 443 pergit:
445 371 532 426 An
577 373 728 428 nobis
762 377 905 441 forte
948 379 1391 449 philosophorum
1428 386 1637 442 scholas
1684 388 1769 442 di-
1798 389 1842 444 A
1883 395 2150 468 latrones,
2207 402 2314 457 sibi
2364 404 2605 460 invicem
2659 408 2818 464 domi
2863 411 3146 482 inimicos,

3472 301 3576 354 462

3190 432 3293 470 nec
3323 435 3575 492 unquam

1882 489 2318 558 consentientes,
2353 492 2463 546 nisi
2492 494 2561 548 ad
2589 495 2936 552 infestandos
2977 500 3289 558 latrociniis
3328 489 3570 565 vicinos.

1881 576 2042 639 Quod
2066 578 2111 630 si
2141 579 2395 634 nondum
2426 582 2640 636 deliciis
2670 584 2832 639 fracti
2863 593 3070 659 essent,
3107 591 3242 661 quia
3288 611 3574 667 pauperes

1878 666 2195 722 etiamnum
2233 674 2414 734 erant,
2464 677 2768 741 propterea
2815 677 3080 732 meliores
3145 666 3568 741 habendiinon

1875 757 2108 812 fuerunt
2137 774 2310 828 quam
2336 758 2436 812 ubi
2466 763 2854 831 sumptuosius
2889 769 2945 818 et
2997 767 3292 824 delicatius
3338 789 3571 841 peccare

1874 851 2186 918 coeperunt.
2231 847 2366 911 Quis
2411 847 2566 902 enim
2621 850 2803 919 pluris
2849 851 3016 907 faciat
3070 854 3374 914 barbaram
3406 861 3567 915 duri-

1872 936 2010 989 tiem
2056 934 2411 1005 Scytharum,
2464 952 2604 1006 quos
2660 937 2830 992 hodie
2878 940 3128 996 Moschos
3179 950 3277 999 aut
3315 948 3568 1004 Tartaros

1871 1039 2156 1087 vocamus,
2209 1039 2382 1092 quam
2433 1023 2881 1079 meridianarum
2928 1029 3187 1097 gentium
3235 1034 3562 1091 molliorem

1869 1111 2188 1183 nequitiam
2207 1112 2234 1166 ?
2266 1113 2468 1166 Fateor
2496 1129 2810 1183 pauperem
2840 1113 2998 1168 illam
3042 1115 3368 1175 barbariem
3415 1123 3565 1180 bello

1869 1205 1925 1254 et
1981 1200 2379 1271 propulsandis
2430 1200 2688 1254 hostibus
2715 1202 3014 1257 meliorem
3059 1220 3216 1273 esse;
3249 1209 3348 1262 sed
3380 1226 3453 1265 an
3481 1219 3566 1269 est

1869 1289 2092 1357 melior,
2152 1290 2221 1344 ad
2269 1305 2458 1342 mores
2528 1291 2682 1359 quod
2735 1290 2958 1356 attinet,
3019 1291 3125 1346 hoc
3203 1301 3306 1362 est,
3355 1297 3564 1367 justior

1864 1376 2294 1447 temperantior,
2348 1376 2732 1446 prudentior?
2788 1379 2912 1431 Non
2942 1383 3103 1447 puto.
3139 1382 3452 1455 Utrobique
3482 1392 3565 1442 est

1822 1519 1826 1522 .
1864 1466 2153 1520 barbaries
2200 1469 2255 1518 et
2292 1464 2637 1533 immanitas,
2686 1464 2801 1518 sive
2853 1465 2928 1519 sit
2975 1481 3103 1519 cum
3147 1469 3386 1537 deliciis,
3446 1473 3561 1529 sive

1862 1571 1991 1608 cum
2038 1553 2380 1625 pauperiore
2432 1553 2585 1606 cultu
2617 1569 2680 1607 ac
2709 1553 2860 1607 victu
2886 1555 3207 1624 conjuncta.
3243 1558 3351 1613 Sed
3380 1556 3564 1615 solent

1861 1643 2147 1703 homines,
2195 1642 2466 1696 vitiorum
2514 1657 2630 1695 sua:
2668 1641 2850 1695 aetatis
2896 1642 3126 1711 perteesi
3173 1648 3343 1716 atque
3370 1646 3557 1718 impa-

1859 1737 2086 1800 tientes,
2131 1730 2510 1802 praisentibus
2550 1745 2775 1800 semper
2821 1731 3090 1800 prait'erre
3120 1735 3382 1802 tempora
3408 1752 3558 1806 prae-

1857 1823 2071 1878 terita:
2121 1818 2332 1890 quibus
2375 1817 2422 1871 si
2467 1817 2755 1884 vixissent,
2812 1817 3027 1873 similes
3076 1822 3338 1890 querelas
3366 1826 3558 1894 profu-

1854 1910 2090 1974 dissent,
2141 1909 2196 1958 et
2243 1904 2302 1958 in
2354 1904 2774 1975 antiquioribus
2812 1905 3034 1961 saeculis
3074 1907 3354 1978 majorem
3380 1911 3555 1966 virtu-

1855 2001 1972 2052 tem
2018 2011 2082 2049 ac
2128 1991 2456 2046 felicitatem
2502 1991 2917 2062 qumsivissent.
2962 1993 3090 2047 Hazc
3119 1993 3166 2046 si
3196 1995 3266 2049 ad
3294 1996 3553 2052 animum

1853 2085 1999 2141 serio
2031 2085 2386 2138 revocassent
2404 2080 2749 2134 recentiores
2788 2081 3052 2150 Romani,
3102 2096 3273 2136 nemo
3319 2083 3552 2140 dixisset

1852 2193 1982 2230 cum
2001 2173 2260 2230 Juvenali
2280 2175 2388 2226 sat.
2418 2173 2448 2224 3
2474 2186 2488 2224 :

1974 2281 2172 2330 Felices
2200 2289 2518 2342 proavorum
2547 2278 2748 2335 atavos,
2782 2274 3057 2340 feliciaque
3092 2275 3184 2324 illa

1974 2349 2198 2406 Saecula,
2220 2360 2336 2411 quae
2366 2345 2635 2409 quondam
2656 2346 2754 2394 sub
2781 2347 2996 2410 regibus
3025 2350 3182 2409 atque
3196 2344 3428 2394 tribunis

1975 2421 2235 2472 Viderunt
2251 2431 2359 2467 uno
2394 2420 2692 2466 contentam
2723 2430 2932 2466 carcere
2964 2418 3210 2472 Romam!

1919 2519 2052 2588 Cap.
2100 2519 2190 2570 25.
2244 2517 2366 2569 Jam
2403 2513 2598 2567 multos
2644 2519 2882 2568 moverat
2929 2516 3074 2582 quod
3117 2519 3269 2572 miles
3291 2518 3536 2588 quidam,

1849 2604 1979 2659 dum
2030 2605 2199 2658 occiso
2245 2601 2422 2671 Spolia
2469 2599 2790 2661 detraheret,
2837 2603 3089 2670 fratrem,
3133 2606 3338 2660 nudato
3377 2605 3548 2660 cada-

1844 2707 1986 2754 vere,
2036 2690 2277 2757 agnovit,
2327 2703 2389 2740 ac
2436 2687 2728 2741 detestatus
2776 2687 2914 2741 bella
2955 2691 3161 2758 civilia,
3205 2695 3442 2762 seipsum
3472 2691 3552 2744 ibi

1839 2779 2108 2848 perimens
2137 2779 2382 2841 fraterno
2416 2776 2628 2843 corpori
2657 2775 2978 2845 adjunmit.]
3014 2779 3242 2833 Exstant
3266 2779 3328 2832 in
3381 2780 3550 2833 Vete-

1846 2881 1975 2919 rum
2007 2866 2310 2919 Poetarum
2341 2878 2374 2914 a
2396 2861 2641 2932 Josepho
2671 2861 2957 2932 Scaligero
3004 2864 3171 2918 editis
3230 2865 3546 2933 Catalectis,

69 2949 146 3002 per
183 2955 302 3006 quos
349 2956 548 3011 sapere
595 2958 701 2996 non
743 2942 1013 3009 discitur;
1062 2947 1291 3013 apparet
1334 2959 1426 2998 nec
1453 2945 1605 2998 illam
1629 2957 1729 2996 esse

1919 2952 2273 3023 :gantissima
2300 2950 2412 3004 duo
2444 2949 2859 3019 epigrammata
2885 2952 2943 3003 in
2963 2951 3222 3006 Maevium
3275 2956 3372 3022 qui
3416 2955 3547 3020 Γνα-

74 3039 218 3080 veram
263 3032 616 3099 sapientiam,
675 3047 766 3086 nec
824 3031 961 3086 hanc
1021 3033 1349 3100 religionem,
1431 3037 1538 3086 etc.
1597 3032 1735 3096 Qua:

74 3111 272 3182 objectio
307 3119 597 3174 censenda
648 3124 750 3189 est,
794 3135 920 3174 meo
971 3121 1207 3190 quidem
1275 3120 1517 3192 judicio,
1586 3119 1736 3174 inter

74 3203 306 3258 maximas
355 3212 412 3262 et
461 3207 824 3263 ﬁrmissimas
875 3209 1084 3280 quibus
1123 3211 1350 3264 ethnica
1399 3208 1733 3280 superstitio

74 3288 353 3349 labefactari
391 3313 454 3350 ac
493 3296 708 3351 destrui
733 3297 980 3367 penitus,
1015 3303 1072 3352 et
1095 3302 1294 3352 contra
1328 3298 1530 3368 religio
1573 3297 1732 3352 Chri-

75 3379 222 3434 stiana
246 3383 524 3439 illustrari
554 3390 611 3440 et
639 3386 964 3440 conﬁrmari
995 3386 1198 3456 potuit,
1232 3385 1279 3440 si
1305 3386 1534 3456 quando
1580 3385 1732 3441 Chri-

74 3467 232 3524 stianis
259 3488 344 3527 res
371 3474 492 3528 fuit
519 3491 648 3528 cum
680 3477 850 3546 paulo
875 3475 1225 3530 doctioribus
1256 3475 1514 3530 ethnicis.

126 3561 237 3631 Cap.
276 3566 355 3616 t7.
406 3565 506 3618 An
552 3567 694 3630 forte
725 3566 924 3634 populo
975 3568 1208 3620 Romano
1250 3569 1545 3634 propterea
1592 3564 1729 3630 leges

73 3660 151 3699 non
173 3652 285 3701 sunt
317 3666 350 3702 a
377 3650 700 3703 numinibus
733 3653 1055 3718 constitutae,
1080 3651 1229 3718 quia,
1260 3652 1399 3704 sicut
1435 3650 1729 3730 sallustius

71 3736 147 3797 ait,
168 3736 252 3805 jus
279 3738 616 3808 bonumque
647 3739 797 3808 apud
820 3755 918 3792 eos
947 3755 1065 3792 non
1098 3737 1324 3808 legibus
1348 3737 1532 3808 magis
1553 3753 1729 3807 quam

72 3826 235 3876 natura
254 3825 524 3881 valebat?
552 3830 640 3882 Ea:
670 3829 765 3881 hoc
784 3828 912 3896 jure
940 3843 1000 3880 ac
1034 3827 1166 3880 bono
1191 3826 1345 3880 credo
1382 3831 1572 3895 raptas
1620 3840 1729 3878 esse

69 3909 278 3968 Sabinas.
312 3916 461 3981 Quid
496 3918 858 3985 enimjustius
881 3921 930 3970 et
961 3916 1149 3970 melius
1201 3931 1365 3984 quam
1408 3916 1552 3983 ﬁlias
1594 3912 1726 3967 alie-

70 4012 143 4053 nas
176 4003 362 4066 fraude
407 4007 706 4074 spectaculi
753 4005 1024 4072 inductas,
1069 4019 1176 4058 non
1228 4020 1262 4056 a
1288 4003 1604 4073 parentibus
1636 4017 1725 4055 ac-

68 4082 169 4153 Cipi,
191 4091 276 4144 sed
300 4095 376 4161 vi,
408 4098 472 4147 ut
519 4095 745 4162 quisque
771 4097 1004 4162 poterat,
1041 4093 1256 4158 auferri
1272 4091 1336 4161 ?}
1368 4090 1564 4145 Merito
1609 4092 1725 4143 Au-

68 4176 290 4239 gustinus
318 4180 408 4235 hic
439 4186 499 4236 et
529 4181 590 4234 in
619 4181 991 4253 sequentibus
1035 4180 1236 4234 irridet
1281 4179 1436 4250 quod
1483 4176 1727 4233 Romani

1847 3048 1981 3096 trem
2010 3044 2238 3108 ignarus
2265 3039 2573 3104 interfecit;
2607 3037 2704 3090 sed
2736 3036 2979 3091 refertur
3002 3039 3391 3095 miserandum
3436 3041 3546 3094 hoc

1848 3130 2066 3183 facinus
2111 3128 2176 3182 ad
2225 3127 2440 3180 bellum
2509 3125 2823 3191 Actiacum,
2870 3127 3024 3196 quod
3075 3129 3369 3197 Augustus
3413 3144 3545 3182 cum

1843 3209 2090 3264 Antonio
2122 3206 2333 3278 gessit;
2365 3204 2520 3276 quod
2548 3221 2681 3258 vero
2728 3204 2820 3258 hic
2869 3209 3132 3259 narratur
3181 3207 3428 3278 pertinet
3475 3209 3546 3262 ad

1841 3297 2074 3352 initium
2104 3295 2239 3349 belli
2269 3292 2502 3365 Syllani,
2526 3291 2882 3362 contigitque
2902 3291 2962 3345 in
2983 3292 3184 3362 praelio
3209 3293 3356 3364 quod
3385 3310 3543 3348 com-

1841 3385 1996 3439 misit
2045 3386 2143 3440 Cn.
2193 3381 2499 3451 Pompeius
2546 3395 2676 3432 cum
2714 3380 2768 3432 L.
2805 3379 3065 3434 Cornelio
3099 3381 3294 3448 Cinna,
3331 3382 3401 3436 de
3432 3399 3545 3453 quo

1841 3475 2029 3530 Livius
2049 3474 2149 3529 lib.
2175 3489 2354 3527 LXXIX.
2380 3470 2471 3525 Bis
2493 3470 2644 3532 idem
2665 3469 3218 3542 potuitcontingere,
3252 3477 3351 3527 aut
3372 3473 3544 3528 etiam

1838 3570 2008 3635 poeta
2039 3563 2104 3617 ad
2137 3562 2290 3617 aliud
2321 3561 2535 3614 bellum
2567 3560 2719 3629 quod
2745 3560 2803 3613 in
2836 3560 2949 3613 alio
2981 3562 3296 3632 contigerat
3323 3563 3536 3618 retulit.
3631 3575 3636 3578 '

1958 3665 2078 3714 Exit
2107 3665 2162 3712 in
2191 3665 2512 3712 immensum
2536 3660 2766 3710 fecunda
2794 3662 3005 3712 licentia
3049 3669 3248 3724 vatum,

2025 3735 2232 3798 Obligat
2261 3732 2510 3782 historica
2537 3745 2636 3781 nec
2671 3747 2766 3781 sua
2785 3735 2944 3783 verba
2989 3733 3108 3783 ﬁde.

1909 3835 2040 3903 Cap.
2076 3836 2162 3886 27.
2223 3833 2323 3886 Vir
2351 3832 2538 3898 gravis
2577 3835 2629 3885 et
2674 3830 3110 3900 philosophaster
3161 3832 3369 3885 Tullius
3409 3830 3540 3884 aedi-

1838 3923 1904 3976 lis
1932 3923 2156 3988 futurus
2178 3918 2472 3984 clamabat,
2507 3922 2610 3970 etc.
2645 3914 2665 3987 ]
2695 3917 2964 3980 Quamvis
3010 3915 3294 3971 ethnicam
3343 3915 3536 3986 philo-

1837 4006 2096 4078 sophiam
2130 4004 2425 4076 sapientiae
2456 4003 2791 4059 Christianae
2823 4003 3088 4057 collatam
3125 4003 3329 4056 merito
3375 4017 3538 4072 sper-

1838 4099 1998 4150 neret
2039 4092 2408 4163 Augustinus,
2457 4095 2650 4144 tamen
2699 4106 2920 4160 semper
2943 4089 3180 4144 maximi
3208 4089 3343 4144 fecit
3377 4089 3540 4143 Cice-

1837 4199 2061 4248 ronem,
2112 4179 2542 4248 honoriﬁceque
2588 4177 2801 4247 ubique
2849 4179 2919 4232 de
2967 4194 3034 4231 eo
3082 4178 3305 4231 locutus
3351 4181 3452 4242 est,
3486 4181 3544 4230 et

63 4259 313 4327 jactabant
367 4270 436 4324 de
494 4270 703 4324 virtute
744 4271 1105 4325 conditorum
1136 4267 1469 4338 reipublicae
1499 4284 1636 4330 suae,
1670 4271 1728 4321 et
1764 4267 1811 4324 Ι)
1840 4271 1983 4324 forte
2013 4270 2285 4340 pleraque
2316 4283 2444 4338 qua:
2475 4266 2542 4320 de
2573 4264 2939 4336 philosophia
2968 4269 3135 4320 norat
3165 4265 3218 4318 ei
3257 4264 3537 4330 debebat;

70 4353 281 4417 proxime
337 4361 664 4412 secutarum
723 4359 846 4430 ejus
894 4363 1154 4412 aetatum.
1214 4357 1355 4410 Nam
1435 4372 1592 4422 sane,
1670 4358 1730 4408 ut

69 4443 276 4498 ostendit
305 4462 367 4500 ex
400 4447 695 4515 Sallustio,
729 4446 1214 4518 quemadmodum
1241 4445 1413 4498 etiam
1453 4460 1518 4497 ex
1569 4442 1726 4497 Livio

69 4528 416 4605 Dionysioque
448 4535 895 4600 Halicarnasseo,
929 4540 1150 4589 constat
1175 4537 1390 4587 veteres
1433 4531 1559 4585 illos
1609 4532 1725 4586 Ro-

70 4629 234 4674 manos
272 4623 566 4693 perpetuis
612 4623 1006 4688 seditionibus,
1059 4638 1128 4677 ex
1168 4620 1517 4676 intolerabili
1559 4619 1728 4673 nobi-

69 4702 182 4760 lium
205 4709 476 4780 injustitia
506 4712 672 4780 natis,
707 4712 862 4767 domi
894 4711 1136 4782 agitatos
1159 4708 1332 4763 fuisse
1363 4725 1376 4775 ;
1408 4707 1545 4762 foris
1596 4723 1726 4761 vero

69 4788 201 4847 bellis
243 4798 453 4853 vicinos
496 4816 693 4855 omnes
735 4815 982 4868 vexasse,
1031 4815 1162 4870 qua:
1207 4797 1329 4852 sine
1375 4811 1600 4850 summa
1639 4795 1727 4848 in-

64 4878 266 4952 justitia,
296 4887 716 4942 inhumanitate
747 4893 802 4942 et
831 4887 1166 4942 crudelitate
1205 4891 1362 4956 gesta
1408 4900 1527 4939 non
1574 4888 1726 4951 sunt,

70 4975 288 5037 quamvis
341 4978 412 5032 ab
467 4979 750 5033 historicis
804 4978 1071 5049 speciosis
1126 4976 1456 5032 nominibus
1516 4975 1730 5030 amoris

71 5055 281 5132 imperii,
334 5067 535 5136 patria:
583 5072 638 5122 et
679 5066 1030 5122 fortitudinis
1076 5066 1355 5120 velentur.
1391 5065 1450 5120 Si
1488 5064 1731 5118 conscri-

73 5144 265 5205 beretur
309 5154 548 5210 historia
597 5157 854 5211 Romana
906 5156 1027 5210 sine
1083 5155 1233 5221 fuco,
1311 5161 1367 5208 et
1436 5153 1728 5221 adhibitis,

75 5250 161 5291 non
199 5241 489 5299 rhetorum
553 5246 858 5310 coloribus,
908 5244 1116 5316 quibus
1139 5243 1344 5297 vitium
1374 5259 1477 5312 pro
1520 5241 1730 5295 virtute

75 5327 375 5398 venditatur,
410 5333 934 5404 praaconceptisque
962 5336 1176 5387 temere
1214 5328 1601 5401 opinionibus,
1632 5327 1731 5381 sed

78 5415 209 5470 recta!
253 5420 492 5474 rationis
537 5427 591 5475 et
637 5438 787 5477 verte
839 5420 1061 5476 virtutis
1107 5419 1442 5484 luminibus,
1485 5415 1733 5487 liqueret

75 5494 456 5560 laudatissimos
505 5508 631 5564 illos
674 5514 892 5564 veteres
951 5508 1238 5562 Romanos
1309 5504 1483 5560 fuisse
1542 5519 1733 5558 meros

1841 4374 1973 4413 nam
2023 4357 2092 4411 ad
2143 4358 2470 4411 Grmcorum
2522 4354 2708 4408 fontes
2757 4369 3076 4424 nunquam,
3112 4357 3173 4406 ut
3201 4357 3399 4406 notum
3432 4355 3536 4416 est,

1838 4447 1997 4502 adiit.
2039 4448 2237 4516 Itaque
2262 4444 2404 4498 mihi
2430 4442 2774 4515 persuadere
2803 4458 2923 4496 non
2948 4457 3182 4513 possum
3205 4440 3538 4495 Ciceronem

1836 4536 1906 4590 ab
1953 4551 2020 4589 eo
2069 4534 2149 4588 ita
2200 4532 2574 4602 contemptim
2624 4529 2906 4596 habitum,
2943 4533 3003 4582 ut
3036 4528 3541 4598 philosophastrum

1836 4626 2078 4676 vocaret.
2133 4620 2394 4690 Plerique
2438 4635 2579 4672 mss.
2617 4617 2828 4670 habent
2863 4617 3216 4686 philosophus
3247 4617 3539 4680 tertullius,

1836 4708 1934 4762 alii
1964 4708 2256 4774 tertullius,
2279 4721 2426 4758 unus
2455 4703 2807 4758 Corbeiensis
2831 4704 3267 4772 philosophaster
3311 4701 3538 4768 Tullius,

1837 4794 2318 4867 quemadmodum
2361 4791 2671 4860 legendum
2735 4789 3057 4859 conjecerat
3129 4791 3277 4845 Lud.
3356 4790 3536 4842 Vives.

1838 4881 2191 4939 Crediderim
2227 4880 2286 4934 in
2315 4875 2723 4948 antiquissimis
2753 4874 3034 4928 codicibus
3054 4876 3332 4945 scriptum
3361 4875 3534 4928 fuisse

1837 4966 2311 5026 PHILOSOPHUS
2361 4966 2429 5020 M.
2472 4962 2782 5029 TULLIUS,
2833 4961 3035 5015 deinde
3082 4979 3188 5032 pro
3233 4962 3282 5016 Μ
3314 4978 3345 5014 a
3375 4961 3537 5014 festi-

1837 5061 2009 5110 nante
2055 5055 2288 5109 librario
2331 5055 2543 5107 lectum
2594 5056 2690 5105 aut
2715 5050 2989 5121 scriptum
3030 5051 3125 5114 III,
3155 5048 3312 5120 quod
3342 5053 3540 5118 postea

1838 5159 2166 5216 expressum
2224 5149 2338 5208 ter;
2380 5141 2533 5194 unde
2587 5139 2750 5193 nobis
2803 5143 2971 5192 natus
3013 5136 3370 5206 philosophus
3405 5138 3538 5190 Ter-

1838 5237 2042 5299 tullius,
2101 5235 2198 5286 aut
2255 5237 2334 5285 ter
2382 5231 2606 5296 Tullius,
2655 5233 2750 5282 aut
2809 5225 3055 5295 denique
3105 5225 3542 5293 philosophaster

1842 5323 2069 5384 Tullius,
2119 5318 2320 5387 invito,
2369 5317 2481 5370 nisi
2534 5316 2722 5382 fallor,
2780 5311 3124 5382 Augustino,
3195 5311 3294 5382 qui
3346 5311 3540 5365 existi-

1841 5412 2034 5466 mabat
2065 5410 2134 5464 ab
2161 5425 2226 5462 eo
2259 5409 2316 5461 in
2350 5407 2546 5460 Latina
2570 5407 2756 5471 lingua
2793 5401 3195 5470 philosophiam
3235 5401 3541 5455 inchoatam

1839 5506 1889 5555 et
1911 5500 2229 5568 perfectam,
2263 5500 2457 5548 contra
2487 5493 2746 5548 Acadcm.
2778 5489 2873 5544 lib.
2911 5505 2951 5558 ι,
2985 5505 3043 5543 n.
3072 5491 3124 5543 8.
3151 5490 3227 5542 Ac
3257 5504 3412 5555 sane,
3435 5487 3543 5541 hoc
