  <div class='ocr_page' id='page_1' title='image "/cluster/home/n/w/nwhite01/storage/ocr_20150623/47/hvd.32044096580683/237.png"; bbox 0 0 3920 6180; ppageno 0'>
   <div class='ocr_carea' id='block_1_1' title="bbox 301 314 405 367">
    <p class='ocr_par' dir='ltr' id='par_1_1' title="bbox 301 314 405 367">
     <span class='ocr_line' id='line_1_1' title="bbox 301 314 405 367; baseline -0.019 0"><span class='ocrx_word' id='word_1_1' title='bbox 301 314 405 367; x_wconf 78' lang='grc'><strong>463</strong></span> 
     </span>
    </p>
   </div>
   <div class='ocr_carea' id='block_1_2' title="bbox 1312 302 2783 363">
    <p class='ocr_par' dir='ltr' id='par_1_2' title="bbox 1312 302 2783 363">
     <span class='ocr_line' id='line_1_2' title="bbox 1312 302 2783 363; baseline -0.004 -1"><span class='ocrx_word' id='word_1_2' title='bbox 1312 305 1866 363; x_wconf 78' lang='lat' dir='ltr'><strong>SUPPLEMENTUM</strong></span> <span class='ocrx_word' id='word_1_3' title='bbox 1903 306 1995 361; x_wconf 90' lang='lat' dir='ltr'><strong>AD</strong></span> <span class='ocrx_word' id='word_1_4' title='bbox 2031 304 2261 360; x_wconf 78' lang='lat' dir='ltr'><strong>OPERA</strong></span> <span class='ocrx_word' id='word_1_5' title='bbox 2300 306 2355 359; x_wconf 92' lang='lat' dir='ltr'><strong>S.</strong></span> <span class='ocrx_word' id='word_1_6' title='bbox 2396 302 2783 360; x_wconf 83' lang='lat' dir='ltr'><strong>AUGUSTlNl.</strong></span> 
     </span>
    </p>
   </div>
   <div class='ocr_carea' id='block_1_3' title="bbox 3693 297 3788 352">
    <p class='ocr_par' dir='ltr' id='par_1_3' title="bbox 3693 297 3788 352">
     <span class='ocr_line' id='line_1_3' title="bbox 3693 297 3788 352; baseline 0 0"><span class='ocrx_word' id='word_1_7' title='bbox 3693 297 3788 352; x_wconf 70' lang='grc'><strong>464</strong></span> 
     </span>
    </p>
   </div>
   <div class='ocr_carea' id='block_1_4' title="bbox 302 421 3788 508">
    <p class='ocr_par' dir='ltr' id='par_1_4' title="bbox 302 421 3788 508">
     <span class='ocr_line' id='line_1_4' title="bbox 302 421 3788 508; baseline -0.005 -17"><span class='ocrx_word' id='word_1_8' title='bbox 302 437 426 508; x_wconf 90' lang='lat' dir='ltr'><strong>ipso</strong></span> <span class='ocrx_word' id='word_1_9' title='bbox 457 435 517 490; x_wconf 89' lang='lat' dir='ltr'><strong>in</strong></span> <span class='ocrx_word' id='word_1_10' title='bbox 544 435 692 503; x_wconf 89' lang='lat' dir='ltr'><strong>loco,</strong></span> <span class='ocrx_word' id='word_1_11' title='bbox 716 450 819 488; x_wconf 92' lang='lat' dir='ltr'><strong>vox</strong></span> <span class='ocrx_word' id='word_1_12' title='bbox 849 435 1033 502; x_wconf 82' lang='lat' dir='ltr'><strong>gravis</strong></span> <span class='ocrx_word' id='word_1_13' title='bbox 1062 430 1305 486; x_wconf 83' lang='lat' dir='ltr'><strong>ostendit</strong></span> <span class='ocrx_word' id='word_1_14' title='bbox 1332 429 1718 500; x_wconf 78' lang='lat' dir='ltr'><strong>Augustinum</strong></span> <span class='ocrx_word' id='word_1_15' title='bbox 1751 427 1996 483; x_wconf 88' lang='lat' dir='ltr'><strong>voluisse</strong></span> <span class='ocrx_word' id='word_1_16' title='bbox 2025 428 2071 483; x_wconf 85' lang='lat' dir='ltr'><strong>A</strong></span> <span class='ocrx_word' id='word_1_17' title='bbox 2110 430 2273 483; x_wconf 85' lang='lat' dir='ltr'><strong>esset.</strong></span> <span class='ocrx_word' id='word_1_18' title='bbox 2317 425 2571 497; x_wconf 77' lang='lat' dir='ltr'><strong>Scriptor</strong></span> <span class='ocrx_word' id='word_1_19' title='bbox 2613 425 2682 480; x_wconf 91' lang='lat' dir='ltr'><strong>de</strong></span> <span class='ocrx_word' id='word_1_20' title='bbox 2736 424 2890 479; x_wconf 90' lang='lat' dir='ltr'><strong>Bello</strong></span> <span class='ocrx_word' id='word_1_21' title='bbox 2937 421 3199 477; x_wconf 85' lang='lat' dir='ltr'><strong>Africano</strong></span> <span class='ocrx_word' id='word_1_22' title='bbox 3244 437 3365 494; x_wconf 91' lang='lat' dir='ltr'><strong>cap.</strong></span> <span class='ocrx_word' id='word_1_23' title='bbox 3423 424 3491 476; x_wconf 84' lang='grc'><strong>47</strong></span> <span class='ocrx_word' id='word_1_24' title='bbox 3521 437 3536 475; x_wconf 90' lang='lat'><strong>:</strong></span> <span class='ocrx_word' id='word_1_25' title='bbox 3597 421 3788 488; x_wconf 77' lang='lat' dir='ltr'><strong>Vigilia</strong></span> 
     </span>
    </p>
   </div>
   <div class='ocr_carea' id='block_1_5' title="bbox 304 517 1996 591">
    <p class='ocr_par' dir='ltr' id='par_1_5' title="bbox 304 517 1996 591">
     <span class='ocr_line' id='line_1_5' title="bbox 304 517 1996 591; baseline -0.006 -13"><span class='ocrx_word' id='word_1_26' title='bbox 304 525 374 579; x_wconf 90' lang='lat' dir='ltr'><strong>de</strong></span> <span class='ocrx_word' id='word_1_27' title='bbox 405 540 470 578; x_wconf 89' lang='lat' dir='ltr'><strong>eo</strong></span> <span class='ocrx_word' id='word_1_28' title='bbox 497 521 807 577; x_wconf 87' lang='lat' dir='ltr'><strong>honoriﬁce</strong></span> <span class='ocrx_word' id='word_1_29' title='bbox 836 519 1012 591; x_wconf 86' lang='lat' dir='ltr'><strong>loqui,</strong></span> <span class='ocrx_word' id='word_1_30' title='bbox 1041 534 1146 573; x_wconf 90' lang='lat' dir='ltr'><strong>nec</strong></span> <span class='ocrx_word' id='word_1_31' title='bbox 1187 517 1551 572; x_wconf 89' lang='lat' dir='ltr'><strong>consentiunt</strong></span> <span class='ocrx_word' id='word_1_32' title='bbox 1595 532 1761 571; x_wconf 90' lang='lat' dir='ltr'><strong>voces</strong></span> <span class='ocrx_word' id='word_1_33' title='bbox 1810 517 1996 583; x_wconf 86' lang='lat' dir='ltr'><strong>gravis</strong></span> 
     </span>
    </p>
   </div>
   <div class='ocr_carea' id='block_1_6' title="bbox 305 612 840 681">
    <p class='ocr_par' dir='ltr' id='par_1_6' title="bbox 305 612 840 681">
     <span class='ocr_line' id='line_1_6' title="bbox 305 612 840 681; baseline -0.006 -14"><span class='ocrx_word' id='word_1_34' title='bbox 305 617 363 667; x_wconf 91' lang='lat' dir='ltr'><strong>et</strong></span> <span class='ocrx_word' id='word_1_35' title='bbox 388 612 840 681; x_wconf 84' lang='lat' dir='ltr'><strong>philosophaster.</strong></span> 
     </span>
    </p>
   </div>
   <div class='ocr_carea' id='block_1_7' title="bbox 378 695 1996 769">
    <p class='ocr_par' dir='ltr' id='par_1_7' title="bbox 378 695 1996 769">
     <span class='ocr_line' id='line_1_7' title="bbox 378 695 1996 769; baseline -0.007 -13"><span class='ocrx_word' id='word_1_36' title='bbox 378 703 542 756; x_wconf 80' lang='lat' dir='ltr'><strong>Lmae</strong></span> <span class='ocrx_word' id='word_1_37' title='bbox 598 716 676 753; x_wconf 91' lang='grc' dir='ltr'>ιιι.</span> <span class='ocrx_word' id='word_1_38' title='bbox 734 699 867 769; x_wconf 89' lang='lat' dir='ltr'><strong>Cap.</strong></span> <span class='ocrx_word' id='word_1_39' title='bbox 918 698 972 751; x_wconf 82' lang='grc'><strong>4.</strong></span> <span class='ocrx_word' id='word_1_40' title='bbox 1030 697 1134 750; x_wconf 84' lang='lat' dir='ltr'><strong>Vir</strong></span> <span class='ocrx_word' id='word_1_41' title='bbox 1177 696 1515 750; x_wconf 84' lang='lat' dir='ltr'><strong>doctissimus</strong></span> <span class='ocrx_word' id='word_1_42' title='bbox 1561 706 1744 748; x_wconf 86' lang='lat' dir='ltr'><strong>eorum</strong></span> <span class='ocrx_word' id='word_1_43' title='bbox 1820 695 1996 748; x_wconf 85' lang='lat' dir='ltr'><strong>Varro</strong></span> 
     </span>
    </p>
   </div>
   <div class='ocr_carea' id='block_1_8' title="bbox 303 779 1997 856">
    <p class='ocr_par' dir='ltr' id='par_1_8' title="bbox 303 779 1997 856">
     <span class='ocr_line' id='line_1_8' title="bbox 303 779 1997 856; baseline -0.006 -13"><span class='ocrx_word' id='word_1_44' title='bbox 303 790 451 856; x_wconf 84' lang='lat' dir='ltr'><strong>falsa</strong></span> <span class='ocrx_word' id='word_1_45' title='bbox 486 790 594 841; x_wconf 75' lang='lat' dir='ltr'><strong>haec</strong></span> <span class='ocrx_word' id='word_1_46' title='bbox 634 801 762 852; x_wconf 88' lang='lat' dir='ltr'><strong>esse,</strong></span> <span class='ocrx_word' id='word_1_47' title='bbox 804 788 1050 854; x_wconf 79' lang='lat' dir='ltr'><strong><em>quamvis</em></strong></span> <span class='ocrx_word' id='word_1_48' title='bbox 1094 800 1199 839; x_wconf 89' lang='lat' dir='ltr'><strong>non</strong></span> <span class='ocrx_word' id='word_1_49' title='bbox 1242 783 1520 848; x_wconf 75' lang='lat' dir='ltr'><strong>audacter,</strong></span> <span class='ocrx_word' id='word_1_50' title='bbox 1547 797 1716 849; x_wconf 88' lang='lat' dir='ltr'><strong>neque</strong></span> <span class='ocrx_word' id='word_1_51' title='bbox 1744 779 1997 850; x_wconf 84' lang='lat' dir='ltr'><strong>ﬁdenter,</strong></span> 
     </span>
    </p>
   </div>
   <div class='ocr_carea' id='block_1_9' title="bbox 298 866 2000 942">
    <p class='ocr_par' dir='ltr' id='par_1_9' title="bbox 298 866 2000 942">
     <span class='ocr_line' id='line_1_9' title="bbox 298 866 2000 942; baseline -0.004 -14"><span class='ocrx_word' id='word_1_52' title='bbox 298 890 434 942; x_wconf 86' lang='lat' dir='ltr'><strong>pene</strong></span> <span class='ocrx_word' id='word_1_53' title='bbox 480 879 656 928; x_wconf 87' lang='lat' dir='ltr'><strong>tamen</strong></span> <span class='ocrx_word' id='word_1_54' title='bbox 695 875 920 938; x_wconf 85' lang='lat' dir='ltr'><strong>fatetur.</strong></span> <span class='ocrx_word' id='word_1_55' title='bbox 964 871 1069 926; x_wconf 88' lang='lat' dir='ltr'><strong>Sed</strong></span> <span class='ocrx_word' id='word_1_56' title='bbox 1113 871 1245 925; x_wconf 87' lang='lat' dir='ltr'><strong>utile</strong></span> <span class='ocrx_word' id='word_1_57' title='bbox 1273 884 1383 924; x_wconf 88' lang='lat' dir='ltr'><strong>esse</strong></span> <span class='ocrx_word' id='word_1_58' title='bbox 1403 868 1714 923; x_wconf 67' lang='lat' dir='ltr'><strong>civitatibus</strong></span> <span class='ocrx_word' id='word_1_59' title='bbox 1751 866 1905 933; x_wconf 80' lang='lat' dir='ltr'><strong>dicit,</strong></span> <span class='ocrx_word' id='word_1_60' title='bbox 1939 871 2000 921; x_wconf 87' lang='lat' dir='ltr'><strong>ut</strong></span> 
     </span>
    </p>
   </div>
   <div class='ocr_carea' id='block_1_10' title="bbox 301 957 1996 1027">
    <p class='ocr_par' dir='ltr' id='par_1_10' title="bbox 301 957 1996 1027">
     <span class='ocr_line' id='line_1_10' title="bbox 301 957 1996 1027; baseline -0.003 -13"><span class='ocrx_word' id='word_1_61' title='bbox 301 975 356 1014; x_wconf 89' lang='lat' dir='ltr'><strong>se</strong></span> <span class='ocrx_word' id='word_1_62' title='bbox 398 963 509 1014; x_wconf 84' lang='lat' dir='ltr'><strong>viri</strong></span> <span class='ocrx_word' id='word_1_63' title='bbox 550 962 737 1027; x_wconf 81' lang='lat' dir='ltr'><strong>fortes,</strong></span> <span class='ocrx_word' id='word_1_64' title='bbox 782 961 996 1013; x_wconf 84' lang='lat' dir='ltr'><strong>etiamsi</strong></span> <span class='ocrx_word' id='word_1_65' title='bbox 1030 959 1234 1024; x_wconf 83' lang='lat' dir='ltr'><strong>falsum</strong></span> <span class='ocrx_word' id='word_1_66' title='bbox 1260 960 1351 1024; x_wconf 88' lang='lat' dir='ltr'><strong>sit,</strong></span> <span class='ocrx_word' id='word_1_67' title='bbox 1384 957 1493 1011; x_wconf 90' lang='lat' dir='ltr'><strong>diis</strong></span> <span class='ocrx_word' id='word_1_68' title='bbox 1524 958 1729 1025; x_wconf 88' lang='lat' dir='ltr'><strong>genitos</strong></span> <span class='ocrx_word' id='word_1_69' title='bbox 1756 969 1867 1009; x_wconf 85' lang='lat' dir='ltr'><strong>esse</strong></span> <span class='ocrx_word' id='word_1_70' title='bbox 1884 970 1996 1009; x_wconf 87' lang='lat' dir='ltr'><strong>cre-</strong></span> 
     </span>
    </p>
   </div>
   <div class='ocr_carea' id='block_1_11' title="bbox 298 1044 1998 1114">
    <p class='ocr_par' dir='ltr' id='par_1_11' title="bbox 298 1044 1998 1114">
     <span class='ocr_line' id='line_1_11' title="bbox 298 1044 1998 1114; baseline -0.002 -13"><span class='ocrx_word' id='word_1_71' title='bbox 298 1048 473 1113; x_wconf 84' lang='lat' dir='ltr'><em>dant;</em></span> <span class='ocrx_word' id='word_1_72' title='bbox 491 1053 557 1102; x_wconf 72' lang='lat' dir='ltr'><strong>ut‘</strong></span> <span class='ocrx_word' id='word_1_73' title='bbox 581 1062 637 1101; x_wconf 87' lang='lat' dir='ltr'><strong>eo</strong></span> <span class='ocrx_word' id='word_1_74' title='bbox 665 1047 820 1101; x_wconf 90' lang='lat' dir='ltr'><strong>modo</strong></span> <span class='ocrx_word' id='word_1_75' title='bbox 841 1049 1054 1100; x_wconf 88' lang='lat' dir='ltr'><strong>animus</strong></span> <span class='ocrx_word' id='word_1_76' title='bbox 1086 1047 1374 1114; x_wconf 86' lang='lat' dir='ltr'><strong>humanus,</strong></span> <span class='ocrx_word' id='word_1_77' title='bbox 1404 1046 1548 1099; x_wconf 78' lang='lat' dir='ltr'><strong>velut</strong></span> <span class='ocrx_word' id='word_1_78' title='bbox 1579 1044 1779 1098; x_wconf 75' lang='lat' dir='ltr'><strong>divinae</strong></span> <span class='ocrx_word' id='word_1_79' title='bbox 1806 1045 1998 1112; x_wconf 81' lang='lat' dir='ltr'><em>stirpis</em></span> 
     </span>
    </p>
   </div>
   <div class='ocr_carea' id='block_1_12' title="bbox 297 1132 2001 1206">
    <p class='ocr_par' dir='ltr' id='par_1_12' title="bbox 297 1132 2001 1206">
     <span class='ocr_line' id='line_1_12' title="bbox 297 1132 2001 1206; baseline -0.003 -16"><span class='ocrx_word' id='word_1_80' title='bbox 297 1137 556 1206; x_wconf 81' lang='lat' dir='ltr'><strong>ﬁduciam</strong></span> <span class='ocrx_word' id='word_1_81' title='bbox 594 1150 801 1204; x_wconf 83' lang='lat' dir='ltr'><strong>gerens,</strong></span> <span class='ocrx_word' id='word_1_82' title='bbox 840 1150 926 1188; x_wconf 87' lang='lat' dir='ltr'><strong>res</strong></span> <span class='ocrx_word' id='word_1_83' title='bbox 972 1149 1199 1203; x_wconf 89' lang='lat' dir='ltr'><strong>magnas</strong></span> <span class='ocrx_word' id='word_1_84' title='bbox 1249 1132 1646 1202; x_wconf 87' lang='lat' dir='ltr'><strong>aggrediendas</strong></span> <span class='ocrx_word' id='word_1_85' title='bbox 1702 1136 2001 1201; x_wconf 64' lang='lat' dir='ltr'><strong>prwsumat</strong></span> 
     </span>
    </p>
   </div>
   <div class='ocr_carea' id='block_1_13' title="bbox 303 1211 1998 1291">
    <p class='ocr_par' dir='ltr' id='par_1_13' title="bbox 303 1211 1998 1291">
     <span class='ocr_line' id='line_1_13' title="bbox 303 1211 1998 1291; baseline -0.004 -14"><span class='ocrx_word' id='word_1_86' title='bbox 303 1224 588 1289; x_wconf 88' lang='lat' dir='ltr'><strong>audacius,</strong></span> <span class='ocrx_word' id='word_1_87' title='bbox 622 1226 725 1276; x_wconf 90' lang='lat' dir='ltr'><strong>etc.</strong></span> <span class='ocrx_word' id='word_1_88' title='bbox 761 1220 779 1290; x_wconf 90' lang='lat'>]</span> <span class='ocrx_word' id='word_1_89' title='bbox 813 1222 989 1275; x_wconf 88' lang='lat' dir='ltr'><strong>Nemo</strong></span> <span class='ocrx_word' id='word_1_90' title='bbox 1017 1220 1393 1291; x_wconf 81' lang='lat' dir='ltr'><strong>philosophiae</strong></span> <span class='ocrx_word' id='word_1_91' title='bbox 1416 1219 1589 1290; x_wconf 90' lang='lat' dir='ltr'><strong>paulo</strong></span> <span class='ocrx_word' id='word_1_92' title='bbox 1610 1219 1850 1289; x_wconf 78' lang='lat' dir='ltr'><strong>peritior</strong></span> <span class='ocrx_word' id='word_1_93' title='bbox 1878 1211 1998 1272; x_wconf 51' lang='lat' dir='ltr'><strong>creL</strong></span> 
     </span>
    </p>
   </div>
   <div class='ocr_carea' id='block_1_14' title="bbox 303 1306 1994 1378">
    <p class='ocr_par' dir='ltr' id='par_1_14' title="bbox 303 1306 1994 1378">
     <span class='ocr_line' id='line_1_14' title="bbox 303 1306 1994 1378; baseline -0.003 -13"><span class='ocrx_word' id='word_1_94' title='bbox 303 1311 448 1365; x_wconf 89' lang='lat' dir='ltr'><strong>didit</strong></span> <span class='ocrx_word' id='word_1_95' title='bbox 485 1315 764 1365; x_wconf 64' lang='lat' dir='ltr'><strong>internum</strong></span> <span class='ocrx_word' id='word_1_96' title='bbox 802 1325 1020 1363; x_wconf 89' lang='lat' dir='ltr'><strong>numen</strong></span> <span class='ocrx_word' id='word_1_97' title='bbox 1063 1309 1372 1362; x_wconf 85' lang='lat' dir='ltr'><strong>mulierum</strong></span> <span class='ocrx_word' id='word_1_98' title='bbox 1419 1324 1611 1362; x_wconf 89' lang='lat' dir='ltr'><strong>amore</strong></span> <span class='ocrx_word' id='word_1_99' title='bbox 1655 1323 1819 1378; x_wconf 85' lang='lat' dir='ltr'><strong>posse</strong></span> <span class='ocrx_word' id='word_1_100' title='bbox 1849 1306 1994 1376; x_wconf 89' lang='lat' dir='ltr'><strong>capi.</strong></span> 
     </span>
    </p>
   </div>
   <div class='ocr_carea' id='block_1_15' title="bbox 306 1395 1998 1468">
    <p class='ocr_par' dir='ltr' id='par_1_15' title="bbox 306 1395 1998 1468">
     <span class='ocr_line' id='line_1_15' title="bbox 306 1395 1998 1468; baseline -0.001 -19"><span class='ocrx_word' id='word_1_101' title='bbox 306 1397 503 1467; x_wconf 87' lang='lat' dir='ltr'><strong>Itaque</strong></span> <span class='ocrx_word' id='word_1_102' title='bbox 529 1397 853 1468; x_wconf 62' lang='lat' dir='ltr'><strong>quaerendae</strong></span> <span class='ocrx_word' id='word_1_103' title='bbox 880 1396 1293 1451; x_wconf 87' lang='lat' dir='ltr'><strong>cordatioribus</strong></span> <span class='ocrx_word' id='word_1_104' title='bbox 1318 1396 1476 1451; x_wconf 86' lang='lat' dir='ltr'><strong>fuere</strong></span> <span class='ocrx_word' id='word_1_105' title='bbox 1507 1412 1692 1450; x_wconf 68' lang='lat' dir='ltr'><strong>causae</strong></span> <span class='ocrx_word' id='word_1_106' title='bbox 1724 1411 1825 1449; x_wconf 89' lang='lat' dir='ltr'><strong>cur</strong></span> <span class='ocrx_word' id='word_1_107' title='bbox 1853 1395 1998 1448; x_wconf 90' lang='lat' dir='ltr'><strong>auti-</strong></span> 
     </span>
    </p>
   </div>
   <div class='ocr_carea' id='block_1_16' title="bbox 306 1484 1999 1556">
    <p class='ocr_par' dir='ltr' id='par_1_16' title="bbox 306 1484 1999 1556">
     <span class='ocr_line' id='line_1_16' title="bbox 306 1484 1999 1556; baseline 0 -18"><span class='ocrx_word' id='word_1_108' title='bbox 306 1485 582 1555; x_wconf 89' lang='lat' dir='ltr'><strong>quissima</strong></span> <span class='ocrx_word' id='word_1_109' title='bbox 610 1486 763 1539; x_wconf 86' lang='lat' dir='ltr'><strong>fama</strong></span> <span class='ocrx_word' id='word_1_110' title='bbox 794 1489 875 1540; x_wconf 93' lang='lat' dir='ltr'><strong>tot</strong></span> <span class='ocrx_word' id='word_1_111' title='bbox 902 1485 1052 1539; x_wconf 88' lang='lat' dir='ltr'><strong>ﬁlios</strong></span> <span class='ocrx_word' id='word_1_112' title='bbox 1081 1485 1320 1539; x_wconf 90' lang='lat' dir='ltr'><strong>deorum</strong></span> <span class='ocrx_word' id='word_1_113' title='bbox 1344 1484 1677 1556; x_wconf 67' lang='lat' dir='ltr'><strong>praedicaret</strong></span> <span class='ocrx_word' id='word_1_114' title='bbox 1700 1504 1715 1551; x_wconf 89' lang='lat'><strong>;</strong></span> <span class='ocrx_word' id='word_1_115' title='bbox 1755 1499 1999 1555; x_wconf 86' lang='lat' dir='ltr'><strong>quarum</strong></span> 
     </span>
    </p>
   </div>
   <div class='ocr_carea' id='block_1_17' title="bbox 306 1571 2001 1643">
    <p class='ocr_par' dir='ltr' id='par_1_17' title="bbox 306 1571 2001 1643">
     <span class='ocr_line' id='line_1_17' title="bbox 306 1571 2001 1643; baseline -0.001 -17"><span class='ocrx_word' id='word_1_116' title='bbox 306 1574 599 1628; x_wconf 77' lang='lat' dir='ltr'><strong>rationum</strong></span> <span class='ocrx_word' id='word_1_117' title='bbox 637 1589 814 1627; x_wconf 89' lang='lat' dir='ltr'><strong>unam</strong></span> <span class='ocrx_word' id='word_1_118' title='bbox 856 1574 1003 1628; x_wconf 88' lang='lat' dir='ltr'><strong>hanc</strong></span> <span class='ocrx_word' id='word_1_119' title='bbox 1050 1575 1224 1627; x_wconf 89' lang='lat' dir='ltr'><strong>Varro</strong></span> <span class='ocrx_word' id='word_1_120' title='bbox 1264 1573 1611 1643; x_wconf 82' lang='lat' dir='ltr'><strong>prodiderat,</strong></span> <span class='ocrx_word' id='word_1_121' title='bbox 1636 1572 1698 1626; x_wconf 93' lang='lat' dir='ltr'><strong>in</strong></span> <span class='ocrx_word' id='word_1_122' title='bbox 1728 1571 2001 1643; x_wconf 88' lang='lat' dir='ltr'><strong>quopiam</strong></span> 
     </span>
    </p>
   </div>
   <div class='ocr_carea' id='block_1_18' title="bbox 305 1660 1999 1732">
    <p class='ocr_par' dir='ltr' id='par_1_18' title="bbox 305 1660 1999 1732">
     <span class='ocr_line' id='line_1_18' title="bbox 305 1660 1999 1732; baseline -0.003 -17"><span class='ocrx_word' id='word_1_123' title='bbox 305 1661 451 1716; x_wconf 89' lang='lat' dir='ltr'><strong>libro</strong></span> <span class='ocrx_word' id='word_1_124' title='bbox 485 1677 550 1715; x_wconf 89' lang='lat' dir='ltr'><strong>ex</strong></span> <span class='ocrx_word' id='word_1_125' title='bbox 575 1661 645 1715; x_wconf 91' lang='lat' dir='ltr'><strong>iis</strong></span> <span class='ocrx_word' id='word_1_126' title='bbox 694 1677 837 1732; x_wconf 86' lang='lat' dir='ltr'><strong>quos</strong></span> <span class='ocrx_word' id='word_1_127' title='bbox 881 1665 1038 1715; x_wconf 88' lang='lat' dir='ltr'><strong>tanto</strong></span> <span class='ocrx_word' id='word_1_128' title='bbox 1085 1676 1327 1714; x_wconf 87' lang='lat' dir='ltr'><strong>numero</strong></span> <span class='ocrx_word' id='word_1_129' title='bbox 1358 1660 1659 1731; x_wconf 85' lang='lat' dir='ltr'><strong>scripserat</strong></span> <span class='ocrx_word' id='word_1_130' title='bbox 1688 1664 1746 1714; x_wconf 88' lang='lat' dir='ltr'><strong>et</strong></span> <span class='ocrx_word' id='word_1_131' title='bbox 1769 1661 1869 1729; x_wconf 88' lang='lat' dir='ltr'><strong>qui</strong></span> <span class='ocrx_word' id='word_1_132' title='bbox 1898 1675 1999 1729; x_wconf 76' lang='lat' dir='ltr'><strong>po.-</strong></span> 
     </span>
    </p>
   </div>
   <div class='ocr_carea' id='block_1_19' title="bbox 304 1748 1998 1804">
    <p class='ocr_par' dir='ltr' id='par_1_19' title="bbox 304 1748 1998 1804">
     <span class='ocr_line' id='line_1_19' title="bbox 304 1748 1998 1804; baseline 0 -2"><span class='ocrx_word' id='word_1_133' title='bbox 304 1749 540 1804; x_wconf 87' lang='lat' dir='ltr'><strong>rierunt.</strong></span> <span class='ocrx_word' id='word_1_134' title='bbox 590 1750 993 1803; x_wconf 82' lang='lat' dir='ltr'><strong>Verumtamen</strong></span> <span class='ocrx_word' id='word_1_135' title='bbox 1042 1748 1342 1803; x_wconf 82' lang='lat' dir='ltr'><strong>fraudibus</strong></span> <span class='ocrx_word' id='word_1_136' title='bbox 1382 1748 1736 1803; x_wconf 84' lang='lat' dir='ltr'><strong>sacerdotum</strong></span> <span class='ocrx_word' id='word_1_137' title='bbox 1786 1752 1844 1802; x_wconf 87' lang='lat' dir='ltr'><strong>et</strong></span> <span class='ocrx_word' id='word_1_138' title='bbox 1871 1765 1998 1802; x_wconf 89' lang='lat' dir='ltr'><strong>mu-</strong></span> 
     </span>
    </p>
   </div>
   <div class='ocr_carea' id='block_1_20' title="bbox 303 1835 1997 1907">
    <p class='ocr_par' dir='ltr' id='par_1_20' title="bbox 303 1835 1997 1907">
     <span class='ocr_line' id='line_1_20' title="bbox 303 1835 1997 1907; baseline -0.001 -17"><span class='ocrx_word' id='word_1_139' title='bbox 303 1836 671 1891; x_wconf 88' lang='lat' dir='ltr'><strong>liercularum</strong></span> <span class='ocrx_word' id='word_1_140' title='bbox 720 1840 819 1890; x_wconf 89' lang='lat' dir='ltr'><strong>aut</strong></span> <span class='ocrx_word' id='word_1_141' title='bbox 866 1835 1249 1907; x_wconf 87' lang='lat' dir='ltr'><strong>deceptarum,</strong></span> <span class='ocrx_word' id='word_1_142' title='bbox 1299 1839 1397 1890; x_wconf 88' lang='lat' dir='ltr'><strong>aut</strong></span> <span class='ocrx_word' id='word_1_143' title='bbox 1448 1839 1652 1906; x_wconf 84' lang='lat' dir='ltr'><strong>sponte</strong></span> <span class='ocrx_word' id='word_1_144' title='bbox 1676 1835 1997 1907; x_wconf 87' lang='lat' dir='ltr'><strong>impudica-</strong></span> 
     </span>
    </p>
   </div>
   <div class='ocr_carea' id='block_1_21' title="bbox 304 1923 1997 1994">
    <p class='ocr_par' dir='ltr' id='par_1_21' title="bbox 304 1923 1997 1994">
     <span class='ocr_line' id='line_1_21' title="bbox 304 1923 1997 1994; baseline -0.001 -16"><span class='ocrx_word' id='word_1_145' title='bbox 304 1940 453 1991; x_wconf 90' lang='lat' dir='ltr'><strong>rum,</strong></span> <span class='ocrx_word' id='word_1_146' title='bbox 504 1924 654 1978; x_wconf 84' lang='lat' dir='ltr'><strong>ﬁlios</strong></span> <span class='ocrx_word' id='word_1_147' title='bbox 689 1923 822 1978; x_wconf 91' lang='lat' dir='ltr'><strong>illos</strong></span> <span class='ocrx_word' id='word_1_148' title='bbox 868 1924 1105 1979; x_wconf 89' lang='lat' dir='ltr'><strong>deorum</strong></span> <span class='ocrx_word' id='word_1_149' title='bbox 1154 1923 1395 1991; x_wconf 88' lang='lat' dir='ltr'><strong>debitos,</strong></span> <span class='ocrx_word' id='word_1_150' title='bbox 1444 1924 1695 1978; x_wconf 90' lang='lat' dir='ltr'><strong>maxima</strong></span> <span class='ocrx_word' id='word_1_151' title='bbox 1719 1939 1785 1977; x_wconf 87' lang='lat' dir='ltr'><strong>ex</strong></span> <span class='ocrx_word' id='word_1_152' title='bbox 1814 1928 1997 1994; x_wconf 88' lang='lat' dir='ltr'><strong>parte,</strong></span> 
     </span>
    </p>
   </div>
   <div class='ocr_carea' id='block_1_22' title="bbox 307 2010 2002 2083">
    <p class='ocr_par' dir='ltr' id='par_1_22' title="bbox 307 2010 2002 2083">
     <span class='ocr_line' id='line_1_22' title="bbox 307 2010 2002 2083; baseline -0.001 -17"><span class='ocrx_word' id='word_1_153' title='bbox 307 2012 700 2067; x_wconf 85' lang='lat' dir='ltr'><strong>existimarim.</strong></span> <span class='ocrx_word' id='word_1_154' title='bbox 752 2013 894 2067; x_wconf 91' lang='lat' dir='ltr'><strong>Cum</strong></span> <span class='ocrx_word' id='word_1_155' title='bbox 947 2012 1237 2066; x_wconf 87' lang='lat' dir='ltr'><strong>libidinosi</strong></span> <span class='ocrx_word' id='word_1_156' title='bbox 1281 2012 1598 2066; x_wconf 84' lang='lat' dir='ltr'><strong>sacerdotes</strong></span> <span class='ocrx_word' id='word_1_157' title='bbox 1626 2011 1909 2083; x_wconf 81' lang='lat' dir='ltr'><strong>virginem</strong></span> <span class='ocrx_word' id='word_1_158' title='bbox 1940 2010 2002 2065; x_wconf 90' lang='lat' dir='ltr'><strong>in</strong></span> 
     </span>
    </p>
   </div>
   <div class='ocr_carea' id='block_1_23' title="bbox 304 2099 2003 2171">
    <p class='ocr_par' dir='ltr' id='par_1_23' title="bbox 304 2099 2003 2171">
     <span class='ocr_line' id='line_1_23' title="bbox 304 2099 2003 2171; baseline -0.001 -17"><span class='ocrx_word' id='word_1_159' title='bbox 304 2101 521 2171; x_wconf 90' lang='lat' dir='ltr'><strong>templo</strong></span> <span class='ocrx_word' id='word_1_160' title='bbox 574 2104 673 2154; x_wconf 84' lang='lat' dir='ltr'><strong>aut</strong></span> <span class='ocrx_word' id='word_1_161' title='bbox 716 2100 846 2154; x_wconf 92' lang='lat' dir='ltr'><strong>luco</strong></span> <span class='ocrx_word' id='word_1_162' title='bbox 889 2099 1140 2153; x_wconf 89' lang='lat' dir='ltr'><strong>numinis</strong></span> <span class='ocrx_word' id='word_1_163' title='bbox 1197 2099 1519 2169; x_wconf 89' lang='lat' dir='ltr'><strong>cujuspiam</strong></span> <span class='ocrx_word' id='word_1_164' title='bbox 1562 2099 1847 2166; x_wconf 83' lang='lat' dir='ltr'><strong>vitiarant,</strong></span> <span class='ocrx_word' id='word_1_165' title='bbox 1899 2115 2003 2153; x_wconf 90' lang='lat' dir='ltr'><strong>nec</strong></span> 
     </span>
    </p>
   </div>
   <div class='ocr_carea' id='block_1_24' title="bbox 311 2186 2002 2258">
    <p class='ocr_par' dir='ltr' id='par_1_24' title="bbox 311 2186 2002 2258">
     <span class='ocr_line' id='line_1_24' title="bbox 311 2186 2002 2258; baseline -0.001 -16"><span class='ocrx_word' id='word_1_166' title='bbox 311 2204 513 2242; x_wconf 90' lang='lat' dir='ltr'><strong>eorum</strong></span> <span class='ocrx_word' id='word_1_167' title='bbox 541 2189 814 2242; x_wconf 86' lang='lat' dir='ltr'><strong>intererat</strong></span> <span class='ocrx_word' id='word_1_168' title='bbox 843 2187 1049 2241; x_wconf 88' lang='lat' dir='ltr'><strong>ducere</strong></span> <span class='ocrx_word' id='word_1_169' title='bbox 1076 2203 1202 2241; x_wconf 90' lang='lat' dir='ltr'><strong>eam</strong></span> <span class='ocrx_word' id='word_1_170' title='bbox 1233 2202 1492 2253; x_wconf 85' lang='lat' dir='ltr'><strong>uxorem,</strong></span> <span class='ocrx_word' id='word_1_171' title='bbox 1521 2191 1586 2242; x_wconf 88' lang='lat' dir='ltr'><strong>ut</strong></span> <span class='ocrx_word' id='word_1_172' title='bbox 1628 2188 1753 2258; x_wconf 86' lang='lat' dir='ltr'><strong>ejus</strong></span> <span class='ocrx_word' id='word_1_173' title='bbox 1792 2186 2002 2241; x_wconf 88' lang='lat' dir='ltr'><strong>honori</strong></span> 
     </span>
    </p>
   </div>
   <div class='ocr_carea' id='block_1_25' title="bbox 305 2273 2004 2345">
    <p class='ocr_par' dir='ltr' id='par_1_25' title="bbox 305 2273 2004 2345">
     <span class='ocr_line' id='line_1_25' title="bbox 305 2273 2004 2345; baseline -0.001 -16"><span class='ocrx_word' id='word_1_174' title='bbox 305 2276 688 2342; x_wconf 83' lang='lat' dir='ltr'><strong>consulerent,</strong></span> <span class='ocrx_word' id='word_1_175' title='bbox 738 2291 804 2328; x_wconf 86' lang='lat' dir='ltr'><strong>ex</strong></span> <span class='ocrx_word' id='word_1_176' title='bbox 853 2273 978 2345; x_wconf 88' lang='lat' dir='ltr'><strong>ipso</strong></span> <span class='ocrx_word' id='word_1_177' title='bbox 1016 2275 1257 2328; x_wconf 91' lang='lat' dir='ltr'><strong>numine</strong></span> <span class='ocrx_word' id='word_1_178' title='bbox 1304 2276 1504 2327; x_wconf 89' lang='lat' dir='ltr'><strong>natum</strong></span> <span class='ocrx_word' id='word_1_179' title='bbox 1550 2289 1797 2344; x_wconf 89' lang='lat' dir='ltr'><strong>puerum</strong></span> <span class='ocrx_word' id='word_1_180' title='bbox 1844 2273 2004 2328; x_wconf 89' lang='lat' dir='ltr'><strong>dice-</strong></span> 
     </span>
    </p>
   </div>
   <div class='ocr_carea' id='block_1_26' title="bbox 305 2361 2002 2433">
    <p class='ocr_par' dir='ltr' id='par_1_26' title="bbox 305 2361 2002 2433">
     <span class='ocr_line' id='line_1_26' title="bbox 305 2361 2002 2433; baseline -0.001 -16"><span class='ocrx_word' id='word_1_181' title='bbox 305 2365 482 2429; x_wconf 82' lang='lat' dir='ltr'><strong>bant;</strong></span> <span class='ocrx_word' id='word_1_182' title='bbox 531 2379 637 2417; x_wconf 91' lang='lat' dir='ltr'><strong>nec</strong></span> <span class='ocrx_word' id='word_1_183' title='bbox 684 2362 891 2433; x_wconf 75' lang='lat' dir='ltr'><strong>puellae</strong></span> <span class='ocrx_word' id='word_1_184' title='bbox 937 2377 1253 2432; x_wconf 90' lang='lat' dir='ltr'><strong>eorumque</strong></span> <span class='ocrx_word' id='word_1_185' title='bbox 1296 2361 1607 2433; x_wconf 86' lang='lat' dir='ltr'><strong>propinqui</strong></span> <span class='ocrx_word' id='word_1_186' title='bbox 1654 2377 1777 2416; x_wconf 89' lang='lat' dir='ltr'><strong>rem</strong></span> <span class='ocrx_word' id='word_1_187' title='bbox 1828 2377 2002 2432; x_wconf 88' lang='lat' dir='ltr'><strong>nega-</strong></span> 
     </span>
    </p>
   </div>
   <div class='ocr_carea' id='block_1_27' title="bbox 307 2449 2001 2519">
    <p class='ocr_par' dir='ltr' id='par_1_27' title="bbox 307 2449 2001 2519">
     <span class='ocr_line' id='line_1_27' title="bbox 307 2449 2001 2519; baseline -0.001 -13"><span class='ocrx_word' id='word_1_188' title='bbox 307 2452 463 2519; x_wconf 91' lang='lat' dir='ltr'><strong>bant,</strong></span> <span class='ocrx_word' id='word_1_189' title='bbox 497 2467 628 2505; x_wconf 91' lang='lat' dir='ltr'><strong>cum</strong></span> <span class='ocrx_word' id='word_1_190' title='bbox 657 2449 865 2505; x_wconf 92' lang='lat' dir='ltr'><strong>honori</strong></span> <span class='ocrx_word' id='word_1_191' title='bbox 893 2450 1222 2504; x_wconf 82' lang='lat' dir='ltr'><strong>vitiatarum</strong></span> <span class='ocrx_word' id='word_1_192' title='bbox 1256 2467 1322 2504; x_wconf 90' lang='lat' dir='ltr'><strong>ea</strong></span> <span class='ocrx_word' id='word_1_193' title='bbox 1358 2450 1558 2503; x_wconf 79' lang='lat' dir='ltr'><strong>fraude</strong></span> <span class='ocrx_word' id='word_1_194' title='bbox 1587 2450 2001 2505; x_wconf 89' lang='lat' dir='ltr'><strong>consuleretur.</strong></span> 
     </span>
    </p>
   </div>
   <div class='ocr_carea' id='block_1_28' title="bbox 308 2537 2005 2610">
    <p class='ocr_par' dir='ltr' id='par_1_28' title="bbox 308 2537 2005 2610">
     <span class='ocr_line' id='line_1_28' title="bbox 308 2537 2005 2610; baseline -0.002 -16"><span class='ocrx_word' id='word_1_195' title='bbox 308 2538 735 2610; x_wconf 88' lang='lat' dir='ltr'><strong>Autiquissimis</strong></span> <span class='ocrx_word' id='word_1_196' title='bbox 770 2538 1125 2610; x_wconf 89' lang='lat' dir='ltr'><strong>temporibus</strong></span> <span class='ocrx_word' id='word_1_197' title='bbox 1174 2538 1343 2593; x_wconf 90' lang='lat' dir='ltr'><strong>rudes</strong></span> <span class='ocrx_word' id='word_1_198' title='bbox 1390 2537 1673 2604; x_wconf 90' lang='lat' dir='ltr'><strong>homines,</strong></span> <span class='ocrx_word' id='word_1_199' title='bbox 1722 2554 1825 2592; x_wconf 90' lang='lat' dir='ltr'><strong>nec</strong></span> <span class='ocrx_word' id='word_1_200' title='bbox 1874 2538 2005 2592; x_wconf 90' lang='lat' dir='ltr'><strong>ullis</strong></span> 
     </span>
    </p>
   </div>
   <div class='ocr_carea' id='block_1_29' title="bbox 307 2625 2006 2698">
    <p class='ocr_par' dir='ltr' id='par_1_29' title="bbox 307 2625 2006 2698">
     <span class='ocr_line' id='line_1_29' title="bbox 307 2625 2006 2698; baseline -0.001 -18"><span class='ocrx_word' id='word_1_201' title='bbox 307 2625 512 2680; x_wconf 87' lang='lat' dir='ltr'><strong>studiis</strong></span> <span class='ocrx_word' id='word_1_202' title='bbox 568 2625 806 2696; x_wconf 83' lang='lat' dir='ltr'><strong>expoliti</strong></span> <span class='ocrx_word' id='word_1_203' title='bbox 862 2626 1000 2681; x_wconf 89' lang='lat' dir='ltr'><strong>talia</strong></span> <span class='ocrx_word' id='word_1_204' title='bbox 1055 2626 1162 2680; x_wconf 91' lang='lat' dir='ltr'><strong>sibi</strong></span> <span class='ocrx_word' id='word_1_205' title='bbox 1215 2625 1546 2698; x_wconf 88' lang='lat' dir='ltr'><strong>persuaderi</strong></span> <span class='ocrx_word' id='word_1_206' title='bbox 1612 2626 1782 2681; x_wconf 88' lang='lat' dir='ltr'><strong>stulte</strong></span> <span class='ocrx_word' id='word_1_207' title='bbox 1853 2626 2006 2696; x_wconf 87' lang='lat' dir='ltr'><strong>passi</strong></span> 
     </span>
    </p>
   </div>
   <div class='ocr_carea' id='block_1_30' title="bbox 308 2714 2005 2787">
    <p class='ocr_par' dir='ltr' id='par_1_30' title="bbox 308 2714 2005 2787">
     <span class='ocr_line' id='line_1_30' title="bbox 308 2714 2005 2787; baseline 0.002 -20"><span class='ocrx_word' id='word_1_208' title='bbox 308 2718 463 2771; x_wconf 82' lang='lat' dir='ltr'><strong>sunt.</strong></span> <span class='ocrx_word' id='word_1_209' title='bbox 497 2714 764 2769; x_wconf 89' lang='lat' dir='ltr'><strong>Pluribus</strong></span> <span class='ocrx_word' id='word_1_210' title='bbox 801 2714 908 2768; x_wconf 88' lang='lat' dir='ltr'><strong>hac</strong></span> <span class='ocrx_word' id='word_1_211' title='bbox 936 2715 1005 2769; x_wconf 90' lang='lat' dir='ltr'><strong>de</strong></span> <span class='ocrx_word' id='word_1_212' title='bbox 1028 2732 1088 2769; x_wconf 84' lang='lat' dir='ltr'><strong>re</strong></span> <span class='ocrx_word' id='word_1_213' title='bbox 1117 2715 1235 2787; x_wconf 83' lang='lat' dir='ltr'><strong>egit</strong></span> <span class='ocrx_word' id='word_1_214' title='bbox 1256 2716 1418 2771; x_wconf 91' lang='lat' dir='ltr'><strong>Joan.</strong></span> <span class='ocrx_word' id='word_1_215' title='bbox 1449 2714 1696 2769; x_wconf 87' lang='lat' dir='ltr'><strong>Clericus</strong></span> <span class='ocrx_word' id='word_1_216' title='bbox 1735 2714 1797 2768; x_wconf 93' lang='lat' dir='ltr'><strong>in</strong></span> <span class='ocrx_word' id='word_1_217' title='bbox 1854 2714 2005 2770; x_wconf 90' lang='lat' dir='ltr'><strong>notis</strong></span> 
     </span>
    </p>
   </div>
   <div class='ocr_carea' id='block_1_31' title="bbox 308 2801 1969 2873">
    <p class='ocr_par' dir='ltr' id='par_1_31' title="bbox 308 2801 1969 2873">
     <span class='ocr_line' id='line_1_31' title="bbox 308 2801 1969 2873; baseline 0.001 -16"><span class='ocrx_word' id='word_1_218' title='bbox 308 2802 377 2857; x_wconf 91' lang='lat' dir='ltr'><strong>ad</strong></span> <span class='ocrx_word' id='word_1_219' title='bbox 409 2801 799 2873; x_wconf 84' lang='lat' dir='ltr'><strong>Theogoniam</strong></span> <span class='ocrx_word' id='word_1_220' title='bbox 832 2802 1077 2857; x_wconf 87' lang='lat' dir='ltr'><strong>Hesiodi.</strong></span> <span class='ocrx_word' id='word_1_221' title='bbox 1958 2840 1969 2847; x_wconf 62' lang='grc' dir='ltr'><strong>ς</strong></span> 
     </span>
    </p>
   </div>
   <div class='ocr_carea' id='block_1_32' title="bbox 380 2890 2008 2962">
    <p class='ocr_par' dir='ltr' id='par_1_32' title="bbox 380 2890 2008 2962">
     <span class='ocr_line' id='line_1_32' title="bbox 380 2890 2008 2962; baseline -0.001 -16"><span class='ocrx_word' id='word_1_222' title='bbox 380 2892 516 2962; x_wconf 90' lang='lat' dir='ltr'><strong>Cap.</strong></span> <span class='ocrx_word' id='word_1_223' title='bbox 568 2893 653 2945; x_wconf 89' lang='grc' dir='ltr'><strong>1ο.</strong></span> <span class='ocrx_word' id='word_1_224' title='bbox 696 2892 787 2945; x_wconf 86' lang='lat' dir='ltr'><strong>An</strong></span> <span class='ocrx_word' id='word_1_225' title='bbox 835 2890 1159 2960; x_wconf 79' lang='lat' dir='ltr'><strong>respondeat</strong></span> <span class='ocrx_word' id='word_1_226' title='bbox 1211 2890 1356 2960; x_wconf 88' lang='lat' dir='ltr'><strong>quod</strong></span> <span class='ocrx_word' id='word_1_227' title='bbox 1396 2893 1508 2946; x_wconf 84' lang='lat' dir='ltr'><strong>nisi</strong></span> <span class='ocrx_word' id='word_1_228' title='bbox 1533 2890 1772 2945; x_wconf 84' lang='lat' dir='ltr'><strong>assiduis</strong></span> <span class='ocrx_word' id='word_1_229' title='bbox 1797 2890 2008 2959; x_wconf 82' lang='lat' dir='ltr'><strong>sibique</strong></span> 
     </span>
    </p>
   </div>
   <div class='ocr_carea' id='block_1_33' title="bbox 2107 514 3789 584">
    <p class='ocr_par' dir='ltr' id='par_1_33' title="bbox 2107 514 3789 584">
     <span class='ocr_line' id='line_1_33' title="bbox 2107 514 3789 584; baseline -0.006 -12"><span class='ocrx_word' id='word_1_230' title='bbox 2107 517 2339 573; x_wconf 87' lang='lat' dir='ltr'><strong>secunda</strong></span> <span class='ocrx_word' id='word_1_231' title='bbox 2376 518 2564 584; x_wconf 87' lang='lat' dir='ltr'><strong>noctis,</strong></span> <span class='ocrx_word' id='word_1_232' title='bbox 2611 514 2825 569; x_wconf 86' lang='lat' dir='ltr'><strong>nimbus</strong></span> <span class='ocrx_word' id='word_1_233' title='bbox 2872 528 2992 567; x_wconf 91' lang='lat' dir='ltr'><strong>cum</strong></span> <span class='ocrx_word' id='word_1_234' title='bbox 3038 527 3204 566; x_wconf 76' lang='lat' dir='ltr'><strong>SAXEA</strong></span> <span class='ocrx_word' id='word_1_235' title='bbox 3236 527 3509 565; x_wconf 75' lang='lat' dir='ltr'><strong>GRANDINE</strong></span> <span class='ocrx_word' id='word_1_236' title='bbox 3548 514 3625 563; x_wconf 83' lang='lat' dir='ltr'><strong>est</strong></span> <span class='ocrx_word' id='word_1_237' title='bbox 3652 525 3789 563; x_wconf 65' lang='lat' dir='ltr'><strong>emor-</strong></span> 
     </span>
    </p>
   </div>
   <div class='ocr_carea' id='block_1_34' title="bbox 2110 609 2914 675">
    <p class='ocr_par' dir='ltr' id='par_1_34' title="bbox 2110 609 2914 675">
     <span class='ocr_line' id='line_1_34' title="bbox 2110 609 2914 675; baseline -0.004 -15"><span class='ocrx_word' id='word_1_238' title='bbox 2110 610 2195 662; x_wconf 87' lang='lat' dir='ltr'><strong>tus</strong></span> <span class='ocrx_word' id='word_1_239' title='bbox 2218 609 2429 675; x_wconf 87' lang='lat' dir='ltr'><strong>inge-ns.</strong></span> <span class='ocrx_word' id='word_1_240' title='bbox 2904 650 2914 657; x_wconf 92' lang='lat'><strong>.</strong></span> 
     </span>
    </p>
   </div>
   <div class='ocr_carea' id='block_1_35' title="bbox 2179 686 3786 755">
    <p class='ocr_par' dir='ltr' id='par_1_35' title="bbox 2179 686 3786 755">
     <span class='ocr_line' id='line_1_35' title="bbox 2179 686 3786 755; baseline -0.004 -9"><span class='ocrx_word' id='word_1_241' title='bbox 2179 691 2327 746; x_wconf 90' lang='lat' dir='ltr'><strong>Ibid.</strong></span> <span class='ocrx_word' id='word_1_242' title='bbox 2367 693 2719 745; x_wconf 86' lang='lat' dir='ltr'><strong>Locustarum</strong></span> <span class='ocrx_word' id='word_1_243' title='bbox 2738 692 2877 744; x_wconf 89' lang='lat' dir='ltr'><strong>enim</strong></span> <span class='ocrx_word' id='word_1_244' title='bbox 2906 691 2966 742; x_wconf 90' lang='lat' dir='ltr'><strong>in</strong></span> <span class='ocrx_word' id='word_1_245' title='bbox 3004 688 3205 755; x_wconf 84' lang='lat' dir='ltr'><strong>Africa</strong></span> <span class='ocrx_word' id='word_1_246' title='bbox 3240 686 3639 741; x_wconf 84' lang='lat' dir='ltr'><strong>multitudinem</strong></span> <span class='ocrx_word' id='word_1_247' title='bbox 3672 701 3786 755; x_wconf 84' lang='lat' dir='ltr'><strong>pro.</strong></span> 
     </span>
    </p>
   </div>
   <div class='ocr_carea' id='block_1_36' title="bbox 2107 776 3791 848">
    <p class='ocr_par' dir='ltr' id='par_1_36' title="bbox 2107 776 3791 848">
     <span class='ocr_line' id='line_1_36' title="bbox 2107 776 3791 848; baseline -0.004 -13"><span class='ocrx_word' id='word_1_248' title='bbox 2107 781 2251 848; x_wconf 88' lang='lat' dir='ltr'><strong>digii</strong></span> <span class='ocrx_word' id='word_1_249' title='bbox 2270 781 2499 834; x_wconf 84' lang='lat' dir='ltr'><strong>similem</strong></span> <span class='ocrx_word' id='word_1_250' title='bbox 2527 782 2717 847; x_wconf 85' lang='lat' dir='ltr'><strong>fuisse,</strong></span> <span class='ocrx_word' id='word_1_251' title='bbox 2751 794 2870 832; x_wconf 89' lang='lat' dir='ltr'><strong>cum</strong></span> <span class='ocrx_word' id='word_1_252' title='bbox 2892 779 3016 848; x_wconf 84' lang='lat' dir='ltr'><strong>jam</strong></span> <span class='ocrx_word' id='word_1_253' title='bbox 3045 782 3178 832; x_wconf 88' lang='lat' dir='ltr'><strong>esset</strong></span> <span class='ocrx_word' id='word_1_254' title='bbox 3196 776 3391 847; x_wconf 82' lang='lat' dir='ltr'><strong>populi</strong></span> <span class='ocrx_word' id='word_1_255' title='bbox 3422 778 3651 831; x_wconf 87' lang='lat' dir='ltr'><strong>Romani</strong></span> <span class='ocrx_word' id='word_1_256' title='bbox 3669 791 3791 845; x_wconf 88' lang='lat' dir='ltr'><strong>pro-</strong></span> 
     </span>
    </p>
   </div>
   <div class='ocr_carea' id='block_1_37' title="bbox 2107 863 3792 935">
    <p class='ocr_par' dir='ltr' id='par_1_37' title="bbox 2107 863 3792 935">
     <span class='ocr_line' id='line_1_37' title="bbox 2107 863 3792 935; baseline -0.003 -14"><span class='ocrx_word' id='word_1_257' title='bbox 2107 871 2308 934; x_wconf 85' lang='lat' dir='ltr'><strong>vincia,</strong></span> <span class='ocrx_word' id='word_1_258' title='bbox 2342 869 2540 922; x_wconf 85' lang='lat' dir='ltr'><strong>litteris</strong></span> <span class='ocrx_word' id='word_1_259' title='bbox 2583 864 3050 935; x_wconf 87' lang='lat' dir='ltr'><strong>mandaverunt.]</strong></span> <span class='ocrx_word' id='word_1_260' title='bbox 3100 864 3210 929; x_wconf 90' lang='lat' dir='ltr'><strong>Qui</strong></span> <span class='ocrx_word' id='word_1_261' title='bbox 3260 864 3380 917; x_wconf 71' lang='lat' dir='ltr'><strong>haec</strong></span> <span class='ocrx_word' id='word_1_262' title='bbox 3435 863 3792 917; x_wconf 86' lang='lat' dir='ltr'><strong>multitudine</strong></span> 
     </span>
    </p>
   </div>
   <div class='ocr_carea' id='block_1_38' title="bbox 2107 952 3793 1026">
    <p class='ocr_par' dir='ltr' id='par_1_38' title="bbox 2107 952 3793 1026">
     <span class='ocr_line' id='line_1_38' title="bbox 2107 952 3793 1026; baseline -0.004 -16"><span class='ocrx_word' id='word_1_263' title='bbox 2107 957 2505 1026; x_wconf 84' lang='lat' dir='ltr'><strong>exemplorum</strong></span> <span class='ocrx_word' id='word_1_264' title='bbox 2554 955 2833 1010; x_wconf 86' lang='lat' dir='ltr'><strong>illustrata</strong></span> <span class='ocrx_word' id='word_1_265' title='bbox 2877 953 3067 1008; x_wconf 81' lang='lat' dir='ltr'><strong>videre</strong></span> <span class='ocrx_word' id='word_1_266' title='bbox 3116 952 3323 1019; x_wconf 90' lang='lat' dir='ltr'><strong>avebit,</strong></span> <span class='ocrx_word' id='word_1_267' title='bbox 3384 952 3554 1007; x_wconf 88' lang='lat' dir='ltr'><strong>adeat</strong></span> <span class='ocrx_word' id='word_1_268' title='bbox 3583 955 3793 1022; x_wconf 85' lang='lat' dir='ltr'><strong>oportet</strong></span> 
     </span>
    </p>
   </div>
   <div class='ocr_carea' id='block_1_39' title="bbox 2109 1040 3790 1113">
    <p class='ocr_par' dir='ltr' id='par_1_39' title="bbox 2109 1040 3790 1113">
     <span class='ocr_line' id='line_1_39' title="bbox 2109 1040 3790 1113; baseline -0.004 -16"><span class='ocrx_word' id='word_1_269' title='bbox 2109 1042 2431 1098; x_wconf 86' lang='lat' dir='ltr'><strong>Samuelem</strong></span> <span class='ocrx_word' id='word_1_270' title='bbox 2491 1046 2855 1107; x_wconf 88' lang='lat' dir='ltr'><strong>Bochartum,</strong></span> <span class='ocrx_word' id='word_1_271' title='bbox 2908 1041 3225 1098; x_wconf 88' lang='lat' dir='ltr'><strong>Hierozoici</strong></span> <span class='ocrx_word' id='word_1_272' title='bbox 3273 1046 3420 1113; x_wconf 88' lang='lat' dir='ltr'><strong>part.</strong></span> <span class='ocrx_word' id='word_1_273' title='bbox 3464 1044 3521 1108; x_wconf 96' lang='lat'><strong>2,</strong></span> <span class='ocrx_word' id='word_1_274' title='bbox 3566 1040 3662 1095; x_wconf 88' lang='lat' dir='ltr'><strong>lib.</strong></span> <span class='ocrx_word' id='word_1_275' title='bbox 3725 1058 3790 1105; x_wconf 76' lang='grc' dir='ltr'><strong>ιν,</strong></span> 
     </span>
    </p>
   </div>
   <div class='ocr_carea' id='block_1_40' title="bbox 2109 1128 3792 1203">
    <p class='ocr_par' dir='ltr' id='par_1_40' title="bbox 2109 1128 3792 1203">
     <span class='ocr_line' id='line_1_40' title="bbox 2109 1128 3792 1203; baseline -0.002 -19"><span class='ocrx_word' id='word_1_276' title='bbox 2109 1147 2203 1185; x_wconf 84' lang='lat' dir='ltr'><strong>sex</strong></span> <span class='ocrx_word' id='word_1_277' title='bbox 2253 1132 2457 1203; x_wconf 91' lang='lat' dir='ltr'><strong>primis</strong></span> <span class='ocrx_word' id='word_1_278' title='bbox 2504 1131 2825 1203; x_wconf 88' lang='lat' dir='ltr'><strong>capitibus;</strong></span> <span class='ocrx_word' id='word_1_279' title='bbox 2876 1135 2933 1185; x_wconf 90' lang='lat' dir='ltr'><strong>et</strong></span> <span class='ocrx_word' id='word_1_280' title='bbox 3004 1128 3238 1185; x_wconf 87' lang='lat' dir='ltr'><strong>Joannis</strong></span> <span class='ocrx_word' id='word_1_281' title='bbox 3285 1129 3488 1184; x_wconf 84' lang='lat' dir='ltr'><strong>Clerici</strong></span> <span class='ocrx_word' id='word_1_282' title='bbox 3536 1128 3792 1183; x_wconf 85' lang='lat' dir='ltr'><strong>disserta-</strong></span> 
     </span>
    </p>
   </div>
   <div class='ocr_carea' id='block_1_41' title="bbox 2110 1215 3791 1275">
    <p class='ocr_par' dir='ltr' id='par_1_41' title="bbox 2110 1215 3791 1275">
     <span class='ocr_line' id='line_1_41' title="bbox 2110 1215 3791 1275; baseline -0.004 -1"><span class='ocrx_word' id='word_1_283' title='bbox 2110 1220 2326 1274; x_wconf 90' lang='lat' dir='ltr'><strong>tionem</strong></span> <span class='ocrx_word' id='word_1_284' title='bbox 2352 1220 2421 1275; x_wconf 91' lang='lat' dir='ltr'><strong>de</strong></span> <span class='ocrx_word' id='word_1_285' title='bbox 2450 1226 2636 1275; x_wconf 88' lang='lat' dir='ltr'><strong>statua</strong></span> <span class='ocrx_word' id='word_1_286' title='bbox 2664 1220 2843 1274; x_wconf 90' lang='lat' dir='ltr'><strong>saliua</strong></span> <span class='ocrx_word' id='word_1_287' title='bbox 2874 1218 3078 1275; x_wconf 87' lang='lat' dir='ltr'><strong>Genesi</strong></span> <span class='ocrx_word' id='word_1_288' title='bbox 3135 1219 3206 1274; x_wconf 87' lang='lat' dir='ltr'><strong>ab</strong></span> <span class='ocrx_word' id='word_1_289' title='bbox 3239 1233 3307 1273; x_wconf 91' lang='lat' dir='ltr'><strong>eo</strong></span> <span class='ocrx_word' id='word_1_290' title='bbox 3346 1218 3639 1272; x_wconf 67' lang='lat' dir='ltr'><strong>illustratus</strong></span> <span class='ocrx_word' id='word_1_291' title='bbox 3668 1215 3791 1269; x_wconf 87' lang='lat' dir='ltr'><strong>sub-</strong></span> 
     </span>
    </p>
   </div>
   <div class='ocr_carea' id='block_1_42' title="bbox 2102 1309 2334 1379">
    <p class='ocr_par' dir='ltr' id='par_1_42' title="bbox 2102 1309 2334 1379">
     <span class='ocr_line' id='line_1_42' title="bbox 2102 1309 2334 1379; baseline 0.004 -17"><span class='ocrx_word' id='word_1_292' title='bbox 2102 1309 2334 1379; x_wconf 85' lang='lat' dir='ltr'><strong>jectam.</strong></span> 
     </span>
    </p>
   </div>
   <div class='ocr_carea' id='block_1_43' title="bbox 2180 1394 3797 1463">
    <p class='ocr_par' dir='ltr' id='par_1_43' title="bbox 2180 1394 3797 1463">
     <span class='ocr_line' id='line_1_43' title="bbox 2180 1394 3797 1463; baseline -0.001 -13"><span class='ocrx_word' id='word_1_293' title='bbox 2180 1397 2323 1452; x_wconf 90' lang='lat' dir='ltr'><strong>Ibid.</strong></span> <span class='ocrx_word' id='word_1_294' title='bbox 2372 1399 2518 1451; x_wconf 88' lang='lat' dir='ltr'><strong>Tunc</strong></span> <span class='ocrx_word' id='word_1_295' title='bbox 2564 1397 2727 1451; x_wconf 75' lang='lat' dir='ltr'><strong>Uticae</strong></span> <span class='ocrx_word' id='word_1_296' title='bbox 2754 1411 2821 1450; x_wconf 77' lang='lat' dir='ltr'><strong>ea:</strong></span> <span class='ocrx_word' id='word_1_297' title='bbox 2854 1396 3083 1463; x_wconf 81' lang='lat' dir='ltr'><strong>triginta</strong></span> <span class='ocrx_word' id='word_1_298' title='bbox 3111 1394 3347 1449; x_wconf 80' lang='lat' dir='ltr'><strong>millibus</strong></span> <span class='ocrx_word' id='word_1_299' title='bbox 3359 1395 3661 1463; x_wconf 86' lang='lat' dir='ltr'><strong>juniorum,</strong></span> <span class='ocrx_word' id='word_1_300' title='bbox 3686 1411 3797 1463; x_wconf 72' lang='lat' dir='ltr'><strong>quae</strong></span> 
     </span>
    </p>
   </div>
   <div class='ocr_carea' id='block_1_44' title="bbox 2110 1481 3799 1555">
    <p class='ocr_par' dir='ltr' id='par_1_44' title="bbox 2110 1481 3799 1555">
     <span class='ocr_line' id='line_1_44' title="bbox 2110 1481 3799 1555; baseline -0.004 -14"><span class='ocrx_word' id='word_1_301' title='bbox 2110 1488 2190 1541; x_wconf 88' lang='lat' dir='ltr'><strong>ibi</strong></span> <span class='ocrx_word' id='word_1_302' title='bbox 2226 1491 2381 1541; x_wconf 89' lang='lat' dir='ltr'><strong>erant</strong></span> <span class='ocrx_word' id='word_1_303' title='bbox 2397 1487 2573 1539; x_wconf 87' lang='lat' dir='ltr'><strong>decem</strong></span> <span class='ocrx_word' id='word_1_304' title='bbox 2617 1486 2940 1540; x_wconf 85' lang='lat' dir='ltr'><strong>remansisse</strong></span> <span class='ocrx_word' id='word_1_305' title='bbox 2984 1486 3322 1553; x_wconf 81' lang='lat' dir='ltr'><strong>conﬁrmant.</strong></span> <span class='ocrx_word' id='word_1_306' title='bbox 3359 1481 3373 1555; x_wconf 70' lang='grc' dir='ltr'><strong>Ι</strong></span> <span class='ocrx_word' id='word_1_307' title='bbox 3412 1484 3583 1537; x_wconf 82' lang='lat' dir='ltr'><strong>Recte</strong></span> <span class='ocrx_word' id='word_1_308' title='bbox 3619 1482 3799 1536; x_wconf 89' lang='lat' dir='ltr'><strong>anim-</strong></span> 
     </span>
    </p>
   </div>
   <div class='ocr_carea' id='block_1_45' title="bbox 2110 1570 3798 1642">
    <p class='ocr_par' dir='ltr' id='par_1_45' title="bbox 2110 1570 3798 1642">
     <span class='ocr_line' id='line_1_45' title="bbox 2110 1570 3798 1642; baseline -0.003 -14"><span class='ocrx_word' id='word_1_309' title='bbox 2110 1574 2477 1628; x_wconf 85' lang='lat' dir='ltr'><strong>adverterunt</strong></span> <span class='ocrx_word' id='word_1_310' title='bbox 2506 1572 2856 1628; x_wconf 89' lang='lat' dir='ltr'><strong>Benedictini</strong></span> <span class='ocrx_word' id='word_1_311' title='bbox 2886 1574 3131 1642; x_wconf 84' lang='lat' dir='ltr'><strong>juniores</strong></span> <span class='ocrx_word' id='word_1_312' title='bbox 3180 1571 3361 1626; x_wconf 91' lang='lat' dir='ltr'><strong>dictos</strong></span> <span class='ocrx_word' id='word_1_313' title='bbox 3421 1570 3798 1641; x_wconf 66' lang='lat' dir='ltr'><strong>praesidiarios</strong></span> 
     </span>
    </p>
   </div>
   <div class='ocr_carea' id='block_1_46' title="bbox 2111 1659 3797 1733">
    <p class='ocr_par' dir='ltr' id='par_1_46' title="bbox 2111 1659 3797 1733">
     <span class='ocr_line' id='line_1_46' title="bbox 2111 1659 3797 1733; baseline -0.001 -18"><span class='ocrx_word' id='word_1_314' title='bbox 2111 1663 2342 1717; x_wconf 88' lang='lat' dir='ltr'><strong>milites.</strong></span> <span class='ocrx_word' id='word_1_315' title='bbox 2390 1662 2555 1727; x_wconf 88' lang='lat' dir='ltr'><strong>Quod</strong></span> <span class='ocrx_word' id='word_1_316' title='bbox 2592 1661 2854 1733; x_wconf 89' lang='lat' dir='ltr'><strong>pluribus</strong></span> <span class='ocrx_word' id='word_1_317' title='bbox 2897 1660 3175 1732; x_wconf 83' lang='lat' dir='ltr'><strong>exemplis</strong></span> <span class='ocrx_word' id='word_1_318' title='bbox 3243 1659 3645 1714; x_wconf 82' lang='lat' dir='ltr'><strong>conﬁrmatum</strong></span> <span class='ocrx_word' id='word_1_319' title='bbox 3707 1659 3797 1713; x_wconf 87' lang='lat' dir='ltr'><strong>iu-</strong></span> 
     </span>
    </p>
   </div>
   <div class='ocr_carea' id='block_1_47' title="bbox 2112 1747 3791 1821">
    <p class='ocr_par' dir='ltr' id='par_1_47' title="bbox 2112 1747 3791 1821">
     <span class='ocr_line' id='line_1_47' title="bbox 2112 1747 3791 1821; baseline -0.001 -18"><span class='ocrx_word' id='word_1_320' title='bbox 2112 1750 2302 1805; x_wconf 84' lang='lat' dir='ltr'><strong>venies</strong></span> <span class='ocrx_word' id='word_1_321' title='bbox 2348 1750 2500 1821; x_wconf 90' lang='lat' dir='ltr'><strong>apud</strong></span> <span class='ocrx_word' id='word_1_322' title='bbox 2534 1751 2759 1805; x_wconf 91' lang='lat' dir='ltr'><strong>Justum</strong></span> <span class='ocrx_word' id='word_1_323' title='bbox 2810 1749 3065 1821; x_wconf 88' lang='lat' dir='ltr'><strong>Lipsium</strong></span> <span class='ocrx_word' id='word_1_324' title='bbox 3122 1747 3354 1819; x_wconf 86' lang='lat' dir='ltr'><strong>Epistol.</strong></span> <span class='ocrx_word' id='word_1_325' title='bbox 3414 1747 3791 1819; x_wconf 60' lang='lat' dir='ltr'><strong>quaestionum</strong></span> 
     </span>
    </p>
   </div>
   <div class='ocr_carea' id='block_1_48' title="bbox 2109 1839 2564 1909">
    <p class='ocr_par' dir='ltr' id='par_1_48' title="bbox 2109 1839 2564 1909">
     <span class='ocr_line' id='line_1_48' title="bbox 2109 1839 2564 1909; baseline 0 -16"><span class='ocrx_word' id='word_1_326' title='bbox 2109 1839 2208 1893; x_wconf 89' lang='lat' dir='ltr'><strong>lib.</strong></span> <span class='ocrx_word' id='word_1_327' title='bbox 2243 1856 2280 1907; x_wconf 90' lang='grc' dir='ltr'>ι,</span> <span class='ocrx_word' id='word_1_328' title='bbox 2312 1839 2477 1909; x_wconf 84' lang='lat' dir='ltr'><strong>epist.</strong></span> <span class='ocrx_word' id='word_1_329' title='bbox 2516 1842 2564 1893; x_wconf 93' lang='grc'><strong>1.</strong></span> 
     </span>
    </p>
   </div>
   <div class='ocr_carea' id='block_1_49' title="bbox 2184 1923 3799 1996">
    <p class='ocr_par' dir='ltr' id='par_1_49' title="bbox 2184 1923 3799 1996">
     <span class='ocr_line' id='line_1_49' title="bbox 2184 1923 3799 1996; baseline -0.001 -16"><span class='ocrx_word' id='word_1_330' title='bbox 2184 1927 2347 1980; x_wconf 79' lang='lat' dir='ltr'><strong>Liano</strong></span> <span class='ocrx_word' id='word_1_331' title='bbox 2389 1942 2461 1981; x_wconf 78' lang='grc' dir='ltr'><strong>ιν.</strong></span> <span class='ocrx_word' id='word_1_332' title='bbox 2513 1925 2648 1996; x_wconf 86' lang='lat' dir='ltr'><strong>Cap.</strong></span> <span class='ocrx_word' id='word_1_333' title='bbox 2692 1927 2746 1981; x_wconf 83' lang='grc'><strong>4.</strong></span> <span class='ocrx_word' id='word_1_334' title='bbox 2790 1927 3009 1982; x_wconf 85' lang='lat' dir='ltr'><strong>Remota</strong></span> <span class='ocrx_word' id='word_1_335' title='bbox 3046 1924 3273 1994; x_wconf 85' lang='lat' dir='ltr'><strong>justitia</strong></span> <span class='ocrx_word' id='word_1_336' title='bbox 3308 1923 3442 1995; x_wconf 88' lang='lat' dir='ltr'><strong>quid</strong></span> <span class='ocrx_word' id='word_1_337' title='bbox 3464 1928 3593 1978; x_wconf 88' lang='lat' dir='ltr'><strong>sunt</strong></span> <span class='ocrx_word' id='word_1_338' title='bbox 3620 1938 3799 1991; x_wconf 83' lang='lat' dir='ltr'><strong>regna,</strong></span> 
     </span>
    </p>
   </div>
   <div class='ocr_carea' id='block_1_50' title="bbox 2109 2010 3801 2083">
    <p class='ocr_par' dir='ltr' id='par_1_50' title="bbox 2109 2010 3801 2083">
     <span class='ocr_line' id='line_1_50' title="bbox 2109 2010 3801 2083; baseline -0.003 -14"><span class='ocrx_word' id='word_1_339' title='bbox 2109 2016 2219 2069; x_wconf 86' lang='lat' dir='ltr'><strong>nisi</strong></span> <span class='ocrx_word' id='word_1_340' title='bbox 2244 2030 2444 2081; x_wconf 90' lang='lat' dir='ltr'><strong>magna</strong></span> <span class='ocrx_word' id='word_1_341' title='bbox 2475 2015 2762 2069; x_wconf 88' lang='lat' dir='ltr'><strong>latrocinia</strong></span> <span class='ocrx_word' id='word_1_342' title='bbox 2787 2030 2807 2080; x_wconf 89' lang='lat'><strong><em>;</em></strong></span> <span class='ocrx_word' id='word_1_343' title='bbox 2834 2015 2968 2083; x_wconf 89' lang='lat' dir='ltr'><strong>quia</strong></span> <span class='ocrx_word' id='word_1_344' title='bbox 2995 2017 3046 2067; x_wconf 90' lang='lat' dir='ltr'><strong>et</strong></span> <span class='ocrx_word' id='word_1_345' title='bbox 3074 2017 3198 2083; x_wconf 85' lang='lat' dir='ltr'><strong>ipsa</strong></span> <span class='ocrx_word' id='word_1_346' title='bbox 3214 2014 3505 2067; x_wconf 89' lang='lat' dir='ltr'><strong>latrocinia</strong></span> <span class='ocrx_word' id='word_1_347' title='bbox 3526 2010 3661 2080; x_wconf 86' lang='lat' dir='ltr'><strong>quid</strong></span> <span class='ocrx_word' id='word_1_348' title='bbox 3684 2015 3801 2065; x_wconf 85' lang='lat' dir='ltr'><strong>sunt</strong></span> 
     </span>
    </p>
   </div>
   <div class='ocr_carea' id='block_1_51' title="bbox 2108 2101 3805 2176">
    <p class='ocr_par' dir='ltr' id='par_1_51' title="bbox 2108 2101 3805 2176">
     <span class='ocr_line' id='line_1_51' title="bbox 2108 2101 3805 2176; baseline -0.003 -18"><span class='ocrx_word' id='word_1_349' title='bbox 2108 2106 2220 2159; x_wconf 88' lang='lat' dir='ltr'><strong>nisi</strong></span> <span class='ocrx_word' id='word_1_350' title='bbox 2246 2120 2422 2174; x_wconf 80' lang='lat' dir='ltr'><strong>parva</strong></span> <span class='ocrx_word' id='word_1_351' title='bbox 2448 2120 2618 2172; x_wconf 89' lang='lat' dir='ltr'><strong>regna</strong></span> <span class='ocrx_word' id='word_1_352' title='bbox 2640 2103 2695 2176; x_wconf 85' lang='lat'><strong>?]</strong></span> <span class='ocrx_word' id='word_1_353' title='bbox 2733 2103 2957 2160; x_wconf 83' lang='lat' dir='ltr'><strong>Mollius</strong></span> <span class='ocrx_word' id='word_1_354' title='bbox 2985 2103 3188 2158; x_wconf 87' lang='lat' dir='ltr'><strong>ﬂueret</strong></span> <span class='ocrx_word' id='word_1_355' title='bbox 3230 2101 3412 2156; x_wconf 89' lang='lat' dir='ltr'><strong>oratio</strong></span> <span class='ocrx_word' id='word_1_356' title='bbox 3458 2102 3507 2155; x_wconf 90' lang='lat' dir='ltr'><strong>si</strong></span> <span class='ocrx_word' id='word_1_357' title='bbox 3538 2116 3644 2171; x_wconf 92' lang='lat' dir='ltr'><strong>pro</strong></span> <span class='ocrx_word' id='word_1_358' title='bbox 3678 2103 3805 2171; x_wconf 83' lang='lat' dir='ltr'><strong>quia</strong></span> 
     </span>
    </p>
   </div>
   <div class='ocr_carea' id='block_1_52' title="bbox 2112 2189 3802 2263">
    <p class='ocr_par' dir='ltr' id='par_1_52' title="bbox 2112 2189 3802 2263">
     <span class='ocr_line' id='line_1_52' title="bbox 2112 2189 3802 2263; baseline -0.002 -18"><span class='ocrx_word' id='word_1_359' title='bbox 2112 2192 2432 2263; x_wconf 84' lang='lat' dir='ltr'><strong>legeremus</strong></span> <span class='ocrx_word' id='word_1_360' title='bbox 2453 2193 2607 2260; x_wconf 89' lang='lat' dir='ltr'><strong>quin,</strong></span> <span class='ocrx_word' id='word_1_361' title='bbox 2659 2190 2968 2263; x_wconf 69' lang='lat' dir='ltr'><strong>praeposita</strong></span> <span class='ocrx_word' id='word_1_362' title='bbox 3011 2189 3479 2261; x_wconf 87' lang='lat' dir='ltr'><strong>interrogationis</strong></span> <span class='ocrx_word' id='word_1_363' title='bbox 3526 2197 3681 2243; x_wconf 87' lang='lat' dir='ltr'><strong>nota.</strong></span> <span class='ocrx_word' id='word_1_364' title='bbox 3730 2190 3802 2242; x_wconf 88' lang='lat' dir='ltr'><strong>De</strong></span> 
     </span>
    </p>
   </div>
   <div class='ocr_carea' id='block_1_53' title="bbox 2109 2274 3801 2348">
    <p class='ocr_par' dir='ltr' id='par_1_53' title="bbox 2109 2274 3801 2348">
     <span class='ocr_line' id='line_1_53' title="bbox 2109 2274 3801 2348; baseline -0.002 -17"><span class='ocrx_word' id='word_1_365' title='bbox 2109 2293 2172 2331; x_wconf 89' lang='lat' dir='ltr'><strong>re</strong></span> <span class='ocrx_word' id='word_1_366' title='bbox 2202 2277 2325 2348; x_wconf 88' lang='lat' dir='ltr'><strong>ipsa</strong></span> <span class='ocrx_word' id='word_1_367' title='bbox 2352 2277 2640 2348; x_wconf 89' lang='lat' dir='ltr'><strong>permulta</strong></span> <span class='ocrx_word' id='word_1_368' title='bbox 2694 2277 2869 2333; x_wconf 85' lang='lat' dir='ltr'><strong>habet</strong></span> <span class='ocrx_word' id='word_1_369' title='bbox 2913 2276 3200 2347; x_wconf 84' lang='lat' dir='ltr'><strong>elegantia</strong></span> <span class='ocrx_word' id='word_1_370' title='bbox 3245 2280 3303 2331; x_wconf 89' lang='lat' dir='ltr'><strong>et</strong></span> <span class='ocrx_word' id='word_1_371' title='bbox 3332 2291 3466 2330; x_wconf 86' lang='lat' dir='ltr'><strong>vera</strong></span> <span class='ocrx_word' id='word_1_372' title='bbox 3486 2274 3801 2330; x_wconf 86' lang='lat' dir='ltr'><strong>Lactantius</strong></span> 
     </span>
    </p>
   </div>
   <div class='ocr_carea' id='block_1_54' title="bbox 2112 2364 3101 2420">
    <p class='ocr_par' dir='ltr' id='par_1_54' title="bbox 2112 2364 3101 2420">
     <span class='ocr_line' id='line_1_54' title="bbox 2112 2364 3101 2420; baseline 0.001 -1"><span class='ocrx_word' id='word_1_373' title='bbox 2112 2364 2211 2420; x_wconf 88' lang='lat' dir='ltr'><strong>lib.</strong></span> <span class='ocrx_word' id='word_1_374' title='bbox 2244 2383 2277 2419; x_wconf 91' lang='lat' dir='ltr'><strong>v</strong></span> <span class='ocrx_word' id='word_1_375' title='bbox 2301 2365 2731 2420; x_wconf 86' lang='lat' dir='ltr'><strong>Institutionum</strong></span> <span class='ocrx_word' id='word_1_376' title='bbox 2756 2364 3101 2420; x_wconf 89' lang='lat' dir='ltr'><strong>divinarum.</strong></span> 
     </span>
    </p>
   </div>
   <div class='ocr_carea' id='block_1_55' title="bbox 2184 2452 3804 2523">
    <p class='ocr_par' dir='ltr' id='par_1_55' title="bbox 2184 2452 3804 2523">
     <span class='ocr_line' id='line_1_55' title="bbox 2184 2452 3804 2523; baseline 0 -15"><span class='ocrx_word' id='word_1_377' title='bbox 2184 2455 2319 2523; x_wconf 90' lang='lat' dir='ltr'><strong>Cap.</strong></span> <span class='ocrx_word' id='word_1_378' title='bbox 2381 2456 2431 2508; x_wconf 89' lang='lat'><strong>8.</strong></span> <span class='ocrx_word' id='word_1_379' title='bbox 2493 2454 2676 2522; x_wconf 86' lang='lat' dir='ltr'><strong>Neque</strong></span> <span class='ocrx_word' id='word_1_380' title='bbox 2723 2455 2864 2507; x_wconf 88' lang='lat' dir='ltr'><strong>enim</strong></span> <span class='ocrx_word' id='word_1_381' title='bbox 2896 2455 2955 2507; x_wconf 92' lang='lat' dir='ltr'><strong>in</strong></span> <span class='ocrx_word' id='word_1_382' title='bbox 3005 2452 3098 2507; x_wconf 92' lang='lat' dir='ltr'><strong>hoc</strong></span> <span class='ocrx_word' id='word_1_383' title='bbox 3162 2457 3274 2508; x_wconf 90' lang='lat' dir='ltr'><strong>tam</strong></span> <span class='ocrx_word' id='word_1_384' title='bbox 3326 2452 3594 2523; x_wconf 60' lang='lat' dir='ltr'><strong>precium</strong></span> <span class='ocrx_word' id='word_1_385' title='bbox 3656 2467 3804 2521; x_wconf 77' lang='lat' dir='ltr'><strong>opere</strong></span> 
     </span>
    </p>
   </div>
   <div class='ocr_carea' id='block_1_56' title="bbox 2115 2539 3806 2611">
    <p class='ocr_par' dir='ltr' id='par_1_56' title="bbox 2115 2539 3806 2611">
     <span class='ocr_line' id='line_1_56' title="bbox 2115 2539 3806 2611; baseline -0.002 -16"><span class='ocrx_word' id='word_1_386' title='bbox 2115 2540 2489 2611; x_wconf 86' lang='lat' dir='ltr'><strong>(prolatorum</strong></span> <span class='ocrx_word' id='word_1_387' title='bbox 2513 2539 2740 2611; x_wconf 88' lang='lat' dir='ltr'><strong>imperii</strong></span> <span class='ocrx_word' id='word_1_388' title='bbox 2769 2539 3014 2595; x_wconf 82' lang='lat' dir='ltr'><strong>Romani</strong></span> <span class='ocrx_word' id='word_1_389' title='bbox 3040 2539 3264 2611; x_wconf 84' lang='lat' dir='ltr'><strong>ﬁnium)</strong></span> <span class='ocrx_word' id='word_1_390' title='bbox 3296 2545 3345 2594; x_wconf 88' lang='lat' dir='ltr'><strong>et</strong></span> <span class='ocrx_word' id='word_1_391' title='bbox 3384 2544 3549 2593; x_wconf 72' lang='lat' dir='ltr'><strong>tantae</strong></span> <span class='ocrx_word' id='word_1_392' title='bbox 3602 2540 3806 2608; x_wconf 81' lang='lat' dir='ltr'><strong>plenis-</strong></span> 
     </span>
    </p>
   </div>
   <div class='ocr_carea' id='block_1_57' title="bbox 2114 2628 3806 2698">
    <p class='ocr_par' dir='ltr' id='par_1_57' title="bbox 2114 2628 3806 2698">
     <span class='ocr_line' id='line_1_57' title="bbox 2114 2628 3806 2698; baseline -0.002 -15"><span class='ocrx_word' id='word_1_393' title='bbox 2114 2632 2248 2683; x_wconf 89' lang='lat' dir='ltr'><strong>simo</strong></span> <span class='ocrx_word' id='word_1_394' title='bbox 2304 2629 2598 2697; x_wconf 76' lang='lat' dir='ltr'><strong>dignitatis</strong></span> <span class='ocrx_word' id='word_1_395' title='bbox 2644 2628 2847 2682; x_wconf 87' lang='lat' dir='ltr'><strong>audent</strong></span> <span class='ocrx_word' id='word_1_396' title='bbox 2901 2630 3119 2698; x_wconf 84' lang='lat' dir='ltr'><strong>aliquas</strong></span> <span class='ocrx_word' id='word_1_397' title='bbox 3160 2632 3345 2697; x_wconf 84' lang='lat' dir='ltr'><strong>partes</strong></span> <span class='ocrx_word' id='word_1_398' title='bbox 3392 2628 3504 2682; x_wconf 56' lang='lat' dir='ltr'><strong>dea</strong></span> <span class='ocrx_word' id='word_1_399' title='bbox 3540 2628 3806 2682; x_wconf 62' lang='lat' dir='ltr'><strong>Cloacina</strong></span> 
     </span>
    </p>
   </div>
   <div class='ocr_carea' id='block_1_58' title="bbox 2117 2716 3807 2785">
    <p class='ocr_par' dir='ltr' id='par_1_58' title="bbox 2117 2716 3807 2785">
     <span class='ocr_line' id='line_1_58' title="bbox 2117 2716 3807 2785; baseline -0.001 -14"><span class='ocrx_word' id='word_1_400' title='bbox 2117 2718 2368 2783; x_wconf 86' lang='lat' dir='ltr'><strong>tribuere,</strong></span> <span class='ocrx_word' id='word_1_401' title='bbox 2425 2721 2522 2771; x_wconf 88' lang='lat' dir='ltr'><strong>aut</strong></span> <span class='ocrx_word' id='word_1_402' title='bbox 2567 2716 2847 2785; x_wconf 62' lang='lat' dir='ltr'><strong>Volupiai;</strong></span> <span class='ocrx_word' id='word_1_403' title='bbox 2890 2721 2988 2770; x_wconf 91' lang='lat' dir='ltr'><strong>aut</strong></span> <span class='ocrx_word' id='word_1_404' title='bbox 3035 2717 3315 2783; x_wconf 88' lang='lat' dir='ltr'><strong>Vaticano,</strong></span> <span class='ocrx_word' id='word_1_405' title='bbox 3374 2718 3471 2785; x_wconf 87' lang='lat' dir='ltr'><strong>qui</strong></span> <span class='ocrx_word' id='word_1_406' title='bbox 3533 2718 3807 2783; x_wconf 75' lang='lat' dir='ltr'><strong>infantum</strong></span> 
     </span>
    </p>
   </div>
   <div class='ocr_carea' id='block_1_59' title="bbox 2113 2802 3807 2874">
    <p class='ocr_par' dir='ltr' id='par_1_59' title="bbox 2113 2802 3807 2874">
     <span class='ocr_line' id='line_1_59' title="bbox 2113 2802 3807 2874; baseline -0.002 -16"><span class='ocrx_word' id='word_1_407' title='bbox 2113 2805 2394 2873; x_wconf 82' lang='lat' dir='ltr'><strong>vagitibus</strong></span> <span class='ocrx_word' id='word_1_408' title='bbox 2429 2802 2725 2874; x_wconf 58' lang='lat' dir='ltr'><strong>prasidet;</strong></span> <span class='ocrx_word' id='word_1_409' title='bbox 2758 2807 2855 2857; x_wconf 90' lang='lat' dir='ltr'><strong>aut</strong></span> <span class='ocrx_word' id='word_1_410' title='bbox 2884 2803 3133 2869; x_wconf 64' lang='lat' dir='ltr'><strong>Cuninaa,</strong></span> <span class='ocrx_word' id='word_1_411' title='bbox 3161 2818 3280 2872; x_wconf 65' lang='lat' dir='ltr'><strong>quae</strong></span> <span class='ocrx_word' id='word_1_412' title='bbox 3306 2816 3475 2856; x_wconf 89' lang='lat' dir='ltr'><strong>cunas</strong></span> <span class='ocrx_word' id='word_1_413' title='bbox 3505 2818 3689 2857; x_wconf 86' lang='lat' dir='ltr'><strong>eorum</strong></span> <span class='ocrx_word' id='word_1_414' title='bbox 3712 2803 3807 2855; x_wconf 82' lang='lat' dir='ltr'><strong>ad-</strong></span> 
     </span>
    </p>
   </div>
   <div class='ocr_carea' id='block_1_60' title="bbox 2114 2890 3806 2964">
    <p class='ocr_par' dir='ltr' id='par_1_60' title="bbox 2114 2890 3806 2964">
     <span class='ocr_line' id='line_1_60' title="bbox 2114 2890 3806 2964; baseline -0.002 -17"><span class='ocrx_word' id='word_1_415' title='bbox 2114 2896 2411 2947; x_wconf 86' lang='lat' dir='ltr'><strong>ministrat.</strong></span> <span class='ocrx_word' id='word_1_416' title='bbox 2447 2892 2467 2964; x_wconf 80' lang='lat' dir='ltr'><strong>j</strong></span> <span class='ocrx_word' id='word_1_417' title='bbox 2500 2892 2802 2945; x_wconf 89' lang='lat' dir='ltr'><strong>Testantur</strong></span> <span class='ocrx_word' id='word_1_418' title='bbox 2841 2890 3086 2945; x_wconf 90' lang='lat' dir='ltr'><strong>Parisini</strong></span> <span class='ocrx_word' id='word_1_419' title='bbox 3135 2890 3385 2945; x_wconf 89' lang='lat' dir='ltr'><strong>editores</strong></span> <span class='ocrx_word' id='word_1_420' title='bbox 3431 2907 3553 2945; x_wconf 90' lang='lat' dir='ltr'><strong>non</strong></span> <span class='ocrx_word' id='word_1_421' title='bbox 3591 2896 3806 2945; x_wconf 87' lang='lat' dir='ltr'><strong>tantum</strong></span> 
     </span>
    </p>
   </div>
   <div class='ocr_carea' id='block_1_61' title="bbox 305 2977 3807 3050">
    <p class='ocr_par' dir='ltr' id='par_1_61' title="bbox 305 2977 3807 3050">
     <span class='ocr_line' id='line_1_61' title="bbox 305 2977 3807 3050; baseline -0.001 -16"><span class='ocrx_word' id='word_1_422' title='bbox 305 2982 556 3034; x_wconf 88' lang='lat' dir='ltr'><strong>continuo</strong></span> <span class='ocrx_word' id='word_1_423' title='bbox 585 2977 984 3033; x_wconf 88' lang='lat' dir='ltr'><strong>succedentibus</strong></span> <span class='ocrx_word' id='word_1_424' title='bbox 1019 2977 1169 3032; x_wconf 84' lang='lat' dir='ltr'><strong>bellis</strong></span> <span class='ocrx_word' id='word_1_425' title='bbox 1211 2980 1511 3034; x_wconf 86' lang='lat' dir='ltr'><strong>Romanum</strong></span> <span class='ocrx_word' id='word_1_426' title='bbox 1564 2979 1856 3048; x_wconf 88' lang='lat' dir='ltr'><strong>imperium</strong></span> <span class='ocrx_word' id='word_1_427' title='bbox 1896 2984 2006 3034; x_wconf 90' lang='lat' dir='ltr'><strong>tam</strong></span> <span class='ocrx_word' id='word_1_428' title='bbox 2042 2992 2083 3048; x_wconf 74' lang='grc' dir='ltr'>ο</span> <span class='ocrx_word' id='word_1_429' title='bbox 2116 2981 2177 3033; x_wconf 92' lang='lat' dir='ltr'><strong>in</strong></span> <span class='ocrx_word' id='word_1_430' title='bbox 2207 2980 2555 3034; x_wconf 88' lang='lat' dir='ltr'><strong>editionibus</strong></span> <span class='ocrx_word' id='word_1_431' title='bbox 2605 2979 2843 3050; x_wconf 87' lang='lat' dir='ltr'><strong>aliquot,</strong></span> <span class='ocrx_word' id='word_1_432' title='bbox 2902 2979 2999 3033; x_wconf 90' lang='lat' dir='ltr'><strong>sed</strong></span> <span class='ocrx_word' id='word_1_433' title='bbox 3046 2984 3103 3033; x_wconf 90' lang='lat' dir='ltr'><strong>et</strong></span> <span class='ocrx_word' id='word_1_434' title='bbox 3141 2978 3198 3033; x_wconf 92' lang='lat' dir='ltr'><strong>in</strong></span> <span class='ocrx_word' id='word_1_435' title='bbox 3230 2995 3362 3033; x_wconf 88' lang='lat' dir='ltr'><strong>mss.</strong></span> <span class='ocrx_word' id='word_1_436' title='bbox 3391 2996 3514 3033; x_wconf 89' lang='lat' dir='ltr'><strong>esse</strong></span> <span class='ocrx_word' id='word_1_437' title='bbox 3543 2996 3662 3033; x_wconf 92' lang='lat' dir='ltr'><strong>non</strong></span> <span class='ocrx_word' id='word_1_438' title='bbox 3708 2981 3807 3034; x_wconf 78' lang='lat' dir='ltr'><strong>Va-</strong></span> 
     </span>
    </p>
   </div>
   <div class='ocr_carea' id='block_1_62' title="bbox 302 3067 2005 3135">
    <p class='ocr_par' dir='ltr' id='par_1_62' title="bbox 302 3067 2005 3135">
     <span class='ocr_line' id='line_1_62' title="bbox 302 3067 2005 3135; baseline 0.001 -15"><span class='ocrx_word' id='word_1_439' title='bbox 302 3069 459 3134; x_wconf 91' lang='lat' dir='ltr'><strong>longe</strong></span> <span class='ocrx_word' id='word_1_440' title='bbox 508 3067 719 3133; x_wconf 86' lang='lat' dir='ltr'><strong>lateque</strong></span> <span class='ocrx_word' id='word_1_441' title='bbox 770 3079 877 3118; x_wconf 90' lang='lat' dir='ltr'><strong>non</strong></span> <span class='ocrx_word' id='word_1_442' title='bbox 917 3069 1099 3134; x_wconf 82' lang='lat' dir='ltr'><strong>posset</strong></span> <span class='ocrx_word' id='word_1_443' title='bbox 1138 3068 1349 3132; x_wconf 88' lang='lat' dir='ltr'><strong>augeri,</strong></span> <span class='ocrx_word' id='word_1_444' title='bbox 1390 3071 1441 3121; x_wconf 90' lang='lat' dir='ltr'><strong>et</strong></span> <span class='ocrx_word' id='word_1_445' title='bbox 1473 3071 1585 3121; x_wconf 91' lang='lat' dir='ltr'><strong>tam</strong></span> <span class='ocrx_word' id='word_1_446' title='bbox 1604 3068 1808 3135; x_wconf 87' lang='lat' dir='ltr'><strong>grandi</strong></span> <span class='ocrx_word' id='word_1_447' title='bbox 1829 3069 2005 3135; x_wconf 86' lang='lat' dir='ltr'><strong>gloria</strong></span> 
     </span>
    </p>
   </div>
   <div class='ocr_carea' id='block_1_63' title="bbox 306 3150 2006 3224">
    <p class='ocr_par' dir='ltr' id='par_1_63' title="bbox 306 3150 2006 3224">
     <span class='ocr_line' id='line_1_63' title="bbox 306 3150 2006 3224; baseline 0.001 -15"><span class='ocrx_word' id='word_1_448' title='bbox 306 3150 676 3224; x_wconf 77' lang='lat' dir='ltr'><strong>diffamari?]</strong></span> <span class='ocrx_word' id='word_1_449' title='bbox 710 3152 878 3206; x_wconf 79' lang='lat' dir='ltr'><strong>Recte</strong></span> <span class='ocrx_word' id='word_1_450' title='bbox 929 3153 1246 3207; x_wconf 86' lang='lat' dir='ltr'><strong>observavit</strong></span> <span class='ocrx_word' id='word_1_451' title='bbox 1288 3155 1336 3208; x_wconf 93' lang='lat' dir='ltr'><strong>J.</strong></span> <span class='ocrx_word' id='word_1_452' title='bbox 1372 3155 1521 3209; x_wconf 79' lang='lat' dir='ltr'><strong>Frid.</strong></span> <span class='ocrx_word' id='word_1_453' title='bbox 1568 3156 1884 3210; x_wconf 88' lang='lat' dir='ltr'><strong>Gronovius</strong></span> <span class='ocrx_word' id='word_1_454' title='bbox 1911 3156 2006 3210; x_wconf 91' lang='lat' dir='ltr'><strong>hic</strong></span> 
     </span>
    </p>
   </div>
   <div class='ocr_carea' id='block_1_64' title="bbox 307 3240 2002 3314">
    <p class='ocr_par' dir='ltr' id='par_1_64' title="bbox 307 3240 2002 3314">
     <span class='ocr_line' id='line_1_64' title="bbox 307 3240 2002 3314; baseline 0.001 -17"><span class='ocrx_word' id='word_1_455' title='bbox 307 3244 592 3312; x_wconf 65' lang='lat' dir='ltr'><strong>diﬂ’amari</strong></span> <span class='ocrx_word' id='word_1_456' title='bbox 634 3240 873 3312; x_wconf 88' lang='lat' dir='ltr'><strong>perinde</strong></span> <span class='ocrx_word' id='word_1_457' title='bbox 915 3257 1036 3295; x_wconf 90' lang='lat' dir='ltr'><strong>esse</strong></span> <span class='ocrx_word' id='word_1_458' title='bbox 1090 3257 1154 3296; x_wconf 89' lang='lat' dir='ltr'><strong>ac</strong></span> <span class='ocrx_word' id='word_1_459' title='bbox 1197 3242 1493 3309; x_wconf 89' lang='lat' dir='ltr'><strong>celebrari,</strong></span> <span class='ocrx_word' id='word_1_460' title='bbox 1538 3259 1779 3314; x_wconf 89' lang='lat' dir='ltr'><strong>eamque</strong></span> <span class='ocrx_word' id='word_1_461' title='bbox 1809 3262 2002 3299; x_wconf 87' lang='lat' dir='ltr'><strong>vocem</strong></span> 
     </span>
    </p>
   </div>
   <div class='ocr_carea' id='block_1_65' title="bbox 309 3329 2005 3401">
    <p class='ocr_par' dir='ltr' id='par_1_65' title="bbox 309 3329 2005 3401">
     <span class='ocr_line' id='line_1_65' title="bbox 309 3329 2005 3401; baseline 0.003 -17"><span class='ocrx_word' id='word_1_462' title='bbox 309 3332 369 3385; x_wconf 92' lang='lat' dir='ltr'><strong>in</strong></span> <span class='ocrx_word' id='word_1_463' title='bbox 397 3335 703 3399; x_wconf 88' lang='lat' dir='ltr'><strong>utramque</strong></span> <span class='ocrx_word' id='word_1_464' title='bbox 760 3332 984 3398; x_wconf 88' lang='lat' dir='ltr'><strong>partem</strong></span> <span class='ocrx_word' id='word_1_465' title='bbox 1026 3329 1194 3396; x_wconf 89' lang='lat' dir='ltr'><strong>sumi,</strong></span> <span class='ocrx_word' id='word_1_466' title='bbox 1222 3330 1377 3401; x_wconf 89' lang='lat' dir='ltr'><strong>quod</strong></span> <span class='ocrx_word' id='word_1_467' title='bbox 1410 3346 1478 3385; x_wconf 90' lang='lat' dir='ltr'><strong>ex</strong></span> <span class='ocrx_word' id='word_1_468' title='bbox 1522 3333 1703 3387; x_wconf 91' lang='lat' dir='ltr'><strong>Nonio</strong></span> <span class='ocrx_word' id='word_1_469' title='bbox 1746 3333 2005 3389; x_wconf 81' lang='lat' dir='ltr'><strong>Marcello</strong></span> 
     </span>
    </p>
   </div>
   <div class='ocr_carea' id='block_1_66' title="bbox 308 3414 2005 3490">
    <p class='ocr_par' dir='ltr' id='par_1_66' title="bbox 308 3414 2005 3490">
     <span class='ocr_line' id='line_1_66' title="bbox 308 3414 2005 3490; baseline 0.004 -19"><span class='ocrx_word' id='word_1_470' title='bbox 308 3417 532 3488; x_wconf 88' lang='lat' dir='ltr'><strong>probat.</strong></span> <span class='ocrx_word' id='word_1_471' title='bbox 588 3414 761 3471; x_wconf 83' lang='lat' dir='ltr'><strong>Addit</strong></span> <span class='ocrx_word' id='word_1_472' title='bbox 797 3416 1158 3471; x_wconf 89' lang='lat' dir='ltr'><strong>membranas</strong></span> <span class='ocrx_word' id='word_1_473' title='bbox 1205 3434 1341 3473; x_wconf 90' lang='lat' dir='ltr'><strong>mss.</strong></span> <span class='ocrx_word' id='word_1_474' title='bbox 1412 3421 1677 3490; x_wconf 85' lang='lat' dir='ltr'><strong>ignorare</strong></span> <span class='ocrx_word' id='word_1_475' title='bbox 1715 3428 1771 3477; x_wconf 84' lang='grc' dir='ltr'><strong>τό</strong></span> <span class='ocrx_word' id='word_1_476' title='bbox 1821 3438 2005 3477; x_wconf 89' lang='lat' dir='ltr'><strong>succe-</strong></span> 
     </span>
    </p>
   </div>
   <div class='ocr_carea' id='block_1_67' title="bbox 309 3503 2005 3577">
    <p class='ocr_par' dir='ltr' id='par_1_67' title="bbox 309 3503 2005 3577">
     <span class='ocr_line' id='line_1_67' title="bbox 309 3503 2005 3577; baseline 0.002 -17"><span class='ocrx_word' id='word_1_477' title='bbox 309 3506 581 3569; x_wconf 86' lang='lat' dir='ltr'><strong>dentibus,</strong></span> <span class='ocrx_word' id='word_1_478' title='bbox 614 3503 1037 3574; x_wconf 88' lang='lat' dir='ltr'><strong>legendumque</strong></span> <span class='ocrx_word' id='word_1_479' title='bbox 1062 3508 1227 3574; x_wconf 86' lang='lat' dir='ltr'><strong>putat</strong></span> <span class='ocrx_word' id='word_1_480' title='bbox 1250 3506 1489 3561; x_wconf 87' lang='lat' dir='ltr'><strong>assiduis</strong></span> <span class='ocrx_word' id='word_1_481' title='bbox 1509 3507 1723 3577; x_wconf 84' lang='lat' dir='ltr'><strong>sibique</strong></span> <span class='ocrx_word' id='word_1_482' title='bbox 1740 3511 2005 3563; x_wconf 86' lang='lat' dir='ltr'><strong>continuis</strong></span> 
     </span>
    </p>
   </div>
   <div class='ocr_carea' id='block_1_68' title="bbox 309 3592 2006 3664">
    <p class='ocr_par' dir='ltr' id='par_1_68' title="bbox 309 3592 2006 3664">
     <span class='ocr_line' id='line_1_68' title="bbox 309 3592 2006 3664; baseline 0.001 -17"><span class='ocrx_word' id='word_1_483' title='bbox 309 3594 479 3649; x_wconf 87' lang='lat' dir='ltr'><strong>bellis.</strong></span> <span class='ocrx_word' id='word_1_484' title='bbox 523 3593 819 3648; x_wconf 84' lang='lat' dir='ltr'><strong>Observat.</strong></span> <span class='ocrx_word' id='word_1_485' title='bbox 860 3592 956 3645; x_wconf 92' lang='lat' dir='ltr'><strong>lib.</strong></span> <span class='ocrx_word' id='word_1_486' title='bbox 992 3608 1073 3662; x_wconf 84' lang='lat' dir='ltr'><strong>iu,</strong></span> <span class='ocrx_word' id='word_1_487' title='bbox 1104 3609 1227 3664; x_wconf 91' lang='lat' dir='ltr'><strong>cap.</strong></span> <span class='ocrx_word' id='word_1_488' title='bbox 1263 3597 1344 3648; x_wconf 90' lang='grc'><strong>16.</strong></span> <span class='ocrx_word' id='word_1_489' title='bbox 1390 3594 1561 3649; x_wconf 83' lang='lat' dir='ltr'><strong>Miror</strong></span> <span class='ocrx_word' id='word_1_490' title='bbox 1613 3595 2006 3650; x_wconf 89' lang='lat' dir='ltr'><strong>Benedictinos</strong></span> 
     </span>
    </p>
   </div>
   <div class='ocr_carea' id='block_1_69' title="bbox 307 3678 2009 3751">
    <p class='ocr_par' dir='ltr' id='par_1_69' title="bbox 307 3678 2009 3751">
     <span class='ocr_line' id='line_1_69' title="bbox 307 3678 2009 3751; baseline 0.001 -17"><span class='ocrx_word' id='word_1_491' title='bbox 307 3678 479 3751; x_wconf 84' lang='lat' dir='ltr'><strong>hujus</strong></span> <span class='ocrx_word' id='word_1_492' title='bbox 526 3680 697 3733; x_wconf 71' lang='lat' dir='ltr'><strong>varias</strong></span> <span class='ocrx_word' id='word_1_493' title='bbox 748 3678 1004 3733; x_wconf 87' lang='lat' dir='ltr'><strong>lectionis</strong></span> <span class='ocrx_word' id='word_1_494' title='bbox 1043 3695 1159 3733; x_wconf 93' lang='lat' dir='ltr'><strong>non</strong></span> <span class='ocrx_word' id='word_1_495' title='bbox 1208 3680 1555 3736; x_wconf 89' lang='lat' dir='ltr'><strong>meminisse.</strong></span> <span class='ocrx_word' id='word_1_496' title='bbox 1607 3682 1771 3746; x_wconf 85' lang='lat' dir='ltr'><strong>Quod</strong></span> <span class='ocrx_word' id='word_1_497' title='bbox 1805 3681 2009 3737; x_wconf 87' lang='lat' dir='ltr'><strong>attinet</strong></span> 
     </span>
    </p>
   </div>
   <div class='ocr_carea' id='block_1_70' title="bbox 308 3766 2006 3840">
    <p class='ocr_par' dir='ltr' id='par_1_70' title="bbox 308 3766 2006 3840">
     <span class='ocr_line' id='line_1_70' title="bbox 308 3766 2006 3840; baseline 0.002 -18"><span class='ocrx_word' id='word_1_498' title='bbox 308 3768 377 3822; x_wconf 85' lang='lat' dir='ltr'><strong>ad</strong></span> <span class='ocrx_word' id='word_1_499' title='bbox 427 3783 621 3822; x_wconf 90' lang='lat' dir='ltr'><strong>vocem</strong></span> <span class='ocrx_word' id='word_1_500' title='bbox 668 3766 975 3835; x_wconf 73' lang='lat' dir='ltr'><strong>diffamarc,</strong></span> <span class='ocrx_word' id='word_1_501' title='bbox 1021 3766 1082 3820; x_wconf 91' lang='lat' dir='ltr'><strong>in</strong></span> <span class='ocrx_word' id='word_1_502' title='bbox 1112 3767 1323 3822; x_wconf 89' lang='lat' dir='ltr'><strong>bonam</strong></span> <span class='ocrx_word' id='word_1_503' title='bbox 1354 3774 1576 3840; x_wconf 90' lang='lat' dir='ltr'><strong>partem</strong></span> <span class='ocrx_word' id='word_1_504' title='bbox 1617 3787 1735 3825; x_wconf 91' lang='lat' dir='ltr'><strong>non</strong></span> <span class='ocrx_word' id='word_1_505' title='bbox 1767 3787 1895 3826; x_wconf 87' lang='lat' dir='ltr'><strong>raro</strong></span> <span class='ocrx_word' id='word_1_506' title='bbox 1937 3771 2006 3825; x_wconf 89' lang='lat' dir='ltr'><strong>ab</strong></span> 
     </span>
    </p>
   </div>
   <div class='ocr_carea' id='block_1_71' title="bbox 309 3853 2006 3927">
    <p class='ocr_par' dir='ltr' id='par_1_71' title="bbox 309 3853 2006 3927">
     <span class='ocr_line' id='line_1_71' title="bbox 309 3853 2006 3927; baseline 0.002 -18"><span class='ocrx_word' id='word_1_507' title='bbox 309 3853 629 3925; x_wconf 86' lang='lat' dir='ltr'><strong>Augustino</strong></span> <span class='ocrx_word' id='word_1_508' title='bbox 657 3853 919 3917; x_wconf 90' lang='lat' dir='ltr'><strong>sumitur,</strong></span> <span class='ocrx_word' id='word_1_509' title='bbox 952 3858 1015 3908; x_wconf 88' lang='lat' dir='ltr'><strong>ut</strong></span> <span class='ocrx_word' id='word_1_510' title='bbox 1041 3854 1212 3925; x_wconf 89' lang='lat' dir='ltr'><strong>hujus</strong></span> <span class='ocrx_word' id='word_1_511' title='bbox 1238 3855 1370 3909; x_wconf 88' lang='lat' dir='ltr'><strong>libri</strong></span> <span class='ocrx_word' id='word_1_512' title='bbox 1400 3873 1523 3927; x_wconf 89' lang='lat' dir='ltr'><strong>cap.</strong></span> <span class='ocrx_word' id='word_1_513' title='bbox 1558 3861 1644 3913; x_wconf 86' lang='grc'><strong>31.</strong></span> <span class='ocrx_word' id='word_1_514' title='bbox 1693 3860 1865 3914; x_wconf 75' lang='grc' dir='ltr'><strong>Μαιτο</strong></span> <span class='ocrx_word' id='word_1_515' title='bbox 1902 3876 2006 3913; x_wconf 90' lang='lat' dir='ltr'><strong>au-</strong></span> 
     </span>
    </p>
   </div>
   <div class='ocr_carea' id='block_1_72' title="bbox 308 3944 2009 4015">
    <p class='ocr_par' dir='ltr' id='par_1_72' title="bbox 308 3944 2009 4015">
     <span class='ocr_line' id='line_1_72' title="bbox 308 3944 2009 4015; baseline 0.001 -17"><span class='ocrx_word' id='word_1_516' title='bbox 308 3949 412 3998; x_wconf 91' lang='lat' dir='ltr'><strong>tem</strong></span> <span class='ocrx_word' id='word_1_517' title='bbox 455 3944 634 3996; x_wconf 90' lang='lat' dir='ltr'><strong>minus</strong></span> <span class='ocrx_word' id='word_1_518' title='bbox 676 3956 857 3996; x_wconf 88' lang='lat' dir='ltr'><strong>eorum</strong></span> <span class='ocrx_word' id='word_1_519' title='bbox 911 3957 1059 3996; x_wconf 86' lang='lat' dir='ltr'><strong>voces</strong></span> <span class='ocrx_word' id='word_1_520' title='bbox 1104 3944 1480 4012; x_wconf 75' lang='lat' dir='ltr'><strong>tolerarentur,</strong></span> <span class='ocrx_word' id='word_1_521' title='bbox 1523 3951 1787 4015; x_wconf 89' lang='lat' dir='ltr'><strong>quantum</strong></span> <span class='ocrx_word' id='word_1_522' title='bbox 1815 3948 2009 4001; x_wconf 86' lang='lat' dir='ltr'><strong>attinet</strong></span> 
     </span>
    </p>
   </div>
   <div class='ocr_carea' id='block_1_73' title="bbox 307 4031 2009 4103">
    <p class='ocr_par' dir='ltr' id='par_1_73' title="bbox 307 4031 2009 4103">
     <span class='ocr_line' id='line_1_73' title="bbox 307 4031 2009 4103; baseline 0.002 -18"><span class='ocrx_word' id='word_1_523' title='bbox 307 4031 383 4085; x_wconf 89' lang='lat' dir='ltr'><strong>ad</strong></span> <span class='ocrx_word' id='word_1_524' title='bbox 428 4033 714 4099; x_wconf 88' lang='lat' dir='ltr'><strong>Romanos,</strong></span> <span class='ocrx_word' id='word_1_525' title='bbox 767 4032 818 4084; x_wconf 91' lang='lat' dir='ltr'><strong>si</strong></span> <span class='ocrx_word' id='word_1_526' title='bbox 860 4031 1183 4087; x_wconf 74' lang='lat' dir='ltr'><strong>Christianae</strong></span> <span class='ocrx_word' id='word_1_527' title='bbox 1237 4031 1516 4100; x_wconf 80' lang='lat' dir='ltr'><strong>religionis</strong></span> <span class='ocrx_word' id='word_1_528' title='bbox 1568 4036 1921 4103; x_wconf 87' lang='lat' dir='ltr'><strong>receptionem</strong></span> <span class='ocrx_word' id='word_1_529' title='bbox 1959 4038 2009 4088; x_wconf 88' lang='lat' dir='ltr'><strong>et</strong></span> 
     </span>
    </p>
   </div>
   <div class='ocr_carea' id='block_1_74' title="bbox 307 4120 2031 4189">
    <p class='ocr_par' dir='ltr' id='par_1_74' title="bbox 307 4120 2031 4189">
     <span class='ocr_line' id='line_1_74' title="bbox 307 4120 2031 4189; baseline 0.002 -15"><span class='ocrx_word' id='word_1_530' title='bbox 307 4120 756 4189; x_wconf 58' lang='lat' dir='ltr'><strong>diﬁamationem,</strong></span> <span class='ocrx_word' id='word_1_531' title='bbox 798 4120 882 4173; x_wconf 84' lang='lat' dir='ltr'><strong>vel</strong></span> <span class='ocrx_word' id='word_1_532' title='bbox 926 4122 1161 4189; x_wconf 83' lang='lat' dir='ltr'><strong>irruptio</strong></span> <span class='ocrx_word' id='word_1_533' title='bbox 1199 4122 1299 4175; x_wconf 88' lang='lat' dir='ltr'><strong>illa</strong></span> <span class='ocrx_word' id='word_1_534' title='bbox 1330 4122 1625 4189; x_wconf 86' lang='lat' dir='ltr'><strong>Gallorum,</strong></span> <span class='ocrx_word' id='word_1_535' title='bbox 1667 4124 1749 4176; x_wconf 85' lang='lat' dir='ltr'><strong>uel</strong></span> <span class='ocrx_word' id='word_1_536' title='bbox 1773 4123 2031 4177; x_wconf 54' lang='lat' dir='ltr'><strong>Tiberini&quot;</strong></span> 
     </span>
    </p>
   </div>
   <div class='ocr_carea' id='block_1_75' title="bbox 304 4207 2010 4279">
    <p class='ocr_par' dir='ltr' id='par_1_75' title="bbox 304 4207 2010 4279">
     <span class='ocr_line' id='line_1_75' title="bbox 304 4207 2010 4279; baseline 0.001 -16"><span class='ocrx_word' id='word_1_537' title='bbox 304 4208 550 4279; x_wconf 86' lang='lat' dir='ltr'><strong>ﬂuminis</strong></span> <span class='ocrx_word' id='word_1_538' title='bbox 594 4209 908 4275; x_wconf 88' lang='lat' dir='ltr'><strong>igniumque</strong></span> <span class='ocrx_word' id='word_1_539' title='bbox 944 4208 1042 4260; x_wconf 88' lang='lat' dir='ltr'><strong>illa</strong></span> <span class='ocrx_word' id='word_1_540' title='bbox 1090 4207 1455 4276; x_wconf 85' lang='lat' dir='ltr'><strong>depopulatio,</strong></span> <span class='ocrx_word' id='word_1_541' title='bbox 1506 4210 1589 4263; x_wconf 77' lang='lat' dir='ltr'><strong>vel</strong></span> <span class='ocrx_word' id='word_1_542' title='bbox 1636 4210 1780 4279; x_wconf 88' lang='lat' dir='ltr'><strong>quod</strong></span> <span class='ocrx_word' id='word_1_543' title='bbox 1818 4215 2010 4264; x_wconf 89' lang='lat' dir='ltr'><strong>cuncta</strong></span> 
     </span>
    </p>
   </div>
   <div class='ocr_carea' id='block_1_76' title="bbox 305 4295 1520 4367">
    <p class='ocr_par' dir='ltr' id='par_1_76' title="bbox 305 4295 1520 4367">
     <span class='ocr_line' id='line_1_76' title="bbox 305 4295 1520 4367; baseline -0.004 -14"><span class='ocrx_word' id='word_1_544' title='bbox 305 4299 453 4353; x_wconf 88' lang='lat' dir='ltr'><strong>mala</strong></span> <span class='ocrx_word' id='word_1_545' title='bbox 472 4296 751 4367; x_wconf 68' lang='lat' dir='ltr'><strong>praecedit,</strong></span> <span class='ocrx_word' id='word_1_546' title='bbox 777 4295 913 4349; x_wconf 87' lang='lat' dir='ltr'><strong>bella</strong></span> <span class='ocrx_word' id='word_1_547' title='bbox 942 4296 1128 4349; x_wconf 86' lang='lat' dir='ltr'><strong>civilia</strong></span> <span class='ocrx_word' id='word_1_548' title='bbox 1156 4301 1520 4363; x_wconf 86' lang='lat' dir='ltr'><strong>sequerentur.</strong></span> 
     </span>
    </p>
   </div>
   <div class='ocr_carea' id='block_1_77' title="bbox 379 4383 2011 4456">
    <p class='ocr_par' dir='ltr' id='par_1_77' title="bbox 379 4383 2011 4456">
     <span class='ocr_line' id='line_1_77' title="bbox 379 4383 2011 4456; baseline -0.001 -15"><span class='ocrx_word' id='word_1_549' title='bbox 379 4388 515 4456; x_wconf 86' lang='lat' dir='ltr'><strong>Cap.</strong></span> <span class='ocrx_word' id='word_1_550' title='bbox 551 4386 633 4438; x_wconf 85' lang='lat' dir='ltr'><strong>l8.</strong></span> <span class='ocrx_word' id='word_1_551' title='bbox 668 4385 840 4439; x_wconf 89' lang='lat' dir='ltr'><strong>Sacra</strong></span> <span class='ocrx_word' id='word_1_552' title='bbox 866 4384 968 4436; x_wconf 90' lang='lat' dir='ltr'><strong>illa</strong></span> <span class='ocrx_word' id='word_1_553' title='bbox 990 4383 1212 4449; x_wconf 88' lang='lat' dir='ltr'><strong>fatalia,</strong></span> <span class='ocrx_word' id='word_1_554' title='bbox 1258 4397 1376 4449; x_wconf 73' lang='lat' dir='ltr'><strong>qua:</strong></span> <span class='ocrx_word' id='word_1_555' title='bbox 1389 4383 1507 4449; x_wconf 88' lang='lat' dir='ltr'><strong>jam</strong></span> <span class='ocrx_word' id='word_1_556' title='bbox 1556 4387 1685 4450; x_wconf 86' lang='lat' dir='ltr'><strong>tres,</strong></span> <span class='ocrx_word' id='word_1_557' title='bbox 1713 4386 1772 4436; x_wconf 89' lang='lat' dir='ltr'><strong>in</strong></span> <span class='ocrx_word' id='word_1_558' title='bbox 1814 4384 2011 4451; x_wconf 90' lang='lat' dir='ltr'><strong>quibus</strong></span> 
     </span>
    </p>
   </div>
   <div class='ocr_carea' id='block_1_78' title="bbox 305 4472 2009 4544">
    <p class='ocr_par' dir='ltr' id='par_1_78' title="bbox 305 4472 2009 4544">
     <span class='ocr_line' id='line_1_78' title="bbox 305 4472 2009 4544; baseline -0.002 -13"><span class='ocrx_word' id='word_1_559' title='bbox 305 4480 546 4544; x_wconf 84' lang='lat' dir='ltr'><strong>fuerant,</strong></span> <span class='ocrx_word' id='word_1_560' title='bbox 576 4476 889 4543; x_wconf 85' lang='lat' dir='ltr'><strong>presserant</strong></span> <span class='ocrx_word' id='word_1_561' title='bbox 918 4474 1277 4525; x_wconf 85' lang='lat' dir='ltr'><strong>civitates.....</strong></span> <span class='ocrx_word' id='word_1_562' title='bbox 1310 4472 1559 4525; x_wconf 79' lang='lat' dir='ltr'><strong>Metellus</strong></span> <span class='ocrx_word' id='word_1_563' title='bbox 1606 4473 1860 4539; x_wconf 67' lang='lat' dir='ltr'><strong>pontifex</strong></span> <span class='ocrx_word' id='word_1_564' title='bbox 1902 4487 2009 4527; x_wconf 67' lang='lat' dir='ltr'><strong>suae</strong></span> 
     </span>
    </p>
   </div>
   <div class='ocr_carea' id='block_1_79' title="bbox 309 4560 2008 4633">
    <p class='ocr_par' dir='ltr' id='par_1_79' title="bbox 309 4560 2008 4633">
     <span class='ocr_line' id='line_1_79' title="bbox 309 4560 2008 4633; baseline -0.002 -16"><span class='ocrx_word' id='word_1_565' title='bbox 309 4564 544 4633; x_wconf 89' lang='lat' dir='ltr'><strong>quodam</strong></span> <span class='ocrx_word' id='word_1_566' title='bbox 600 4562 756 4616; x_wconf 90' lang='lat' dir='ltr'><strong>modo</strong></span> <span class='ocrx_word' id='word_1_567' title='bbox 803 4562 999 4616; x_wconf 90' lang='lat' dir='ltr'><strong>salutis</strong></span> <span class='ocrx_word' id='word_1_568' title='bbox 1054 4560 1272 4627; x_wconf 86' lang='lat' dir='ltr'><strong>oblitus,</strong></span> <span class='ocrx_word' id='word_1_569' title='bbox 1332 4561 1546 4613; x_wconf 87' lang='lat' dir='ltr'><strong>irruens</strong></span> <span class='ocrx_word' id='word_1_570' title='bbox 1600 4561 2008 4615; x_wconf 86' lang='lat' dir='ltr'><strong>semiustutatus</strong></span> 
     </span>
    </p>
   </div>
   <div class='ocr_carea' id='block_1_80' title="bbox 308 4645 2009 4721">
    <p class='ocr_par' dir='ltr' id='par_1_80' title="bbox 308 4645 2009 4721">
     <span class='ocr_line' id='line_1_80' title="bbox 308 4645 2009 4721; baseline -0.002 -15"><span class='ocrx_word' id='word_1_571' title='bbox 308 4652 573 4719; x_wconf 87' lang='lat' dir='ltr'><strong>abripuit.</strong></span> <span class='ocrx_word' id='word_1_572' title='bbox 606 4648 628 4721; x_wconf 87' lang='lat'>]</span> <span class='ocrx_word' id='word_1_573' title='bbox 663 4649 912 4719; x_wconf 88' lang='lat' dir='ltr'><strong>Trojam,</strong></span> <span class='ocrx_word' id='word_1_574' title='bbox 942 4646 1260 4702; x_wconf 88' lang='lat' dir='ltr'><strong>Lanuvium</strong></span> <span class='ocrx_word' id='word_1_575' title='bbox 1283 4649 1340 4700; x_wconf 88' lang='lat' dir='ltr'><strong>et</strong></span> <span class='ocrx_word' id='word_1_576' title='bbox 1357 4645 1553 4702; x_wconf 84' lang='lat' dir='ltr'><strong>Albam</strong></span> <span class='ocrx_word' id='word_1_577' title='bbox 1580 4651 1729 4702; x_wconf 88' lang='lat' dir='ltr'><strong>recte</strong></span> <span class='ocrx_word' id='word_1_578' title='bbox 1762 4646 2009 4718; x_wconf 88' lang='lat' dir='ltr'><strong>intelligi</strong></span> 
     </span>
    </p>
   </div>
   <div class='ocr_carea' id='block_1_81' title="bbox 309 4734 2010 4806">
    <p class='ocr_par' dir='ltr' id='par_1_81' title="bbox 309 4734 2010 4806">
     <span class='ocr_line' id='line_1_81' title="bbox 309 4734 2010 4806; baseline -0.004 -11"><span class='ocrx_word' id='word_1_579' title='bbox 309 4739 557 4797; x_wconf 88' lang='lat' dir='ltr'><strong>ostendit</strong></span> <span class='ocrx_word' id='word_1_580' title='bbox 607 4739 799 4793; x_wconf 88' lang='lat' dir='ltr'><strong>Justus</strong></span> <span class='ocrx_word' id='word_1_581' title='bbox 850 4735 1090 4806; x_wconf 86' lang='lat' dir='ltr'><strong>Lipsius,</strong></span> <span class='ocrx_word' id='word_1_582' title='bbox 1148 4734 1534 4806; x_wconf 81' lang='lat' dir='ltr'><strong>Syntagmatis</strong></span> <span class='ocrx_word' id='word_1_583' title='bbox 1598 4736 1667 4790; x_wconf 94' lang='lat' dir='ltr'><strong>de</strong></span> <span class='ocrx_word' id='word_1_584' title='bbox 1739 4737 1905 4790; x_wconf 89' lang='lat' dir='ltr'><strong>Vesta</strong></span> <span class='ocrx_word' id='word_1_585' title='bbox 1953 4741 2010 4790; x_wconf 89' lang='lat' dir='ltr'><strong>et</strong></span> 
     </span>
    </p>
   </div>
   <div class='ocr_carea' id='block_1_82' title="bbox 311 4822 2005 4896">
    <p class='ocr_par' dir='ltr' id='par_1_82' title="bbox 311 4822 2005 4896">
     <span class='ocr_line' id='line_1_82' title="bbox 311 4822 2005 4896; baseline 0 -18"><span class='ocrx_word' id='word_1_586' title='bbox 311 4827 618 4882; x_wconf 75' lang='lat' dir='ltr'><strong>vestalibus</strong></span> <span class='ocrx_word' id='word_1_587' title='bbox 669 4840 792 4896; x_wconf 86' lang='lat' dir='ltr'><strong>cap.</strong></span> <span class='ocrx_word' id='word_1_588' title='bbox 841 4827 896 4892; x_wconf 88' lang='lat'><strong>2,</strong></span> <span class='ocrx_word' id='word_1_589' title='bbox 942 4822 1041 4877; x_wconf 88' lang='lat' dir='ltr'><strong>ubi</strong></span> <span class='ocrx_word' id='word_1_590' title='bbox 1073 4822 1267 4877; x_wconf 90' lang='lat' dir='ltr'><strong>multis</strong></span> <span class='ocrx_word' id='word_1_591' title='bbox 1308 4823 1462 4878; x_wconf 91' lang='lat' dir='ltr'><strong>hunc</strong></span> <span class='ocrx_word' id='word_1_592' title='bbox 1487 4823 1790 4895; x_wconf 89' lang='lat' dir='ltr'><strong>Augustini</strong></span> <span class='ocrx_word' id='word_1_593' title='bbox 1818 4825 2005 4880; x_wconf 89' lang='lat' dir='ltr'><strong>locum</strong></span> 
     </span>
    </p>
   </div>
   <div class='ocr_carea' id='block_1_83' title="bbox 310 4917 578 4971">
    <p class='ocr_par' dir='ltr' id='par_1_83' title="bbox 310 4917 578 4971">
     <span class='ocr_line' id='line_1_83' title="bbox 310 4917 578 4971; baseline -0.004 0"><span class='ocrx_word' id='word_1_594' title='bbox 310 4917 578 4971; x_wconf 90' lang='lat' dir='ltr'><strong>illustrat.</strong></span> 
     </span>
    </p>
   </div>
   <div class='ocr_carea' id='block_1_84' title="bbox 376 5000 2005 5074">
    <p class='ocr_par' dir='ltr' id='par_1_84' title="bbox 376 5000 2005 5074">
     <span class='ocr_line' id='line_1_84' title="bbox 376 5000 2005 5074; baseline -0.003 -15"><span class='ocrx_word' id='word_1_595' title='bbox 376 5005 511 5074; x_wconf 86' lang='lat' dir='ltr'><strong>Cap.</strong></span> <span class='ocrx_word' id='word_1_596' title='bbox 564 5006 650 5059; x_wconf 87' lang='grc'><strong>31.</strong></span> <span class='ocrx_word' id='word_1_597' title='bbox 690 5003 831 5055; x_wconf 88' lang='lat' dir='ltr'><strong>Cum</strong></span> <span class='ocrx_word' id='word_1_598' title='bbox 871 5000 1020 5069; x_wconf 87' lang='lat' dir='ltr'><strong>pluit</strong></span> <span class='ocrx_word' id='word_1_599' title='bbox 1070 5004 1234 5065; x_wconf 85' lang='lat' dir='ltr'><strong>terra,</strong></span> <span class='ocrx_word' id='word_1_600' title='bbox 1286 5015 1405 5055; x_wconf 91' lang='lat' dir='ltr'><strong>cum</strong></span> <span class='ocrx_word' id='word_1_601' title='bbox 1453 5001 1595 5070; x_wconf 87' lang='lat' dir='ltr'><strong>pluit</strong></span> <span class='ocrx_word' id='word_1_602' title='bbox 1655 5006 1819 5069; x_wconf 83' lang='lat' dir='ltr'><strong>creta,</strong></span> <span class='ocrx_word' id='word_1_603' title='bbox 1885 5016 2005 5055; x_wconf 90' lang='lat' dir='ltr'><strong>cum</strong></span> 
     </span>
    </p>
   </div>
   <div class='ocr_carea' id='block_1_85' title="bbox 301 5086 2003 5161">
    <p class='ocr_par' dir='ltr' id='par_1_85' title="bbox 301 5086 2003 5161">
     <span class='ocr_line' id='line_1_85' title="bbox 301 5086 2003 5161; baseline -0.002 -15"><span class='ocrx_word' id='word_1_604' title='bbox 301 5094 447 5161; x_wconf 85' lang='lat' dir='ltr'><strong>pluit</strong></span> <span class='ocrx_word' id='word_1_605' title='bbox 490 5090 787 5161; x_wconf 86' lang='lat' dir='ltr'><strong>lapidibus,</strong></span> <span class='ocrx_word' id='word_1_606' title='bbox 830 5101 936 5142; x_wconf 90' lang='lat' dir='ltr'><strong>non</strong></span> <span class='ocrx_word' id='word_1_607' title='bbox 971 5092 1032 5142; x_wconf 90' lang='lat' dir='ltr'><strong>ut</strong></span> <span class='ocrx_word' id='word_1_608' title='bbox 1067 5086 1277 5155; x_wconf 85' lang='lat' dir='ltr'><strong>grando</strong></span> <span class='ocrx_word' id='word_1_609' title='bbox 1317 5089 1590 5157; x_wconf 85' lang='lat' dir='ltr'><strong>appellari</strong></span> <span class='ocrx_word' id='word_1_610' title='bbox 1618 5089 1746 5142; x_wconf 85' lang='lat' dir='ltr'><strong>solet</strong></span> <span class='ocrx_word' id='word_1_611' title='bbox 1776 5090 1871 5142; x_wconf 89' lang='lat' dir='ltr'><strong>hoc</strong></span> <span class='ocrx_word' id='word_1_612' title='bbox 1902 5104 2003 5143; x_wconf 88' lang='lat' dir='ltr'><strong>no-</strong></span> 
     </span>
    </p>
   </div>
   <div class='ocr_carea' id='block_1_86' title="bbox 305 5176 2003 5246">
    <p class='ocr_par' dir='ltr' id='par_1_86' title="bbox 305 5176 2003 5246">
     <span class='ocr_line' id='line_1_86' title="bbox 305 5176 2003 5246; baseline -0.003 -12"><span class='ocrx_word' id='word_1_613' title='bbox 305 5183 468 5246; x_wconf 88' lang='lat' dir='ltr'><strong>mine,</strong></span> <span class='ocrx_word' id='word_1_614' title='bbox 511 5179 605 5234; x_wconf 87' lang='lat' dir='ltr'><strong>scd</strong></span> <span class='ocrx_word' id='word_1_615' title='bbox 646 5180 859 5233; x_wconf 88' lang='lat' dir='ltr'><strong>omnino</strong></span> <span class='ocrx_word' id='word_1_616' title='bbox 902 5176 1219 5246; x_wconf 87' lang='lat' dir='ltr'><strong>lapidibus;</strong></span> <span class='ocrx_word' id='word_1_617' title='bbox 1266 5177 1374 5231; x_wconf 72' lang='lat' dir='ltr'><strong>haec</strong></span> <span class='ocrx_word' id='word_1_618' title='bbox 1414 5179 1654 5245; x_wconf 87' lang='lat' dir='ltr'><strong>profecto</strong></span> <span class='ocrx_word' id='word_1_619' title='bbox 1682 5178 1845 5229; x_wconf 88' lang='lat' dir='ltr'><strong>etiam</strong></span> <span class='ocrx_word' id='word_1_620' title='bbox 1873 5191 2003 5242; x_wconf 87' lang='lat' dir='ltr'><strong>gra-</strong></span> 
     </span>
    </p>
   </div>
   <div class='ocr_carea' id='block_1_87' title="bbox 305 5265 2002 5337">
    <p class='ocr_par' dir='ltr' id='par_1_87' title="bbox 305 5265 2002 5337">
     <span class='ocr_line' id='line_1_87' title="bbox 305 5265 2002 5337; baseline -0.003 -12"><span class='ocrx_word' id='word_1_621' title='bbox 305 5274 445 5325; x_wconf 82' lang='lat' dir='ltr'><strong>uiter</strong></span> <span class='ocrx_word' id='word_1_622' title='bbox 489 5269 675 5323; x_wconf 67' lang='lat' dir='ltr'><strong>laedere</strong></span> <span class='ocrx_word' id='word_1_623' title='bbox 724 5272 1031 5337; x_wconf 79' lang='lat' dir='ltr'><strong>potuerunt.</strong></span> <span class='ocrx_word' id='word_1_624' title='bbox 1081 5268 1221 5321; x_wconf 90' lang='lat' dir='ltr'><strong>Cum</strong></span> <span class='ocrx_word' id='word_1_625' title='bbox 1270 5266 1555 5336; x_wconf 87' lang='lat' dir='ltr'><strong>lapidibus</strong></span> <span class='ocrx_word' id='word_1_626' title='bbox 1602 5265 1813 5335; x_wconf 82' lang='lat' dir='ltr'><strong>pluisse</strong></span> <span class='ocrx_word' id='word_1_627' title='bbox 1846 5265 2002 5320; x_wconf 90' lang='lat' dir='ltr'><strong>dice-</strong></span> 
     </span>
    </p>
   </div>
   <div class='ocr_carea' id='block_1_88' title="bbox 308 5353 2000 5426">
    <p class='ocr_par' dir='ltr' id='par_1_88' title="bbox 308 5353 2000 5426">
     <span class='ocr_line' id='line_1_88' title="bbox 308 5353 2000 5426; baseline -0.002 -15"><span class='ocrx_word' id='word_1_628' title='bbox 308 5359 462 5424; x_wconf 80' lang='lat' dir='ltr'><strong>bant,</strong></span> <span class='ocrx_word' id='word_1_629' title='bbox 494 5357 730 5411; x_wconf 84' lang='lat' dir='ltr'><strong>omnino</strong></span> <span class='ocrx_word' id='word_1_630' title='bbox 757 5356 1033 5426; x_wconf 78' lang='lat' dir='ltr'><strong>majorem</strong></span> <span class='ocrx_word' id='word_1_631' title='bbox 1066 5356 1402 5425; x_wconf 88' lang='lat' dir='ltr'><strong>grandinem</strong></span> <span class='ocrx_word' id='word_1_632' title='bbox 1439 5354 1785 5408; x_wconf 85' lang='lat' dir='ltr'><strong>intellectam</strong></span> <span class='ocrx_word' id='word_1_633' title='bbox 1828 5353 2000 5408; x_wconf 90' lang='lat' dir='ltr'><strong>fuisse</strong></span> 
     </span>
    </p>
   </div>
   <div class='ocr_carea' id='block_1_89' title="bbox 306 5440 2001 5515">
    <p class='ocr_par' dir='ltr' id='par_1_89' title="bbox 306 5440 2001 5515">
     <span class='ocr_line' id='line_1_89' title="bbox 306 5440 2001 5515; baseline -0.002 -16"><span class='ocrx_word' id='word_1_634' title='bbox 306 5445 593 5514; x_wconf 77' lang='lat' dir='ltr'><strong>existimo,</strong></span> <span class='ocrx_word' id='word_1_635' title='bbox 636 5461 766 5499; x_wconf 91' lang='lat' dir='ltr'><strong>cum</strong></span> <span class='ocrx_word' id='word_1_636' title='bbox 814 5443 1131 5515; x_wconf 65' lang='lat' dir='ltr'><strong>praesertim</strong></span> <span class='ocrx_word' id='word_1_637' title='bbox 1185 5441 1535 5511; x_wconf 88' lang='lat' dir='ltr'><strong>Augustinus</strong></span> <span class='ocrx_word' id='word_1_638' title='bbox 1564 5440 1883 5507; x_wconf 80' lang='lat' dir='ltr'><strong>grandinem</strong></span> <span class='ocrx_word' id='word_1_639' title='bbox 1922 5441 2001 5496; x_wconf 84' lang='lat' dir='ltr'><strong>ita</strong></span> 
     </span>
    </p>
   </div>
   <div class='ocr_carea' id='block_1_90' title="bbox 305 5527 2002 5602">
    <p class='ocr_par' dir='ltr' id='par_1_90' title="bbox 305 5527 2002 5602">
     <span class='ocr_line' id='line_1_90' title="bbox 305 5527 2002 5602; baseline -0.005 -13"><span class='ocrx_word' id='word_1_640' title='bbox 305 5533 513 5589; x_wconf 85' lang='lat' dir='ltr'><strong>dictam</strong></span> <span class='ocrx_word' id='word_1_641' title='bbox 567 5533 843 5600; x_wconf 81' lang='lat' dir='ltr'><strong>observet,</strong></span> <span class='ocrx_word' id='word_1_642' title='bbox 893 5531 940 5586; x_wconf 89' lang='lat' dir='ltr'><strong>si</strong></span> <span class='ocrx_word' id='word_1_643' title='bbox 992 5548 1141 5602; x_wconf 76' lang='lat' dir='ltr'><strong>quae,</strong></span> <span class='ocrx_word' id='word_1_644' title='bbox 1201 5529 1496 5594; x_wconf 87' lang='lat' dir='ltr'><strong>nimirum,</strong></span> <span class='ocrx_word' id='word_1_645' title='bbox 1576 5528 1740 5582; x_wconf 88' lang='lat' dir='ltr'><strong>solito</strong></span> <span class='ocrx_word' id='word_1_646' title='bbox 1819 5527 2002 5597; x_wconf 87' lang='lat' dir='ltr'><strong>major</strong></span> 
     </span>
    </p>
   </div>
   <div class='ocr_carea' id='block_1_91' title="bbox 2116 3067 3809 3138">
    <p class='ocr_par' dir='ltr' id='par_1_91' title="bbox 2116 3067 3809 3138">
     <span class='ocr_line' id='line_1_91' title="bbox 2116 3067 3809 3138; baseline -0.001 -17"><span class='ocrx_word' id='word_1_647' title='bbox 2116 3071 2313 3135; x_wconf 86' lang='lat' dir='ltr'><strong>ticano,</strong></span> <span class='ocrx_word' id='word_1_648' title='bbox 2347 3068 2446 3122; x_wconf 90' lang='lat' dir='ltr'><strong>sed</strong></span> <span class='ocrx_word' id='word_1_649' title='bbox 2493 3069 2757 3135; x_wconf 85' lang='lat' dir='ltr'><strong>Vagitano</strong></span> <span class='ocrx_word' id='word_1_650' title='bbox 2788 3083 2800 3122; x_wconf 92' lang='lat'><strong>:</strong></span> <span class='ocrx_word' id='word_1_651' title='bbox 2834 3067 2989 3138; x_wconf 89' lang='lat' dir='ltr'><strong>quod</strong></span> <span class='ocrx_word' id='word_1_652' title='bbox 3030 3083 3132 3121; x_wconf 91' lang='lat' dir='ltr'><strong>cur</strong></span> <span class='ocrx_word' id='word_1_653' title='bbox 3177 3067 3238 3121; x_wconf 94' lang='lat' dir='ltr'><strong>in</strong></span> <span class='ocrx_word' id='word_1_654' title='bbox 3258 3072 3481 3122; x_wconf 89' lang='lat' dir='ltr'><strong>textum</strong></span> <span class='ocrx_word' id='word_1_655' title='bbox 3512 3084 3633 3122; x_wconf 92' lang='lat' dir='ltr'><strong>non</strong></span> <span class='ocrx_word' id='word_1_656' title='bbox 3663 3084 3809 3121; x_wconf 88' lang='lat' dir='ltr'><strong>rece-</strong></span> 
     </span>
    </p>
   </div>
   <div class='ocr_carea' id='block_1_92' title="bbox 2116 3155 3807 3226">
    <p class='ocr_par' dir='ltr' id='par_1_92' title="bbox 2116 3155 3807 3226">
     <span class='ocr_line' id='line_1_92' title="bbox 2116 3155 3807 3226; baseline 0 -17"><span class='ocrx_word' id='word_1_657' title='bbox 2116 3156 2307 3226; x_wconf 87' lang='lat' dir='ltr'><strong>perint</strong></span> <span class='ocrx_word' id='word_1_658' title='bbox 2352 3172 2469 3209; x_wconf 91' lang='lat' dir='ltr'><strong>non</strong></span> <span class='ocrx_word' id='word_1_659' title='bbox 2515 3155 2795 3225; x_wconf 86' lang='lat' dir='ltr'><strong>intelligo,</strong></span> <span class='ocrx_word' id='word_1_660' title='bbox 2844 3171 2975 3208; x_wconf 91' lang='lat' dir='ltr'><strong>cum</strong></span> <span class='ocrx_word' id='word_1_661' title='bbox 3023 3160 3229 3210; x_wconf 61' lang='lat' dir='ltr'><strong>caetera</strong></span> <span class='ocrx_word' id='word_1_662' title='bbox 3281 3156 3522 3210; x_wconf 89' lang='lat' dir='ltr'><strong>deorum</strong></span> <span class='ocrx_word' id='word_1_663' title='bbox 3576 3157 3807 3211; x_wconf 87' lang='lat' dir='ltr'><strong>nomina</strong></span> 
     </span>
    </p>
   </div>
   <div class='ocr_carea' id='block_1_93' title="bbox 2118 3243 3806 3315">
    <p class='ocr_par' dir='ltr' id='par_1_93' title="bbox 2118 3243 3806 3315">
     <span class='ocr_line' id='line_1_93' title="bbox 2118 3243 3806 3315; baseline -0.001 -17"><span class='ocrx_word' id='word_1_664' title='bbox 2118 3245 2423 3299; x_wconf 88' lang='lat' dir='ltr'><strong>ostendant</strong></span> <span class='ocrx_word' id='word_1_665' title='bbox 2455 3243 2624 3314; x_wconf 89' lang='lat' dir='ltr'><strong>hujus</strong></span> <span class='ocrx_word' id='word_1_666' title='bbox 2646 3243 2820 3297; x_wconf 88' lang='lat' dir='ltr'><strong>etiam</strong></span> <span class='ocrx_word' id='word_1_667' title='bbox 2848 3243 3187 3299; x_wconf 89' lang='lat' dir='ltr'><strong>vocabulum</strong></span> <span class='ocrx_word' id='word_1_668' title='bbox 3209 3260 3243 3297; x_wconf 90' lang='lat' dir='ltr'><strong>a</strong></span> <span class='ocrx_word' id='word_1_669' title='bbox 3278 3247 3469 3311; x_wconf 83' lang='lat' dir='ltr'><strong>vagitu</strong></span> <span class='ocrx_word' id='word_1_670' title='bbox 3497 3244 3633 3298; x_wconf 90' lang='lat' dir='ltr'><strong>duci</strong></span> <span class='ocrx_word' id='word_1_671' title='bbox 3648 3260 3806 3315; x_wconf 84' lang='lat' dir='ltr'><strong>opor-</strong></span> 
     </span>
    </p>
   </div>
   <div class='ocr_carea' id='block_1_94' title="bbox 2116 3331 3809 3404">
    <p class='ocr_par' dir='ltr' id='par_1_94' title="bbox 2116 3331 3809 3404">
     <span class='ocr_line' id='line_1_94' title="bbox 2116 3331 3809 3404; baseline -0.001 -17"><span class='ocrx_word' id='word_1_672' title='bbox 2116 3332 2311 3387; x_wconf 87' lang='lat' dir='ltr'><strong>tuisse.</strong></span> <span class='ocrx_word' id='word_1_673' title='bbox 2351 3332 2487 3386; x_wconf 89' lang='lat' dir='ltr'><strong>Vide</strong></span> <span class='ocrx_word' id='word_1_674' title='bbox 2518 3336 2573 3386; x_wconf 92' lang='lat' dir='ltr'><strong>et</strong></span> <span class='ocrx_word' id='word_1_675' title='bbox 2599 3349 2724 3403; x_wconf 88' lang='lat' dir='ltr'><strong>cap.</strong></span> <span class='ocrx_word' id='word_1_676' title='bbox 2756 3335 2844 3398; x_wconf 85' lang='lat'><strong>21,</strong></span> <span class='ocrx_word' id='word_1_677' title='bbox 2876 3331 3001 3386; x_wconf 91' lang='lat' dir='ltr'><strong>Scio</strong></span> <span class='ocrx_word' id='word_1_678' title='bbox 3032 3332 3220 3387; x_wconf 90' lang='lat' dir='ltr'><strong>locum</strong></span> <span class='ocrx_word' id='word_1_679' title='bbox 3249 3332 3517 3386; x_wconf 86' lang='lat' dir='ltr'><strong>Varronis</strong></span> <span class='ocrx_word' id='word_1_680' title='bbox 3576 3332 3809 3404; x_wconf 80' lang='lat' dir='ltr'><strong>proferri</strong></span> 
     </span>
    </p>
   </div>
   <div class='ocr_carea' id='block_1_95' title="bbox 2116 3420 3808 3491">
    <p class='ocr_par' dir='ltr' id='par_1_95' title="bbox 2116 3420 3808 3491">
     <span class='ocr_line' id='line_1_95' title="bbox 2116 3420 3808 3491; baseline -0.001 -15"><span class='ocrx_word' id='word_1_681' title='bbox 2116 3421 2188 3475; x_wconf 89' lang='lat' dir='ltr'><strong>ab</strong></span> <span class='ocrx_word' id='word_1_682' title='bbox 2216 3422 2361 3475; x_wconf 88' lang='lat' dir='ltr'><strong>Aulo</strong></span> <span class='ocrx_word' id='word_1_683' title='bbox 2391 3420 2567 3476; x_wconf 90' lang='lat' dir='ltr'><strong>Gellio</strong></span> <span class='ocrx_word' id='word_1_684' title='bbox 2597 3420 2695 3474; x_wconf 89' lang='lat' dir='ltr'><strong>lib.</strong></span> <span class='ocrx_word' id='word_1_685' title='bbox 2748 3437 2858 3488; x_wconf 77' lang='lat' dir='ltr'><strong>xvi,</strong></span> <span class='ocrx_word' id='word_1_686' title='bbox 2905 3436 3026 3490; x_wconf 85' lang='lat' dir='ltr'><strong>cap.</strong></span> <span class='ocrx_word' id='word_1_687' title='bbox 3082 3424 3174 3485; x_wconf 80' lang='grc'><strong>17,</strong></span> <span class='ocrx_word' id='word_1_688' title='bbox 3205 3420 3306 3491; x_wconf 91' lang='lat' dir='ltr'><strong>qui</strong></span> <span class='ocrx_word' id='word_1_689' title='bbox 3335 3420 3563 3475; x_wconf 88' lang='lat' dir='ltr'><strong>videtur</strong></span> <span class='ocrx_word' id='word_1_690' title='bbox 3593 3421 3808 3475; x_wconf 84' lang='lat' dir='ltr'><strong>lectioni</strong></span> 
     </span>
    </p>
   </div>
   <div class='ocr_carea' id='block_1_96' title="bbox 2122 3507 3806 3580">
    <p class='ocr_par' dir='ltr' id='par_1_96' title="bbox 2122 3507 3806 3580">
     <span class='ocr_line' id='line_1_96' title="bbox 2122 3507 3806 3580; baseline -0.001 -16"><span class='ocrx_word' id='word_1_691' title='bbox 2122 3511 2377 3564; x_wconf 85' lang='lat' dir='ltr'><strong>Vaticani</strong></span> <span class='ocrx_word' id='word_1_692' title='bbox 2418 3508 2624 3575; x_wconf 86' lang='lat' dir='ltr'><strong>favere,</strong></span> <span class='ocrx_word' id='word_1_693' title='bbox 2673 3508 2770 3562; x_wconf 90' lang='lat' dir='ltr'><strong>sed</strong></span> <span class='ocrx_word' id='word_1_694' title='bbox 2817 3524 2945 3562; x_wconf 89' lang='lat' dir='ltr'><strong>cum</strong></span> <span class='ocrx_word' id='word_1_695' title='bbox 3003 3508 3077 3562; x_wconf 88' lang='lat' dir='ltr'><strong>sit</strong></span> <span class='ocrx_word' id='word_1_696' title='bbox 3131 3507 3375 3563; x_wconf 90' lang='lat' dir='ltr'><strong>absurda</strong></span> <span class='ocrx_word' id='word_1_697' title='bbox 3445 3509 3806 3580; x_wconf 83' lang='lat' dir='ltr'><strong>etymologia,</strong></span> 
     </span>
    </p>
   </div>
   <div class='ocr_carea' id='block_1_97' title="bbox 2115 3596 3640 3668">
    <p class='ocr_par' dir='ltr' id='par_1_97' title="bbox 2115 3596 3640 3668">
     <span class='ocr_line' id='line_1_97' title="bbox 2115 3596 3640 3668; baseline 0.001 -17"><span class='ocrx_word' id='word_1_698' title='bbox 2115 3598 2285 3668; x_wconf 88' lang='lat' dir='ltr'><strong>vulgo</strong></span> <span class='ocrx_word' id='word_1_699' title='bbox 2314 3596 2503 3668; x_wconf 90' lang='lat' dir='ltr'><strong>potuis</strong></span> <span class='ocrx_word' id='word_1_700' title='bbox 2539 3597 2874 3664; x_wconf 81' lang='lat' dir='ltr'><strong>Vagitanum</strong></span> <span class='ocrx_word' id='word_1_701' title='bbox 2902 3596 3117 3651; x_wconf 90' lang='lat' dir='ltr'><strong>dictum</strong></span> <span class='ocrx_word' id='word_1_702' title='bbox 3145 3596 3320 3650; x_wconf 88' lang='lat' dir='ltr'><strong>fuisse</strong></span> <span class='ocrx_word' id='word_1_703' title='bbox 3350 3596 3640 3652; x_wconf 88' lang='lat' dir='ltr'><strong>existimo.</strong></span> 
     </span>
    </p>
   </div>
   <div class='ocr_carea' id='block_1_98' title="bbox 2188 3685 3810 3757">
    <p class='ocr_par' dir='ltr' id='par_1_98' title="bbox 2188 3685 3810 3757">
     <span class='ocr_line' id='line_1_98' title="bbox 2188 3685 3810 3757; baseline -0.001 -15"><span class='ocrx_word' id='word_1_704' title='bbox 2188 3688 2325 3757; x_wconf 87' lang='lat' dir='ltr'><strong>Cap.</strong></span> <span class='ocrx_word' id='word_1_705' title='bbox 2371 3690 2422 3742; x_wconf 88' lang='lat'><strong>9.</strong></span> <span class='ocrx_word' id='word_1_706' title='bbox 2463 3688 2616 3740; x_wconf 78' lang='lat' dir='ltr'><strong>Hunc</strong></span> <span class='ocrx_word' id='word_1_707' title='bbox 2655 3685 2922 3757; x_wconf 85' lang='lat' dir='ltr'><strong>(Jovem)</strong></span> <span class='ocrx_word' id='word_1_708' title='bbox 2977 3687 3152 3741; x_wconf 82' lang='lat' dir='ltr'><strong>Varro</strong></span> <span class='ocrx_word' id='word_1_709' title='bbox 3191 3686 3362 3741; x_wconf 88' lang='lat' dir='ltr'><strong>credit</strong></span> <span class='ocrx_word' id='word_1_710' title='bbox 3411 3689 3579 3741; x_wconf 88' lang='lat' dir='ltr'><strong>etiam</strong></span> <span class='ocrx_word' id='word_1_711' title='bbox 3629 3689 3698 3741; x_wconf 91' lang='lat' dir='ltr'><strong>ab</strong></span> <span class='ocrx_word' id='word_1_712' title='bbox 3736 3689 3810 3740; x_wconf 83' lang='lat' dir='ltr'><strong>his</strong></span> 
     </span>
    </p>
   </div>
   <div class='ocr_carea' id='block_1_99' title="bbox 2117 3773 3811 3842">
    <p class='ocr_par' dir='ltr' id='par_1_99' title="bbox 2117 3773 3811 3842">
     <span class='ocr_line' id='line_1_99' title="bbox 2117 3773 3811 3842; baseline -0.002 -13"><span class='ocrx_word' id='word_1_713' title='bbox 2117 3776 2219 3829; x_wconf 88' lang='lat' dir='ltr'><strong>coli</strong></span> <span class='ocrx_word' id='word_1_714' title='bbox 2266 3776 2364 3842; x_wconf 88' lang='lat' dir='ltr'><strong>qui</strong></span> <span class='ocrx_word' id='word_1_715' title='bbox 2402 3789 2569 3827; x_wconf 88' lang='lat' dir='ltr'><strong>unum</strong></span> <span class='ocrx_word' id='word_1_716' title='bbox 2618 3776 2783 3828; x_wconf 88' lang='lat' dir='ltr'><strong>Deum</strong></span> <span class='ocrx_word' id='word_1_717' title='bbox 2829 3774 3000 3827; x_wconf 88' lang='lat' dir='ltr'><strong>solum</strong></span> <span class='ocrx_word' id='word_1_718' title='bbox 3045 3773 3247 3842; x_wconf 89' lang='lat' dir='ltr'><strong>absque</strong></span> <span class='ocrx_word' id='word_1_719' title='bbox 3286 3774 3579 3828; x_wconf 86' lang='lat' dir='ltr'><strong>simulacro</strong></span> <span class='ocrx_word' id='word_1_720' title='bbox 3613 3774 3811 3835; x_wconf 82' lang='lat' dir='ltr'><strong>colunt,</strong></span> 
     </span>
    </p>
   </div>
   <div class='ocr_carea' id='block_1_100' title="bbox 2116 3858 3813 3931">
    <p class='ocr_par' dir='ltr' id='par_1_100' title="bbox 2116 3858 3813 3931">
     <span class='ocr_line' id='line_1_100' title="bbox 2116 3858 3813 3931; baseline -0.004 -14"><span class='ocrx_word' id='word_1_721' title='bbox 2116 3862 2210 3917; x_wconf 88' lang='lat' dir='ltr'><strong>sed</strong></span> <span class='ocrx_word' id='word_1_722' title='bbox 2242 3864 2350 3915; x_wconf 90' lang='lat' dir='ltr'><strong>alio</strong></span> <span class='ocrx_word' id='word_1_723' title='bbox 2379 3864 2590 3916; x_wconf 88' lang='lat' dir='ltr'><strong>nomine</strong></span> <span class='ocrx_word' id='word_1_724' title='bbox 2616 3862 2942 3929; x_wconf 88' lang='lat' dir='ltr'><strong>nuncupari.</strong></span> <span class='ocrx_word' id='word_1_725' title='bbox 2968 3858 2990 3930; x_wconf 84' lang='lat'><strong>_|</strong></span> <span class='ocrx_word' id='word_1_726' title='bbox 3026 3861 3102 3914; x_wconf 90' lang='lat' dir='ltr'><strong>De</strong></span> <span class='ocrx_word' id='word_1_727' title='bbox 3124 3859 3230 3913; x_wconf 89' lang='lat' dir='ltr'><strong>hac</strong></span> <span class='ocrx_word' id='word_1_728' title='bbox 3249 3860 3521 3931; x_wconf 89' lang='lat' dir='ltr'><strong>opinione</strong></span> <span class='ocrx_word' id='word_1_729' title='bbox 3543 3860 3813 3917; x_wconf 86' lang='lat' dir='ltr'><strong>Varronis</strong></span> 
     </span>
    </p>
   </div>
   <div class='ocr_carea' id='block_1_101' title="bbox 2115 3947 3812 4020">
    <p class='ocr_par' dir='ltr' id='par_1_101' title="bbox 2115 3947 3812 4020">
     <span class='ocr_line' id='line_1_101' title="bbox 2115 3947 3812 4020; baseline -0.001 -16"><span class='ocrx_word' id='word_1_730' title='bbox 2115 3949 2245 4005; x_wconf 89' lang='lat' dir='ltr'><strong>vide</strong></span> <span class='ocrx_word' id='word_1_731' title='bbox 2284 3966 2412 4020; x_wconf 70' lang='lat' dir='ltr'><strong>quin</strong></span> <span class='ocrx_word' id='word_1_732' title='bbox 2453 3947 2771 4003; x_wconf 85' lang='lat' dir='ltr'><strong>observavit</strong></span> <span class='ocrx_word' id='word_1_733' title='bbox 2815 3949 3063 4002; x_wconf 86' lang='lat' dir='ltr'><strong>Joannes</strong></span> <span class='ocrx_word' id='word_1_734' title='bbox 3109 3948 3360 4004; x_wconf 90' lang='lat' dir='ltr'><strong>Clericus</strong></span> <span class='ocrx_word' id='word_1_735' title='bbox 3414 3949 3567 4003; x_wconf 87' lang='lat' dir='ltr'><strong>Artis</strong></span> <span class='ocrx_word' id='word_1_736' title='bbox 3600 3949 3812 4003; x_wconf 70' lang='lat' dir='ltr'><strong>Criticm</strong></span> 
     </span>
    </p>
   </div>
   <div class='ocr_carea' id='block_1_102' title="bbox 2118 4039 2895 4109">
    <p class='ocr_par' dir='ltr' id='par_1_102' title="bbox 2118 4039 2895 4109">
     <span class='ocr_line' id='line_1_102' title="bbox 2118 4039 2895 4109; baseline -0.003 -17"><span class='ocrx_word' id='word_1_737' title='bbox 2118 4044 2279 4109; x_wconf 88' lang='lat' dir='ltr'><strong>parte</strong></span> <span class='ocrx_word' id='word_1_738' title='bbox 2304 4041 2356 4104; x_wconf 84' lang='lat'><strong>2,</strong></span> <span class='ocrx_word' id='word_1_739' title='bbox 2391 4041 2527 4091; x_wconf 87' lang='lat' dir='ltr'><strong>sect.</strong></span> <span class='ocrx_word' id='word_1_740' title='bbox 2567 4039 2614 4104; x_wconf 86' lang='lat' dir='ltr'><strong>l,</strong></span> <span class='ocrx_word' id='word_1_741' title='bbox 2648 4052 2770 4106; x_wconf 83' lang='lat' dir='ltr'><strong>cap.</strong></span> <span class='ocrx_word' id='word_1_742' title='bbox 2812 4039 2895 4091; x_wconf 86' lang='lat' dir='ltr'><strong>l3.</strong></span> 
     </span>
    </p>
   </div>
   <div class='ocr_carea' id='block_1_103' title="bbox 2190 4126 3815 4197">
    <p class='ocr_par' dir='ltr' id='par_1_103' title="bbox 2190 4126 3815 4197">
     <span class='ocr_line' id='line_1_103' title="bbox 2190 4126 3815 4197; baseline -0.001 -15"><span class='ocrx_word' id='word_1_743' title='bbox 2190 4128 2329 4197; x_wconf 88' lang='lat' dir='ltr'><strong>Cap.</strong></span> <span class='ocrx_word' id='word_1_744' title='bbox 2370 4129 2452 4181; x_wconf 92' lang='grc'><strong>10.</strong></span> <span class='ocrx_word' id='word_1_745' title='bbox 2488 4128 2621 4191; x_wconf 91' lang='lat' dir='ltr'><strong>Quis</strong></span> <span class='ocrx_word' id='word_1_746' title='bbox 2651 4128 2791 4180; x_wconf 90' lang='lat' dir='ltr'><strong>enim</strong></span> <span class='ocrx_word' id='word_1_747' title='bbox 2818 4128 2965 4192; x_wconf 81' lang='lat' dir='ltr'><strong>ferat</strong></span> <span class='ocrx_word' id='word_1_748' title='bbox 3014 4126 3159 4194; x_wconf 88' lang='lat' dir='ltr'><strong>quod</strong></span> <span class='ocrx_word' id='word_1_749' title='bbox 3209 4141 3329 4181; x_wconf 88' lang='lat' dir='ltr'><strong>cum</strong></span> <span class='ocrx_word' id='word_1_750' title='bbox 3364 4131 3578 4180; x_wconf 87' lang='lat' dir='ltr'><strong>tantum</strong></span> <span class='ocrx_word' id='word_1_751' title='bbox 3607 4127 3815 4181; x_wconf 76' lang='lat' dir='ltr'><strong>honoris</strong></span> 
     </span>
    </p>
   </div>
   <div class='ocr_carea' id='block_1_104' title="bbox 2119 4213 3813 4283">
    <p class='ocr_par' dir='ltr' id='par_1_104' title="bbox 2119 4213 3813 4283">
     <span class='ocr_line' id='line_1_104' title="bbox 2119 4213 3813 4283; baseline -0.002 -15"><span class='ocrx_word' id='word_1_752' title='bbox 2119 4219 2170 4269; x_wconf 87' lang='lat' dir='ltr'><strong>et</strong></span> <span class='ocrx_word' id='word_1_753' title='bbox 2194 4216 2355 4283; x_wconf 91' lang='lat' dir='ltr'><strong>quasi</strong></span> <span class='ocrx_word' id='word_1_754' title='bbox 2371 4215 2642 4267; x_wconf 85' lang='lat' dir='ltr'><strong>castitatis</strong></span> <span class='ocrx_word' id='word_1_755' title='bbox 2664 4214 2782 4279; x_wconf 86' lang='lat' dir='ltr'><strong>igni</strong></span> <span class='ocrx_word' id='word_1_756' title='bbox 2799 4213 3108 4277; x_wconf 87' lang='lat' dir='ltr'><strong>tribuerint,</strong></span> <span class='ocrx_word' id='word_1_757' title='bbox 3130 4213 3427 4283; x_wconf 87' lang='lat' dir='ltr'><strong>aliquando</strong></span> <span class='ocrx_word' id='word_1_758' title='bbox 3473 4214 3697 4269; x_wconf 81' lang='lat' dir='ltr'><strong>Vestam</strong></span> <span class='ocrx_word' id='word_1_759' title='bbox 3717 4229 3813 4267; x_wconf 85' lang='lat' dir='ltr'><strong>non</strong></span> 
     </span>
    </p>
   </div>
   <div class='ocr_carea' id='block_1_105' title="bbox 2041 4278 3812 4372">
    <p class='ocr_par' dir='ltr' id='par_1_105' title="bbox 2041 4278 3812 4372">
     <span class='ocr_line' id='line_1_105' title="bbox 2041 4278 3812 4372; baseline -0.003 -15"><span class='ocrx_word' id='word_1_760' title='bbox 2041 4278 2083 4332; x_wconf 70' lang='grc' dir='ltr'><strong>ί)</strong></span> <span class='ocrx_word' id='word_1_761' title='bbox 2121 4278 2433 4356; x_wconf 75' lang='lat' dir='ltr'><strong>erubescant</strong></span> <span class='ocrx_word' id='word_1_762' title='bbox 2462 4303 2625 4354; x_wconf 89' lang='lat' dir='ltr'><strong>etiam</strong></span> <span class='ocrx_word' id='word_1_763' title='bbox 2659 4278 2919 4357; x_wconf 63' lang='lat' dir='ltr'><strong>Venerem</strong></span> <span class='ocrx_word' id='word_1_764' title='bbox 2966 4278 3235 4372; x_wconf 66' lang='lat' dir='ltr'><strong>dicere?j</strong></span> <span class='ocrx_word' id='word_1_765' title='bbox 3281 4303 3458 4358; x_wconf 83' lang='lat' dir='ltr'><strong>Recto</strong></span> <span class='ocrx_word' id='word_1_766' title='bbox 3499 4301 3812 4358; x_wconf 70' lang='lat' dir='ltr'><strong>observavit</strong></span> 
     </span>
    </p>
   </div>
   <div class='ocr_carea' id='block_1_106' title="bbox 2115 4388 3809 4460">
    <p class='ocr_par' dir='ltr' id='par_1_106' title="bbox 2115 4388 3809 4460">
     <span class='ocr_line' id='line_1_106' title="bbox 2115 4388 3809 4460; baseline -0.001 -16"><span class='ocrx_word' id='word_1_767' title='bbox 2115 4392 2310 4445; x_wconf 88' lang='lat' dir='ltr'><strong>Justus</strong></span> <span class='ocrx_word' id='word_1_768' title='bbox 2358 4388 2547 4459; x_wconf 88' lang='lat' dir='ltr'><strong>Lipius</strong></span> <span class='ocrx_word' id='word_1_769' title='bbox 2592 4388 2651 4442; x_wconf 88' lang='lat' dir='ltr'><strong>iu</strong></span> <span class='ocrx_word' id='word_1_770' title='bbox 2699 4389 3065 4460; x_wconf 85' lang='lat' dir='ltr'><strong>Syntagmate</strong></span> <span class='ocrx_word' id='word_1_771' title='bbox 3110 4390 3180 4445; x_wconf 91' lang='lat' dir='ltr'><strong>de</strong></span> <span class='ocrx_word' id='word_1_772' title='bbox 3224 4391 3387 4445; x_wconf 88' lang='lat' dir='ltr'><strong>Vesta</strong></span> <span class='ocrx_word' id='word_1_773' title='bbox 3430 4398 3488 4445; x_wconf 90' lang='lat' dir='ltr'><strong>et</strong></span> <span class='ocrx_word' id='word_1_774' title='bbox 3511 4392 3809 4447; x_wconf 87' lang='lat' dir='ltr'><strong>vestalibus</strong></span> 
     </span>
    </p>
   </div>
   <div class='ocr_carea' id='block_1_107' title="bbox 2117 4476 3807 4548">
    <p class='ocr_par' dir='ltr' id='par_1_107' title="bbox 2117 4476 3807 4548">
     <span class='ocr_line' id='line_1_107' title="bbox 2117 4476 3807 4548; baseline -0.002 -17"><span class='ocrx_word' id='word_1_775' title='bbox 2117 4495 2241 4548; x_wconf 89' lang='lat' dir='ltr'><strong>cap.</strong></span> <span class='ocrx_word' id='word_1_776' title='bbox 2271 4480 2326 4540; x_wconf 87' lang='lat'><strong>2,</strong></span> <span class='ocrx_word' id='word_1_777' title='bbox 2377 4476 2469 4529; x_wconf 84' lang='lat' dir='ltr'><strong>vix</strong></span> <span class='ocrx_word' id='word_1_778' title='bbox 2515 4477 2773 4546; x_wconf 86' lang='lat' dir='ltr'><strong>exempla</strong></span> <span class='ocrx_word' id='word_1_779' title='bbox 2825 4476 3071 4531; x_wconf 81' lang='lat' dir='ltr'><strong>inveniri</strong></span> <span class='ocrx_word' id='word_1_780' title='bbox 3104 4479 3285 4533; x_wconf 63' lang='lat' dir='ltr'><strong>Vestae</strong></span> <span class='ocrx_word' id='word_1_781' title='bbox 3316 4480 3554 4534; x_wconf 90' lang='lat' dir='ltr'><strong>nomine</strong></span> <span class='ocrx_word' id='word_1_782' title='bbox 3583 4477 3807 4533; x_wconf 86' lang='lat' dir='ltr'><strong>Veneris</strong></span> 
     </span>
    </p>
   </div>
   <div class='ocr_carea' id='block_1_108' title="bbox 2118 4564 3801 4636">
    <p class='ocr_par' dir='ltr' id='par_1_108' title="bbox 2118 4564 3801 4636">
     <span class='ocr_line' id='line_1_108' title="bbox 2118 4564 3801 4636; baseline -0.002 -16"><span class='ocrx_word' id='word_1_783' title='bbox 2118 4566 2437 4635; x_wconf 69' lang='lat' dir='ltr'><strong>appellatas,</strong></span> <span class='ocrx_word' id='word_1_784' title='bbox 2470 4580 2574 4618; x_wconf 92' lang='lat' dir='ltr'><strong>nec</strong></span> <span class='ocrx_word' id='word_1_785' title='bbox 2601 4564 2724 4633; x_wconf 89' lang='lat' dir='ltr'><strong>ejus</strong></span> <span class='ocrx_word' id='word_1_786' title='bbox 2754 4564 2837 4619; x_wconf 91' lang='lat' dir='ltr'><strong>rei</strong></span> <span class='ocrx_word' id='word_1_787' title='bbox 2866 4564 2999 4618; x_wconf 87' lang='lat' dir='ltr'><strong>satis</strong></span> <span class='ocrx_word' id='word_1_788' title='bbox 3035 4565 3314 4636; x_wconf 89' lang='lat' dir='ltr'><strong>liquidam</strong></span> <span class='ocrx_word' id='word_1_789' title='bbox 3358 4584 3480 4621; x_wconf 87' lang='lat' dir='ltr'><strong>esse</strong></span> <span class='ocrx_word' id='word_1_790' title='bbox 3530 4568 3801 4622; x_wconf 85' lang='lat' dir='ltr'><strong>rationem</strong></span> 
     </span>
    </p>
   </div>
   <div class='ocr_carea' id='block_1_109' title="bbox 2116 4650 3800 4724">
    <p class='ocr_par' dir='ltr' id='par_1_109' title="bbox 2116 4650 3800 4724">
     <span class='ocr_line' id='line_1_109' title="bbox 2116 4650 3800 4724; baseline -0.001 -17"><span class='ocrx_word' id='word_1_791' title='bbox 2116 4652 2229 4707; x_wconf 88' lang='lat' dir='ltr'><strong>nisi</strong></span> <span class='ocrx_word' id='word_1_792' title='bbox 2283 4653 2431 4707; x_wconf 86' lang='lat' dir='ltr'><strong>forte</strong></span> <span class='ocrx_word' id='word_1_793' title='bbox 2479 4650 2691 4705; x_wconf 90' lang='lat' dir='ltr'><strong>amoris</strong></span> <span class='ocrx_word' id='word_1_794' title='bbox 2742 4656 2913 4706; x_wconf 66' lang='lat' dir='ltr'><strong>aestus</strong></span> <span class='ocrx_word' id='word_1_795' title='bbox 2957 4669 3085 4707; x_wconf 88' lang='lat' dir='ltr'><strong>cum</strong></span> <span class='ocrx_word' id='word_1_796' title='bbox 3136 4653 3269 4724; x_wconf 90' lang='lat' dir='ltr'><strong>igne</strong></span> <span class='ocrx_word' id='word_1_797' title='bbox 3298 4655 3647 4709; x_wconf 85' lang='lat' dir='ltr'><strong>conferatur.</strong></span> <span class='ocrx_word' id='word_1_798' title='bbox 3677 4655 3800 4707; x_wconf 85' lang='lat' dir='ltr'><strong>Eum</strong></span> 
     </span>
    </p>
   </div>
   <div class='ocr_carea' id='block_1_110' title="bbox 2113 4738 2536 4807">
    <p class='ocr_par' dir='ltr' id='par_1_110' title="bbox 2113 4738 2536 4807">
     <span class='ocr_line' id='line_1_110' title="bbox 2113 4738 2536 4807; baseline -0.005 -15"><span class='ocrx_word' id='word_1_799' title='bbox 2113 4739 2262 4807; x_wconf 89' lang='lat' dir='ltr'><strong>vide,</strong></span> <span class='ocrx_word' id='word_1_800' title='bbox 2286 4738 2333 4792; x_wconf 89' lang='lat' dir='ltr'><strong>si</strong></span> <span class='ocrx_word' id='word_1_801' title='bbox 2358 4743 2536 4793; x_wconf 86' lang='lat' dir='ltr'><strong>vacat.</strong></span> 
     </span>
    </p>
   </div>
   <div class='ocr_carea' id='block_1_111' title="bbox 2183 4828 3803 4898">
    <p class='ocr_par' dir='ltr' id='par_1_111' title="bbox 2183 4828 3803 4898">
     <span class='ocr_line' id='line_1_111' title="bbox 2183 4828 3803 4898; baseline -0.004 -14"><span class='ocrx_word' id='word_1_802' title='bbox 2183 4831 2315 4898; x_wconf 88' lang='lat' dir='ltr'><strong>Cap.</strong></span> <span class='ocrx_word' id='word_1_803' title='bbox 2360 4828 2447 4882; x_wconf 84' lang='grc'><strong>13.</strong></span> <span class='ocrx_word' id='word_1_804' title='bbox 2496 4829 2557 4883; x_wconf 89' lang='lat' dir='ltr'><strong>Si</strong></span> <span class='ocrx_word' id='word_1_805' title='bbox 2606 4832 2786 4882; x_wconf 89' lang='lat' dir='ltr'><strong>autem</strong></span> <span class='ocrx_word' id='word_1_806' title='bbox 2830 4828 2945 4882; x_wconf 88' lang='lat' dir='ltr'><strong>sola</strong></span> <span class='ocrx_word' id='word_1_807' title='bbox 2995 4828 3267 4882; x_wconf 86' lang='lat' dir='ltr'><strong>animalia</strong></span> <span class='ocrx_word' id='word_1_808' title='bbox 3300 4831 3627 4896; x_wconf 87' lang='lat' dir='ltr'><strong>rationalia,</strong></span> <span class='ocrx_word' id='word_1_809' title='bbox 3676 4831 3803 4883; x_wconf 79' lang='lat' dir='ltr'><strong>sicut</strong></span> 
     </span>
    </p>
   </div>
   <div class='ocr_carea' id='block_1_112' title="bbox 2111 4915 3805 4987">
    <p class='ocr_par' dir='ltr' id='par_1_112' title="bbox 2111 4915 3805 4987">
     <span class='ocr_line' id='line_1_112' title="bbox 2111 4915 3805 4987; baseline 0.001 -18"><span class='ocrx_word' id='word_1_810' title='bbox 2111 4920 2239 4970; x_wconf 88' lang='lat' dir='ltr'><strong>sunt</strong></span> <span class='ocrx_word' id='word_1_811' title='bbox 2290 4915 2550 4981; x_wconf 83' lang='lat' dir='ltr'><strong>homines,</strong></span> <span class='ocrx_word' id='word_1_812' title='bbox 2585 4919 2774 4983; x_wconf 85' lang='lat' dir='ltr'><strong>partes</strong></span> <span class='ocrx_word' id='word_1_813' title='bbox 2821 4916 2914 4969; x_wconf 87' lang='lat' dir='ltr'><strong>Dei</strong></span> <span class='ocrx_word' id='word_1_814' title='bbox 2964 4929 3075 4969; x_wconf 87' lang='lat' dir='ltr'><strong>esse</strong></span> <span class='ocrx_word' id='word_1_815' title='bbox 3133 4916 3498 4987; x_wconf 85' lang='lat' dir='ltr'><strong>contendunt;</strong></span> <span class='ocrx_word' id='word_1_816' title='bbox 3529 4934 3636 4973; x_wconf 87' lang='lat' dir='ltr'><strong>non</strong></span> <span class='ocrx_word' id='word_1_817' title='bbox 3662 4916 3805 4972; x_wconf 74' lang='lat' dir='ltr'><strong>video</strong></span> 
     </span>
    </p>
   </div>
   <div class='ocr_carea' id='block_1_113' title="bbox 2114 5001 3807 5075">
    <p class='ocr_par' dir='ltr' id='par_1_113' title="bbox 2114 5001 3807 5075">
     <span class='ocr_line' id='line_1_113' title="bbox 2114 5001 3807 5075; baseline -0.001 -19"><span class='ocrx_word' id='word_1_818' title='bbox 2114 5002 2332 5070; x_wconf 87' lang='lat' dir='ltr'><strong>quidem</strong></span> <span class='ocrx_word' id='word_1_819' title='bbox 2378 5005 2428 5057; x_wconf 89' lang='lat' dir='ltr'><strong>si</strong></span> <span class='ocrx_word' id='word_1_820' title='bbox 2466 5008 2607 5057; x_wconf 87' lang='lat' dir='ltr'><strong>totus</strong></span> <span class='ocrx_word' id='word_1_821' title='bbox 2652 5003 2886 5059; x_wconf 87' lang='lat' dir='ltr'><strong>mundus</strong></span> <span class='ocrx_word' id='word_1_822' title='bbox 2914 5009 2993 5059; x_wconf 85' lang='lat' dir='ltr'><strong>est</strong></span> <span class='ocrx_word' id='word_1_823' title='bbox 3023 5006 3181 5071; x_wconf 89' lang='lat' dir='ltr'><strong>Deus,</strong></span> <span class='ocrx_word' id='word_1_824' title='bbox 3217 5006 3481 5075; x_wconf 85' lang='lat' dir='ltr'><strong>quomodo</strong></span> <span class='ocrx_word' id='word_1_825' title='bbox 3515 5007 3709 5062; x_wconf 86' lang='lat' dir='ltr'><strong>bestias</strong></span> <span class='ocrx_word' id='word_1_826' title='bbox 3744 5001 3807 5055; x_wconf 84' lang='lat' dir='ltr'><strong>ab</strong></span> 
     </span>
    </p>
   </div>
   <div class='ocr_carea' id='block_1_114' title="bbox 2111 5089 3805 5164">
    <p class='ocr_par' dir='ltr' id='par_1_114' title="bbox 2111 5089 3805 5164">
     <span class='ocr_line' id='line_1_114' title="bbox 2111 5089 3805 5164; baseline -0.001 -20"><span class='ocrx_word' id='word_1_827' title='bbox 2111 5092 2228 5160; x_wconf 90' lang='lat' dir='ltr'><strong>ejus</strong></span> <span class='ocrx_word' id='word_1_828' title='bbox 2244 5092 2497 5161; x_wconf 85' lang='lat' dir='ltr'><strong>partibus</strong></span> <span class='ocrx_word' id='word_1_829' title='bbox 2520 5096 2787 5162; x_wconf 85' lang='lat' dir='ltr'><strong>separent.</strong></span> <span class='ocrx_word' id='word_1_830' title='bbox 2812 5089 2833 5163; x_wconf 92' lang='lat'>]</span> <span class='ocrx_word' id='word_1_831' title='bbox 2857 5091 3134 5162; x_wconf 89' lang='lat' dir='ltr'><strong>lutelligit</strong></span> <span class='ocrx_word' id='word_1_832' title='bbox 3152 5091 3387 5156; x_wconf 89' lang='lat' dir='ltr'><strong>Stoicos,</strong></span> <span class='ocrx_word' id='word_1_833' title='bbox 3412 5094 3513 5164; x_wconf 91' lang='lat' dir='ltr'><strong>qui</strong></span> <span class='ocrx_word' id='word_1_834' title='bbox 3533 5092 3805 5147; x_wconf 87' lang='lat' dir='ltr'><strong>mundum</strong></span> 
     </span>
    </p>
   </div>
   <div class='ocr_carea' id='block_1_115' title="bbox 2114 5177 3801 5252">
    <p class='ocr_par' dir='ltr' id='par_1_115' title="bbox 2114 5177 3801 5252">
     <span class='ocr_line' id='line_1_115' title="bbox 2114 5177 3801 5252; baseline -0.004 -17"><span class='ocrx_word' id='word_1_835' title='bbox 2114 5182 2293 5236; x_wconf 87' lang='lat' dir='ltr'><strong>Deum</strong></span> <span class='ocrx_word' id='word_1_836' title='bbox 2322 5197 2441 5235; x_wconf 89' lang='lat' dir='ltr'><strong>esse</strong></span> <span class='ocrx_word' id='word_1_837' title='bbox 2464 5181 2745 5236; x_wconf 88' lang='lat' dir='ltr'><strong>dicebant.</strong></span> <span class='ocrx_word' id='word_1_838' title='bbox 2802 5181 2940 5236; x_wconf 89' lang='lat' dir='ltr'><strong>Vide</strong></span> <span class='ocrx_word' id='word_1_839' title='bbox 2979 5183 3205 5237; x_wconf 88' lang='lat' dir='ltr'><strong>Justum</strong></span> <span class='ocrx_word' id='word_1_840' title='bbox 3252 5182 3506 5252; x_wconf 89' lang='lat' dir='ltr'><strong>Lipsium</strong></span> <span class='ocrx_word' id='word_1_841' title='bbox 3562 5177 3801 5251; x_wconf 88' lang='lat' dir='ltr'><strong>Physiol.</strong></span> 
     </span>
    </p>
   </div>
   <div class='ocr_carea' id='block_1_116' title="bbox 2109 5270 2862 5337">
    <p class='ocr_par' dir='ltr' id='par_1_116' title="bbox 2109 5270 2862 5337">
     <span class='ocr_line' id='line_1_116' title="bbox 2109 5270 2862 5337; baseline -0.001 -11"><span class='ocrx_word' id='word_1_842' title='bbox 2109 5270 2425 5327; x_wconf 89' lang='lat' dir='ltr'><strong>Stoicorum</strong></span> <span class='ocrx_word' id='word_1_843' title='bbox 2451 5270 2551 5325; x_wconf 86' lang='lat' dir='ltr'><strong>lib.</strong></span> <span class='ocrx_word' id='word_1_844' title='bbox 2582 5287 2620 5337; x_wconf 85' lang='grc' dir='ltr'>ι,</span> <span class='ocrx_word' id='word_1_845' title='bbox 2651 5270 2783 5324; x_wconf 89' lang='lat' dir='ltr'><strong>diss.</strong></span> <span class='ocrx_word' id='word_1_846' title='bbox 2810 5272 2862 5325; x_wconf 91' lang='lat'><strong>8.</strong></span> 
     </span>
    </p>
   </div>
   <div class='ocr_carea' id='block_1_117' title="bbox 2182 5351 3800 5421">
    <p class='ocr_par' dir='ltr' id='par_1_117' title="bbox 2182 5351 3800 5421">
     <span class='ocr_line' id='line_1_117' title="bbox 2182 5351 3800 5421; baseline -0.004 -17"><span class='ocrx_word' id='word_1_847' title='bbox 2182 5352 2314 5421; x_wconf 90' lang='lat' dir='ltr'><strong>Cap.</strong></span> <span class='ocrx_word' id='word_1_848' title='bbox 2365 5353 2447 5404; x_wconf 86' lang='grc'><strong>16.</strong></span> <span class='ocrx_word' id='word_1_849' title='bbox 2487 5352 2885 5406; x_wconf 82' lang='lat' dir='ltr'><strong>Vocauerunt...</strong></span> <span class='ocrx_word' id='word_1_850' title='bbox 3042 5351 3199 5405; x_wconf 87' lang='lat' dir='ltr'><strong>deam</strong></span> <span class='ocrx_word' id='word_1_851' title='bbox 3227 5353 3511 5415; x_wconf 83' lang='lat' dir='ltr'><strong>Murciam,</strong></span> <span class='ocrx_word' id='word_1_852' title='bbox 3535 5360 3800 5420; x_wconf 62' lang='lat' dir='ltr'><strong>quaspra-</strong></span> 
     </span>
    </p>
   </div>
   <div class='ocr_carea' id='block_1_118' title="bbox 2111 5439 3796 5505">
    <p class='ocr_par' dir='ltr' id='par_1_118' title="bbox 2111 5439 3796 5505">
     <span class='ocr_line' id='line_1_118' title="bbox 2111 5439 3796 5505; baseline -0.003 -12"><span class='ocrx_word' id='word_1_853' title='bbox 2111 5445 2192 5494; x_wconf 79' lang='lat' dir='ltr'><strong>ter</strong></span> <span class='ocrx_word' id='word_1_854' title='bbox 2214 5439 2430 5494; x_wconf 89' lang='lat' dir='ltr'><strong>modum</strong></span> <span class='ocrx_word' id='word_1_855' title='bbox 2462 5444 2691 5493; x_wconf 78' lang='lat' dir='ltr'><strong>moveret</strong></span> <span class='ocrx_word' id='word_1_856' title='bbox 2719 5454 2787 5494; x_wconf 89' lang='lat' dir='ltr'><strong>ac</strong></span> <span class='ocrx_word' id='word_1_857' title='bbox 2804 5440 3011 5505; x_wconf 80' lang='lat' dir='ltr'><strong>faceret</strong></span> <span class='ocrx_word' id='word_1_858' title='bbox 3039 5440 3322 5503; x_wconf 85' lang='lat' dir='ltr'><strong>hominem,</strong></span> <span class='ocrx_word' id='word_1_859' title='bbox 3366 5445 3428 5493; x_wconf 86' lang='lat' dir='ltr'><strong>ut</strong></span> <span class='ocrx_word' id='word_1_860' title='bbox 3465 5442 3544 5493; x_wconf 89' lang='lat' dir='ltr'><strong>ait</strong></span> <span class='ocrx_word' id='word_1_861' title='bbox 3579 5441 3796 5503; x_wconf 85' lang='lat' dir='ltr'><strong>Pompo-</strong></span> 
     </span>
    </p>
   </div>
   <div class='ocr_carea' id='block_1_119' title="bbox 2105 5525 3793 5595">
    <p class='ocr_par' dir='ltr' id='par_1_119' title="bbox 2105 5525 3793 5595">
     <span class='ocr_line' id='line_1_119' title="bbox 2105 5525 3793 5595; baseline -0.002 -14"><span class='ocrx_word' id='word_1_862' title='bbox 2105 5530 2249 5595; x_wconf 84' lang='lat' dir='ltr'><strong>nius,</strong></span> <span class='ocrx_word' id='word_1_863' title='bbox 2282 5526 2611 5595; x_wconf 87' lang='lat' dir='ltr'><strong>murcidum,</strong></span> <span class='ocrx_word' id='word_1_864' title='bbox 2660 5525 2721 5580; x_wconf 91' lang='lat' dir='ltr'><strong>id</strong></span> <span class='ocrx_word' id='word_1_865' title='bbox 2748 5531 2826 5581; x_wconf 87' lang='lat' dir='ltr'><strong>est</strong></span> <span class='ocrx_word' id='word_1_866' title='bbox 2870 5527 3037 5581; x_wconf 84' lang='lat' dir='ltr'><strong>nimis</strong></span> <span class='ocrx_word' id='word_1_867' title='bbox 3086 5526 3421 5582; x_wconf 85' lang='lat' dir='ltr'><strong>desidiorum</strong></span> <span class='ocrx_word' id='word_1_868' title='bbox 3466 5530 3516 5580; x_wconf 82' lang='lat' dir='ltr'><strong>et</strong></span> <span class='ocrx_word' id='word_1_869' title='bbox 3560 5526 3793 5579; x_wconf 80' lang='lat' dir='ltr'><strong>inactuo-</strong></span> 
     </span>
    </p>
   </div>
  </div>
