3920 6180
58 313 148 365 465
814 309 1180 367 VARIORUM
1222 314 1822 373 EXERCITATIONES
1857 318 1925 373 IN
1964 321 2020 375 S.
2063 321 2431 379 AUGUSTlNl
2473 325 2724 381 OPERA.

3415 335 3520 389 466

59 429 204 500 sum.)
247 429 613 524 Tertullianus
661 429 730 484 de
776 430 1122 502 Spectaculis
1167 450 1290 505 cap.
1323 439 1354 490 8
1389 453 1402 490 :
1433 439 1708 493 Murciam
1745 440 1788 494 A
1828 445 2227 499 constituuntur
2259 447 2513 502 humana.
2551 451 2680 514 Qum
2705 453 2756 505 si
2776 457 3062 521 propterea
3088 458 3376 524 quisquam
3401 460 3520 523 fato

59 521 191 572 deam
231 519 481 570 marcoris
508 518 714 584 volunt,
758 522 847 573 cui
888 521 947 573 in
993 522 1088 574 illa
1123 528 1282 591 parte
1309 525 1474 579 aedem
1503 542 1711 581 vovere.

57 609 133 661 Sic
167 606 304 660 cnim
354 606 678 674 legendum,
725 623 839 660 non
887 612 1193 673 marmoris,
1245 617 1343 665 aut
1389 630 1607 681 amoris,
1653 618 1718 668 ut

56 694 330 748 emendant
357 694 640 748 nonnulli.
678 695 971 766 Nusquam
1003 703 1220 751 veteres
1249 700 1524 756 Murciam
1557 702 1714 755 illam

56 782 234 836 amoris
262 781 426 834 deam
470 798 588 834 esse
629 783 1027 852 prodiderunt,
1075 786 1171 840 sed
1218 789 1492 842 marcoris
1540 793 1596 844 et
1638 790 1716 859 ig-

55 872 230 938 navize;
253 886 382 924 nam
407 886 624 925 murcus
643 871 924 925 veteribus
947 873 1100 928 idem
1123 877 1275 946 quod
1295 877 1550 946 ignavus.
1576 879 1717 932 Hinc

56 959 286 1014 extremis
330 959 646 1013 Latinitatis
682 962 1052 1031 temporibus,
1097 979 1307 1018 murcos
1351 968 1717 1037 appellabant

50 1047 345 1120 joculariter
375 1047 478 1118 qui
509 1047 613 1102 sibi
656 1049 890 1118 pollices
931 1051 1329 1121 praeciderant,
1374 1049 1446 1107 ne
1492 1055 1709 1109 militiai

55 1151 230 1190 nomen
275 1135 496 1188 darent.
543 1136 877 1190 Ammianus
928 1139 1283 1194 Marcellinus
1331 1158 1343 1195 :
1386 1145 1491 1198 Nec
1535 1159 1716 1199 eorum

54 1223 312 1293 aliquando
343 1227 590 1293 quisque,
627 1231 686 1278 ut
723 1229 780 1280 in
822 1228 1005 1293 Italia,
1053 1245 1249 1283 munus
1292 1232 1548 1285 Martium
1586 1249 1714 1301 per-

54 1317 291 1366 timescens
323 1314 574 1382 pollicem
618 1315 727 1367 sibi
763 1317 1064 1384 prwscidit,
1107 1334 1238 1387 quos
1271 1320 1524 1388 jocaliter
1562 1338 1710 1375 mur-

53 1418 115 1455 cos
145 1403 428 1470 appellant.
471 1401 701 1456 Desides
732 1409 788 1457 et
831 1404 1063 1474 ignavos
1114 1411 1169 1460 et
1211 1407 1469 1461 imbelles
1499 1409 1578 1462 ita
1610 1428 1711 1462 v0-

55 1496 234 1544 carunt.
265 1491 518 1559 Murcus,
562 1493 862 1560 marcidus,
909 1498 975 1547 ut
1018 1498 1235 1563 ﬂaccus,
1279 1498 1555 1564 ﬂaceidus.
1607 1500 1710 1552 Fe-

55 1585 145 1630 stus
175 1592 185 1630 :
220 1576 548 1644 murcidum,
573 1580 850 1646 ignavum,
880 1581 1132 1644 stultum;
1168 1583 1401 1636 Plautus
1426 1599 1440 1636 :
1471 1586 1712 1638 murcide

55 1669 193 1735 homo,
227 1670 438 1736 ignave,
485 1670 651 1722 iners.
697 1669 835 1722 Male
883 1669 942 1722 in
986 1669 1150 1723 editis
1193 1673 1503 1740 murricide,
1555 1675 1709 1744 quod

53 1755 260 1826 Scaliger
311 1755 638 1825 exponebat
698 1765 984 1825 μυοκτόνον,
1047 1758 1152 1812 hoc
1211 1763 1295 1814 est
1350 1761 1704 1816 muricidam.

55 1845 296 1898 Arnobius
329 1861 342 1898 :
376 1847 614 1911 Murcia,
660 1849 905 1913 segnium
946 1847 1064 1901 dea.
1121 1849 1248 1901 Hmc
1287 1849 1512 1920 aliaque
1542 1850 1713 1903 habet

56 1934 211 1986 Claud.
253 1933 566 1987 Salmasius
618 1934 677 1986 in
724 1934 980 1988 Solinum
1029 1953 1158 2007 pag.
1189 1939 1304 2007 ,636
1345 1937 1433 1991 ed.
1473 1938 1710 2008 Ultraje-

55 2023 202 2076 ctinze.

109 2112 217 2181 Cap.
255 2114 334 2164 l9.
373 2112 612 2164 Tantum
641 2127 769 2166 sane
809 2113 953 2177 huic,
996 2114 1138 2168 velut
1174 2117 1404 2178 numini,
1442 2116 1709 2181 tribuunt,

56 2216 181 2267 quam
212 2202 506 2254 Fortunam
547 2206 758 2265 vocant,
804 2206 864 2254 ut
908 2203 1258 2256 simulacrum
1299 2204 1436 2271 ejus,
1490 2204 1632 2271 quod
1679 2220 1712 2256 a

57 2288 270 2342 matronis
316 2289 635 2342 dedicatum
675 2294 774 2354 est,
820 2292 983 2344 etiam
1027 2293 1257 2345 locutum
1301 2307 1411 2345 esse
1447 2295 1712 2346 memoriae

57 2377 519 2438 commendaverint,
553 2382 714 2444 atque
745 2377 951 2431 dixisse
989 2394 1094 2431 non
1133 2380 1310 2443 semel,
1351 2380 1445 2432 sed
1492 2381 1708 2446 iterum,

60 2466 166 2531 quod
198 2481 304 2518 eam
344 2467 451 2518 rite
493 2470 754 2518 matrona:
793 2465 1212 2536 dedicaverint.]
1246 2466 1500 2520 Valerius
1531 2468 1706 2521 Maxi-

63 2570 154 2606 mus
183 2553 270 2607 lib.
305 2570 340 2618 ι,
374 2570 505 2623 cap.
543 2555 573 2606 8
609 2554 860 2623 Exempl.
905 2555 1068 2610 Rom.
1116 2559 1168 2620 4,
1211 2571 1274 2608 ex
1313 2556 1708 2610 emendatione

65 2643 161 2694 iusti
189 2642 350 2712 Lipsii
395 2659 408 2695 :
459 2643 582 2695 Non
629 2643 788 2695 semel
821 2643 915 2695 sed
945 2644 1024 2696 bis
1057 2645 1286 2696 locutum
1317 2643 1706 2712 (simulacrum)

66 2733 264 2796 caretitit,
311 2732 392 2784 his
438 2732 600 2800 prius
640 2731 818 2784 verbis
867 2750 883 2784 :
936 2749 1052 2785 RITE
1101 2748 1190 2798 ne,
1244 2748 1526 2794 mamonae,
1568 2747 1709 2785 VIDI-

63 2835 158 2885 sns;
197 2820 380 2872 deinde
425 2837 440 2871 :
493 2819 626 2871 Ηιτε
664 2835 914 2873 DlCASTlS.
964 2820 1100 2883 Quae
1146 2835 1278 2872 vera
1316 2825 1399 2873 est
1428 2820 1616 2886 lectio,
1654 2823 1709 2872 et

60 2921 144 2973 prze
168 2909 328 2960 oculis
357 2906 684 2977 Augustino
716 2907 887 2961 fuisse
918 2908 1160 2961 videtur.

1829 531 2040 597 tribuit,
2075 536 2205 600 quia
2243 539 2417 603 ipsam
2465 540 2558 590 Dei
2595 540 2922 594 voluntatem
2959 543 3041 595 vel
3068 549 3381 610 potestatem
3410 549 3522 612 fati

1825 623 2036 673 nomine
2077 624 2335 690 appellat,
2385 628 2701 680 sententiam
2739 633 2932 693 teneat,
2977 632 3215 698 linguam
3258 637 3516 701 corrigat.

1827 709 1936 762 Cur
1984 711 2125 762 enim
2181 726 2284 763 non
2337 713 2430 765 hoc
2489 716 2726 780 primum
2783 717 2938 784 dicit,
2996 721 3140 787 quod
3187 728 3376 789 postea
3425 724 3519 776 di-

1827 801 2012 851 cturus
2069 803 2186 865 est,
2237 816 2355 852 cum
2415 803 2482 854 ab
2537 804 2629 855 illo
2696 808 2989 874 quisquam
3047 812 3323 878 quaesierit
3384 813 3520 880 quid

1827 885 2032 939 dixerit
2076 887 2320 958 fatumﬂ
2372 890 2761 946 Pulcherrima
2813 896 3066 963 profecto
3126 900 3408 952 sententia
3465 905 3520 954 et

1820 973 1998 1044 digna
2074 991 2203 1046 quae
2283 977 2472 1030 aureis
2548 979 2750 1033 litteris
2816 983 3156 1038 inscribatur
3221 987 3518 1042 auditoriis

1824 1065 2302 1135 philosophorum
2338 1071 2393 1118 et
2419 1067 2841 1138 theologorum,
2874 1076 2936 1125 ut
2962 1073 3175 1128 discant
3202 1075 3354 1130 illico
3387 1094 3514 1147 per-

1824 1153 2016 1223 spicue
2073 1152 2257 1223 loqui;
2315 1170 2428 1224 quo
2473 1158 2876 1226 compendium
2929 1161 3204 1230 temporis
3252 1163 3368 1228 ﬁat,
3424 1180 3517 1217 ex-

1823 1242 2086 1312 pulsione
2121 1247 2204 1295 tot
2229 1242 2488 1298 inanium
2520 1245 2842 1312 verborum,
2877 1265 3004 1318 quae
3045 1249 3517 1318 explicationibus

1821 1330 2058 1401 prolixis
2114 1330 2400 1400 indigent;
2459 1336 2514 1386 et
2563 1334 2771 1403 quibus
2821 1335 3048 1401 auditis,
3100 1337 3241 1390 nihil
3289 1339 3515 1407 quidem

1823 1418 1974 1485 novi,
2017 1420 2084 1470 ad
2137 1436 2225 1472 res
2265 1419 2415 1490 ipsas
2447 1423 2595 1490 quod
2632 1423 2855 1490 attinet,
2891 1424 3181 1490 discimus,
3217 1427 3312 1479 sed
3345 1426 3518 1480 intel-

1825 1507 2055 1576 ligimus
2107 1507 2379 1561 duntaxat
2426 1509 2748 1564 scholastici
2799 1513 3078 1566 sermonis
3126 1530 3312 1567 usum.
3365 1516 3517 1568 Hanc

1823 1600 2014 1649 autem
2048 1596 2499 1650 admonitionem
2539 1598 2606 1651 de
2639 1601 2758 1665 fato
2801 1601 3178 1654 necessariam
3218 1601 3386 1655 fuisse
3429 1602 3518 1655 in-

1824 1684 2040 1754 telliget
2072 1685 2328 1754 quisquis
2358 1686 2508 1755 leget
2536 1687 2987 1742 dissertationem
3028 1693 3090 1743 t2
3131 1695 3185 1743 et
3216 1696 3516 1760 sequentes

1824 1775 1920 1829 lib.
1955 1793 1970 1827 1
2009 1774 2383 1844 Pbysiologim
2424 1775 2743 1830 Stoicorum
2783 1793 2814 1829 a
2845 1779 3003 1831 Justo
3048 1779 3233 1849 Lipsio
3264 1781 3513 1834 conscri-

1820 1867 1953 1932 ptm,
2003 1862 2100 1915 ubi
2146 1862 2324 1915 fatum
2375 1863 2469 1914 ille
2519 1864 2806 1916 contendit
2854 1865 3115 1919 effectum
3162 1883 3281 1920 esse
3327 1869 3512 1938 provi-

1821 1950 2028 2004 dentiae
2089 1950 2317 2019 divinae,
2376 1952 2527 2021 quod
2575 1956 2631 2006 et
2681 1957 2899 2006 veteres
2949 1955 3158 2008 multos
3208 1955 3512 2010 credidisse

1820 2039 2088 2093 ostendit.

1891 2128 2024 2198 Cap.
2061 2130 2142 2181 l0.
2179 2129 2485 2198 Postquam
2521 2145 2643 2199 cap.
2671 2131 2700 2182 9
2731 2130 3033 2199 proposuit
3061 2131 3510 2202 argumentatio-

1817 2233 1950 2270 nem
1983 2217 2289 2278 Ciceronis,
2324 2233 2436 2288 qua
2472 2218 2715 2287 probare
2753 2219 3083 2280 conabatur,
3120 2221 3169 2274 si
3200 2221 3334 2290 quid
3367 2225 3512 2274 esset

1818 2306 1876 2359 in
1925 2310 2120 2358 nostra
2162 2310 2462 2376 potestate,
2519 2307 2575 2360 id
2622 2323 2654 2359 a
2700 2309 2813 2361 Deo
2857 2312 3009 2361 certo
3044 2325 3158 2362 non
3191 2308 3508 2378 praevideri,

1818 2393 1951 2464 quia
1983 2397 2208 2464 poterat
2242 2410 2354 2446 non
2379 2395 2737 2463 contingere;
2763 2399 2862 2448 aut
2882 2395 2928 2448 si
2951 2395 3146 2448 omnia
3166 2412 3199 2449 a
3221 2397 3330 2448 Deo
3353 2399 3507 2448 certo

1814 2481 2288 2552 prmviderentur,
2331 2482 2474 2535 nihil
2518 2497 2640 2535 esse
2685 2481 2743 2536 in
2793 2488 2989 2536 nostra
3035 2489 3335 2554 potestate,
3377 2485 3511 2554 quia

1816 2569 2134 2623 necessario
2165 2570 2358 2622 omnia
2387 2571 2606 2624 tierent.
2645 2570 2840 2639 Capite
2880 2573 2944 2625 10
2976 2573 3280 2641 respondet
3309 2575 3509 2642 Augu-

1815 2658 2020 2725 stinus,
2053 2657 2151 2710 sed
2197 2659 2273 2710 ita
2302 2662 2364 2710 ut
2407 2657 2521 2711 vim
2566 2658 2902 2728 objectionis
2946 2676 3063 2714 non
3101 2661 3363 2724 sensisse,
3409 2666 3510 2714 aut

1817 2746 2220 2810 dissimulasse,
2251 2746 2309 2814 lsi
2358 2745 2556 2813 sensit,
2604 2747 2885 2802 videatur.
2940 2750 3058 2804 Non
3105 2764 3244 2814 ergo,
3299 2749 3504 2818 inquit,

1815 2841 2100 2905 propterea
2128 2835 2269 2887 nihil
2299 2838 2376 2887 est
2407 2836 2463 2887 in
2489 2839 2674 2888 nostra
2706 2836 2997 2900 voluntate,
3029 2838 3160 2902 quia
3194 2837 3337 2890 Deus
3363 2852 3504 2904 pra?-

1814 2926 1975 2979 scivit
2015 2922 2150 2990 quid
2190 2925 2440 2988 futurum
2483 2928 2616 2975 esset
2655 2925 2711 2977 in
2756 2929 2945 2977 nostra
2990 2926 3278 2978 voluntate.
3319 2927 3386 2978 At
3424 2923 3507 2977 Ci-

109 2996 214 3064 Cap.
257 2999 343 3049 2t.
393 2999 548 3050 Dirae
593 2995 931 3067 Fructeseae.J
985 2995 1187 3066 Scripti
1236 2995 1457 3048 codices
1502 2997 1701 3065 Augu-

1886 3027 1942 3064 ro
1977 3010 2195 3064 dixerat
2224 3009 2285 3062 in
2321 3015 2506 3063 nostra
2531 3015 2808 3078 potestate,
2845 3012 2952 3065 hoc
2999 3017 3099 3078 est,
3146 3013 3300 3082 quod
3339 3019 3507 3083 pote-

59 3083 156 3136 stini
183 3086 356 3151 (verba
387 3091 530 3138 sunt
563 3085 754 3139 Claud.
789 3085 1048 3138 Salmasii
1081 3085 1151 3138 ad
1180 3084 1436 3138 Solinum
1472 3099 1601 3154 pag.
1637 3086 1704 3137 50

59 3173 120 3225 ed.
154 3174 439 3244 Htraject.)
475 3189 623 3243 quos
653 3173 713 3226 in
743 3173 1043 3227 Germania
1075 3173 1213 3227 olim
1250 3172 1494 3226 vidimus
1523 3172 1719 3244 habe--

58 3259 235 3324 hebant,
276 3266 435 3330 atque
483 3263 598 3330 ipsi
637 3263 875 3314 maxime
912 3261 1049 3315 divae
1093 3264 1281 3315 Frutes
1320 3263 1449 3326 Sese,
1483 3260 1542 3313 in
1583 3261 1705 3313 aliis

61 3353 162 3413 erat,
189 3351 476 3404 Frutisseae.
517 3349 818 3419 Scripsisse
848 3350 1230 3419 Augustinum
1264 3347 1470 3418 opinor
1503 3365 1515 3402 :
1551 3349 1706 3402 Diva?

59 3436 212 3501 frugis,
248 3439 391 3492 Scite.
429 3439 615 3492 Sciam
651 3436 734 3490 vel
777 3438 933 3491 Seam
974 3442 1137 3490 vocat
1167 3437 1335 3490 deam
1378 3435 1580 3505 frugis,
1613 3436 1704 3488 cui

61 3526 256 3579 maxime
285 3526 551 3598 agricolas
573 3524 972 3595 supplicabant
993 3529 1054 3578 ut
1073 3525 1393 3578 ubertatem
1415 3523 1702 3577 fructuum

62 3613 364 3670 secundaret.
405 3616 568 3668 Hanc
596 3613 745 3667 idem
777 3613 1130 3682 Augustinus
1161 3612 1256 3666 lib.
1291 3627 1364 3678 ιν,
1393 3627 1516 3680 cap.
1550 3613 1602 3673 8,
1636 3627 1702 3664 ex

63 3699 256 3756 Varrone
299 3703 432 3756 dicit
472 3701 768 3772 segetibus
812 3699 1180 3771 prmpositam
1219 3699 1412 3760 fuisse,
1449 3699 1703 3770 quandiu

61 3787 134 3839 sub
171 3794 305 3844 terra
347 3795 570 3846 essent.
626 3789 842 3844 Plinius
892 3806 921 3842 a
971 3789 1214 3843 serendo
1264 3789 1444 3843 Sciam
1493 3788 1701 3842 dictam

60 3881 268 3931 autumat
294 3879 388 3933 lib.
428 3895 590 3948 xvui,
620 3894 743 3948 cap.
776 3882 829 3932 2.

109 3964 217 4035 Cap.
255 3970 334 4021 3t.
366 3969 524 4022 Dicit
569 3967 710 4020 idem
757 3970 944 4020 auctor
975 3967 1324 4020 acutissimus
1355 3964 1584 4035 (Varro)
1617 3970 1701 4018 at-

59 4067 133 4117 que
156 4054 466 4110 doctissimus
505 4055 650 4124 quod
679 4056 738 4108 hi
783 4055 885 4108 soli
928 4057 978 4108 ei
1025 4054 1316 4108 videantur
1354 4053 1701 4107 animadver-

59 4142 154 4192 tisse
181 4144 300 4210 quid
326 4149 455 4198 esset
489 4147 650 4208 Deus,
681 4145 778 4211 qui
806 4143 1152 4196 crediderunt
1180 4159 1298 4196 eum
1327 4157 1434 4196 esse
1461 4144 1701 4194 animum

60 4233 167 4280 metu
195 4247 246 4284 ac
273 4235 474 4286 ratione
507 4232 769 4286 mundum
800 4229 1232 4301 gubernantem]
1263 4233 1377 4284 Vox
1407 4236 1570 4296 motu,
1606 4229 1700 4284 in-

61 4316 152 4383 quit
190 4319 364 4373 Justus
412 4320 637 4391 Lipsius
689 4319 1065 4391 Physiologiae
1114 4319 1434 4374 Stoicorum
1488 4318 1586 4372 lib.
1639 4335 1697 4384 ιι,

62 4403 238 4461 dissert.
269 4411 346 4473 t0,
377 4425 496 4462 non
531 4408 768 4462 omnino
797 4407 1172 4473 disconvenit,
1204 4407 1404 4475 fateor,
1423 4411 1495 4475 get
1513 4406 1699 4459 verius

64 4492 212 4546 tamen
254 4497 474 4550 credam
524 4501 715 4550 mente.
769 4496 986 4564 Cicero,
1033 4496 1053 4548 Ι
1102 4496 1272 4549 Acad.
1317 4496 1385 4549 de
1433 4495 1631 4550 Stoicis
1682 4511 1694 4548 :

66 4579 272 4636 Mundam
309 4591 505 4638 natura
536 4587 794 4638 sentiente
830 4586 1016 4649 teneri,
1048 4586 1108 4636 in
1138 4599 1247 4651 qua
1284 4586 1425 4637 ratio
1459 4585 1700 4652 perfecta

66 4666 177 4735 insit,
217 4687 325 4738 qua
360 4675 432 4728 sit
469 4673 654 4726 eadem
693 4674 1040 4741 sempiterna.
1093 4671 1262 4736 Quam
1311 4673 1421 4724 vim
1459 4673 1698 4724 animum

66 4768 145 4807 esse
168 4758 336 4814 dicunt
364 4762 574 4827 mundi,
600 4761 942 4828 eamdemque
957 4775 1066 4814 esse
1085 4765 1309 4813 mentem
1337 4761 1698 4828 sapientiam-

67 4857 141 4907 Ἱυε
175 4851 471 4916 perfectam,
521 4866 682 4918 quam
735 4853 898 4903 Deum
945 4849 1151 4902 dicunt.
1208 4847 1359 4902 Nihil
1405 4853 1595 4901 tamen
1638 4848 1699 4900 in

65 4933 247 5001 vulgata
273 4937 506 4992 lectione
547 4939 889 4992 mutandum
937 4953 1042 5007 ego
1091 4936 1325 5008 quidem
1364 4953 1588 5002 censeo,
1622 4937 1697 4988 sic

66 5019 184 5075 enim
206 5023 368 5079 ferme
399 5028 618 5080 locutus
645 5031 728 5080 est
754 5026 1036 5091 Manilius,
1065 5042 1181 5079 non
1205 5025 1399 5096 procul
1430 5025 1499 5079 ab
1531 5025 1697 5078 initio

70 5106 164 5162 libri
191 5128 242 5178 n,
273 5114 363 5167 ubi
393 5115 526 5169 dicit
555 5115 664 5169 sibi
694 5115 1068 5170 constitutum
1110 5131 1229 5168 esse
1271 5131 1471 5168 canere
1519 5115 1695 5168 Deum

69 5198 216 5252 omnia
241 5204 621 5258 moderantem

157 5322 423 5388 Totamque
453 5327 654 5376 alterno
684 5341 946 5376 consensu
976 5327 1152 5376 vivere
1181 5326 1440 5375 mundum

160 5383 210 5451 Et
232 5383 444 5451 nitens
474 5390 554 5451 agi
585 5404 737 5446 now,
769 5404 888 5438 cum
920 5389 1135 5451 spiritus
1165 5403 1301 5437 unus

165 5445 245 5494 Per
273 5450 466 5498 vinctas
496 5445 690 5501 Habitet
719 5445 910 5514 partes,
942 5445 1039 5500 étc.

128 5556 262 5615 lieno
297 5582 346 5619 v.
387 5567 518 5638 Cap.
565 5572 610 5622 l.
653 5570 877 5623 Prorsus
918 5567 1109 5622 divina
1149 5565 1496 5636 providentia
1532 5581 1699 5632 regna

1815 3116 2007 3153 ramus
2039 3100 2188 3152 nolle
2219 3102 2317 3152 aut
2343 3099 2515 3163 velle;
2559 3099 2636 3152 ita
2679 3104 2740 3153 ut
2785 3101 2853 3154 ad
2896 3101 3236 3155 alterutrum
3267 3118 3382 3156 non
3413 3119 3506 3155 es-

1815 3191 1900 3240 set
1940 3186 2254 3240 necessario
2301 3186 2512 3239 inflexa
2555 3187 2842 3252 voluntas;
2895 3189 3376 3258 quemadmodum
3422 3195 3508 3243 est

1816 3280 2021 3329 natura
2047 3291 2149 3328 sua
2176 3274 2254 3327 ita
2287 3274 2505 3336 affecta,
2543 3280 2607 3328 ut
2637 3275 2857 3330 veritati
2884 3277 3200 3331 manifestas
3234 3278 3504 3332 assentia-

1812 3368 1928 3428 tur,
1964 3366 2138 3431 utque
2168 3362 2580 3416 beatitudinem
2615 3368 2788 3433 optet.
2823 3364 3174 3434 Augustinus
3216 3365 3328 3433 hic,
3360 3370 3422 3419 ut
3453 3371 3509 3419 et

1812 3450 1970 3518 alibi,
2012 3451 2378 3504 voluntarium
2410 3454 2467 3503 et
2505 3450 2730 3504 liberum
2760 3450 3078 3518 confundit,
3125 3467 3255 3521 qum
3293 3451 3351 3504 in
3384 3467 3506 3504 om-

1815 3537 1975 3590 nium
2010 3536 2308 3590 hominum
2340 3551 2603 3589 sermone
2633 3537 2898 3592 distincta
2941 3542 3101 3604 sunt;
3139 3555 3271 3592 nam
3306 3538 3504 3591 volun-

1812 3629 1926 3678 tate
1971 3625 2201 3695 quidem
2249 3624 2592 3678 assentimur
2646 3625 2894 3679 evidenti
2951 3626 3356 3695 enuntiationi,
3409 3626 3506 3678 sed

1813 3729 1930 3766 non
1970 3713 2178 3778 libere;
2223 3717 2278 3766 et
2324 3713 2612 3766 voluntate
2661 3713 2924 3767 similiter
2967 3714 3229 3784 cupimus
3276 3714 3506 3767 felicita-

1810 3807 1950 3865 tem,
2004 3802 2100 3855 sed
2149 3817 2267 3854 non
2313 3801 2520 3867 libere;
2571 3817 2757 3871 neque
2808 3802 2960 3855 enim
3003 3818 3304 3872 possumus
3351 3802 3506 3854 nolle

1813 3889 2166 3943 evidentibus
2209 3889 2469 3941 assentiri
2517 3895 2616 3942 aut
2662 3891 2814 3942 nolle
2864 3905 2984 3942 esse
3031 3889 3241 3954 felices,
3294 3894 3395 3942 aut
3435 3889 3504 3942 de

1813 3979 1965 4032 hisce
1997 3977 2330 4031 deliberare.
2367 3977 2566 4031 Subdit
2598 3994 2609 4030 :
2643 3980 2761 4033 Non
2791 3979 2930 4030 enim
2959 3979 3056 4046 qui
3087 3977 3180 4030 hoc
3208 3979 3501 4045 praesciuit,

1811 4067 1954 4120 nihil
1973 4067 2268 4134 presset-vit.
2309 4065 2512 4117 Verum
2543 4081 2660 4118 non
2693 4064 2921 4134 negavit
2951 4065 3144 4118 Cicero
3184 4065 3361 4118 Deum
3392 4064 3502 4118 ali-

1811 4155 1950 4227 quid
1981 4152 2266 4224 prmscire,
2304 4153 2397 4204 sed
2429 4153 2705 4205 duntaxat
2743 4168 2871 4222 qua:
2912 4156 3044 4205 sunt
3073 4151 3267 4205 libera.
3313 4154 3498 4218 Porro,

1811 4242 1892 4296 ait
1918 4239 2290 4310 Augustinus,
2321 4241 2371 4293 si
2397 4242 2487 4293 ille
2517 4239 2652 4307 quid
2677 4242 2949 4308 praesciuit
2981 4241 3113 4307 quid
3143 4242 3392 4304 futurum
3415 4255 3504 4294 es-

1811 4338 1889 4387 set
1918 4333 1974 4383 in
2000 4334 2186 4383 nostra
2216 4330 2508 4394 voluntate,
2555 4344 2660 4382 non
2710 4331 2897 4397 utique
2942 4329 3102 4391 nihil,
3150 4329 3244 4381 sed
3288 4330 3502 4398 aliquid

1805 4421 2082 4491 przscivit
2113 4419 2352 4487 profecto
2381 4423 2429 4472 et
2458 4418 2550 4470 illo
2576 4420 2910 4486 pravsciente,
2950 4423 3027 4470 est
3058 4417 3274 4485 aliquid
3316 4419 3372 4471 in
3400 4434 3502 4472 no-

1808 4508 1927 4556 stra
1970 4505 2262 4558 voluntate.
2316 4505 2522 4559 Verum
2572 4509 2673 4571 est,
2718 4506 2816 4559 sed
2848 4505 3040 4559 Cicero
3074 4510 3332 4576 negasset
3360 4507 3501 4562 illud

1810 4592 1968 4662 quod
1997 4592 2056 4645 in
2085 4597 2279 4646 nostra
2309 4594 2596 4647 voluntate
2637 4595 2895 4648 futurum
2925 4594 3151 4665 prmscit
3185 4598 3349 4661 Deus,
3381 4613 3501 4651 esse

1810 4680 1868 4733 in
1914 4686 2098 4735 nostra
2143 4686 2435 4750 potestate;
2487 4681 2677 4750 qualia
2728 4688 2863 4736 sunt
2909 4688 3107 4753 optare
3151 4683 3500 4754 felicitatem,

1806 4769 2236 4839 perspicuisque
2267 4769 2558 4834 assentiri;
2595 4786 2722 4839 qum
2761 4776 2895 4824 sunt
2932 4772 3162 4841 quidem
3197 4772 3255 4824 in
3293 4773 3500 4826 volun-

1808 4860 1921 4909 tate
1969 4861 2182 4922 nostra,
2231 4856 2484 4910 volentes
2526 4858 2678 4910 enim
2725 4859 3066 4912 assentimur
3114 4864 3169 4912 et
3213 4859 3494 4929 cupimus,

1808 4945 1903 4998 sed
1936 4961 2049 4998 non
2080 4947 2137 4997 in
2164 4950 2351 4999 nostra
2379 4949 2660 5014 potestate,
2697 4963 2827 4999 cum
2864 4947 2924 5000 in
2955 4947 3239 5000 contraria
3272 4946 3352 5000 ire
3385 4963 3497 5000 non

1808 5034 2111 5104 possimus.

1881 5122 2142 5186 Quocirca
2186 5123 2334 5176 nullo
2380 5122 2534 5176 modo
2577 5125 2843 5190 cogimur,
2894 5123 3082 5194 inquit
3128 5122 3498 5192 philosophus

1811 5212 2034 5274 Poenus,
2079 5215 2173 5264 aut
2214 5217 2421 5264 retenta
2465 5215 2809 5280 praescit'ntia
2845 5214 2940 5264 Dei
2982 5213 3160 5264 tollere
3203 5213 3498 5268 voluntatis

1807 5300 2097 5352 arbitrium
2123 5300 2248 5367 (cur
2280 5317 2395 5352 non
2428 5300 2582 5353 addit
2610 5301 2835 5354 liberum
2850 5301 2922 5366 1’),
2953 5304 3050 5352 aut
3079 5305 3280 5354 retento
3308 5303 3497 5357 volun-

1810 5390 1938 5441 tatis
1968 5388 2199 5442 arbitrio
2227 5388 2580 5456 (addendum
2616 5393 2738 5442 erat
2765 5388 2944 5448 libero,
2976 5387 3081 5441 hoc
3105 5392 3187 5441 est
3206 5388 3264 5442 in
3289 5393 3500 5445 utram-

1811 5493 1921 5546 que
1967 5483 2190 5546 partem
2240 5477 2452 5545 flexili),
2512 5479 2690 5540 Deum,
2742 5476 2886 5543 quod
2939 5479 3096 5542 nefas
3151 5481 3249 5545 est,
3301 5492 3500 5546 negare

1806 5568 2086 5633 praescium
2161 5568 2488 5630 futurorum.
2568 5565 2672 5618 Sed
2743 5570 3030 5632 utrumque
3103 5566 3495 5633 amplectimur,
