3884 6178
360 322 460 374 467

1370 321 1928 379 SUPPLEMENTUM
1970 325 2059 378 AD
2097 324 2327 380 OPERA
2357 325 2411 377 S.
2457 321 2846 379 AUGUSTINI.
3702 336 3780 390 468

361 451 651 514 utrumque
682 443 912 513 ﬁdeliter
939 448 988 495 et
1017 443 1279 494 veraciter
1307 445 1644 510 conﬁtemur;
1679 443 1818 496 illud
1847 448 1906 495 ut
1937 444 2062 496 bene
2101 445 2140 498 A
2175 444 2492 497 redderetur
2539 456 2734 495 merces
2785 441 2936 494 bonis
2991 437 3202 492 artibus
3254 452 3440 505 eorum,
3490 441 3544 494 id
3588 450 3654 498 est
3696 453 3786 502 τίν-

361 535 672 597 credamus;
705 533 902 586 hoc‘ut
948 531 1072 583 bene
1112 531 1378 584 rivamus.
1428 533 1569 584 Male
1612 535 1789 584 autem
1832 533 2059 597 vivitur,

358 625 408 676 si
435 622 500 674 de
531 625 628 674 Deo
670 635 775 674 non
819 620 941 671 bene
988 617 1245 670 creditur.
1301 619 1594 672 Postrema
1639 619 1762 672 hinc
1815 619 2066 673 libenter

366 707 782 776 amplectimur,
818 705 912 757 sed
957 704 999 756 si
1049 704 1242 758 Cicero
1274 704 1540 758 excitatus
1582 722 1649 759 ex
1681 722 1812 759 orco
1843 706 2060 774 fuisset,

365 801 464 850 aut
506 795 553 849 si
603 793 1004 850 Ciceronianus
1051 793 1259 864 aliquis
1307 793 1681 864 philosophus
1719 795 2067 866 reposuisset

364 883 706 952 Augustino,
749 885 1015 951 negasset
1063 883 1132 935 ab
1183 882 1500 952 Augustino
1544 883 1779 936 retineri
1821 883 2066 938 liberum

365 970 697 1036 arbitrium;
738 970 892 1040 quod
921 985 1023 1022 nec
1053 969 1150 1022 ille
1180 969 1476 1033 diffitetur,
1512 987 1640 1024 cum
1669 975 1825 1024 extra
1850 975 2068 1026 contro-

365 1061 563 1115 versiae
594 1064 798 1114 testam
829 1059 1104 1130 loquitur.
1138 1059 1274 1114 Vide
1308 1059 1673 1114 Enchiridion
1707 1060 1773 1114 ad
1808 1061 2066 1115 Lauren-

365 1149 511 1203 tium
537 1165 660 1220 cap.
692 1151 779 1215 30,
814 1148 874 1201 in
900 1152 1058 1202 tomo
1085 1149 1175 1201 Vl.

440 1239 632 1309 Pergit
665 1254 679 1292 :
720 1238 952 1292 Proinde
993 1253 1100 1291 non
1140 1238 1354 1303 frustra
1384 1241 1510 1292 sunt
1538 1238 1695 1305 leges,
1731 1237 2065 1307 objurgatio-

365 1344 477 1394 nes,
538 1328 957 1386 exhortationes,
1019 1326 1204 1379 laudes
1249 1330 1298 1378 et
1342 1328 1798 1394 vituperationes;
1846 1329 1978 1395 quia
2019 1330 2070 1380 et

366 1420 517 1486 ipsas
547 1418 768 1482 futuras
798 1429 907 1469 esse
931 1417 1206 1483 praesciuit
1248 1418 1297 1467 et
1326 1416 1504 1468 valent
1542 1415 1846 1482 plurimum,
1885 1430 2065 1483 quan-

369 1510 482 1558 tum
524 1519 613 1558 eas
655 1505 926 1557 valituras
975 1517 1084 1557 esse
1130 1504 1432 1571 praesciuit;
1486 1506 1535 1556 et
1571 1517 1756 1570 preces
1784 1503 1965 1556 ualent
1993 1502 2068 1555 ad

368 1609 432 1647 ea
461 1591 842 1661 impetranda;
889 1607 1008 1660 quae
1051 1606 1105 1644 se
1148 1591 1498 1660 precantibus
1543 1606 1912 1644 concessurum
1958 1606 2068 1645 esse

365 1683 673 1751 praesciuit;
703 1685 754 1734 et
768 1681 918 1749 juste
944 1682 1174 1748 przmia
1205 1680 1353 1733 bonis
1382 1681 1566 1746 factis,
1601 1683 1650 1732 et
1672 1681 1907 1747 peccatis
1936 1694 2065 1748 sup-
2098 1729 2138 1784 Β

365 1773 536 1840 plicia
593 1771 884 1823 constituta
925 1772 1070 1822 sunt.
1121 1769 1370 1837 Utraque
1420 1770 1610 1820 essent
1655 1765 1887 1835 injuste,
1939 1766 1985 1818 si
2037 1782 2069 1818 a

371 1858 536 1913 bonis
567 1857 727 1912 factis
758 1861 813 1911 et
839 1856 1087 1926 peccatis
1113 1856 1399 1910 abstinere
1428 1871 1541 1908 non
1567 1853 1751 1925 magis
1773 1869 2071 1924 possemus

372 1963 547 2018 quam
605 1946 675 2000 ab
734 1961 966 1999 assensu
1015 1945 1324 2015 praebendo
1369 1943 1620 1998 evidenti
1667 1942 2067 2008 enuntiationi,

371 2040 470 2090 aut
501 2053 532 2089 a
561 2033 1013 2104 concupiscenda
1043 2033 1419 2087 beatitudine.
1457 2032 1698 2103 Reliqua
1728 2031 1903 2086 etiam
1943 2031 2072 2086 ideo

374 2139 494 2178 non
539 2124 747 2178 frustra
777 2126 930 2188 sunt,
976 2122 1128 2191 quod
1174 2120 1436 2174 homines
1467 2119 1582 2173 sint
1608 2119 1796 2185 liberi,
1829 2120 1938 2173 hoc
1967 2124 2072 2188 est,

375 2229 489 2267 non
547 2216 773 2264 tantum
815 2211 1048 2263 volentes
1098 2213 1356 2278 peccent,
1416 2224 1578 2261 mens
1623 2209 1777 2262 enim
1821 2209 2074 2262 humana

377 2315 493 2352 non
522 2297 687 2350 aliter
711 2312 884 2366 quam
910 2296 1154 2350 volendo
1186 2295 1325 2365 agit,
1359 2294 1458 2348 sed
1489 2294 1662 2348 etiam
1687 2294 1885 2360 libere,
1912 2295 1992 2348 ita
2013 2299 2077 2349 ut

375 2388 527 2442 nolle
557 2385 850 2456 potuerint
893 2384 1044 2455 quod
1075 2383 1383 2450 voluerint,
1427 2387 1485 2437 et
1514 2383 1654 2436 velle
1683 2383 1835 2453 quod
1866 2384 2074 2437 nolue-

377 2479 530 2528 runt.
580 2475 796 2542 Legum
840 2489 982 2544 quas
1031 2473 1179 2526 Deus
1227 2472 1336 2526 fert
1381 2472 1656 2526 creaturis
1713 2471 1904 2526 liberis
1961 2488 2076 2525 non

375 2568 459 2617 est
504 2562 646 2615 ratio
696 2561 1071 2632 praescientia,
1114 2561 1213 2615 sed
1255 2560 1565 2614 sanctitatis
1616 2560 1715 2614 Dei
1763 2565 1816 2614 et
1854 2564 2073 2614 creatu-

381 2643 572 2704 rarum
605 2650 860 2704 libertas.

449 2741 631 2807 Neque
662 2741 802 2792 enim
837 2739 954 2792 ideo
986 2742 1170 2806 peccat
1211 2738 1382 2803 homo,
1430 2738 1562 2805 quia
1600 2739 1737 2790 Deus
1771 2737 1925 2790 illum
1949 2752 2074 2805 pec-

379 2832 626 2882 caturum
657 2842 768 2881 esse
795 2829 1089 2896 praesciuit.
1133 2825 1380 2881 Melioris
1432 2830 1582 2879 nota:
1626 2825 1862 2892 codices,
1898 2831 1960 2878 ut
1990 2829 2074 2878 te-

379 2920 602 2971 stantur
650 2915 1022 2981 Benedictini,
1068 2915 1301 2984 habent,
1346 2914 1440 2968 hic
1486 2930 1498 2967 :
1543 2916 1725 2982 Neque
1768 2917 1907 2968 enim
1960 2914 2077 2967 ideo

2178 533 2382 586 tutibus
2414 531 2608 601 quibus
2636 530 2708 583 ad
2729 533 2938 582 tantam
2967 528 3196 595 gloriam
3218 530 3476 593 pervenire
3493 531 3783 590 nitebantur.‘

2177 624 2357 673 Antea
2386 624 2576 672 tamen
2613 616 2866 671 ostendit
2904 631 2998 668 eas
3034 613 3270 666 virtutes
3307 613 3466 687 fuisse
3497 633 3637 672 mera
3661 622 3787 691 vitia;

2177 725 2326 772 nam,
2363 712 2426 762 ut
2463 707 2542 761 ait
2571 724 2694 776 cap.
2744 709 2827 770 l3,
2862 720 3027 759 causa
3067 705 3299 768 honoris,
3342 705 3507 760 laudis
3546 713 3591 762 et
3629 712 3788 780 gloria,

2175 799 2552 852 consuluerunt
2579 797 2796 866 patriae,
2825 796 2882 847 in
2913 810 3022 863 qua
3049 793 3225 861 ipsam
3248 792 3469 858 gloriam
3487 797 3793 863 requirebant,

2175 888 2505 956 salutemque
2535 886 2651 953 ejus
2682 885 2849 938 saluti
2877 884 3072 952 patria
3096 895 3402 950 praponere
3435 897 3533 936 non
3559 884 3794 940 dubitare-

2174 981 2332 1039 runt;
2359 991 2461 1044 pro
2502 977 2606 1028 isto
2634 988 2738 1027 uno
2768 974 2919 1037 vitio,
2962 970 3023 1024 id
3060 973 3136 1024 est
3173 984 3350 1022 amore
3384 970 3570 1038 laudis,
3609 978 3798 1041 pecuniae

2175 1064 2529 1134 cupiditatem
2581 1067 2631 1116 et
2685 1061 2856 1114 multa
2911 1060 3025 1112 alia
3079 1059 3216 1111 vitia
3281 1059 3669 1125 comprimentes.
3719 1063 3796 1116 Sed

2175 1157 2476 1223 propterea
2504 1151 2650 1204 Deus
2677 1148 2745 1202 iis
2765 1147 3055 1202 mercedem
3076 1161 3192 1199 non
3212 1144 3423 1210 debuit,
3448 1151 3798 1220 praestaretque

2177 1241 2363 1295 dicere
2399 1241 2578 1293 Deum
2609 1253 2834 1309 passum
2870 1252 3010 1301 esse,
3039 1237 3136 1288 aut
3164 1234 3337 1287 etiam
3357 1234 3516 1287 certis
3539 1234 3600 1288 de
3620 1237 3803 1290 rationi-

2176 1330 2300 1397 bus,
2343 1329 2437 1383 sed
2470 1328 2636 1382 nobis
2672 1324 2901 1396 ignotis,
2931 1322 3178 1377 voluisse
3209 1326 3274 1376 ut
3302 1337 3487 1376 rerum
3517 1324 3802 1392 potirentur,

2178 1418 2367 1488 potius
2401 1432 2573 1487 quam
2602 1415 2746 1469 alius
2774 1414 3039 1484 populus.
3075 1413 3197 1466 Duo
3228 1414 3501 1482 praeterea
3533 1412 3597 1465 ad
3623 1412 3723 1466 haec
3744 1431 3806 1466 ac-

2177 1506 2405 1569 cedunt,
2461 1519 2707 1574 quorum
2755 1501 2916 1572 prius
2966 1503 3049 1554 est
3094 1498 3359 1570 antiquos
3402 1501 3661 1553 Romanos
3699 1502 3806 1554 tales

2177 1610 2292 1647 non
2322 1592 2494 1646 fuisse
2527 1592 2724 1661 quales
2758 1588 3065 1658 aliquando
3114 1604 3146 1641 a
3195 1586 3492 1656 nepotibus
3528 1587 3806 1640 describun-

2177 1687 2290 1748 tur,
2342 1681 2496 1751 quod
2543 1677 2951 1734 demonstravit
2999 1677 3119 1746 ipse
3158 1675 3508 1745 Augustinus
3542 1675 3630 1730 lib.
3669 1693 3717 1744 ιιΊ
3757 1677 3807 1728 ad

2179 1786 2351 1840 quem
2384 1769 2553 1822 etiam
2587 1767 2803 1838 aliquid
2853 1783 2921 1820 ea
2967 1765 3036 1819 de
3077 1781 3139 1819 re
3189 1763 3456 1818 diximus.
3498 1765 3720 1817 Alterum
3750 1770 3810 1816 est

2179 1858 2392 1912 vicinas
2436 1860 2632 1928 gentes
2683 1855 2883 1924 Italiae,
2932 1859 3030 1908 aut
3079 1853 3254 1908 etiam
3305 1852 3546 1918 Graeciaa,
3590 1852 3805 1922 aliasque,

2181 1963 2322 2018 quas
2355 1961 2672 2000 memorare
2711 1944 2858 1998 nihil
2889 1943 3114 2011 attinet,
3159 1957 3519 2012 nequaquam
3561 1940 3807 1994 deteriores

2179 2035 2350 2090 fuisse
2383 2051 2553 2106 quam
2587 2038 2806 2088 veteres
2837 2033 3142 2096 Romanos,
3169 2031 3242 2084 ad
3261 2045 3447 2083 mores
3471 2029 3614 2100 quod
3632 2029 3804 2090 attinet,

2180 2139 2244 2178 ac
2272 2122 2511 2192 proinde
2543 2123 2655 2176 Deo
2683 2121 3022 2191 ingratiores
3051 2135 3170 2173 non
3203 2118 3404 2172 fuisse.

2253 2213 2384 2282 Cap.
2424 2215 2507 2264 l7.
2540 2210 2802 2278 Nunquid
2838 2224 2943 2263 non
2981 2209 3140 2262 multi
3177 2212 3447 2261 senatores
3475 2210 3607 2270 sunt,
3648 2207 3694 2257 in
3717 2204 3809 2256 aliis

2183 2303 2362 2364 terris,
2400 2301 2497 2370 qui
2525 2301 2747 2355 Romam
2776 2315 2840 2353 ne
2873 2299 3016 2365 facie
3055 2297 3278 2366 quidem
3315 2293 3568 2366 norunt?]
3602 2295 3705 2348 Non
3732 2309 3809 2345 uo-

2181 2406 2313 2442 vum
2348 2389 2456 2442 hoc
2488 2388 2597 2442 fuit
2626 2392 2886 2458 tempore
2915 2385 3245 2456 Augustini,
3272 2385 3391 2454 jam
3422 2388 3660 2453 tempore
3687 2382 3811 2435 Clau-

2184 2477 2285 2542 dii,
2323 2493 2454 2530 cum
2488 2474 2682 2530 Galliae
2713 2476 2959 2530 Comatae
3003 2473 3201 2526 incola:
3232 2471 3478 2526 honores
3508 2470 3607 2524 sibi
3632 2467 3812 2522 concedi

2185 2567 2379 2620 Romae
2409 2564 2786 2635 postularent,
2815 2563 2986 2630 vulgo
3019 2561 3147 2615 Itali
3177 2561 3529 2631 quaerebant.
3560 2559 3640 2612 An
3663 2571 3810 2626 panim

2185 2654 2328 2722 quod
2359 2654 2550 2708 Veneti
2577 2657 2628 2706 et
2660 2651 2910 2706 Insubres
2942 2652 3161 2707 Curiam
3201 2651 3522 2718 irruperint,
3563 2650 3659 2701 nisi
3694 2651 3811 2698 catus

2185 2745 2614 2810 alienigenarum
2678 2742 2845 2794 veluti
2908 2741 3203 2809 captivitas
3270 2739 3596 2803 inferretur?
3643 2734 3813 2789 Tacitus

2184 2832 2387 2886 Annal.
2423 2831 2524 2884 lib.
2558 2847 2634 2895 χι,
2664 2845 2785 2899 cap.
2820 2831 2910 2883 23.
3511 2825 3522 2829 ’

2259 2921 2424 2974 Lmao
2472 2934 2546 2973 γι.
2597 2919 2730 2989 Cap.
2781 2922 2830 2986 1,
2881 2920 2908 2985 §
2957 2921 3008 2970 2.
3063 2916 3151 2970 An
3198 2933 3326 2970 vero
3365 2916 3449 2969 illi
3481 2912 3759 2983 peritissimi
3780 2915 3813 2960 tl

378 3020 484 3058 non
507 3009 712 3074 peccat.
748 3003 857 3058 Sed
888 3003 1099 3073 duplex
1144 3004 1265 3057 haec
1307 3003 1532 3073 negatio
1583 3004 1710 3072 plus
1754 3020 1868 3057 non
1919 3004 2074 3058 vide-
2105 3015 2145 3072 C
2184 3010 2488 3063 acutissimi
2515 3009 2643 3073 viri,
2677 3009 2773 3077 qui
2807 3021 2861 3060 se
2902 3021 3001 3074 pro
3044 3021 3241 3071 magno
3292 3005 3531 3073 beneﬁcio
3571 3001 3811 3064 conscripta

381 3098 474 3146 tur
503 3093 687 3145 valere
719 3107 891 3162 quam
922 3107 1066 3159 una;
1099 3107 1212 3162 qua
1241 3091 1311 3145 de
1353 3108 1414 3144 re
1460 3093 1586 3146 vide
1635 3092 1866 3147 Gerard.
1915 3093 2074 3146 Joan.

383 3180 668 3250 Vossium,
712 3181 780 3234 de
811 3182 944 3234 Arte
976 3179 1347 3251 grammatica
1377 3179 1475 3234 lib.
1522 3196 1618 3243 vn,
1664 3195 1786 3250 cap.
1838 3183 1926 3234 6|.
1969 3183 2118 3242 Aut,

384 3270 469 3319 est
494 3265 672 3320 altera
700 3266 930 3337 negatio
960 3266 1230 3337 ponenda
1258 3266 1320 3319 in
1349 3266 1739 3336 sequentibus,
1769 3269 1902 3335 quia
1933 3268 2078 3320 Deus

383 3356 540 3409 illum
582 3370 688 3408 non
725 3359 1074 3424 peccaturum
1103 3369 1212 3408 esse
1235 3356 1537 3423 praesciuit.
1570 3354 1940 3408 Verissimum
1972 3356 2080 3408 hoc

383 3448 489 3508 est,
525 3443 619 3496 sed
651 3443 995 3513 reposuisset
1037 3443 1438 3497 Ciceronianus
1476 3442 1625 3506 ideo,
1671 3459 1737 3495 ex
1777 3443 2082 3513 Augustini

385 3531 668 3586 sententia
714 3531 1008 3585 hominem
1057 3546 1313 3601 peccare,
1355 3530 1505 3600 quod
1537 3546 1655 3583 non
1693 3529 1940 3600 potuerit
1967 3544 2083 3582 non

384 3635 637 3689 peccare,
657 3618 974 3690 eademque
997 3618 1066 3672 de
1087 3634 1257 3672 causa
1277 3618 1384 3672 hoc
1405 3618 1669 3688 prazscire
1696 3618 1902 3683 Deum;
1928 3617 2080 3688 quod

389 3707 601 3778 alioqui
625 3723 743 3762 non
773 3707 1084 3777 praesciret,
1124 3706 1170 3760 si
1199 3706 1445 3760 liberum
1474 3710 1642 3760 esset.
1681 3706 1791 3759 Nec
1819 3706 2082 3760 evaderet

386 3795 504 3849 vim
535 3794 860 3865 argumenti
899 3794 1272 3858 Ciceroniani,
1315 3793 1683 3866 sequentibus
1712 3793 1898 3848 verbis
1927 3810 1940 3847 :
1972 3795 2083 3848 Ima

385 3883 506 3937 ideo
553 3898 660 3937 non
703 3883 989 3936 dubitatur
1027 3885 1206 3952 ipsum
1245 3898 1486 3951 peccare,
1531 3898 1651 3936 cum
1697 3885 1901 3952 peccat,
1952 3885 2085 3951 quia

387 3971 480 4025 ille
509 3970 663 4039 cujus
692 3971 1034 4038 pra'scientia
1065 3970 1195 4035 falli
1231 3985 1337 4023 non
1371 3973 1565 4038 potest,
1611 3984 1717 4022 non
1745 3970 1946 4035 fatum,
1979 3983 2086 4022 non

387 4060 690 4125 fortunam,
736 4071 843 4110 non
889 4055 1106 4124 aliquid
1149 4055 1325 4120 aliud,
1379 4055 1473 4109 sed
1518 4058 1692 4125 ipsum
1736 4061 2085 4124 peccaturum

389 4162 500 4202 esse
528 4147 824 4216 praesciuit.
859 4145 1000 4198 Nam
1030 4159 1230 4198 verum
1261 4160 1378 4197 non
1414 4147 1518 4209 est,
1553 4143 1680 4198 ideo
1720 4160 1826 4197 nos
1855 4144 2086 4198 credere

386 4251 621 4306 peccare
656 4233 940 4298 homines,
975 4233 1106 4304 quia
1138 4235 1284 4286 Deus
1316 4232 1423 4286 hoc
1460 4231 1773 4302 praescivit;
1802 4231 1929 4286 ideo
1960 4248 2080 4286 cre-

390 4302 581 4379 dimus
611 4323 747 4393 quia
777 4302 1034 4376 videmus
1063 4321 1132 4374 ab
1163 4321 1232 4374 iis
1260 4322 1413 4390 leges
1442 4320 1660 4374 divinas
1688 4320 1987 4391 perfringi,
2022 4326 2079 4375 et
2117 4302 2160 4357 D

389 4411 599 4466 conscii
636 4410 796 4464 nobis
844 4426 1058 4478 sumus,
1104 4409 1174 4462 ab
1217 4408 1288 4462 iis
1333 4409 1584 4478 potuisse
1627 4425 1742 4462 non
1783 4410 2080 4480 perfringi,

392 4499 608 4572 quippe
639 4498 738 4569 qui
768 4499 1022 4568 ejusdem
1056 4496 1328 4551 libertatis
1358 4495 1665 4566 participes
1705 4501 1837 4551 sunt
1863 4513 1926 4551 ac
1957 4515 2078 4552 nos.

391 4591 498 4655 Qui
523 4590 574 4642 si
598 4588 753 4654 nolit,
804 4587 992 4657 inquit
1034 4586 1266 4640 tandem
1307 4585 1622 4640 Carneades
1653 4591 1864 4652 noster,
1895 4591 2083 4656 utique

389 4693 496 4732 non
522 4681 740 4746 peccat;
779 4677 873 4729 sed
899 4677 950 4728 si
971 4690 1193 4744 peccare
1220 4675 1471 4742 noluerit,
1505 4676 1667 4728 etiam
1699 4675 1792 4729 hoc
1816 4677 1906 4730 ille
1931 4692 2082 4744 prae-

389 4768 568 4821 sciuit.
605 4765 768 4820 Certe
799 4767 849 4818 si
886 4765 1022 4817 nolit
1059 4763 1257 4831 homo,
1298 4779 1413 4817 non
1451 4768 1674 4834 peccat;
1717 4764 1813 4819 sed
1858 4769 2082 4834 oportet

390 4860 452 4910 ut
481 4853 662 4925 possit
697 4853 840 4906 velle
891 4868 955 4905 ac
993 4851 1166 4916 nolle,
1207 4856 1269 4905 ut
1299 4853 1370 4906 sit
1411 4853 1627 4922 peccati
1654 4869 1855 4923 capax;
1890 4857 2080 4907 osten-

388 4944 760 5013 dendumque
802 4941 1004 5007 fuerat,
1050 4945 1249 4995 contra
1293 4941 1641 5007 Ciceronem,
1686 4943 1866 4996 Deum
1914 4959 2080 5013 posse

388 5032 652 5103 praescire
681 5030 741 5084 id
771 5029 1028 5083 futurum
1070 5030 1223 5100 quod
1259 5029 1470 5100 poterit
1508 5029 1663 5083 nolle
1693 5029 1740 5083 is
1769 5029 1868 5101 qui
1899 5030 2082 5084 factu-

391 5138 486 5174 rus
517 5125 620 5176 est.
666 5119 807 5174 Hinc
836 5119 1056 5189 liquere
1095 5123 1282 5189 potest
1327 5121 1607 5190 quantum
1655 5119 1728 5172 sit
1775 5119 2080 5173 discrimen

389 5211 541 5264 inter
583 5208 893 5263 rhetoricas
941 5207 1192 5278 argutias
1233 5211 1290 5260 et
1323 5207 1751 5278 philosophicas
1783 5208 2082 5262 ratiocina-

388 5299 590 5354 tiones.
873 5307 886 5320 ‘

460 5386 596 5455 Cap.
650 5389 732 5439 l5.
783 5387 860 5440 De
909 5384 1200 5440 Romanis.
1254 5384 1458 5450 Quibus
1503 5400 1627 5452 ergo
1658 5400 1763 5438 non
1792 5389 1910 5439 erat
1944 5388 2082 5440 Deus

387 5474 617 5528 daturus
651 5475 822 5527 vitam
857 5478 1261 5538 aeternam;.....
1309 5475 1360 5526 si
1402 5487 1571 5540 neque
1617 5473 1754 5526 hanc
1797 5475 1873 5526 eis
1923 5477 2082 5528 terre-

383 5576 511 5615 nam
555 5562 786 5628 gloriam
841 5562 1275 5616 excellentissimi
1327 5563 1548 5630 imperii
1599 5561 1919 5627 concederet,
1971 5577 2080 5616 non

2187 3096 2429 3150 docuisse
2471 3096 2774 3163 gloriantur
2813 3096 3028 3161 (Varro,
3081 3094 3150 3147 de
3201 3110 3320 3165 quo
3369 3092 3482 3163 egit
3516 3091 3603 3144 lib.
3637 3100 3810 3155 1v,cap.

2186 3183 2297 3252 2'2),
2331 3187 2391 3235 ut
2419 3183 2647 3235 sciretur
2689 3196 2856 3248 quare
2897 3183 3088 3248 cuique
3130 3180 3228 3233 dco
3277 3177 3671 3248 supplicandum
3702 3177 3814 3236 esset,

2189 3271 2324 3341 quid
2366 3287 2399 3322 a
2447 3286 2656 3338 quoque
2702 3275 2835 3323 esset
2873 3269 3179 3338 petendum,
3215 3285 3282 3322 ne
3313 3267 3636 3322 absurditate
3663 3263 3813 3330 turpis-

2187 3363 2347 3421 sima,
2382 3359 2558 3427 qualis
2584 3358 2904 3426 joculariter
2931 3359 2989 3410 in
3019 3359 3180 3410 mimo
3211 3359 3338 3425 ﬁeri
3376 3357 3519 3421 solet,
3547 3357 3772 3422 peteretur
3794 3365 3814 3395 ιι

2189 3449 2379 3502 Libero
2407 3463 2572 3516 aqua,
2605 3463 2639 3500 a
2671 3446 2933 3515 Lymphis
2961 3448 3178 3511 vinum;
3210 3449 3454 3499 auctores
3473 3447 3616 3497 erunt
3635 3440 3814 3506 cuipiam

2191 3539 2466 3591 hominum
2495 3536 2602 3589 diis
2633 3535 3031 3589 immortalibus
3061 3535 3418 3603 supplicanti,
3449 3537 3507 3586 ut
3533 3527 3816 3591 cumaLym-

2187 3627 2313 3693 phis
2354 3627 2574 3695 petierit
2619 3625 2824 3690 vinum,
2874 3625 3028 3692 eique
3072 3623 3453 3692 responderint
3491 3638 3506 3674 :
3546 3620 3643 3673 Nos
3669 3627 3814 3682 aquam

2192 3714 2468 3777 habemus,
2521 3714 2614 3766 hoc
2661 3728 2696 3765 a
2740 3712 2929 3766 Libero
2971 3716 3121 3781 pete;
3159 3714 3338 3781 possit
3383 3714 3518 3764 recte
3556 3706 3706 3759 dicere
3739 3719 3748 3754 :
3778 3700 3818 3750 Si

2189 3804 2374 3856 vinum
2412 3817 2517 3855 non
2564 3801 2790 3867 habetis,
2823 3801 3014 3855 saltem
3055 3799 3181 3853 date
3212 3801 3356 3854 mihi
3382 3801 3543 3852 vitam
3569 3785 3814 3852 utemur-413’:

2193 3890 2345 3944 Editi
2384 3889 2514 3943 libri
2562 3888 2853 3943 habebant
2892 3889 3184 3956 Nymphis,
3241 3888 3338 3942 sed
3382 3902 3520 3940 mss.
3565 3880 3818 3936 constanter

2191 3980 2472 4048 Lymphis,
2520 3982 2582 4032 ut
2626 3977 2926 4031 observant
2968 3976 3343 4031 Benedictini.
3400 3976 3501 4028 Eas
3540 3985 3682 4024 voces
3713 3978 3817 4031 sape

2193 4067 2416 4120 misceri
2463 4067 2522 4120 in
2555 4065 2806 4136 antiquis
2847 4065 3004 4120 libris
3034 4069 3394 4119 monuerunt
3432 4061 3535 4116 viri
3573 4048 3817 4114 doctissimi

2194 4155 2453 4209 Nicolaus
2508 4153 2792 4220 Heinsius,
2844 4154 2913 4207 ad
2958 4153 3130 4224 epist.
3196 4153 3448 4207 OEnonte
3499 4149 3563 4203 ad
3616 4141 3815 4200 Paridem

2192 4259 2333 4296 vers.
2389 4245 2476 4308 3t,
2526 4247 2581 4296 et
2625 4244 2800 4297 Janus
2845 4242 3214 4296 Brazkhusius
3263 4242 3333 4296 ad
3384 4235 3708 4310 Propertium
3746 4226 3815 4280 lib-

2193 4347 2271 4395 ιιι,
2307 4330 2450 4399 eleg.
2503 4331 2586 4390 14,
2628 4331 2681 4383 4.
2733 4329 2828 4382 llic
2859 4333 3049 4383 tamen
3080 4333 3223 4399 puto
3270 4343 3469 4382 revera
3502 4318 3815 4393 Augustinum

2194 4418 2480 4488 scripsisse
2539 4418 2834 4486 Lymphas,
2897 4417 3033 4489 quia
3097 4434 3229 4471 cum
3294 4415 3562 4487 Nymphae
3615 4407 3816 4463 dicantur

2194 4506 2366 4559 etiam
2408 4505 2672 4572 Oreades,
2693 4511 2765 4572 ,et
2797 4506 3238 4576 Hamadryades,
3285 4521 3403 4559 non
3435 4501 3676 4555 videntur
3698 4492 3814 4546 diclm

2191 4597 2466 4663 Lymphae,
2516 4594 2619 4648 nisi
2665 4611 2747 4648 eae
2794 4611 2923 4665 quas
2963 4595 3126 4665 aquis
3169 4596 3478 4665 praeerant,
3524 4581 3743 4659 quamvis
3771 4590 3814 4627 ea

2192 4700 2299 4736 vox
2329 4683 2401 4736 sit
2445 4700 2478 4736 a
2507 4684 2790 4752 Nymphis,
2827 4684 3144 4737 mutatione
3192 4685 3234 4737 Ν
3282 4683 3342 4735 in
3392 4683 3428 4734 L
3479 4677 3708 4732 deducta.
3744 4667 3814 4719 Fe-

2193 4776 2311 4825 stus
2353 4789 2365 4825 :
2415 4773 2667 4841 Lympha:
2709 4772 2866 4826 dictae
2913 4777 3038 4826 sunt
3082 4789 3116 4825 a
3161 4772 3448 4841 Nymphis.
3500 4765 3653 4828 Vulgo
3687 4759 3814 4810 autem

2191 4863 2457 4914 memoria:
2491 4861 2772 4930 proditum
2813 4865 2908 4928 cst,
2959 4863 3283 4930 quicumque
3327 4859 3547 4928 speciem
3590 4843 3812 4921 quamdam

2191 4965 2217 5002 e
2242 4951 2410 5014 fonte,
2457 4949 2516 5002 id
2557 4954 2635 5004 est
2677 4949 2916 5020 efﬁgiem
2945 4951 3204 5019 Nymphas
3233 4949 3490 5007 viderint.
3526 4935 3722 5009 Γυνεηίίί
3743 4940 3812 5020 ’Ψη

2189 5037 2380 5102 fecisse
2420 5039 2599 5105 ﬁnem,
2646 5053 2776 5106 quos
2827 5039 3022 5098 Graeci
3046 5045 3422 5109 νυμφολήπτους
3460 5032 3652 5095 uocant,
3683 5019 3812 5078 Latini

2192 5124 2496 5192 lymphatos
2521 5126 2819 5194 appellant.
2855 5125 2989 5180 Vide
3021 5125 3239 5179 Aineid.
3270 5125 3370 5178 lib.
3404 5138 3496 5185 vn,
3529 5120 3637 5172 3‘77.

2264 5214 2396 5283 Cap.
2427 5218 2478 5277 9,
2512 5211 2539 5282 §
2575 5217 2622 5268 l.
2654 5214 2904 5268 Liberum
2950 5230 2984 5267 a
3023 5215 3368 5268 liberamento
3415 5207 3713 5279 appellatum
3751 5206 3810 5246 ιο·

2193 5301 2329 5366 lunt,
2394 5302 2538 5368 quod
2587 5317 2762 5356 mares
2815 5305 2874 5356 in
2921 5303 3173 5364 coeundo,
3228 5317 3332 5371 per
3380 5301 3491 5367 eius
3547 5287 3810 5376 bm‘ﬂdlf?‘

2192 5390 2398 5442 emissis
2442 5389 2734 5444 seminibus
2768 5390 3103 5460 liberentur.]
3151 5391 3226 5444 Eo
3268 5365 3497 5457 respicit
3527 5381 3713 5436 Seneca
3744 5365 3810 5460 lib.

2193 5494 2266 5543 IV,
2309 5478 2379 5531 de
2427 5477 2740 5544 Beneficiis,
2780 5493 2903 5548 cap.
2945 5481 2978 5533 8
3019 5494 3032 5534 :
3074 5457 3242 5533 Hunc
3285 5477 3530 5532 Liberum
3566 5470 3747 5538 patrem
3779 5457 3810 5507 et

2194 5565 2469 5618 Herculem
2495 5581 2558 5619 ac
2587 5567 2912 5620 Mercurium
2939 5569 3114 5621 nostri
3131 5568 3346 5634 putant.
3375 5560 3609 5616 Liberum
3623 5552 3808 5621 Ρατνθπιε
