3920 6180
119 287 205 340 469
860 276 1221 335 VARIORUM
1262 278 1858 339 EXERCITATIONES
1896 283 1967 339 ΙΝ
2006 284 2067 339 S.
2117 285 2478 342 AUGUSTINI
2523 286 2776 343 OPERA.

3462 295 3568 349 470

116 411 224 478 quia
251 406 467 459 omnium
498 415 694 471 parens
735 403 830 467 sit,
858 402 1003 471 quod
1057 402 1125 456 ab
1169 419 1225 458 eo
1269 407 1508 473 primum
1535 409 1754 461 inventa
1792 411 1836 462 A
1867 410 2257 479 confitentibus,
2299 414 2435 465 Deus
2457 426 2563 465 non
2598 411 2719 481 est]
2755 411 2928 465 Miror
2974 428 3090 465 non
3144 413 3404 469 timuisse
3453 417 3567 469 Au-

116 499 331 551 seminum
358 494 434 545 vis
465 496 560 557 est,
593 491 903 544 consultura
928 507 1027 559 per
1064 493 1414 561 voluptatem.
1448 494 1570 557 Qua
1600 500 1655 549 et
1703 512 1763 549 re

120 579 504 653 etetymologia,
528 578 663 649 quid
677 579 978 633 absurdius
1000 579 1139 651 ﬁngi
1160 583 1643 651 potueritnescio;
1667 585 1762 638 sed

120 670 426 726 Varronianae
450 666 807 738 etymoiogiae
830 667 1093 721 meliores
1127 673 1259 722 sunt
1287 669 1411 739 ejus
1444 671 1758 741 theologia.

173 765 277 830 Cap.
314 761 387 823 10,
422 760 447 823 §
481 760 533 810 2.
576 758 711 812 Sunt
740 773 859 826 quae
889 759 1102 811 Junoni
1146 762 1197 812 et
1234 761 1491 813 Minervae
1538 762 1763 829 capillos

114 851 379 919 disponant,
440 847 592 913 longe
642 862 675 898 a
730 847 942 916 templo.
998 862 1104 901 non
1160 851 1372 901 tantum
1406 863 1441 900 a
1473 850 1764 904 simulacro

115 942 277 993 stantes
301 936 492 1001 digitos
524 938 751 998 movent,
789 935 1101 987 ornantium
1131 933 1334 1005 modo]
1388 935 1544 988 Talia
1595 936 1767 990 habet

112 1028 283 1079 Seneca
332 1022 503 1075 etiam
553 1021 722 1091 epist.
765 1025 854 1075 95.
900 1023 1016 1075 Hoc
1070 1025 1264 1075 autem
1308 1039 1520 1076 munus
1550 1023 1764 1077 dictum

111 1115 399 1168 curationem
426 1112 606 1176 facere
635 1110 796 1163 docet
833 1109 1211 1164 Tertullianus
1241 1110 1387 1164 libro
1437 1111 1505 1165 de
1535 1113 1762 1181 lejunio

116 1219 213 1272 cap.
250 1203 322 1254 16.
355 1200 457 1264 Qui
484 1202 542 1251 in
570 1198 733 1252 idolis
762 1198 1029 1253 comendis
1078 1204 1128 1252 et
1172 1200 1231 1252 in
1261 1202 1374 1253 aris
1395 1201 1677 1267 ornandis,
1716 1205 1766 1255 et

109 1291 166 1343 ad
203 1288 429 1355 singulas
484 1288 650 1342 horas
704 1287 1035 1353 salutandis,
1076 1289 1405 1342 curationem
1447 1290 1627 1354 facere
1674 1289 1756 1343 di-

107 1382 288 1431 cuntur.

158 1466 281 1519 Ibid.
313 1464 503 1520 Sedeat
561 1464 809 1532 quaedam
852 1466 911 1516 in
968 1464 1233 1532 Capitolio
1301 1480 1418 1533 qua:
1446 1481 1500 1520 se
1546 1482 1581 1519 a
1625 1467 1764 1519 Jove

104 1557 249 1609 amari
270 1558 500 1623 putant;
535 1568 629 1606 nec
669 1554 893 1605 lunonis
943 1552 1181 1621 quidem,
1226 1555 1275 1606 si
1326 1553 1539 1607 credere
1587 1556 1760 1622 poetis

104 1647 222 1710 retis,
244 1642 671 1696 iracundissimae
696 1646 943 1711 respectu
974 1642 1288 1710 terrentur]
1322 1643 1407 1695 Ita
1436 1643 1646 1696 Saneca
1674 1645 1756 1696 lo-

102 1734 336 1805 quebatur
355 1730 415 1785 in
438 1729 828 1800 pulcherrimo
847 1730 995 1783 libro
1022 1729 1090 1783 de
1115 1729 1553 1799 Superstitione,
1583 1748 1753 1802 quem

102 1838 198 1892 ego,
240 1819 419 1890 potius
460 1834 638 1889 quam
668 1822 753 1871 tot
804 1817 1040 1887 frigidas
1070 1817 1357 1883 homilias,
1399 1834 1432 1870 a
1463 1820 1757 1872 monachis

102 1908 391 1979 exscriptum
425 1908 634 1960 vellem
668 1910 725 1960 et
753 1906 822 1960 ad
855 1923 956 1959 nos
997 1906 1304 1976 diligenter
1332 1906 1752 1963 transmissum.

103 1997 361 2066 lmpudicee
385 1996 739 2049 mulierculae
773 1993 973 2048 aeditui
1020 1994 1166 2048 forte
1216 2011 1413 2049 amore
1459 2000 1661 2064 captae,
1698 1996 1757 2049 in

103 2084 331 2155 Capitolio
387 2083 687 2150 sedebant,
739 2087 801 2136 ut
848 2082 895 2136 si
953 2082 1099 2136 forte
1126 2082 1377 2152 gravidae
1424 2082 1649 2149 ﬁerent,
1701 2098 1759 2137 se

103 2190 153 2227 ex
172 2175 286 2227 Jove
329 2172 623 2243 peperisse
678 2170 849 2224 fatuis
897 2171 1327 2242 persuaderent.
1384 2171 1527 2224 Nota
1557 2176 1641 2226 est
1667 2171 1757 2225 hi-

102 2259 236 2313 sloria
256 2261 435 2315 Mundi
465 2264 527 2315 et
551 2260 820 2327 Paulinae,
855 2260 1003 2331 apud
1034 2260 1362 2329 Josephum.
1400 2259 1506 2314 Sed
1535 2264 1592 2313 et
1628 2261 1761 2315 vide

104 2365 199 2419 qua:
242 2349 303 2403 de
340 2349 585 2403 deorum
641 2348 774 2402 ﬁliis
835 2348 1053 2402 notavit
1106 2349 1351 2402 Joannes
1388 2347 1637 2402 Clericus
1694 2349 1762 2402 ad

106 2437 439 2507 Theogoniam
473 2436 730 2490 Hesiodi.

153 2526 263 2595 Cap.
303 2529 382 2580 11.
431 2528 614 2594 Usgue
656 2541 712 2578 eo
754 2524 1181 2579 sceleratissime
1213 2525 1388 2591 gentis
1426 2523 1751 2578 consuetudo

106 2617 344 2682 convaluit,
372 2620 430 2669 ut
486 2630 597 2683 per
643 2628 819 2667 omnes
858 2613 981 2681 jam
1029 2616 1201 2666 terras
1233 2616 1448 2682 recepta
1476 2616 1586 2679 sit;
1637 2614 1768 2665 victi

108 2704 342 2758 victoribus
369 2705 509 2770 leges
548 2700 855 2772 dederunt]
882 2701 1026 2755 Sunt
1062 2700 1232 2753 verba
1278 2700 1597 2754 inconsulta
1629 2717 1762 2754 sane

107 2792 283 2847 Seneca
311 2793 377 2847 de
412 2793 652 2859 Judazis,
687 2793 759 2846 ad
806 2807 935 2861 quae
975 2791 1289 2861 respexisse
1339 2792 1561 2844 videtur
1594 2790 1760 2845 Ruti-

108 2880 185 2933 lius
207 2882 570 2936 Numatianus
600 2881 659 2934 in
681 2880 987 2934 Itinerario
1018 2896 1163 2933 vers.
1205 2883 1326 2933 395.

197 2985 343 3048 Atque
374 2986 587 3033 utinam
604 2997 887 3048 nunquam
916 2983 1100 3048 Juduga
1124 2983 1342 3048 subacta
1370 2982 1570 3043 fuisset,

246 3045 485 3111 Pompeii,
514 3047 665 3095 bellis
686 3045 1013 3111 imperioque
1038 3045 1168 3093 Titii
1276 3110 1280 3111 γ
1502 3049 1509 3057 '

201 3109 351 3157 Latius
368 3108 575 3159 excisae
602 3108 1033 3171 pestis'contagia
1072 3110 1307 3171 serpunt,

248 3172 582 3235 Victoresque
606 3170 733 3219 suos
763 3171 907 3219 natio
938 3170 1075 3218 victa
1121 3170 1327 3231 qremit.

159 3265 295 3321 [anno
321 3286 412 3322 vn.
449 3270 595 3338 Cap.
634 3271 682 3321 1.
715 3267 831 3333 Qua
852 3268 909 3319 in
942 3282 998 3319 re
1025 3281 1131 3319 non
1169 3265 1308 3330 dico,
1350 3264 1495 3333 quod
1530 3266 1763 3331 facetius

107 3356 165 3406 ait
189 3358 537 3410 Tertullianus
574 3358 810 3422 fortasse
840 3371 1003 3423 quam
1027 3357 1208 3408 verius
1240 3374 1251 3408 :
1289 3355 1347 3408 Si
1379 3354 1457 3407 dii
1509 3353 1765 3423 seligun-

108 3447 177 3493 tur
212 3448 265 3497 ut
290 3445 457 3509 bulbi,
498 3444 700 3515 utique
741 3444 928 3498 caeteri
986 3443 1217 3513 reprobi
1261 3442 1632 3514 judicantur.]
1658 3443 1764 3495 Ad-

107 3534 331 3585 notarunt
357 3533 415 3586 in
447 3532 718 3602 margine
743 3529 1095 3585 Benedictini
1115 3529 1298 3583 simile
1322 3530 1618 3599 quidpiam
1641 3545 1763 3583 esse

104 3615 145 3669 in
192 3621 543 3691 Apologetico
602 3636 725 3689 cap.
765 3622 848 3673 13.
901 3623 967 3672 At
1022 3618 1142 3688 ipsa
1207 3618 1377 3671 verba
1426 3622 1649 3671 exstant
1705 3618 1764 3672 in

106 3722 241 3775 opere
268 3715 455 3763 contra
494 3708 767 3763 Nationes
799 3708 897 3761 lib.
943 3725 1001 3767 ιι,
1035 3724 1157 3776 cap.
1193 3710 1245 3772 9,
1290 3706 1386 3760 ubi
1417 3707 1534 3760 Nic.
1570 3706 1761 3778 Rigal-

104 3793 208 3860 tius,
235 3795 311 3849 vir
331 3796 716 3851 doctissimus.
759 3796 1017 3850 observat
1063 3796 1133 3849 ab
1180 3794 1501 3865 Augustino
1551 3790 1766 3849 dictum

104 3880 183 3935 hoc
208 3884 530 3940 Tertulliani
581 3886 728 3939 male
780 3884 954 3954 carpi.
990 3886 1067 3937 Ac
1094 3899 1227 3937 sane
1273 3884 1331 3937 in
1363 3900 1452 3950 eo,
1486 3884 1639 3955 quod
1670 3900 1767 3937 vo-

106 3976 233 4024 catur
260 3974 417 4043 Deus,
465 3975 632 4028 nulla
678 3976 867 4044 potest
923 3988 1041 4026 esse
1095 3972 1345 4039 selectio,
1392 3972 1767 4043 quemadmo-

109 4057 218 4113 dum
236 4061 290 4115 in
315 4063 649 4117 hominibus
680 4079 711 4116 ει
742 4061 949 4133 quibus
989 4062 1248 4131 exempla
1286 4076 1590 4131 perperam
1620 4059 1765 4129 petit

108 4146 451 4216 Augustinus;
485 4165 624 4204 nam
655 4164 855 4203 omnes
886 4147 966 4202 dii
1000 4147 1192 4201 omnia
1234 4162 1400 4217 posse
1432 4146 1661 4214 debent,
1706 4150 1770 4199 ut

108 4233 231 4289 idem
262 4239 527 4293 observat.

162 4327 275 4398 Cap.
306 4331 355 4383 2.
400 4331 492 4384 Ibi
510 4330 691 4397 Liber,
726 4331 822 4397 qui
854 4344 1056 4382 marem
1084 4327 1250 4396 effuso
1303 4330 1502 4381 semine
1546 4328 1760 4382 liberat.

110 4412 176 4464 Ibi
205 4416 401 4479 Libera,
424 4435 587 4487 quam
619 4422 669 4472 et
702 4420 951 4471 Venerem
994 4418 1200 4481 volunt,
1235 4432 1353 4484 qum
1380 4418 1474 4470 hoc
1508 4417 1650 4470 idem
1689 4416 1770 4469 be-

107 4504 314 4566 neﬁcium
363 4508 605 4573 conferat
651 4508 883 4572 feminea,
941 4510 1000 4558 ut
1056 4507 1219 4558 etiam
1266 4507 1406 4574 ipsa,
1467 4509 1658 4558 emisso
1686 4520 1765 4559 se-

112 4590 239 4653 mine,
262 4593 557 4665 liberatum]
605 4594 735 4647 lite:
786 4593 988 4646 habuit
1038 4609 1160 4663 cap.
1198 4596 1228 4645 9
1284 4592 1414 4646 libri
1443 4593 1765 4663 superioris.

112 4676 250 4731 Miror
264 4686 447 4735 autem
480 4683 831 4753 episcopum,
859 4686 913 4735 et
935 4681 1165 4752 quidem
1194 4698 1421 4751 gravem
1456 4698 1518 4735 ac
1553 4697 1767 4741 senem,

110 4777 401 4837 quanquam
446 4769 582 4823 olim
646 4769 974 4823 adolescens
1038 4772 1122 4821 sat
1173 4767 1537 4821 libidinosam
1596 4768 1770 4821 vitam

112 4852 332 4946 duxerat,
379 4864 494 4913 tam
552 4875 703 4930 smpe
750 4868 861 4930 περί
908 4868 994 4913 τοῦ
1048 4866 1319 4929 σπέρματος
1358 4858 1529 4911 verba
1567 4857 1772 4924 facere,

113 4943 160 4993 in
183 4959 337 5013 opere
375 4947 481 5000 hoc
541 4947 714 5000 etiam
768 4962 799 4999 a
846 4943 1184 4998 mulieribus
1231 4948 1286 4997 et
1320 4944 1773 4999 adolescentibus

113 5026 341 5099 legendo.
391 5034 513 5089 Scio
566 5035 926 5089 ethnicorum
957 5035 1058 5088 has
1088 5033 1259 5086 fuisse
1317 5033 1639 5103 spurcitias,
1678 5032 1775 5085 sed

113 5121 381 5184 praestabat
411 5124 858 5194 generalioribus
886 5123 1072 5177 verbis
1117 5138 1212 5176 eos
1259 5122 1561 5191 attingere,
1602 5136 1774 5191 quam

116 5204 169 5257 ad
196 5213 465 5264 castarum
489 5211 711 5265 aurium
751 5210 1045 5264 fastidium
1084 5213 1360 5280 repetere.
1400 5209 1534 5262 Vide
1573 5212 1628 5261 et
1649 5223 1777 5277 quae

116 5290 481 5358 habeteodem
526 5299 707 5369 capite
754 5299 823 5352 de
868 5297 1101 5367 Subigo,
1135 5297 1205 5351 de
1262 5298 1483 5357 Prema,
1530 5299 1587 5349 et
1643 5296 1776 5349 Per-

116 5383 280 5437 tunda.
308 5386 416 5440 Sed
466 5388 573 5441 alia
621 5386 759 5441 alibi
807 5403 923 5439 non
970 5385 1300 5439 honestiora
1353 5383 1777 5439 observabimus

120 5465 164 5519 in
190 5486 243 5523 re
273 5474 545 5543 graviore.

179 5558 305 5629 Cap.
348 5565 431 5617 14.
482 5565 539 5619 Si
574 5565 881 5619 Mercurius
926 5566 1042 5633 ipse
1078 5578 1246 5617 sermo
1293 5568 1391 5626 est,
1446 5564 1608 5615 etiam
1644 5562 1779 5629 ipsis

1867 497 2162 568 gustinum
2210 515 2281 552 ne
2324 499 2429 553 sibi
2473 499 2818 569 objiceretur
2873 501 3026 569 quod
3049 501 3261 571 passim
3293 502 3464 557 habet
3494 505 3567 558 de

1876 588 2083 651 Verbo;
2111 603 2240 640 nam
2277 587 2477 641 similis
2522 589 2761 658 objectio
2818 588 3009 657 potuit
3061 589 3205 658 fieri,
3248 592 3569 662 responsio-

1870 691 1981 747 que
2010 676 2317 746 Augustini
2348 676 2559 747 pariter
2580 677 2752 731 eludi.

1942 766 2074 834 Cap.
2128 768 2214 818 21.
2293 766 2356 818 In
2401 766 2575 819 Italiae
2625 769 2869 834 compitis
2928 767 3175 835 quaedam
3229 769 3365 822 dicit
3411 785 3569 824 sacra

1873 854 2058 907 Liberi
2080 855 2367 919 celebrata,
2407 870 2525 907 cum
2564 859 2718 907 tanta
2744 858 2962 909 licentia
3006 858 3387 925 turpitudinis,
3420 863 3480 911 ut
3510 860 3570 912 in

1872 942 1986 1009 ejus
2035 943 2282 995 honorem
2310 941 2567 1009 pudenda
2609 943 2799 995 virilia
2833 944 3148 1009 colerentur,
3184 941 3316 1012 etc.]
3350 943 3569 997 Similia

1870 1028 2086 1083 fiebant
2114 1030 2173 1084 in
2212 1029 2383 1083 sacris
2409 1028 2665 1097 Osiridis,
2697 1032 2760 1082 ut
2794 1030 2958 1083 docet
3018 1031 3301 1085 Diodorus
3345 1032 3568 1085 Siculus

1874 1117 2237 1173 Bibliotheca:
2270 1119 2367 1172 lib.
2397 1136 2433 1185 ι,
2467 1118 2566 1189 qui
2595 1134 2661 1171 ea
2690 1119 2759 1172 ab
2800 1118 3078 1189 zEgyptiis
3104 1120 3173 1173 ad
3201 1121 3422 1175 Graecos
3449 1124 3565 1173 tra-

1871 1207 2037 1260 ducta
2067 1224 2186 1261 esse
2214 1212 2396 1277 putat.

1944 1296 2078 1365 Cap.
2130 1299 2217 1350 26.
2266 1300 2337 1350 De
2386 1296 2635 1350 mollibus
2672 1296 3056 1350 eidemrMatri
3100 1298 3328 1365 Magnae,
3380 1303 3567 1352 contra

1871 1399 2077 1439 omnem
2106 1387 2343 1439 virorum
2371 1386 2760 1452 mulierumque
2791 1384 3189 1451 verecundiam,
3224 1388 3563 1452 consecratis,

1872 1476 1969 1542 qui
1998 1489 2165 1542 usque
2194 1476 2249 1527 in
2271 1476 2576 1528 hesternum
2594 1474 2735 1526 diem
2754 1473 2993 1527 madidis
3015 1474 3231 1541 capillis
3253 1476 3397 1538 facie
3424 1475 3564 1528 ἀραι-

1872 1564 2018 1631 bata,
2064 1564 2352 1632 ﬂuentibus
2394 1563 2665 1627 membris,
2698 1565 2903 1616 incessu
2943 1564 3188 1628 femineo,
3219 1578 3320 1631 per
3356 1564 3568 1632 plateas

1870 1654 2118 1720 vicosque
2149 1652 2517 1719 Carthaginis,
2541 1654 2704 1704 etiam
2730 1666 2761 1703 α
2789 1652 3027 1719 populis,
3056 1650 3197 1703 unde
3227 1655 3460 1719 turpiter
3481 1656 3568 1705 vi-

1867 1746 2047 1795 verent
2081 1740 2387 1807 exigebant,
2419 1740 2561 1793 nihil
2607 1741 2776 1792 Varro
2817 1738 2989 1792 dicere
3016 1740 3206 1804 voluit,
3234 1753 3327 1793 nec
3351 1742 3569 1808 uspiam

1867 1846 1948 1883 me
1974 1830 2161 1897 legisse
2180 1828 2557 1897 commemini]
2591 1828 2762 1881 Miror
2792 1844 2918 1881 cum
2940 1827 3230 1881 innumeri
3261 1828 3567 1897 scriptores

1869 1918 1939 1972 de
1968 1917 2036 1970 iis
2064 1914 2390 1983 sintlocuti,
2424 1930 2669 1986 quorum
2698 1914 2819 1966 loca
2847 1914 3016 1982 plura
3038 1913 3308 1967 indicabit
3330 1914 3561 1967 Gérard.

1867 2007 2111 2061 Joannes
2140 2005 2369 2059 Vossius
2400 2003 2586 2074 operis
2632 2002 2700 2056 de
2747 2002 2978 2071 Origine
3004 2006 3060 2056 et
3105 2005 3410 2072 Progressa
3450 2003 3567 2056 ido-

1869 2094 2105 2151 lolatriae
2138 2094 2235 2147 lib.
2288 2109 2371 2160 III,
2406 2107 2527 2162 cap.
2578 2093 2663 2144 53.
2694 2088 2804 2143 Adi
2842 2093 2897 2142 et
2945 2089 3148 2143 Catulli
3179 2104 3385 2159 poema
3415 2091 3566 2160 quod

1867 2182 2390 2240 Attisinscribitur.
2419 2185 2476 2234 et
2501 2180 2570 2234 ad
2589 2180 2643 2233 id
2670 2179 3030 2248 intrepretes,
3055 2178 3153 2249 qui
3181 2177 3394 2231 affatim
3430 2193 3563 2245 sup-

1869 2274 2210 2345 peditabunt
2275 2270 2426 2342 quod
2485 2269 2577 2323 hic
2632 2266 2951 2339 Augustino
3008 2267 3182 2321 deest.
3220 2273 3567 2337 Μητραγύρται

1870 2363 2215 2417 vocabantur
2273 2359 2595 2413 sacerdotes
2633 2357 2735 2425 illi,
2791 2373 2904 2427 qua
2951 2354 3321 2425 inscriptione
3352 2370 3567 2408 comoe—

1872 2453 2025 2507 diam
2057 2450 2361 2520 scripserat
2390 2447 2715 2514 Menander,
2743 2462 2872 2517 quae
2904 2444 3126 2499 utinam
3170 2444 3457 2497 exstaret!

1944 2538 2077 2608 Cap.
2111 2541 2196 2592 27.
2238 2541 2423 2593 Totam
2470 2537 2534 2589 de
2564 2536 2657 2589 hoc
2687 2535 3013 2589 Euhemerus
3038 2533 3241 2601 pandit
3268 2532 3565 2585 Historiam

1874 2645 2037 2698 quam
2062 2630 2272 2682 Ennius
2308 2628 2366 2679 in
2421 2626 2678 2679 Latinum
2722 2624 2885 2676 vertit
2930 2622 3231 2688 eloquium;
3263 2620 3406 2672 unde
3436 2621 3569 2686 quia

1868 2719 2111 2786 plurima
2140 2718 2452 2785 posuerunt,
2496 2715 2593 2775 qui
2628 2716 2814 2765 contra
2861 2707 3174 2777 hujusmodi
3211 2722 3415 2761 errores
3446 2711 3571 2760 ante

1872 2823 1967 2861 nos
1994 2807 2077 2875 vel
2129 2807 2313 2858 Graeco
2351 2816 2588 2856 sermone
2627 2801 2710 2853 vel
2739 2800 2931 2855 Latino
2962 2800 3316 2864 scripserunt,
3366 2811 3472 2848 non
3509 2797 3567 2849 in

1873 2914 1928 2951 eo
1957 2898 2097 2950 mihi
2117 2895 2327 2963 placuit
2356 2888 2686 2959 immorari]
2716 2887 3069 2941 Lactantium
3098 2884 3323 2939 videtur
3342 2883 3570 2955 potissi-

1801 2981 1840 3035 C
1873 3002 2033 3040 mum
2054 2983 2393 3052 intelligere,
2455 2979 2554 3050 qui
2586 2978 2723 3032 lib.i
2772 2975 3196 3030 Institutionum
3244 2973 3569 3028 divinarum

1871 3082 1957 3129 sat
1978 3073 2197 3145 prolixa
2246 3070 2410 3124 nobis
2442 3067 2683 3122 servavit
2730 3065 3029 3120 Euhemeri
3076 3064 3438 3134 fragmenta;
3499 3062 3569 3115 de

1873 3180 1987 3235 quo
2022 3161 2323 3231 scriptores
2373 3155 2640 3211 nonnulli
2679 3154 2891 3209 ethnici
2933 3153 3060 3207 ideo
3100 3153 3247 3205 male
3291 3150 3569 3221 judicant,

1872 3252 2024 3324 quod
2072 3249 2409 3320 religionem
2456 3261 2655 3299 eorum
2692 3244 2862 3314 plane
2891 3242 3264 3306 infamasset;
3316 3237 3573 3310 quamvis

1872 3336 2181 3408 caeteroqui
2204 3336 2411 3390 nollem
2456 3332 2649 3386 omnia
2698 3334 2965 3401 praestare
2996 3346 3126 3400 quin
3166 3327 3430 3382 habebat.
3467 3325 3571 3380 Mi-

1874 3444 1970 3481 ror
1998 3444 2030 3481 a
2055 3423 2390 3481 Christianis
2421 3423 2611 3477 Greece
2636 3423 2731 3473 aut
2753 3418 2949 3472 Latine
2973 3435 3088 3471 non
3116 3433 3237 3470 esse
3261 3419 3569 3469 servatum.

1949 3517 2082 3585 Cap.
2118 3516 2203 3568 34.
2242 3514 2521 3566 Terentius
2552 3507 2778 3577 quidam
2811 3523 2931 3561 cum
2972 3506 3187 3560 haberet
3235 3505 3309 3558 ad
3334 3505 3573 3557 Janicu-

1874 3608 1985 3661 lum
2020 3605 2255 3673 fundum
2293 3608 2341 3657 et
2381 3601 2637 3655 bubulcus
2681 3600 2797 3669 ejus
2850 3599 3018 3666 juxta
3055 3597 3364 3665 sepulcrum
3388 3595 3575 3649 Nam

1874 3692 2130 3762 Pompilii
2159 3692 2439 3759 trajiciens
2461 3694 2709 3742 aratrum
2729 3688 2954 3740 eruisset
2981 3701 3047 3738 ea:
3072 3689 3216 3738 terra
3239 3683 3403 3737 libros
3432 3682 3569 3750 ejus,

1875 3784 1969 3837 ubi
1997 3797 2272 3837 sacrorum
2302 3782 2674 3834 institutorum
2713 3778 2927 3845 scriptae
2968 3779 3123 3827 erant
3150 3788 3342 3839 causae,
3388 3774 3447 3824 in
3476 3788 3571 3825 ur-

1878 3874 1990 3926 bem
2007 3870 2233 3940 pertulit
2251 3868 2325 3921 ad
2340 3871 2641 3936 praetorem.
2678 3865 2754 3918 At
2792 3865 2883 3917 ille
2917 3878 3035 3916 cum
3072 3863 3572 3929 insperissetprin-

1877 3963 2044 4029 cipia,
2094 3962 2445 4025 remtantam
2472 3954 2663 4008 detulit
2692 3953 2766 4005 ad
2788 3955 3057 4006 senatum.
3102 3949 3203 4001 Ubi
3229 3964 3347 4002 cum
3366 3949 3571 4015 primo-

1877 4064 1961 4104 res
2004 4046 2272 4117 quasdam
2320 4059 2510 4098 causas
2557 4044 2825 4108 legissent,
2874 4056 2970 4093 cur
2999 4038 3238 4107 quidque
3295 4038 3353 4089 in
3401 4036 3573 4088 sacris

1878 4138 2049 4204 fuerit
2099 4136 2425 4198 institutum,
2483 4133 2667 4187 Numae
2697 4132 2905 4183 mortuo
2935 4130 3152 4180 senatus
3200 4138 3448 4178 assensus
3497 4127 3576 4175 est

1880 4239 2067 4293 eosque
2097 4223 2280 4285 libros,
2323 4225 2583 4288 tanquam
2604 4218 2867 4284 religiosi,
2890 4219 3070 4284 patres
3103 4214 3411 4281 conscripti,
3430 4226 3571 4279 prm-

1881 4320 1963 4370 tor
1992 4318 2050 4367 ut
2075 4311 2399 4366 combureret
2415 4305 2773 4375 censuerunt]
2799 4302 3128 4359 Pliniuslib.
3166 4318 3282 4367 xm,
3328 4316 3449 4370 cap.
3488 4301 3572 4361 13,

1882 4403 2179 4459 dominum
2215 4399 2338 4471 agri
2366 4399 2425 4452 in
2457 4414 2570 4469 quo
2604 4396 2735 4450 libri
2786 4393 2999 4462 effossi,
3052 4396 3215 4445 vocat
3270 4389 3443 4444 etiam
3475 4390 3572 4443 Cn.

1879 4489 2234 4559 Terentium,
2267 4493 2345 4559 ut
2401 4492 2457 4541 et
2497 4489 2693 4541 Festus
2722 4485 2784 4537 in
2800 4499 2936 4537 voce
2984 4485 3231 4538 Numam.
3266 4482 3334 4535 At
3389 4477 3577 4533 Livius

1880 4582 1977 4635 lib.
2033 4597 2122 4648 XL,
2166 4595 2288 4649 cap.
2324 4580 2412 4641 29,
2451 4580 2508 4629 et
2536 4574 2790 4627 Valerius
2822 4571 3097 4625 Maximus
3146 4568 3243 4622 lib.
3301 4585 3337 4632 1,
3371 4584 3493 4637 cap.
3529 4570 3579 4632 l,

1881 4674 2083 4723 vocant
2122 4669 2179 4722 L.
2218 4666 2522 4720 Petillium.
2550 4663 2709 4717 Unde
2736 4665 2843 4713 stet
2871 4675 3066 4714 verum
3096 4657 3223 4728 quis
3252 4656 3441 4710 dicat?
3475 4671 3579 4709 nec

1881 4776 2015 4812 sane
2046 4757 2291 4810 multum
2324 4754 2575 4807 interest.
2630 4751 2738 4805 Sed
2769 4748 3037 4803 credibile
3076 4752 3159 4799 est
3191 4748 3390 4800 Numae
3418 4762 3580 4799 com-

1887 4844 2203 4901 mentarios
2231 4840 2604 4910 contemptim
2635 4837 2815 4908 egisse
2853 4837 2921 4890 de
2966 4833 3368 4904 superstitione
3399 4833 3580 4902 plebis

1888 4939 2159 4990 Romana:
2190 4937 2359 5002 atque
2391 4929 2566 4995 Italm,
2601 4927 2762 4997 cujus
2806 4925 2995 4996 palato
3019 4922 3356 4993 religionem
3384 4924 3580 4989 aptare

1883 5028 2108 5079 coactus
2150 5020 2353 5074 fuerat.
2408 5017 2557 5071 Nihil
2591 5015 2743 5069 enim
2774 5017 2925 5067 vetat
2979 5012 3117 5083 quin
3147 5026 3275 5063 cum
3326 5007 3581 5079 philoso-

1886 5114 2012 5185 phis
2043 5112 2112 5167 de
2147 5106 2548 5178 Deoisenserit,
2575 5101 3059 5177 quemadmodum
3100 5097 3307 5152 Mutius
3337 5096 3585 5149 Scmvola
3668 5172 3673 5183 α

1886 5178 1941 5256 et
1972 5202 2043 5255 M.
2072 5198 2368 5255 Terentius
2408 5198 2600 5259 Varro,
2638 5194 2706 5248 de
2733 5193 2940 5261 quibus
2969 5189 3094 5243 vide
3115 5186 3210 5240 lib.
3234 5202 3306 5252 1v,
3337 5201 3461 5255 cap.
3492 5186 3582 5245 27,
3664 5178 3669 5193 ³

1888 5296 1946 5345 et.
1975 5308 2048 5358 vi,
2082 5306 2205 5360 cap.
2249 5292 2302 5355 ὅ,
2336 5291 2390 5339 et
2419 5302 2532 5338 una
2560 5299 2687 5338 cum
2719 5282 2830 5335 illis
2861 5295 2978 5332 sese
3025 5276 3364 5330 inconsultm
3386 5274 3586 5327 multi-

1886 5378 2072 5434 tudini
2129 5374 2539 5446 attemperarit.
2608 5370 2957 5440 Augustinus
2989 5370 3181 5419 autem
3220 5381 3288 5417 ex
3334 5364 3586 5417 Varrone

1890 5469 2030 5523 dicit
2058 5470 2319 5520 senatum
2350 5468 2556 5517 mortuo
2603 5463 2790 5516 Numa
2836 5472 2942 5511 esse
2985 5469 3280 5521 assensum,
3322 5451 3498 5522 quod,
3525 5455 3589 5505 ut

1891 5558 2074 5610 Numa
2104 5557 2399 5607 curaverat
2428 5566 2520 5603 eos
2554 5548 2727 5601 libros
2767 5560 2956 5598 secum
2984 5542 3232 5613 sepeliri,
3280 5556 3351 5593 ne
3378 5536 3589 5609 populo
