3884 6178
323 247 422 298 471

1332 240 1894 296 SUPPLEMENTUM
1937 242 2027 296 AD
2065 240 2297 298 OPERA
2335 242 2391 296 S.
2433 237 2822 296 AUGUSTINI.
3657 256 3740 308 472

318 366 741 421 innotescerent
772 383 786 431 ;
837 366 914 419 sic
963 368 1258 418 censuerat
1289 379 1382 417 eos
1437 363 1871 417 comburendos.
1914 379 2008 416 ea-
2047 367 2091 420 A
2122 367 2229 417 tate
2256 367 2550 430 certarunt,
2586 365 2690 416 etc.
2733 361 2863 427 Quis
2893 365 3070 415 autem
3113 360 3319 416 audivit
3345 365 3606 433 aliquando
3630 372 3742 441 ﬁde-

321 455 452 509 dem
486 456 554 510 de
594 472 782 509 causa.

392 545 566 599 Lmae
595 562 715 598 VIII.
752 545 884 613 Cap.
919 546 969 596 9.
1000 543 1253 596 Aliarum
1284 556 1491 610 quoque
1523 543 1783 607 gentium,
1817 543 1912 609 qui
1930 556 2020 595 sa-

311 635 520 702 pientes
575 634 656 686 vel
698 632 1010 701 philosophi
1055 631 1232 682 habiti
1277 637 1425 698 sunt,
1466 631 1756 694 Atlantici,
1808 630 2013 697 Libyci,

317 723 581 789 Egyptii,
632 720 786 786 Indi,
831 719 1027 786 Persa,
1086 718 1358 783 Chaldaei,
1407 718 1636 785 Scythae,
1694 715 1861 783 Galli,
1914 720 2019 770 Hi-

319 811 499 878 spani,
533 809 736 875 aliique
771 809 1136 876 reperiuntur,
1173 803 1307 876 etc.]
1357 807 1547 859 Justus
1580 805 1798 876 Lipsius
1828 806 2020 859 Manu-

323 895 607 950 ductionis
629 895 700 948 ad
739 895 988 949 Stoicam
1032 893 1457 964 phi1050phiam
1506 892 1604 946 lib.
1639 911 1676 959 ι,
1709 894 1934 948 dissert.
1966 899 2017 960 5,

322 983 518 1037 multis
547 983 699 1038 hunc
729 984 918 1036 locum
953 982 1220 1047 illustrat,
1251 986 1305 1034 et
1332 981 1642 1036 Atlanticos
1671 981 2020 1035 Mauritaniae

320 1071 604 1136 sapientes
635 1071 930 1142 intelligit,
961 1071 1102 1124 duce
1133 1070 1358 1123 Atlante
1391 1086 1457 1123 eo
1515 1069 1748 1123 delatos.
1786 1069 2021 1140 Libycos

313 1171 414 1220 aut
439 1168 639 1237 Libyas
677 1167 1056 1221 intellexerim
1101 1166 1242 1220 alios
1299 1170 1399 1220 aut
1453 1165 1740 1219 interioris
1801 1166 2014 1236 Libyae,

322 1259 421 1309 aut
447 1256 570 1326 ejus
589 1272 718 1325 quae
745 1255 989 1324 Egypto
1028 1253 1231 1307 vicina.

393 1347 526 1414 Cap.
568 1347 648 1398 19.
671 1346 939 1398 Postremo
973 1346 1089 1411 ipse
1117 1343 1383 1412 Apuletus
1411 1342 1664 1411 nunquid
1693 1344 1844 1412 apud
1865 1345 2018 1412 judi-

323 1447 405 1486 ces
436 1433 783 1486 Christianos
809 1432 875 1484 de
914 1433 1139 1497 magicis
1170 1431 1378 1484 artibus
1406 1435 1687 1484 accusatus
1709 1434 1834 1484 est?
1864 1431 2021 1485 Unde

323 1520 577 1591 liquebat
607 1536 719 1572 non
748 1536 912 1590 posse
940 1517 1282 1589 reprehendi
1313 1518 1662 1574 Christianos
1709 1519 1861 1590 quod
1891 1520 2024 1573 Pla—

322 1608 541 1662 tonicos
587 1607 790 1678 magia:
845 1607 1261 1672 insimularent,
1317 1623 1444 1660 cum
1505 1607 1654 1676 apud
1713 1607 2019 1662 Maximum

325 1696 642 1759 Claudium,
671 1696 924 1766 judicem
970 1695 1279 1762 etlmicum,
1322 1699 1614 1749 accusatus
1644 1694 1842 1750 fuisset
1870 1697 2021 1766 Apu-

322 1784 487 1851 leius,
522 1784 762 1838 celebris
786 1785 1128 1838 Platonicus.

399 1872 538 1942 Cap.
577 1875 666 1926 22.
725 1875 910 1927 Restat
954 1877 1012 1928 ut
1036 1874 1183 1926 nullo
1223 1871 1376 1925 modo
1410 1871 1732 1925 credendum
1784 1875 1853 1926 sit
1884 1873 2028 1941 quod

323 1962 594 2030 Apuleius
622 1961 950 2030 persuadere
973 1963 1191 2030 nititur,
1223 1966 1274 2014 et
1303 1963 1609 2028 quicunque
1645 1962 1748 2014 alii
1784 1963 2026 2031 philoso-

319 2051 422 2118 phi
462 2055 588 2103 sunt
628 2050 866 2118 ejusdem
905 2053 1200 2115 sententiae,
1242 2051 1323 2102 ita
1358 2064 1468 2102 esse
1513 2049 1716 2102 medios
1766 2049 2029 2104 daemones

325 2141 470 2192 inter
495 2139 618 2191 deos
648 2143 697 2192 et
742 2140 999 2204 homines,
1052 2139 1313 2206 tanquam
1348 2139 1710 2191 internuntios
1757 2141 1806 2190 et
1862 2140 2031 2191 inter-

324 2231 520 2294 pretes,
551 2228 648 2294 qui
677 2227 804 2279 hinc
832 2226 1019 2290 ferant
1046 2227 1333 2294 petitiones
1361 2228 1600 2285 nostras,
1628 2224 1755 2277 inde
1783 2226 2027 2290 referant

325 2315 545 2368 deorum
573 2313 894 2383 suppetias.]
923 2313 979 2366 Si
1019 2314 1123 2367 hoc
1153 2314 1222 2366 de
1281 2312 1780 2367 cacodaemonibus
1811 2313 2030 2366 intelli-

328 2419 449 2472 gas,
473 2419 674 2456 verum
695 2406 780 2456 est
826 2419 920 2455 eos
950 2419 1066 2456 non
1123 2418 1244 2455 esse
1301 2417 1406 2455 nec
1464 2418 1584 2454 esse
1614 2417 1781 2471 posse
1841 2401 2030 2455 inter-

327 2490 560 2544 nuntios
590 2491 740 2544 inter
762 2491 941 2544 Deum
969 2495 1024 2543 et
1054 2489 1317 2543 homines
1351 2505 1364 2554 ;
1428 2489 1524 2542 sed
1577 2505 1692 2542 non
1722 2489 1882 2543 video
1916 2492 2028 2543 Au-

328 2578 623 2649 gustinum
657 2579 727 2632 de
756 2578 922 2632 bonis
955 2578 1316 2632 daemonibus
1343 2578 1694 2632 contrarium
1734 2579 2026 2648 probasse,

330 2665 590 2737 quamvis
611 2665 1008 2720 taediosissime
1040 2669 1144 2719 hac
1172 2666 1241 2719 de
1272 2682 1332 2720 re
1373 2669 1523 2736 agat.
1558 2666 1826 2730 Quinimo
1857 2667 2028 2721 hodie

326 2768 458 2822 pars
483 2769 598 2806 non
625 2753 832 2823 exigua
864 2753 1316 2807 Christianorum
1345 2754 1456 2806 tale
1507 2752 1805 2823 quidpiam
1863 2755 2034 2808 sentit

329 2842 398 2894 de
429 2841 666 2912 angelis.
691 2841 987 2895 Interdum
1012 2841 1304 2912 vitilitigat
1323 2841 1702 2911 Hipponensis
1733 2841 2030 2912 episcopus

2131 454 2263 506 lium
2287 457 2516 506 stantem
2566 451 2891 505 sacerdotem
2921 451 2994 503 ad
3040 451 3231 516 altare,
3279 454 3427 508 etiam
3460 471 3603 525 super
3641 476 3745 516 san-

2130 547 2269 595 ctum
2303 556 2495 609 corpus
2515 542 2799 607 martyris,
2850 540 2924 592 ad
2960 541 3056 592 Dei
3085 539 3325 593 honorem
3357 544 3628 614 cultumque
3651 565 3751 603 con-

2128 635 2391 684 structum
2444 630 2620 683 dicere
2681 631 2738 682 in
2783 628 3076 697 precibus:
3128 627 3300 695 Offero
3340 631 3430 683 tibi
3456 637 3748 704 sacriﬁcium,

2129 721 2301 783 Petre,
2347 719 2430 770 vel
2477 718 2667 781 Paule,
2714 718 2798 770 vel
2846 718 3136 785 Cypriane,
3169 719 3272 769 etc.
3293 715 3342 788 ‘1]
3375 723 3438 772 At
3460 736 3646 792 pompa
3671 740 3758 790 qua

2129 806 2459 860 ferebantur
2482 805 2758 876 reliquiae,
2804 806 2995 859 honor
3043 804 3144 875 qui
3180 804 3249 857 iis
3288 821 3522 875 genuum
3553 808 3757 867 ﬂexione

2129 893 2508 960 deferebatur,
2537 891 2926 946 invocationes
2956 896 3279 945 sanctorum
3325 893 3476 962 quasi
3495 911 3665 964 preces
3683 915 3759 952 au-

2131 982 2337 1046 dirent,
2363 983 2524 1052 cujus
2554 982 2639 1035 rei
2671 981 2998 1051 exemplum
3029 980 3334 1034 habuimus
3380 985 3533 1036 antea
3566 985 3628 1038 ad
3650 990 3758 1041 tom.

2133 1071 2194 1135 V,
2228 1087 2284 1140 p.
2349 1073 2468 1138 152,
2525 1070 2631 1124 col.
2679 1074 2733 1134 2,
2793 1069 3215 1139 persuadehant
3266 1069 3487 1123 ethnicis
3536 1077 3764 1142 martyres

2130 1157 2238 1211 coli
2260 1159 2422 1228 quasi
2444 1157 2736 1228 quoddam
2758 1173 2939 1227 genus
2963 1157 3298 1211 inferiorum
3321 1158 3576 1225 deorum;
3602 1177 3708 1229 nec,
3729 1163 3764 1215 si

2130 1260 2285 1297 nunc
2311 1245 2545 1298 tandem
2574 1245 2694 1298 sine
2723 1243 3177 1298 dissimulatione
3209 1243 3368 1314 loqui
3395 1243 3534 1300 licet.
3565 1249 3764 1301 multum

2132 1349 2164 1386 a
2190 1349 2322 1386 vero
2355 1333 2715 1401 oberrabant,
2757 1349 2889 1386 nam
2935 1337 2990 1385 et
3031 1332 3378 1387 Christianos
3408 1333 3682 1387 nonnullos
3705 1337 3767 1388 ol-

2131 1422 2398 1476 fendebat
2418 1438 2648 1492 quoque
2681 1420 3011 1491 hujusmodi
3031 1420 3240 1476 cultus.
3284 1420 3476 1491 Liquet
3502 1421 3599 1474 hoc
3625 1437 3679 1474 ex
3715 1424 3766 1476 li-

2129 1510 2280 1563 bello
2323 1511 2674 1580 Hieronymi,
2698 1526 2812 1581 quo
2844 1511 3018 1563 homo
3049 1510 3352 1562 vehemens
3396 1509 3639 1562 conviciis
3671 1526 3771 1564 exa-

2134 1600 2275 1670 gitat
2306 1600 2698 1670 Vigilantiam,
2731 1615 2903 1670 quem
2925 1598 3063 1652 talia
3105 1598 3432 1668 gravissime
3458 1598 3771 1652 offenderant.

2137 1690 2333 1758 Itaque
2367 1688 2461 1742 hic
2518 1693 2712 1742 noster
2766 1687 3062 1741 rhetorum
3099 1703 3260 1740 more
3312 1685 3603 1756 respondet
3650 1687 3776 1740 dissi-

2137 1775 2369 1830 mulatis
2399 1776 2468 1830 iis
2501 1793 2629 1848 quas
2654 1776 2723 1830 ab
2749 1775 2990 1830 ethnicis
3030 1774 3461 1845 objiciebantur,
3505 1778 3556 1827 et
3587 1779 3777 1844 praeter-

2139 1867 2312 1919 misso
2335 1867 2486 1918 cultu
2520 1866 2619 1936 qui
2659 1881 2855 1919 revera
2892 1864 3152 1935 reliquiis
3192 1867 3502 1934 martyrum
3527 1862 3778 1916 exhibeba-

2137 1959 2249 2017 tur,
2275 1958 2329 2007 et
2355 1954 2558 2008 merito
2591 1954 2919 2008 oﬁendebat
2949 1953 3224 2006 ethnicos.

2215 2045 2378 2097 Lmno
2411 2060 2484 2097 1x.
2532 2043 2666 2112 Cap.
2716 2046 2799 2096 15.
2833 2044 2937 2097 Nec
2970 2046 3148 2095 tamen
3202 2041 3266 2095 ob
3300 2043 3394 2094 hoc
3430 2040 3673 2094 Mediator
3707 2045 3782 2102 est,

2139 2137 2270 2202 quia
2320 2133 2550 2187 Verbum
2576 2153 2591 2198 ;
2622 2135 2860 2186 maxime
2911 2134 3110 2201 quippe
3161 2133 3482 2196 immortale,
3529 2136 3574 2184 et
3597 2133 3787 2183 maxime

2141 2224 2352 2276 beatum
2389 2222 2620 2277 Verbum
2651 2223 2802 2288 longe
2825 2238 2860 2274 a
2907 2221 3227 2275 mortalibus
3277 2222 3507 2274 miseriis
3559 2220 3677 2288 (non
3702 2219 3787 2270 mi-

2141 2310 2303 2376 seris)
2335 2311 2430 2364 sed
2477 2310 2744 2364 mediator
2791 2325 2892 2379 per
2929 2309 3073 2377 quod
3119 2309 3319 2377 homo.]
3369 2310 3519 2372 Vere,
3574 2323 3690 2360 nam
3736 2307 3786 2358 ad

2143 2401 2319 2453 Deum
2351 2399 2506 2470 quod
2533 2399 2758 2466 attinet,
2788 2415 2903 2452 non
2925 2398 3142 2468 indiget
3172 2398 3300 2467 ipse
3321 2397 3630 2463 Mediatore,
3663 2395 3788 2463 cujus.

2141 2504 2314 2558 opera
2335 2487 2634 2541 nobiscum
2664 2491 2797 2557 agat
2825 2507 2840 2552 ;
2875 2487 2972 2541 sed
2999 2503 3102 2540 nos
3128 2486 3198 2540 ad
3227 2490 3443 2540 tantam
3466 2486 3788 2555 majestatem.

2143 2576 2264 2629 sine
2295 2577 2607 2630 mediatorc
2639 2579 2694 2629 et
2732 2575 2962 2646 quidem
3013 2575 3192 2629 nostri
3244 2575 3488 2645 generis,
3519 2574 3604 2626 vix
3641 2587 3792 2624 assur.

2142 2680 2276 2731 gere
2301 2679 2622 2734 possumus.

2215 2753 2347 2821 Cap.
2383 2754 2471 2805 22.
2509 2753 2585 2806 De
2610 2751 2855 2822 angelis.
2893 2753 3017 2806 Ideo
3062 2753 3263 2806 certius
3310 2754 3470 2805 etiam
3522 2748 3794 2816 temporalia

2143 2846 2191 2894 et
2212 2841 2502 2894 mutabilia
2521 2842 2631 2893 ista
2656 2847 2919 2894 noverunt
2945 2858 2958 2907 ;
2993 2843 3127 2908 quia
3147 2855 3333 2894 eorum
3355 2839 3671 2910 principales
3696 2852 3794 2888 cau-

295 2941 461 2994 _cum
509 2925 835 2994 Platonicis,
892 2926 1380 2996 quemadmodum
1411 2930 1468 2980 et
1515 2941 1644 2980 cum
1677 2925 1802 2980 aliis
1828 2926 2026 2980 adver-
2067 2936 2107 2991 ρ
2142 2943 2231 2982 sas
2257 2931 2314 2981 in
2359 2929 2527 2984 Verbo
2560 2931 2660 2983 Dei
2677 2931 3034 2998 conspiciunt,
3063 2944 3164 2998 per
3183 2928 3335 2998 quod
3360 2931 3539 2996 factus
3578 2930 3649 2980 est
3679 2940 3800 2978 mun-

331 3029 513 3068 sanis.

402 3102 536 3172 Cap.
564 3103 650 3157 23.
691 3104 916 3156 Diversa
936 3103 1002 3156 de
1025 3104 1138 3156 illis
1167 3104 1255 3156 ille
1292 3103 1525 3156 Hermes
1553 3105 1846 3173 Egyptius
1877 3119 2032 3172 quem

335 3192 742 3257 Trismegistum
779 3196 990 3256 vocant,
1033 3192 1199 3244 sensit
1228 3196 1276 3244 et
1315 3189 1582 3261 scripsit.]
1618 3191 1804 3244 Multis
1836 3197 2028 3245 osten-

334 3278 414 3332 dit
471 3279 690 3332 [saacus
744 3280 1110 3333 Casaubonus
1161 3280 1499 3332 exercitati
1568 3279 1627 3332 in
1678 3283 2032 3350 Apparatum

330 3365 642 3419 Annalium
672 3365 978 3418 cardinalis
1027 3365 1276 3432 Baronii,
1319 3365 1513 3419 ﬁctum
1554 3367 1707 3419 hunc
1743 3383 1862 3420 esse
1895 3367 2030 3420 Her-

332 3457 543 3507 metem
589 3470 620 3506 a
666 3453 986 3508 Christiano
1045 3453 1313 3524 quodam,
1374 3454 1474 3523 qui
1518 3454 1816 3525 religionis
1862 3455 2027 3509 Chri—

330 3543 530 3595 stianas
552 3541 821 3612 dogmata
843 3543 964 3611 ejus
985 3541 1344 3610 auctoritate,
1365 3542 1494 3596 dolo
1524 3544 1676 3596 malo
1707 3547 1762 3596 et
1786 3543 2030 3613 indigno

331 3629 566 3684 homine
613 3629 864 3683 veritatis
905 3635 1156 3698 amante,
1213 3630 1551 3684 conﬁrmare
1607 3630 1822 3697 voluit;
1880 3631 2032 3702 quod

332 3719 476 3773 adeo
509 3718 875 3773 manifestum
906 3723 1008 3786 est,
1043 3724 1107 3773 ut
1137 3719 1350 3774 mirum
1405 3719 1479 3772 sit
1524 3721 1716 3774 Patres
1751 3719 2033 3789 ejusmodi

331 3807 502 3878 nugis
526 3824 691 3862 ausos
742 3824 862 3861 esse
903 3808 1010 3862 uti.
1060 3809 1314 3862 Fortasse
1339 3824 1458 3862 non
1496 3807 1893 3878 intelligebant
1925 3809 2034 3879 ipsi

329 3896 612 3966 fraudem,
644 3896 902 3966 quamvis
926 3896 999 3950 sit
1027 3897 1162 3950 satis
1194 3901 1424 3966 aperta;
1475 3896 1573 3950 sed
1630 3897 1842 3951 mirum
1875 3913 1970 3951 eos
2001 3914 2033 3951 a

331 3985 719 4038 nasutioribus
777 3984 1019 4038 ethnicis
1075 4001 1191 4038 non
1219 3985 1391 4039 fuisse
1459 3984 1806 4042 exsibilatos.
1871 3987 2032 4040 Certe

332 4073 493 4142 digni
523 4077 685 4127 erant
727 4073 828 4144 qui
870 4073 1010 4126 albis
1059 4074 1326 4128 dentibus
1355 4073 1752 4140 irriderentur,
1786 4074 1886 4144 qui
1915 4079 2029 4128 tam

332 4159 495 4214 avide
537 4177 719 4232 usque
765 4160 906 4214 adeo
953 4161 1102 4214 male
1149 4165 1412 4214 consutos
1459 4160 1617 4214 dolos
1663 4161 2030 4232 arripiebant,

333 4247 380 4300 si
407 4248 716 4302 credebant
746 4248 1069 4318 suppositos
1109 4249 1236 4302 illos
1262 4248 1437 4302 libros
1475 4265 1676 4302 eorum
1707 4265 1828 4303 esse
1887 4267 2036 4320 quo-

335 4351 463 4388 rum
492 4336 726 4389 nomina
748 4337 1150 4406 praeferebant.
1171 4336 1330 4400 Quod
1354 4336 1400 4388 si
1420 4337 1676 4390 fraudem
1696 4338 2031 4408 quidemin-

334 4422 690 4492 telligebant,
741 4424 890 4494 quod
933 4439 1143 4494 negare
1173 4423 1406 4485 nollem,
1441 4440 1709 4494 magnam
1758 4426 2029 4496 injuriam

334 4510 561 4565 veritati
582 4511 882 4578 faciebant,
915 4528 1088 4582 quam
1127 4511 1390 4582 turpibus
1428 4513 1739 4566 mendaciis
1770 4515 2028 4583 adjutum

333 4599 513 4666 ibant,
546 4598 1050 4670 impediebantque
1079 4616 1150 4654 ne
1182 4599 1543 4654 ethnicorum
1565 4600 1823 4671 reliquiae
1855 4602 2027 4657 ﬁdem

337 4685 639 4756 Evangelio
671 4684 968 4740 haberent.
1007 4686 1260 4756 Denique
1291 4703 1408 4741 non
1438 4704 1740 4758 possumus
1775 4705 1929 4742 nunc
1961 4690 2030 4744 de

333 4774 403 4828 iis
435 4773 599 4827 aliter
613 4773 872 4844 judicare
903 4791 1075 4844 quam
1101 4775 1273 4829 fuisse
1323 4780 1423 4829 aut
1465 4775 1743 4846 pessimos
1784 4777 2029 4846 criticos,

335 4867 433 4917 aut
454 4878 571 4916 non
601 4861 735 4916 satis
760 4862 875 4916 vim
896 4862 1146 4915 veritatis
1177 4863 1544 4932 intellexisse,
1603 4882 1731 4936 quin
1775 4865 2030 4936 profecto

333 4949 615 5020 ejusmodi
669 4949 966 5003 fraudibus
1012 4966 1127 5003 non
1174 4950 1439 5022 indiget;
1500 4969 1604 5006 nec
1654 4969 1833 5024 usque
1889 4955 2030 5008 adeo

334 5038 616 5092 mendacii
635 5037 897 5091 inimicos
919 5037 1089 5091 fuisse
1113 5055 1286 5108 quam
1310 5039 1465 5092 libris
1478 5039 1646 5094 editis
1663 5041 2028 5096 simulabant.

405 5127 538 5196 Cap.
592 5129 678 5180 27.
731 5129 833 5183 Nec
881 5131 1055 5180 tamen
1085 5143 1181 5181 nos
1215 5129 1415 5181 eisdem
1443 5130 1778 5197 martyribus
1811 5133 2027 5201 templa,

333 5214 657 5280 sacerdotia,
706 5230 863 5269 sacra
909 5221 958 5268 et
1004 5217 1275 5283 sacriﬁcia
1316 5219 1723 5282 constituimus;
1778 5222 2032 5286 quoniam

334 5317 441 5355 non
469 5303 600 5370 ipsi,
641 5303 734 5355 sed
773 5305 916 5357 Deus
952 5319 1133 5358 eorum
1183 5304 1337 5358 nobis
1366 5309 1443 5358 est
1498 5306 1660 5360 Deus.
1699 5309 2033 5360 Honoramus

333 5405 463 5444 sane
519 5393 802 5444 memorias
848 5407 1046 5458 eorum,
1092 5396 1351 5461 tanquam
1407 5398 1715 5446 sanctorum
1760 5395 2034 5449 hominum

334 5480 450 5543 Dei,
496 5480 594 5546 qui
615 5493 784 5546 usque
836 5479 909 5531 ad
938 5484 1158 5533 mortem
1209 5496 1489 5549 corporum
1519 5496 1735 5534 suorum
1763 5499 1862 5550 pro
1890 5487 2030 5536 veri-

2142 3017 2244 3070 dus
2274 3033 2286 3082 ;
2330 3016 2526 3085 quibus
2557 3017 2732 3070 causis
2761 3015 3010 3084 quadam
3025 3015 3354 3085 probantur,
3379 3013 3617 3084 quaedam
3651 3026 3800 3080 repro-

2143 3105 2385 3173 bantur.]
2419 3108 2561 3159 Ante
2592 3105 2789 3158 omnia
2817 3105 3022 3158 vellem
3053 3103 3194 3157 scire
3229 3120 3306 3157 an
3341 3104 3440 3174 qui
3481 3102 3609 3156 talia
3639 3101 3697 3154 de
3723 3115 3802 3151 an-

2142 3192 2284 3262 gelis
2314 3197 2369 3246 et
2399 3193 2576 3246 Verbo
2609 3193 2898 3246 afﬁrmant
2933 3193 3066 3246 satis
3098 3192 3431 3263 intelligant
3463 3191 3594 3262 quid
3634 3187 3804 3246 velint;

2141 3296 2275 3333 nam
2305 3281 2373 3334 ad
2405 3297 2495 3335 me
2527 3281 2759 3351 quidem
2783 3282 2936 3351 quod
2985 3282 3211 3346 attinet,
3261 3297 3381 3335 non
3413 3279 3710 3347 intelligere
3736 3291 3805 3327 me

2140 3369 2323 3422 fateor
2352 3369 2640 3440 quomodo
2676 3369 2866 3440 angeli
2898 3369 3117 3440 possint
3161 3374 3402 3424 aeternae
3456 3365 3695 3422 Rationis
3727 3379 3803 3416 no-

2139 3456 2322 3510 tiones
2366 3461 2424 3510 et
2475 3457 2852 3526 cogitationes
2884 3457 3097 3526 videre,
3129 3458 3214 3512 ita
3259 3463 3325 3512 ut
3353 3474 3418 3511 ex
3453 3458 3570 3527 ejus
3616 3458 3801 3508 natura

2141 3545 2625 3614 contemplatione
2649 3545 2830 3599 sciant
2849 3545 2985 3616 quid
3017 3545 3142 3599 ﬁeri
3176 3545 3350 3613 velit,
3385 3544 3518 3614 quid
3563 3541 3720 3605 nolit;
3749 3542 3804 3600 et,

2141 3636 2204 3686 ut
2225 3649 2422 3687 verum
2451 3633 2744 3703 proﬁtear,
2768 3651 2800 3688 a
2831 3633 3060 3687 nemine
3083 3637 3226 3704 puto
3261 3633 3537 3704 intelligi,
3569 3629 3660 3702 qui
3686 3642 3809 3682 crea-

2141 3724 2285 3774 tura:
2338 3727 2594 3775 mentem
2648 3722 2947 3787 Creatoris,
2995 3737 3170 3792 quam
3204 3738 3331 3776 non
3380 3719 3660 3782 revelavit,
3691 3729 3807 3768 asse-

2143 3814 2392 3878 quantur
2447 3809 2568 3862 sola
2611 3811 2734 3879 ejus
2792 3809 3302 3878 contemplatione.
3377 3807 3591 3862 Deinde
3641 3802 3808 3857 vellem

2141 3897 2284 3950 scire
2308 3897 2458 3950 unde
2488 3897 2594 3951 hoc
2640 3897 2888 3952 habeant
2931 3898 3208 3968 theologi,
3245 3915 3317 3952 ex
3372 3891 3814 3968 philosophicisne

2141 3986 2692 4052 ratiocinationibus,
2725 4003 2799 4040 an
2831 4003 2898 4041 ex
2921 3986 3256 4055 Scriptura;
3315 4003 3454 4041 nam
3487 3984 3556 4039 ad
3604 3980 3814 4045 Scriptu-

2141 4090 2265 4126 ram
2314 4075 2549 4145 quidem
2597 4076 2748 4146 quod
2805 4075 3024 4141 attinet,
3067 4073 3258 4129 ausim
3314 4074 3601 4128 afﬁrmare
3632 4069 3815 4122 nullum

2144 4178 2262 4216 esse
2303 4163 2511 4230 locum,
2557 4165 2656 4233 qui
2685 4163 2918 4234 quidem
2969 4163 3043 4216 sit
3071 4163 3440 4233 perspicuus,
3494 4176 3561 4215 ex
3589 4173 3690 4230 quo
3731 4154 3814 4207 hoc

2147 4251 2528 4305 verisimiliter
2567 4252 2770 4306 deduci
2805 4252 3012 4322 possit;
3044 4250 3469 4322 philosophicis
3518 4264 3644 4301 vero
3683 4243 3816 4296 ratio-

2137 4339 2516 4394 cinationibus
2545 4341 2829 4411 quomodo
2870 4339 3008 4394 talia
3043 4339 3275 4410 possint
3303 4337 3502 4409 colligi
3533 4334 3700 4389 multo
3723 4329 3813 4382 mi-

2139 4442 2246 4480 nus
2285 4443 2576 4498 assequor.
2633 4430 2899 4481 Attamen
2955 4428 3063 4480 hoc
3092 4427 3462 4496 Augustinus
3514 4438 3627 4478 non
3673 4415 3814 4472 semel

2139 4514 2404 4580 afﬁrmat,
2435 4515 2597 4586 quasi
2619 4515 2925 4586 theologia:
2949 4515 3289 4569 Christiana
3316 4515 3549 4583 dogma,
3583 4514 3636 4564 et
3662 4508 3731 4561 ita
3751 4519 3815 4556 se-

2138 4619 2270 4656 cure
2297 4604 2513 4674 profert
2531 4602 2692 4674 quasi
2705 4620 2794 4656 res
2808 4608 2954 4657 esset
2975 4604 3291 4674 explorata,
3324 4619 3392 4656 ac
3422 4597 3669 4669 theologi
3686 4594 3817 4648 scho-

2137 4692 2319 4746 lastici
2342 4709 2548 4762 magno
2577 4708 2856 4746 consensu
2886 4692 3280 4761 arripuerunt.
3318 4691 3461 4744 Vide
3498 4704 3622 4759 quae
3653 4686 3744 4738 hac
3765 4679 3817 4731 de

2139 4797 2198 4833 re
2220 4780 2446 4850 collegit
2471 4780 2769 4850 Dionysius
2800 4779 3061 4834 Petavius
3099 4778 3567 4851 theologicorum
3609 4776 3819 4841 Dogm‘d‘

2138 4873 2261 4922 tum
2291 4873 2432 4922 tom.
2457 4869 2502 4936 Ι,
2553 4868 2651 4935 lib,
2685 4883 2763 4935 IV,
2810 4885 2938 4939 cap.
2978 4871 3052 4934 2;
3086 4872 3143 4921 et
3170 4872 3319 4922 tom.
3382 4867 3484 4928 Ill,
3516 4865 3585 4918 de
3613 4856 3813 4928 Angelis

2137 4957 2233 5010 lib.
2259 4973 2297 5020 Ι,
2325 4973 2447 5025 cap.
2474 4959 2526 5011 4.

2210 5045 2344 5114 Cap.
2377 5048 2465 5112 23,
2501 5047 2527 5110 §
2562 5048 2611 5098 1.
2660 5045 2805 5099 Illud
2833 5061 2956 5099 vero
3009 5045 3209 5099 dicitur
3260 5046 3415 5098 Deus
3463 5043 3710 5102 deorum,
3737 5045 3820 5085 non

2136 5137 2310 5202 potest
2365 5135 2601 5201 intelligi
2651 5137 2788 5187 Deus
2845 5133 3274 5200 daemoniorum;
3338 5138 3397 5186 et
3463 5145 3563 5184 rex
3614 5132 3825 5192 magnus

2141 5237 2313 5290 super
2341 5237 2538 5274 omnes
2565 5221 2723 5287 deos,
2759 5221 2902 5275 absit
2935 5227 2993 5274 ut
3029 5222 3250 5275 dicatur
3304 5223 3424 5275 Rea:
3468 5230 3628 5285 super
3671 5208 3824 5263 omnia

2141 5306 2450 5378 daemonia]
2504 5309 2669 5378 Apud
2712 5309 2995 5372 Hebraeos,
3049 5314 3108 5362 ut
3151 5308 3260 5361 viri
3315 5307 3471 5361 docti
3507 5302 3713 5358 dudum
3748 5310 3822 5347 OS-

2141 5396 2468 5464 tenderunt,
2511 5413 2614 5450 vox
2665 5382 2854 5456 ω’ΠΒΝ
2885 5398 3079 5450 elohim
3131 5395 3425 5465 signiﬁcat
3456 5385 3725 5463 quidquid
3752 5398 3819 5477 c0-

2145 5485 2299 5548 litur,
2332 5491 2550 5553 σέϐασμα
2603 5500 2700 5536 seu
2751 5485 2809 5537 in
2856 5484 2996 5538 cmlo
3027 5483 3164 5538 illud
3217 5483 3314 5549 sit,
3375 5482 3494 5534 sive
3549 5480 3604 5531 in
3657 5479 3818 5526 terris-
