  <div class='ocr_page' id='page_1' title='image "/cluster/home/n/w/nwhite01/storage/ocr_20150623/47/hvd.32044096580683/242.png"; bbox 0 0 3884 6178; ppageno 0'>
   <div class='ocr_carea' id='block_1_1' title="bbox 126 278 199 329">
    <p class='ocr_par' dir='ltr' id='par_1_1' title="bbox 126 278 199 329">
     <span class='ocr_line' id='line_1_1' title="bbox 126 278 199 329; baseline -0.041 0"><span class='ocrx_word' id='word_1_1' title='bbox 126 278 199 329; x_wconf 57' lang='lat'>$73</span> 
     </span>
    </p>
   </div>
   <div class='ocr_carea' id='block_1_2' title="bbox 124 383 1799 462">
    <p class='ocr_par' dir='ltr' id='par_1_2' title="bbox 124 383 1799 462">
     <span class='ocr_line' id='line_1_2' title="bbox 124 383 1799 462; baseline -0.008 -13"><span class='ocrx_word' id='word_1_2' title='bbox 124 398 262 462; x_wconf 79' lang='lat' dir='ltr'>Itaque</span> <span class='ocrx_word' id='word_1_3' title='bbox 281 386 473 456; x_wconf 78' lang='lat' dir='ltr'>quando</span> <span class='ocrx_word' id='word_1_4' title='bbox 499 387 648 439; x_wconf 89' lang='lat' dir='ltr'>Deus</span> <span class='ocrx_word' id='word_1_5' title='bbox 674 400 838 438; x_wconf 88' lang='lat' dir='ltr'>verus</span> <span class='ocrx_word' id='word_1_6' title='bbox 867 383 1077 438; x_wconf 87' lang='lat' dir='ltr'>dicitur</span> <span class='ocrx_word' id='word_1_7' title='bbox 1106 387 1244 438; x_wconf 85' lang='lat' dir='ltr'>Deus</span> <span class='ocrx_word' id='word_1_8' title='bbox 1294 383 1531 450; x_wconf 87' lang='lat' dir='ltr'>deorum,</span> <span class='ocrx_word' id='word_1_9' title='bbox 1587 398 1716 453; x_wconf 90' lang='lat' dir='ltr'>per-</span> <span class='ocrx_word' id='word_1_10' title='bbox 1756 385 1799 436; x_wconf 88' lang='lat' dir='ltr'>A</span> 
     </span>
    </p>
   </div>
   <div class='ocr_carea' id='block_1_3' title="bbox 123 470 1718 541">
    <p class='ocr_par' dir='ltr' id='par_1_3' title="bbox 123 470 1718 541">
     <span class='ocr_line' id='line_1_3' title="bbox 123 470 1718 541; baseline -0.008 -6"><span class='ocrx_word' id='word_1_11' title='bbox 123 482 214 534; x_wconf 83' lang='lat' dir='ltr'>inde</span> <span class='ocrx_word' id='word_1_12' title='bbox 238 481 298 530; x_wconf 86' lang='lat' dir='ltr'>est</span> <span class='ocrx_word' id='word_1_13' title='bbox 321 492 372 528; x_wconf 88' lang='lat' dir='ltr'>ac</span> <span class='ocrx_word' id='word_1_14' title='bbox 399 475 437 526; x_wconf 88' lang='lat' dir='ltr'>si</span> <span class='ocrx_word' id='word_1_15' title='bbox 466 473 745 526; x_wconf 76' lang='lat' dir='ltr'>diceretur</span> <span class='ocrx_word' id='word_1_16' title='bbox 775 471 1034 526; x_wconf 87' lang='lat' dir='ltr'>omnium</span> <span class='ocrx_word' id='word_1_17' title='bbox 1067 487 1266 524; x_wconf 90' lang='lat' dir='ltr'>eorum</span> <span class='ocrx_word' id='word_1_18' title='bbox 1294 487 1434 541; x_wconf 89' lang='lat' dir='ltr'>quos</span> <span class='ocrx_word' id='word_1_19' title='bbox 1478 470 1718 524; x_wconf 89' lang='lat' dir='ltr'>colimus</span> 
     </span>
    </p>
   </div>
   <div class='ocr_carea' id='block_1_4' title="bbox 124 559 1720 629">
    <p class='ocr_par' dir='ltr' id='par_1_4' title="bbox 124 559 1720 629">
     <span class='ocr_line' id='line_1_4' title="bbox 124 559 1720 629; baseline -0.008 -5"><span class='ocrx_word' id='word_1_20' title='bbox 124 565 501 624; x_wconf 79' lang='lat' dir='ltr'>eminentissimus</span> <span class='ocrx_word' id='word_1_21' title='bbox 525 579 539 612; x_wconf 91' lang='lat'><strong><em>:</em></strong></span> <span class='ocrx_word' id='word_1_22' title='bbox 572 568 636 614; x_wconf 85' lang='lat' dir='ltr'>ut</span> <span class='ocrx_word' id='word_1_23' title='bbox 665 563 924 617; x_wconf 86' lang='lat' dir='ltr'>Canticun</span> <span class='ocrx_word' id='word_1_24' title='bbox 958 563 1309 614; x_wconf 77' lang='lat' dir='ltr'>Canticorum</span> <span class='ocrx_word' id='word_1_25' title='bbox 1333 559 1538 613; x_wconf 88' lang='lat' dir='ltr'>dicitur</span> <span class='ocrx_word' id='word_1_26' title='bbox 1565 559 1720 629; x_wconf 89' lang='lat' dir='ltr'>quod</span> 
     </span>
    </p>
   </div>
   <div class='ocr_carea' id='block_1_5' title="bbox 126 648 1715 723">
    <p class='ocr_par' dir='ltr' id='par_1_5' title="bbox 126 648 1715 723">
     <span class='ocr_line' id='line_1_5' title="bbox 126 648 1715 723; baseline -0.006 -14"><span class='ocrx_word' id='word_1_27' title='bbox 126 661 165 712; x_wconf 86' lang='lat' dir='ltr'>in</span> <span class='ocrx_word' id='word_1_28' title='bbox 187 674 252 709; x_wconf 83' lang='lat' dir='ltr'>suo</span> <span class='ocrx_word' id='word_1_29' title='bbox 271 669 448 723; x_wconf 80' lang='lat' dir='ltr'>genere</span> <span class='ocrx_word' id='word_1_30' title='bbox 469 656 550 704; x_wconf 86' lang='lat' dir='ltr'>est</span> <span class='ocrx_word' id='word_1_31' title='bbox 581 649 874 703; x_wconf 82' lang='lat' dir='ltr'>eximium.</span> <span class='ocrx_word' id='word_1_32' title='bbox 898 650 1030 702; x_wconf 90' lang='lat' dir='ltr'>Etsi</span> <span class='ocrx_word' id='word_1_33' title='bbox 1047 651 1288 717; x_wconf 81' lang='lat' dir='ltr'>suntqui</span> <span class='ocrx_word' id='word_1_34' title='bbox 1325 649 1580 702; x_wconf 77' lang='lat' dir='ltr'>dicantur</span> <span class='ocrx_word' id='word_1_35' title='bbox 1611 648 1715 707; x_wconf 87' lang='lat' dir='ltr'>dii,</span> 
     </span>
    </p>
   </div>
   <div class='ocr_carea' id='block_1_6' title="bbox 119 739 1719 805">
    <p class='ocr_par' dir='ltr' id='par_1_6' title="bbox 119 739 1719 805">
     <span class='ocr_line' id='line_1_6' title="bbox 119 739 1719 805; baseline -0.007 -6"><span class='ocrx_word' id='word_1_36' title='bbox 119 749 172 799; x_wconf 86' lang='lat' dir='ltr'>ait</span> <span class='ocrx_word' id='word_1_37' title='bbox 201 743 360 797; x_wconf 80' lang='lat' dir='ltr'>Paulus</span> <span class='ocrx_word' id='word_1_38' title='bbox 403 741 420 793; x_wconf 85' lang='grc' dir='ltr'>Ι</span> <span class='ocrx_word' id='word_1_39' title='bbox 469 741 590 793; x_wconf 86' lang='lat' dir='ltr'>Cor.</span> <span class='ocrx_word' id='word_1_40' title='bbox 644 755 759 803; x_wconf 81' lang='lat' dir='ltr'>vur,</span> <span class='ocrx_word' id='word_1_41' title='bbox 808 741 862 805; x_wconf 80' lang='lat'>5,</span> <span class='ocrx_word' id='word_1_42' title='bbox 910 740 1021 791; x_wconf 77' lang='lat' dir='ltr'>sive</span> <span class='ocrx_word' id='word_1_43' title='bbox 1065 740 1122 791; x_wconf 88' lang='lat' dir='ltr'>in</span> <span class='ocrx_word' id='word_1_44' title='bbox 1170 739 1312 804; x_wconf 72' lang='lat' dir='ltr'>celo,</span> <span class='ocrx_word' id='word_1_45' title='bbox 1345 739 1457 790; x_wconf 82' lang='lat' dir='ltr'>sive</span> <span class='ocrx_word' id='word_1_46' title='bbox 1488 739 1546 789; x_wconf 84' lang='lat' dir='ltr'>in</span> <span class='ocrx_word' id='word_1_47' title='bbox 1576 742 1719 790; x_wconf 86' lang='lat' dir='ltr'>terra</span> 
     </span>
    </p>
   </div>
   <div class='ocr_carea' id='block_1_7' title="bbox 119 823 1722 901">
    <p class='ocr_par' dir='ltr' id='par_1_7' title="bbox 119 823 1722 901">
     <span class='ocr_line' id='line_1_7' title="bbox 119 823 1722 901; baseline -0.005 -15"><span class='ocrx_word' id='word_1_48' title='bbox 119 832 319 901; x_wconf 67' lang='lat' dir='ltr'>siquidem</span> <span class='ocrx_word' id='word_1_49' title='bbox 341 833 453 883; x_wconf 90' lang='lat' dir='ltr'>sunt</span> <span class='ocrx_word' id='word_1_50' title='bbox 476 823 565 881; x_wconf 80' lang='lat' dir='ltr'>&#39;dii</span> <span class='ocrx_word' id='word_1_51' title='bbox 583 827 742 881; x_wconf 87' lang='lat' dir='ltr'>multi</span> <span class='ocrx_word' id='word_1_52' title='bbox 769 832 818 880; x_wconf 88' lang='lat' dir='ltr'>et</span> <span class='ocrx_word' id='word_1_53' title='bbox 845 827 1052 879; x_wconf 82' lang='lat' dir='ltr'>domini</span> <span class='ocrx_word' id='word_1_54' title='bbox 1092 827 1291 894; x_wconf 89' lang='lat' dir='ltr'>multi),</span> <span class='ocrx_word' id='word_1_55' title='bbox 1335 825 1486 878; x_wconf 86' lang='lat' dir='ltr'>nobis</span> <span class='ocrx_word' id='word_1_56' title='bbox 1539 829 1722 879; x_wconf 84' lang='lat' dir='ltr'>tamen</span> 
     </span>
    </p>
   </div>
   <div class='ocr_carea' id='block_1_8' title="bbox 115 913 1718 984">
    <p class='ocr_par' dir='ltr' id='par_1_8' title="bbox 115 913 1718 984">
     <span class='ocr_line' id='line_1_8' title="bbox 115 913 1718 984; baseline -0.007 -8"><span class='ocrx_word' id='word_1_57' title='bbox 115 938 204 976; x_wconf 81' lang='lat' dir='ltr'>unus</span> <span class='ocrx_word' id='word_1_58' title='bbox 227 923 337 974; x_wconf 82' lang='lat' dir='ltr'>Deus</span> <span class='ocrx_word' id='word_1_59' title='bbox 352 921 522 983; x_wconf 85' lang='lat' dir='ltr'>Pater,</span> <span class='ocrx_word' id='word_1_60' title='bbox 555 933 622 970; x_wconf 72' lang='lat' dir='ltr'>ac</span> <span class='ocrx_word' id='word_1_61' title='bbox 651 931 754 984; x_wconf 90' lang='lat' dir='ltr'>quo</span> <span class='ocrx_word' id='word_1_62' title='bbox 785 917 985 981; x_wconf 88' lang='lat' dir='ltr'>omnia,</span> <span class='ocrx_word' id='word_1_63' title='bbox 1029 919 1136 968; x_wconf 90' lang='lat' dir='ltr'>etc.</span> <span class='ocrx_word' id='word_1_64' title='bbox 1171 913 1262 967; x_wconf 90' lang='lat' dir='ltr'>Sic</span> <span class='ocrx_word' id='word_1_65' title='bbox 1301 918 1356 968; x_wconf 87' lang='lat' dir='ltr'>et</span> <span class='ocrx_word' id='word_1_66' title='bbox 1385 915 1527 984; x_wconf 87' lang='lat' dir='ltr'>psal.</span> <span class='ocrx_word' id='word_1_67' title='bbox 1578 929 1718 978; x_wconf 75' lang='lat' dir='ltr'>xcrv,</span> 
     </span>
    </p>
   </div>
   <div class='ocr_carea' id='block_1_9' title="bbox 113 1002 1723 1072">
    <p class='ocr_par' dir='ltr' id='par_1_9' title="bbox 113 1002 1723 1072">
     <span class='ocr_line' id='line_1_9' title="bbox 113 1002 1723 1072; baseline -0.004 -12"><span class='ocrx_word' id='word_1_68' title='bbox 113 1013 268 1063; x_wconf 79' lang='lat' dir='ltr'>3.Deus</span> <span class='ocrx_word' id='word_1_69' title='bbox 290 1020 498 1072; x_wconf 84' lang='lat' dir='ltr'>magnus</span> <span class='ocrx_word' id='word_1_70' title='bbox 532 1007 810 1068; x_wconf 81' lang='lat' dir='ltr'>Dominus,</span> <span class='ocrx_word' id='word_1_71' title='bbox 844 1007 893 1056; x_wconf 90' lang='lat' dir='ltr'>et</span> <span class='ocrx_word' id='word_1_72' title='bbox 943 1002 1064 1056; x_wconf 74' lang='lat' dir='ltr'>Rea:</span> <span class='ocrx_word' id='word_1_73' title='bbox 1125 1017 1354 1069; x_wconf 87' lang='lat' dir='ltr'>magnus</span> <span class='ocrx_word' id='word_1_74' title='bbox 1403 1017 1566 1070; x_wconf 82' lang='lat' dir='ltr'>super</span> <span class='ocrx_word' id='word_1_75' title='bbox 1611 1017 1723 1054; x_wconf 92' lang='lat' dir='ltr'>om-</span> 
     </span>
    </p>
   </div>
   <div class='ocr_carea' id='block_1_10' title="bbox 111 1088 1725 1163">
    <p class='ocr_par' dir='ltr' id='par_1_10' title="bbox 111 1088 1725 1163">
     <span class='ocr_line' id='line_1_10' title="bbox 111 1088 1725 1163; baseline -0.006 -13"><span class='ocrx_word' id='word_1_76' title='bbox 111 1111 170 1151; x_wconf 73' lang='lat' dir='ltr'>nes</span> <span class='ocrx_word' id='word_1_77' title='bbox 203 1095 332 1159; x_wconf 81' lang='lat' dir='ltr'>deos;</span> <span class='ocrx_word' id='word_1_78' title='bbox 370 1093 606 1163; x_wconf 80' lang='lat' dir='ltr'>perinde</span> <span class='ocrx_word' id='word_1_79' title='bbox 656 1095 741 1146; x_wconf 88' lang='lat' dir='ltr'>est</span> <span class='ocrx_word' id='word_1_80' title='bbox 791 1107 854 1146; x_wconf 90' lang='lat' dir='ltr'>ac</span> <span class='ocrx_word' id='word_1_81' title='bbox 895 1092 1010 1146; x_wconf 81' lang='lat' dir='ltr'>Rex</span> <span class='ocrx_word' id='word_1_82' title='bbox 1041 1106 1268 1161; x_wconf 89' lang='lat' dir='ltr'>regum,</span> <span class='ocrx_word' id='word_1_83' title='bbox 1323 1094 1422 1142; x_wconf 89' lang='lat' dir='ltr'>aut</span> <span class='ocrx_word' id='word_1_84' title='bbox 1451 1088 1725 1142; x_wconf 85' lang='lat' dir='ltr'>Dominus</span> 
     </span>
    </p>
   </div>
   <div class='ocr_carea' id='block_1_11' title="bbox 110 1185 420 1240">
    <p class='ocr_par' dir='ltr' id='par_1_11' title="bbox 110 1185 420 1240">
     <span class='ocr_line' id='line_1_11' title="bbox 110 1185 420 1240; baseline -0.016 0"><span class='ocrx_word' id='word_1_85' title='bbox 110 1185 394 1240; x_wconf 86' lang='lat' dir='ltr'>dominorum</span> <span class='ocrx_word' id='word_1_86' title='bbox 409 1224 420 1236; x_wconf 94' lang='lat'>.</span> 
     </span>
    </p>
   </div>
   <div class='ocr_carea' id='block_1_12' title="bbox 157 1267 1719 1338">
    <p class='ocr_par' dir='ltr' id='par_1_12' title="bbox 157 1267 1719 1338">
     <span class='ocr_line' id='line_1_12' title="bbox 157 1267 1719 1338; baseline -0.004 -13"><span class='ocrx_word' id='word_1_87' title='bbox 157 1273 261 1326; x_wconf 90' lang='lat' dir='ltr'>Ibid.</span> <span class='ocrx_word' id='word_1_88' title='bbox 281 1271 373 1325; x_wconf 87' lang='lat' dir='ltr'>Sed</span> <span class='ocrx_word' id='word_1_89' title='bbox 409 1272 646 1324; x_wconf 78' lang='lat' dir='ltr'>homines</span> <span class='ocrx_word' id='word_1_90' title='bbox 677 1285 884 1338; x_wconf 84' lang='lat' dir='ltr'>quoque</span> <span class='ocrx_word' id='word_1_91' title='bbox 910 1271 965 1322; x_wconf 88' lang='lat' dir='ltr'>in</span> <span class='ocrx_word' id='word_1_92' title='bbox 993 1269 1189 1338; x_wconf 87' lang='lat' dir='ltr'>populo</span> <span class='ocrx_word' id='word_1_93' title='bbox 1213 1269 1308 1322; x_wconf 89' lang='lat' dir='ltr'>Dei</span> <span class='ocrx_word' id='word_1_94' title='bbox 1331 1267 1515 1321; x_wconf 89' lang='lat' dir='ltr'>eadem</span> <span class='ocrx_word' id='word_1_95' title='bbox 1542 1267 1719 1333; x_wconf 86' lang='lat' dir='ltr'>Scrip-</span> 
     </span>
    </p>
   </div>
   <div class='ocr_carea' id='block_1_13' title="bbox 112 1353 1727 1429">
    <p class='ocr_par' dir='ltr' id='par_1_13' title="bbox 112 1353 1727 1429">
     <span class='ocr_line' id='line_1_13' title="bbox 112 1353 1727 1429; baseline -0.006 -13"><span class='ocrx_word' id='word_1_96' title='bbox 112 1370 195 1416; x_wconf 77' lang='lat' dir='ltr'>tura</span> <span class='ocrx_word' id='word_1_97' title='bbox 215 1361 315 1414; x_wconf 77' lang='lat' dir='ltr'>deos</span> <span class='ocrx_word' id='word_1_98' title='bbox 339 1360 591 1428; x_wconf 80' lang='lat' dir='ltr'>appellat.</span> <span class='ocrx_word' id='word_1_99' title='bbox 624 1360 756 1429; x_wconf 88' lang='lat' dir='ltr'>Ego,</span> <span class='ocrx_word' id='word_1_100' title='bbox 783 1360 982 1426; x_wconf 81' lang='lat' dir='ltr'>inquit,</span> <span class='ocrx_word' id='word_1_101' title='bbox 1016 1356 1166 1410; x_wconf 87' lang='lat' dir='ltr'>dixi:</span> <span class='ocrx_word' id='word_1_102' title='bbox 1217 1355 1303 1410; x_wconf 90' lang='lat' dir='ltr'>Dii</span> <span class='ocrx_word' id='word_1_103' title='bbox 1342 1356 1475 1408; x_wconf 81' lang='lat' dir='ltr'>estis</span> <span class='ocrx_word' id='word_1_104' title='bbox 1519 1359 1576 1408; x_wconf 89' lang='lat' dir='ltr'>et</span> <span class='ocrx_word' id='word_1_105' title='bbox 1623 1353 1727 1407; x_wconf 83' lang='lat' dir='ltr'>ﬁlii</span> 
     </span>
    </p>
   </div>
   <div class='ocr_carea' id='block_1_14' title="bbox 113 1443 1727 1516">
    <p class='ocr_par' dir='ltr' id='par_1_14' title="bbox 113 1443 1727 1516">
     <span class='ocr_line' id='line_1_14' title="bbox 113 1443 1727 1516; baseline -0.005 -13"><span class='ocrx_word' id='word_1_106' title='bbox 113 1449 264 1504; x_wconf 78' lang='lat' dir='ltr'>Excelsi</span> <span class='ocrx_word' id='word_1_107' title='bbox 290 1465 491 1502; x_wconf 86' lang='lat' dir='ltr'>omnes.</span> <span class='ocrx_word' id='word_1_108' title='bbox 536 1451 713 1501; x_wconf 82' lang='lat' dir='ltr'>Potest</span> <span class='ocrx_word' id='word_1_109' title='bbox 760 1449 943 1516; x_wconf 81' lang='lat' dir='ltr'>itaque</span> <span class='ocrx_word' id='word_1_110' title='bbox 988 1446 1223 1511; x_wconf 80' lang='lat' dir='ltr'>intelligi</span> <span class='ocrx_word' id='word_1_111' title='bbox 1272 1446 1460 1498; x_wconf 90' lang='lat' dir='ltr'>horum</span> <span class='ocrx_word' id='word_1_112' title='bbox 1509 1443 1727 1496; x_wconf 84' lang='lat' dir='ltr'>deorum</span> 
     </span>
    </p>
   </div>
   <div class='ocr_carea' id='block_1_15' title="bbox 117 1530 1728 1604">
    <p class='ocr_par' dir='ltr' id='par_1_15' title="bbox 117 1530 1728 1604">
     <span class='ocr_line' id='line_1_15' title="bbox 117 1530 1728 1604; baseline -0.006 -13"><span class='ocrx_word' id='word_1_113' title='bbox 117 1539 231 1600; x_wconf 77' lang='lat' dir='ltr'>Deus,</span> <span class='ocrx_word' id='word_1_114' title='bbox 259 1539 344 1604; x_wconf 83' lang='lat' dir='ltr'>qui</span> <span class='ocrx_word' id='word_1_115' title='bbox 383 1536 558 1589; x_wconf 85' lang='lat' dir='ltr'>dictus</span> <span class='ocrx_word' id='word_1_116' title='bbox 606 1539 684 1588; x_wconf 88' lang='lat' dir='ltr'>est</span> <span class='ocrx_word' id='word_1_117' title='bbox 724 1535 870 1588; x_wconf 88' lang='lat' dir='ltr'>Deus</span> <span class='ocrx_word' id='word_1_118' title='bbox 902 1533 1164 1596; x_wconf 88' lang='lat' dir='ltr'>deorum,</span> <span class='ocrx_word' id='word_1_119' title='bbox 1199 1537 1247 1585; x_wconf 90' lang='lat' dir='ltr'>et</span> <span class='ocrx_word' id='word_1_120' title='bbox 1275 1547 1447 1601; x_wconf 84' lang='lat' dir='ltr'>super</span> <span class='ocrx_word' id='word_1_121' title='bbox 1477 1532 1568 1584; x_wconf 91' lang='lat' dir='ltr'>hos</span> <span class='ocrx_word' id='word_1_122' title='bbox 1594 1530 1728 1582; x_wconf 89' lang='lat' dir='ltr'>deos</span> 
     </span>
    </p>
   </div>
   <div class='ocr_carea' id='block_1_16' title="bbox 111 1619 1729 1695">
    <p class='ocr_par' dir='ltr' id='par_1_16' title="bbox 111 1619 1729 1695">
     <span class='ocr_line' id='line_1_16' title="bbox 111 1619 1729 1695; baseline -0.005 -16"><span class='ocrx_word' id='word_1_123' title='bbox 111 1629 188 1680; x_wconf 80' lang='lat' dir='ltr'>ilex</span> <span class='ocrx_word' id='word_1_124' title='bbox 224 1641 454 1695; x_wconf 88' lang='lat' dir='ltr'>magnus.</span> <span class='ocrx_word' id='word_1_125' title='bbox 488 1623 509 1695; x_wconf 83' lang='grc'>]</span> <span class='ocrx_word' id='word_1_126' title='bbox 547 1623 697 1678; x_wconf 81' lang='lat' dir='ltr'>Nihil</span> <span class='ocrx_word' id='word_1_127' title='bbox 731 1623 916 1676; x_wconf 88' lang='lat' dir='ltr'>verius</span> <span class='ocrx_word' id='word_1_128' title='bbox 941 1623 1046 1676; x_wconf 91' lang='lat' dir='ltr'>hac</span> <span class='ocrx_word' id='word_1_129' title='bbox 1076 1621 1390 1692; x_wconf 77' lang='lat' dir='ltr'>posteriore</span> <span class='ocrx_word' id='word_1_130' title='bbox 1429 1619 1729 1690; x_wconf 78' lang='lat' dir='ltr'>Augustini</span> 
     </span>
    </p>
   </div>
   <div class='ocr_carea' id='block_1_17' title="bbox 108 1710 1732 1782">
    <p class='ocr_par' dir='ltr' id='par_1_17' title="bbox 108 1710 1732 1782">
     <span class='ocr_line' id='line_1_17' title="bbox 108 1710 1732 1782; baseline -0.003 -15"><span class='ocrx_word' id='word_1_131' title='bbox 108 1713 564 1777; x_wconf 78' lang='lat' dir='ltr'>animadversione;</span> <span class='ocrx_word' id='word_1_132' title='bbox 615 1712 711 1765; x_wconf 87' lang='lat' dir='ltr'>sed</span> <span class='ocrx_word' id='word_1_133' title='bbox 761 1711 915 1782; x_wconf 92' lang='lat' dir='ltr'>quod</span> <span class='ocrx_word' id='word_1_134' title='bbox 970 1711 1108 1764; x_wconf 77' lang='lat' dir='ltr'>dicit</span> <span class='ocrx_word' id='word_1_135' title='bbox 1157 1712 1391 1764; x_wconf 85' lang='lat' dir='ltr'>homines</span> <span class='ocrx_word' id='word_1_136' title='bbox 1431 1713 1488 1763; x_wconf 90' lang='lat' dir='ltr'>in</span> <span class='ocrx_word' id='word_1_137' title='bbox 1531 1710 1732 1778; x_wconf 88' lang='lat' dir='ltr'>populo</span> 
     </span>
    </p>
   </div>
   <div class='ocr_carea' id='block_1_18' title="bbox 110 1798 1731 1868">
    <p class='ocr_par' dir='ltr' id='par_1_18' title="bbox 110 1798 1731 1868">
     <span class='ocr_line' id='line_1_18' title="bbox 110 1798 1731 1868; baseline -0.003 -13"><span class='ocrx_word' id='word_1_138' title='bbox 110 1805 171 1855; x_wconf 76' lang='lat' dir='ltr'>Dei</span> <span class='ocrx_word' id='word_1_139' title='bbox 199 1801 290 1854; x_wconf 88' lang='lat' dir='ltr'>dici</span> <span class='ocrx_word' id='word_1_140' title='bbox 335 1801 484 1868; x_wconf 88' lang='lat' dir='ltr'>deos,</span> <span class='ocrx_word' id='word_1_141' title='bbox 539 1817 656 1853; x_wconf 90' lang='lat' dir='ltr'>non</span> <span class='ocrx_word' id='word_1_142' title='bbox 710 1805 797 1853; x_wconf 87' lang='lat' dir='ltr'>est</span> <span class='ocrx_word' id='word_1_143' title='bbox 839 1804 926 1852; x_wconf 90' lang='lat' dir='ltr'>sat</span> <span class='ocrx_word' id='word_1_144' title='bbox 973 1803 1233 1852; x_wconf 88' lang='lat' dir='ltr'>accurate</span> <span class='ocrx_word' id='word_1_145' title='bbox 1263 1799 1334 1852; x_wconf 90' lang='lat' dir='ltr'>ab</span> <span class='ocrx_word' id='word_1_146' title='bbox 1375 1814 1440 1852; x_wconf 89' lang='lat' dir='ltr'>eo</span> <span class='ocrx_word' id='word_1_147' title='bbox 1473 1798 1731 1862; x_wconf 87' lang='lat' dir='ltr'>dictum;</span> 
     </span>
    </p>
   </div>
   <div class='ocr_carea' id='block_1_19' title="bbox 106 1885 1734 1960">
    <p class='ocr_par' dir='ltr' id='par_1_19' title="bbox 106 1885 1734 1960">
     <span class='ocr_line' id='line_1_19' title="bbox 106 1885 1734 1960; baseline -0.004 -16"><span class='ocrx_word' id='word_1_148' title='bbox 106 1907 194 1944; x_wconf 78' lang='lat' dir='ltr'>nam</span> <span class='ocrx_word' id='word_1_149' title='bbox 228 1905 326 1943; x_wconf 90' lang='lat' dir='ltr'>non</span> <span class='ocrx_word' id='word_1_150' title='bbox 371 1889 554 1960; x_wconf 86' lang='lat' dir='ltr'>quivis</span> <span class='ocrx_word' id='word_1_151' title='bbox 603 1888 866 1942; x_wconf 87' lang='lat' dir='ltr'>homines</span> <span class='ocrx_word' id='word_1_152' title='bbox 914 1904 943 1941; x_wconf 92' lang='lat' dir='ltr'>e</span> <span class='ocrx_word' id='word_1_153' title='bbox 970 1889 1183 1958; x_wconf 89' lang='lat' dir='ltr'>populo</span> <span class='ocrx_word' id='word_1_154' title='bbox 1217 1887 1316 1941; x_wconf 85' lang='lat' dir='ltr'>Dei</span> <span class='ocrx_word' id='word_1_155' title='bbox 1349 1887 1622 1940; x_wconf 90' lang='lat' dir='ltr'>dicuntur</span> <span class='ocrx_word' id='word_1_156' title='bbox 1647 1885 1734 1939; x_wconf 92' lang='lat' dir='ltr'>dii</span> 
     </span>
    </p>
   </div>
   <div class='ocr_carea' id='block_1_20' title="bbox 105 1975 1732 2046">
    <p class='ocr_par' dir='ltr' id='par_1_20' title="bbox 105 1975 1732 2046">
     <span class='ocr_line' id='line_1_20' title="bbox 105 1975 1732 2046; baseline -0.001 -18"><span class='ocrx_word' id='word_1_157' title='bbox 105 1978 200 2046; x_wconf 78' lang='lat' dir='ltr'>psal.</span> <span class='ocrx_word' id='word_1_158' title='bbox 223 1994 381 2044; x_wconf 75' lang='lat' dir='ltr'>Lxxxr,</span> <span class='ocrx_word' id='word_1_159' title='bbox 415 1980 442 2029; x_wconf 84' lang='lat'>6</span> <span class='ocrx_word' id='word_1_160' title='bbox 470 1994 483 2042; x_wconf 92' lang='lat'>;</span> <span class='ocrx_word' id='word_1_161' title='bbox 521 1977 618 2029; x_wconf 84' lang='lat' dir='ltr'>sed</span> <span class='ocrx_word' id='word_1_162' title='bbox 649 1980 868 2029; x_wconf 87' lang='lat' dir='ltr'>tantum</span> <span class='ocrx_word' id='word_1_163' title='bbox 899 1992 1062 2045; x_wconf 85' lang='lat' dir='ltr'>reges</span> <span class='ocrx_word' id='word_1_164' title='bbox 1085 1981 1140 2029; x_wconf 90' lang='lat' dir='ltr'>et</span> <span class='ocrx_word' id='word_1_165' title='bbox 1177 1975 1417 2046; x_wconf 89' lang='lat' dir='ltr'>judices,</span> <span class='ocrx_word' id='word_1_166' title='bbox 1464 1991 1564 2028; x_wconf 89' lang='lat' dir='ltr'>seu</span> <span class='ocrx_word' id='word_1_167' title='bbox 1609 1991 1732 2027; x_wconf 84' lang='lat' dir='ltr'>ma-</span> 
     </span>
    </p>
   </div>
   <div class='ocr_carea' id='block_1_21' title="bbox 103 2065 1730 2135">
    <p class='ocr_par' dir='ltr' id='par_1_21' title="bbox 103 2065 1730 2135">
     <span class='ocr_line' id='line_1_21' title="bbox 103 2065 1730 2135; baseline -0.002 -16"><span class='ocrx_word' id='word_1_168' title='bbox 103 2066 324 2135; x_wconf 73' lang='lat' dir='ltr'>gistratus.</span> <span class='ocrx_word' id='word_1_169' title='bbox 362 2065 748 2129; x_wconf 88' lang='lat' dir='ltr'>Quamobrem</span> <span class='ocrx_word' id='word_1_170' title='bbox 781 2067 932 2118; x_wconf 88' lang='lat' dir='ltr'>male</span> <span class='ocrx_word' id='word_1_171' title='bbox 975 2066 1148 2118; x_wconf 91' lang='lat' dir='ltr'>etiam</span> <span class='ocrx_word' id='word_1_172' title='bbox 1191 2067 1461 2133; x_wconf 85' lang='lat' dir='ltr'>concepta</span> <span class='ocrx_word' id='word_1_173' title='bbox 1509 2068 1593 2116; x_wconf 92' lang='lat' dir='ltr'>est</span> <span class='ocrx_word' id='word_1_174' title='bbox 1637 2079 1730 2116; x_wconf 88' lang='lat' dir='ltr'>ca-</span> 
     </span>
    </p>
   </div>
   <div class='ocr_carea' id='block_1_22' title="bbox 103 2152 1736 2224">
    <p class='ocr_par' dir='ltr' id='par_1_22' title="bbox 103 2152 1736 2224">
     <span class='ocr_line' id='line_1_22' title="bbox 103 2152 1736 2224; baseline 0 -18"><span class='ocrx_word' id='word_1_175' title='bbox 103 2156 193 2224; x_wconf 84' lang='lat' dir='ltr'>pitis</span> <span class='ocrx_word' id='word_1_176' title='bbox 229 2155 378 2224; x_wconf 85' lang='lat' dir='ltr'>hujus</span> <span class='ocrx_word' id='word_1_177' title='bbox 426 2153 746 2224; x_wconf 86' lang='lat' dir='ltr'>inscriptio,</span> <span class='ocrx_word' id='word_1_178' title='bbox 780 2170 908 2224; x_wconf 69' lang='lat' dir='ltr'>quos</span> <span class='ocrx_word' id='word_1_179' title='bbox 939 2153 1015 2206; x_wconf 91' lang='lat' dir='ltr'>sic</span> <span class='ocrx_word' id='word_1_180' title='bbox 1046 2153 1252 2208; x_wconf 81' lang='lat' dir='ltr'>habet:</span> <span class='ocrx_word' id='word_1_181' title='bbox 1284 2155 1484 2208; x_wconf 81' lang='lat' dir='ltr'>Nomen</span> <span class='ocrx_word' id='word_1_182' title='bbox 1517 2152 1736 2206; x_wconf 85' lang='lat' dir='ltr'>deorum</span> 
     </span>
    </p>
   </div>
   <div class='ocr_carea' id='block_1_23' title="bbox 103 2242 1734 2310">
    <p class='ocr_par' dir='ltr' id='par_1_23' title="bbox 103 2242 1734 2310">
     <span class='ocr_line' id='line_1_23' title="bbox 103 2242 1734 2310; baseline 0 -16"><span class='ocrx_word' id='word_1_183' title='bbox 103 2245 200 2308; x_wconf 82' lang='lat' dir='ltr'>falso</span> <span class='ocrx_word' id='word_1_184' title='bbox 223 2243 402 2296; x_wconf 77' lang='lat' dir='ltr'>ascribi</span> <span class='ocrx_word' id='word_1_185' title='bbox 421 2245 536 2296; x_wconf 82' lang='lat' dir='ltr'>diis</span> <span class='ocrx_word' id='word_1_186' title='bbox 559 2245 817 2310; x_wconf 87' lang='lat' dir='ltr'>gentium.</span> <span class='ocrx_word' id='word_1_187' title='bbox 850 2242 994 2310; x_wconf 63' lang='lat' dir='ltr'>quod</span> <span class='ocrx_word' id='word_1_188' title='bbox 1025 2247 1200 2295; x_wconf 87' lang='lat' dir='ltr'>tamen</span> <span class='ocrx_word' id='word_1_189' title='bbox 1222 2246 1271 2295; x_wconf 87' lang='lat' dir='ltr'>et</span> <span class='ocrx_word' id='word_1_190' title='bbox 1301 2242 1507 2307; x_wconf 84' lang='lat' dir='ltr'>angelis</span> <span class='ocrx_word' id='word_1_191' title='bbox 1533 2243 1734 2294; x_wconf 83' lang='lat' dir='ltr'>sanctis</span> 
     </span>
    </p>
   </div>
   <div class='ocr_carea' id='block_1_24' title="bbox 103 2331 1734 2400">
    <p class='ocr_par' dir='ltr' id='par_1_24' title="bbox 103 2331 1734 2400">
     <span class='ocr_line' id='line_1_24' title="bbox 103 2331 1734 2400; baseline 0 -17"><span class='ocrx_word' id='word_1_192' title='bbox 103 2339 132 2384; x_wconf 80' lang='lat' dir='ltr'>et</span> <span class='ocrx_word' id='word_1_193' title='bbox 147 2332 399 2385; x_wconf 81' lang='lat' dir='ltr'>hominibus</span> <span class='ocrx_word' id='word_1_194' title='bbox 421 2332 618 2400; x_wconf 87' lang='lat' dir='ltr'>justis,</span> <span class='ocrx_word' id='word_1_195' title='bbox 660 2347 726 2384; x_wconf 75' lang='lat' dir='ltr'>eo:</span> <span class='ocrx_word' id='word_1_196' title='bbox 755 2331 1071 2384; x_wconf 83' lang='lat' dir='ltr'>divinarum</span> <span class='ocrx_word' id='word_1_197' title='bbox 1096 2332 1508 2399; x_wconf 87' lang='lat' dir='ltr'>Scripturarum</span> <span class='ocrx_word' id='word_1_198' title='bbox 1551 2334 1734 2383; x_wconf 86' lang='lat' dir='ltr'>auclo-</span> 
     </span>
    </p>
   </div>
   <div class='ocr_carea' id='block_1_25' title="bbox 104 2417 1736 2488">
    <p class='ocr_par' dir='ltr' id='par_1_25' title="bbox 104 2417 1736 2488">
     <span class='ocr_line' id='line_1_25' title="bbox 104 2417 1736 2488; baseline 0 -18"><span class='ocrx_word' id='word_1_199' title='bbox 104 2422 216 2471; x_wconf 78' lang='lat' dir='ltr'>ritate</span> <span class='ocrx_word' id='word_1_200' title='bbox 240 2435 493 2473; x_wconf 81' lang='lat' dir='ltr'>commune</span> <span class='ocrx_word' id='word_1_201' title='bbox 526 2426 605 2473; x_wconf 87' lang='lat' dir='ltr'>est</span> <span class='ocrx_word' id='word_1_202' title='bbox 660 2420 799 2472; x_wconf 90' lang='lat' dir='ltr'>Nam</span> <span class='ocrx_word' id='word_1_203' title='bbox 840 2419 901 2472; x_wconf 90' lang='lat' dir='ltr'>in</span> <span class='ocrx_word' id='word_1_204' title='bbox 947 2419 1237 2488; x_wconf 85' lang='lat' dir='ltr'>Scriptura</span> <span class='ocrx_word' id='word_1_205' title='bbox 1294 2435 1574 2488; x_wconf 85' lang='lat' dir='ltr'>nusquam</span> <span class='ocrx_word' id='word_1_206' title='bbox 1627 2417 1736 2471; x_wconf 88' lang='lat' dir='ltr'>hoc</span> 
     </span>
    </p>
   </div>
   <div class='ocr_carea' id='block_1_26' title="bbox 103 2507 1733 2578">
    <p class='ocr_par' dir='ltr' id='par_1_26' title="bbox 103 2507 1733 2578">
     <span class='ocr_line' id='line_1_26' title="bbox 103 2507 1733 2578; baseline -0.001 -18"><span class='ocrx_word' id='word_1_207' title='bbox 103 2513 353 2562; x_wconf 74' lang='lat' dir='ltr'>estnomen</span> <span class='ocrx_word' id='word_1_208' title='bbox 373 2509 1007 2578; x_wconf 87' lang='lat' dir='ltr'>hominumjustorum,</span> <span class='ocrx_word' id='word_1_209' title='bbox 1043 2507 1138 2561; x_wconf 85' lang='lat' dir='ltr'>sed</span> <span class='ocrx_word' id='word_1_210' title='bbox 1169 2512 1396 2560; x_wconf 90' lang='lat' dir='ltr'>tantum</span> <span class='ocrx_word' id='word_1_211' title='bbox 1436 2507 1505 2560; x_wconf 89' lang='lat' dir='ltr'>ad</span> <span class='ocrx_word' id='word_1_212' title='bbox 1554 2507 1733 2559; x_wconf 87' lang='lat' dir='ltr'>hono-</span> 
     </span>
    </p>
   </div>
   <div class='ocr_carea' id='block_1_27' title="bbox 103 2595 1736 2667">
    <p class='ocr_par' dir='ltr' id='par_1_27' title="bbox 103 2595 1736 2667">
     <span class='ocr_line' id='line_1_27' title="bbox 103 2595 1736 2667; baseline 0.001 -20"><span class='ocrx_word' id='word_1_213' title='bbox 103 2612 160 2647; x_wconf 82' lang='lat' dir='ltr'>res</span> <span class='ocrx_word' id='word_1_214' title='bbox 205 2597 508 2666; x_wconf 67' lang='lat' dir='ltr'>reipublicae</span> <span class='ocrx_word' id='word_1_215' title='bbox 556 2602 899 2664; x_wconf 87' lang='lat' dir='ltr'>evectorum,</span> <span class='ocrx_word' id='word_1_216' title='bbox 952 2596 1280 2667; x_wconf 86' lang='lat' dir='ltr'>quicunque</span> <span class='ocrx_word' id='word_1_217' title='bbox 1339 2595 1452 2649; x_wconf 90' lang='lat' dir='ltr'>sint</span> <span class='ocrx_word' id='word_1_218' title='bbox 1480 2595 1736 2666; x_wconf 84' lang='lat' dir='ltr'>alioquin</span> 
     </span>
    </p>
   </div>
   <div class='ocr_carea' id='block_1_28' title="bbox 101 2684 1733 2754">
    <p class='ocr_par' dir='ltr' id='par_1_28' title="bbox 101 2684 1733 2754">
     <span class='ocr_line' id='line_1_28' title="bbox 101 2684 1733 2754; baseline 0.002 -19"><span class='ocrx_word' id='word_1_219' title='bbox 101 2701 244 2740; x_wconf 81' lang='lat' dir='ltr'>eorum</span> <span class='ocrx_word' id='word_1_220' title='bbox 273 2702 485 2754; x_wconf 89' lang='lat' dir='ltr'>mores;</span> <span class='ocrx_word' id='word_1_221' title='bbox 528 2702 646 2740; x_wconf 91' lang='lat' dir='ltr'>non</span> <span class='ocrx_word' id='word_1_222' title='bbox 673 2685 827 2740; x_wconf 89' lang='lat' dir='ltr'>enim</span> <span class='ocrx_word' id='word_1_223' title='bbox 859 2686 1035 2739; x_wconf 83' lang='lat' dir='ltr'>virtus</span> <span class='ocrx_word' id='word_1_224' title='bbox 1057 2685 1117 2738; x_wconf 91' lang='lat' dir='ltr'>in</span> <span class='ocrx_word' id='word_1_225' title='bbox 1169 2684 1238 2737; x_wconf 90' lang='lat' dir='ltr'>iis</span> <span class='ocrx_word' id='word_1_226' title='bbox 1282 2689 1593 2754; x_wconf 85' lang='lat' dir='ltr'>spectatur,</span> <span class='ocrx_word' id='word_1_227' title='bbox 1640 2684 1733 2738; x_wconf 90' lang='lat' dir='ltr'>scd</span> 
     </span>
    </p>
   </div>
   <div class='ocr_carea' id='block_1_29' title="bbox 102 2774 304 2842">
    <p class='ocr_par' dir='ltr' id='par_1_29' title="bbox 102 2774 304 2842">
     <span class='ocr_line' id='line_1_29' title="bbox 102 2774 304 2842; baseline 0.01 -17"><span class='ocrx_word' id='word_1_228' title='bbox 102 2774 304 2842; x_wconf 76' lang='lat' dir='ltr'>dignitas.</span> 
     </span>
    </p>
   </div>
   <div class='ocr_carea' id='block_1_30' title="bbox 145 2861 1741 2932">
    <p class='ocr_par' dir='ltr' id='par_1_30' title="bbox 145 2861 1741 2932">
     <span class='ocr_line' id='line_1_30' title="bbox 145 2861 1741 2932; baseline 0.001 -18"><span class='ocrx_word' id='word_1_229' title='bbox 145 2862 322 2932; x_wconf 79' lang='lat' dir='ltr'>lbid.,§</span> <span class='ocrx_word' id='word_1_230' title='bbox 360 2865 408 2916; x_wconf 81' lang='lat'>2.</span> <span class='ocrx_word' id='word_1_231' title='bbox 473 2865 858 2927; x_wconf 85' lang='lat' dir='ltr'>Veruntamcn,</span> <span class='ocrx_word' id='word_1_232' title='bbox 914 2877 1033 2916; x_wconf 91' lang='lat' dir='ltr'>cum</span> <span class='ocrx_word' id='word_1_233' title='bbox 1085 2877 1119 2914; x_wconf 82' lang='grc' dir='ltr'><em>α</em></span> <span class='ocrx_word' id='word_1_234' title='bbox 1165 2861 1320 2915; x_wconf 90' lang='lat' dir='ltr'>nobis</span> <span class='ocrx_word' id='word_1_235' title='bbox 1371 2863 1638 2930; x_wconf 72' lang='lat' dir='ltr'>quaeritur</span> <span class='ocrx_word' id='word_1_236' title='bbox 1690 2866 1741 2917; x_wconf 89' lang='lat' dir='ltr'>si</span> 
     </span>
    </p>
   </div>
   <div class='ocr_carea' id='block_1_31' title="bbox 100 2948 1812 3020">
    <p class='ocr_par' dir='ltr' id='par_1_31' title="bbox 100 2948 1812 3020">
     <span class='ocr_line' id='line_1_31' title="bbox 100 2948 1812 3020; baseline 0.001 -22"><span class='ocrx_word' id='word_1_237' title='bbox 100 2948 275 3003; x_wconf 73' lang='lat' dir='ltr'>homines</span> <span class='ocrx_word' id='word_1_238' title='bbox 301 2951 432 3004; x_wconf 82' lang='lat' dir='ltr'>dicti</span> <span class='ocrx_word' id='word_1_239' title='bbox 458 2955 592 3004; x_wconf 85' lang='lat' dir='ltr'>sunt</span> <span class='ocrx_word' id='word_1_240' title='bbox 623 2949 722 3015; x_wconf 84' lang='lat' dir='ltr'>dii,</span> <span class='ocrx_word' id='word_1_241' title='bbox 761 2949 905 3017; x_wconf 90' lang='lat' dir='ltr'>quod</span> <span class='ocrx_word' id='word_1_242' title='bbox 935 2951 992 3002; x_wconf 87' lang='lat' dir='ltr'>in</span> <span class='ocrx_word' id='word_1_243' title='bbox 1021 2951 1220 3018; x_wconf 89' lang='lat' dir='ltr'>populo</span> <span class='ocrx_word' id='word_1_244' title='bbox 1252 2951 1348 3002; x_wconf 79' lang='lat' dir='ltr'>Dei</span> <span class='ocrx_word' id='word_1_245' title='bbox 1392 2953 1539 3008; x_wconf 86' lang='lat' dir='ltr'>sunt,</span> <span class='ocrx_word' id='word_1_246' title='bbox 1583 2963 1736 3016; x_wconf 87' lang='lat' dir='ltr'>quem</span> <span class='ocrx_word' id='word_1_247' title='bbox 1773 2965 1812 3020; x_wconf 70' lang='grc' dir='ltr'><em>ε</em></span> 
     </span>
    </p>
   </div>
   <div class='ocr_carea' id='block_1_32' title="bbox 97 3039 1730 3108">
    <p class='ocr_par' dir='ltr' id='par_1_32' title="bbox 97 3039 1730 3108">
     <span class='ocr_line' id='line_1_32' title="bbox 97 3039 1730 3108; baseline 0 -19"><span class='ocrx_word' id='word_1_248' title='bbox 97 3053 162 3104; x_wconf 68' lang='grc' dir='ltr'>ρετ</span> <span class='ocrx_word' id='word_1_249' title='bbox 183 3041 369 3106; x_wconf 80' lang='lat' dir='ltr'>angelos</span> <span class='ocrx_word' id='word_1_250' title='bbox 393 3041 474 3093; x_wconf 77' lang='lat' dir='ltr'>vel</span> <span class='ocrx_word' id='word_1_251' title='bbox 529 3055 626 3108; x_wconf 80' lang='lat' dir='ltr'>per</span> <span class='ocrx_word' id='word_1_252' title='bbox 675 3039 910 3092; x_wconf 77' lang='lat' dir='ltr'>homines</span> <span class='ocrx_word' id='word_1_253' title='bbox 955 3039 1256 3107; x_wconf 83' lang='lat' dir='ltr'>alloquitur</span> <span class='ocrx_word' id='word_1_254' title='bbox 1311 3041 1482 3104; x_wconf 85' lang='lat' dir='ltr'>Deus;</span> <span class='ocrx_word' id='word_1_255' title='bbox 1527 3041 1730 3106; x_wconf 90' lang='lat' dir='ltr'>quanto</span> 
     </span>
    </p>
   </div>
   <div class='ocr_carea' id='block_1_33' title="bbox 100 3127 1738 3195">
    <p class='ocr_par' dir='ltr' id='par_1_33' title="bbox 100 3127 1738 3195">
     <span class='ocr_line' id='line_1_33' title="bbox 100 3127 1738 3195; baseline 0.002 -19"><span class='ocrx_word' id='word_1_256' title='bbox 100 3128 221 3190; x_wconf 84' lang='lat' dir='ltr'>magis</span> <span class='ocrx_word' id='word_1_257' title='bbox 248 3127 569 3181; x_wconf 84' lang='lat' dir='ltr'>immortales</span> <span class='ocrx_word' id='word_1_258' title='bbox 591 3143 646 3180; x_wconf 89' lang='lat' dir='ltr'>eo</span> <span class='ocrx_word' id='word_1_259' title='bbox 675 3129 886 3180; x_wconf 84' lang='lat' dir='ltr'>nomine</span> <span class='ocrx_word' id='word_1_260' title='bbox 911 3127 1071 3195; x_wconf 89' lang='lat' dir='ltr'>digni</span> <span class='ocrx_word' id='word_1_261' title='bbox 1099 3132 1225 3181; x_wconf 88' lang='lat' dir='ltr'>sunt</span> <span class='ocrx_word' id='word_1_262' title='bbox 1255 3129 1352 3195; x_wconf 85' lang='lat' dir='ltr'>qui</span> <span class='ocrx_word' id='word_1_263' title='bbox 1378 3143 1441 3180; x_wconf 90' lang='lat' dir='ltr'>ea</span> <span class='ocrx_word' id='word_1_264' title='bbox 1471 3129 1738 3194; x_wconf 82' lang='lat' dir='ltr'>fruuntur</span> 
     </span>
    </p>
   </div>
   <div class='ocr_carea' id='block_1_34' title="bbox 101 3213 1736 3284">
    <p class='ocr_par' dir='ltr' id='par_1_34' title="bbox 101 3213 1736 3284">
     <span class='ocr_line' id='line_1_34' title="bbox 101 3213 1736 3284; baseline 0.004 -21"><span class='ocrx_word' id='word_1_265' title='bbox 101 3213 364 3269; x_wconf 71' lang='lat' dir='ltr'>lentitudine</span> <span class='ocrx_word' id='word_1_266' title='bbox 411 3217 490 3268; x_wconf 83' lang='lat' dir='ltr'>ad</span> <span class='ocrx_word' id='word_1_267' title='bbox 549 3231 711 3283; x_wconf 87' lang='lat' dir='ltr'>quam</span> <span class='ocrx_word' id='word_1_268' title='bbox 750 3218 914 3268; x_wconf 86' lang='lat' dir='ltr'>Deum</span> <span class='ocrx_word' id='word_1_269' title='bbox 956 3215 1170 3269; x_wconf 88' lang='lat' dir='ltr'>colendo</span> <span class='ocrx_word' id='word_1_270' title='bbox 1219 3218 1446 3284; x_wconf 88' lang='lat' dir='ltr'>cupiunt</span> <span class='ocrx_word' id='word_1_271' title='bbox 1502 3216 1736 3269; x_wconf 85' lang='lat' dir='ltr'>homines</span> 
     </span>
    </p>
   </div>
   <div class='ocr_carea' id='block_1_35' title="bbox 97 3301 1738 3370">
    <p class='ocr_par' dir='ltr' id='par_1_35' title="bbox 97 3301 1738 3370">
     <span class='ocr_line' id='line_1_35' title="bbox 97 3301 1738 3370; baseline 0.002 -18"><span class='ocrx_word' id='word_1_272' title='bbox 97 3306 351 3365; x_wconf 66' lang='lat' dir='ltr'>pervenire?</span> <span class='ocrx_word' id='word_1_273' title='bbox 404 3302 558 3368; x_wconf 86' lang='lat' dir='ltr'>Quid</span> <span class='ocrx_word' id='word_1_274' title='bbox 611 3301 1069 3370; x_wconf 81' lang='lat' dir='ltr'>respondebimus,</span> <span class='ocrx_word' id='word_1_275' title='bbox 1111 3303 1219 3355; x_wconf 83' lang='lat' dir='ltr'>nisi</span> <span class='ocrx_word' id='word_1_276' title='bbox 1269 3318 1374 3356; x_wconf 88' lang='lat' dir='ltr'>non</span> <span class='ocrx_word' id='word_1_277' title='bbox 1428 3305 1645 3368; x_wconf 81' lang='lat' dir='ltr'>frustra</span> <span class='ocrx_word' id='word_1_278' title='bbox 1680 3305 1738 3356; x_wconf 88' lang='lat' dir='ltr'>in</span> 
     </span>
    </p>
   </div>
   <div class='ocr_carea' id='block_1_36' title="bbox 101 3390 1735 3460">
    <p class='ocr_par' dir='ltr' id='par_1_36' title="bbox 101 3390 1735 3460">
     <span class='ocr_line' id='line_1_36' title="bbox 101 3390 1735 3460; baseline 0.002 -20"><span class='ocrx_word' id='word_1_279' title='bbox 101 3390 336 3458; x_wconf 84' lang='lat' dir='ltr'>Scripturis</span> <span class='ocrx_word' id='word_1_280' title='bbox 364 3393 596 3457; x_wconf 86' lang='lat' dir='ltr'>sanctis,</span> <span class='ocrx_word' id='word_1_281' title='bbox 627 3393 933 3459; x_wconf 70' lang='lat' dir='ltr'>expressius</span> <span class='ocrx_word' id='word_1_282' title='bbox 966 3392 1201 3444; x_wconf 86' lang='lat' dir='ltr'>homines</span> <span class='ocrx_word' id='word_1_283' title='bbox 1229 3395 1565 3460; x_wconf 86' lang='lat' dir='ltr'>nuncupatos</span> <span class='ocrx_word' id='word_1_284' title='bbox 1593 3391 1735 3456; x_wconf 85' lang='lat' dir='ltr'>deos,</span> 
     </span>
    </p>
   </div>
   <div class='ocr_carea' id='block_1_37' title="bbox 99 3479 1736 3548">
    <p class='ocr_par' dir='ltr' id='par_1_37' title="bbox 99 3479 1736 3548">
     <span class='ocr_line' id='line_1_37' title="bbox 99 3479 1736 3548; baseline 0.003 -21"><span class='ocrx_word' id='word_1_285' title='bbox 99 3493 215 3544; x_wconf 73' lang='lat' dir='ltr'>quam</span> <span class='ocrx_word' id='word_1_286' title='bbox 238 3481 348 3535; x_wconf 85' lang='lat' dir='ltr'>illos</span> <span class='ocrx_word' id='word_1_287' title='bbox 378 3480 710 3534; x_wconf 77' lang='lat' dir='ltr'>immortales</span> <span class='ocrx_word' id='word_1_288' title='bbox 736 3484 785 3532; x_wconf 87' lang='lat' dir='ltr'>et</span> <span class='ocrx_word' id='word_1_289' title='bbox 817 3480 1013 3544; x_wconf 85' lang='lat' dir='ltr'>beatos,</span> <span class='ocrx_word' id='word_1_290' title='bbox 1040 3479 1234 3546; x_wconf 85' lang='lat' dir='ltr'>quibus</span> <span class='ocrx_word' id='word_1_291' title='bbox 1263 3494 1359 3532; x_wconf 92' lang='lat' dir='ltr'>nos</span> <span class='ocrx_word' id='word_1_292' title='bbox 1386 3481 1617 3548; x_wconf 75' lang='lat' dir='ltr'>aequales</span> <span class='ocrx_word' id='word_1_293' title='bbox 1644 3481 1736 3544; x_wconf 83' lang='lat' dir='ltr'>fu-</span> 
     </span>
    </p>
   </div>
   <div class='ocr_carea' id='block_1_38' title="bbox 102 3568 1741 3636">
    <p class='ocr_par' dir='ltr' id='par_1_38' title="bbox 102 3568 1741 3636">
     <span class='ocr_line' id='line_1_38' title="bbox 102 3568 1741 3636; baseline 0.003 -22"><span class='ocrx_word' id='word_1_294' title='bbox 102 3568 202 3619; x_wconf 76' lang='lat' dir='ltr'>turos</span> <span class='ocrx_word' id='word_1_295' title='bbox 229 3569 277 3619; x_wconf 88' lang='lat' dir='ltr'>in</span> <span class='ocrx_word' id='word_1_296' title='bbox 303 3569 690 3622; x_wconf 78' lang='lat' dir='ltr'>resurrectione</span> <span class='ocrx_word' id='word_1_297' title='bbox 715 3568 1093 3635; x_wconf 84' lang='lat' dir='ltr'>promittitur;</span> <span class='ocrx_word' id='word_1_298' title='bbox 1131 3582 1214 3634; x_wconf 90' lang='lat' dir='ltr'>ne,</span> <span class='ocrx_word' id='word_1_299' title='bbox 1260 3569 1482 3630; x_wconf 88' lang='lat' dir='ltr'>scilicet,</span> <span class='ocrx_word' id='word_1_300' title='bbox 1514 3572 1741 3636; x_wconf 86' lang='lat' dir='ltr'>propter</span> 
     </span>
    </p>
   </div>
   <div class='ocr_carea' id='block_1_39' title="bbox 99 3654 1740 3724">
    <p class='ocr_par' dir='ltr' id='par_1_39' title="bbox 99 3654 1740 3724">
     <span class='ocr_line' id='line_1_39' title="bbox 99 3654 1740 3724; baseline 0.004 -21"><span class='ocrx_word' id='word_1_301' title='bbox 99 3654 257 3709; x_wconf 72' lang='lat' dir='ltr'>illorum</span> <span class='ocrx_word' id='word_1_302' title='bbox 273 3659 662 3721; x_wconf 67' lang='lat' dir='ltr'>excellentiam,</span> <span class='ocrx_word' id='word_1_303' title='bbox 711 3657 952 3724; x_wconf 89' lang='lat' dir='ltr'>aliquem</span> <span class='ocrx_word' id='word_1_304' title='bbox 999 3673 1179 3710; x_wconf 86' lang='lat' dir='ltr'>eorum</span> <span class='ocrx_word' id='word_1_305' title='bbox 1219 3657 1370 3710; x_wconf 88' lang='lat' dir='ltr'>nobis</span> <span class='ocrx_word' id='word_1_306' title='bbox 1421 3659 1740 3712; x_wconf 87' lang='lat' dir='ltr'>constituere</span> 
     </span>
    </p>
   </div>
   <div class='ocr_carea' id='block_1_40' title="bbox 100 3741 1736 3816">
    <p class='ocr_par' dir='ltr' id='par_1_40' title="bbox 100 3741 1736 3816">
     <span class='ocr_line' id='line_1_40' title="bbox 100 3741 1736 3816; baseline 0.002 -22"><span class='ocrx_word' id='word_1_307' title='bbox 100 3741 209 3796; x_wconf 72' lang='lat' dir='ltr'>deum</span> <span class='ocrx_word' id='word_1_308' title='bbox 232 3747 454 3811; x_wconf 81' lang='lat' dir='ltr'>inﬁdelis</span> <span class='ocrx_word' id='word_1_309' title='bbox 494 3745 722 3800; x_wconf 84' lang='lat' dir='ltr'>auderet</span> <span class='ocrx_word' id='word_1_310' title='bbox 751 3745 1046 3816; x_wconf 79' lang='lat' dir='ltr'>inﬁrmitas</span> <span class='ocrx_word' id='word_1_311' title='bbox 1067 3745 1094 3800; x_wconf 86' lang='lat'><strong>?</strong></span> <span class='ocrx_word' id='word_1_312' title='bbox 1124 3746 1276 3816; x_wconf 83' lang='lat' dir='ltr'>Quod</span> <span class='ocrx_word' id='word_1_313' title='bbox 1297 3748 1353 3798; x_wconf 91' lang='lat' dir='ltr'>in</span> <span class='ocrx_word' id='word_1_314' title='bbox 1403 3747 1612 3800; x_wconf 89' lang='lat' dir='ltr'>homine</span> <span class='ocrx_word' id='word_1_315' title='bbox 1646 3747 1736 3812; x_wconf 83' lang='lat' dir='ltr'>fa-</span> 
     </span>
    </p>
   </div>
   <div class='ocr_carea' id='block_1_41' title="bbox 97 3831 1733 3904">
    <p class='ocr_par' dir='ltr' id='par_1_41' title="bbox 97 3831 1733 3904">
     <span class='ocr_line' id='line_1_41' title="bbox 97 3831 1733 3904; baseline 0.005 -25"><span class='ocrx_word' id='word_1_316' title='bbox 97 3831 161 3882; x_wconf 71' lang='lat' dir='ltr'>cile</span> <span class='ocrx_word' id='word_1_317' title='bbox 183 3838 248 3886; x_wconf 83' lang='lat' dir='ltr'>est</span> <span class='ocrx_word' id='word_1_318' title='bbox 272 3837 486 3888; x_wconf 79' lang='lat' dir='ltr'>evitare.</span> <span class='ocrx_word' id='word_1_319' title='bbox 523 3833 540 3902; x_wconf 87' lang='lat'>]</span> <span class='ocrx_word' id='word_1_320' title='bbox 575 3834 684 3887; x_wconf 86' lang='lat' dir='ltr'>Nos</span> <span class='ocrx_word' id='word_1_321' title='bbox 719 3849 868 3898; x_wconf 87' lang='lat' dir='ltr'>vero,</span> <span class='ocrx_word' id='word_1_322' title='bbox 902 3833 1002 3904; x_wconf 86' lang='lat' dir='ltr'>qui</span> <span class='ocrx_word' id='word_1_323' title='bbox 1033 3850 1146 3887; x_wconf 91' lang='lat' dir='ltr'>non</span> <span class='ocrx_word' id='word_1_324' title='bbox 1180 3850 1244 3888; x_wconf 90' lang='lat' dir='ltr'>ex</span> <span class='ocrx_word' id='word_1_325' title='bbox 1289 3834 1534 3889; x_wconf 86' lang='lat' dir='ltr'>turbidis</span> <span class='ocrx_word' id='word_1_326' title='bbox 1578 3835 1733 3902; x_wconf 84' lang='lat' dir='ltr'>rivis,</span> 
     </span>
    </p>
   </div>
   <div class='ocr_carea' id='block_1_42' title="bbox 99 3918 1739 3992">
    <p class='ocr_par' dir='ltr' id='par_1_42' title="bbox 99 3918 1739 3992">
     <span class='ocr_line' id='line_1_42' title="bbox 99 3918 1739 3992; baseline 0.004 -23"><span class='ocrx_word' id='word_1_327' title='bbox 99 3918 164 3971; x_wconf 89' lang='lat' dir='ltr'>sed</span> <span class='ocrx_word' id='word_1_328' title='bbox 182 3937 237 3974; x_wconf 85' lang='lat' dir='ltr'>ex</span> <span class='ocrx_word' id='word_1_329' title='bbox 275 3922 392 3992; x_wconf 90' lang='lat' dir='ltr'>ipso</span> <span class='ocrx_word' id='word_1_330' title='bbox 449 3924 616 3977; x_wconf 87' lang='lat' dir='ltr'>fonte</span> <span class='ocrx_word' id='word_1_331' title='bbox 663 3922 830 3976; x_wconf 87' lang='lat' dir='ltr'>hasce</span> <span class='ocrx_word' id='word_1_332' title='bbox 874 3939 1050 3992; x_wconf 88' lang='lat' dir='ltr'>aquas</span> <span class='ocrx_word' id='word_1_333' title='bbox 1091 3923 1407 3990; x_wconf 89' lang='lat' dir='ltr'>hausimus,</span> <span class='ocrx_word' id='word_1_334' title='bbox 1441 3923 1596 3977; x_wconf 89' lang='lat' dir='ltr'>aliud</span> <span class='ocrx_word' id='word_1_335' title='bbox 1621 3941 1739 3976; x_wconf 89' lang='lat' dir='ltr'>res-</span> 
     </span>
    </p>
   </div>
   <div class='ocr_carea' id='block_1_43' title="bbox 97 4007 1738 4081">
    <p class='ocr_par' dir='ltr' id='par_1_43' title="bbox 97 4007 1738 4081">
     <span class='ocr_line' id='line_1_43' title="bbox 97 4007 1738 4081; baseline 0.004 -23"><span class='ocrx_word' id='word_1_336' title='bbox 97 4007 450 4080; x_wconf 87' lang='lat' dir='ltr'>pondebimus;</span> <span class='ocrx_word' id='word_1_337' title='bbox 480 4010 784 4073; x_wconf 87' lang='lat' dir='ltr'>nimirum,</span> <span class='ocrx_word' id='word_1_338' title='bbox 817 4011 1050 4081; x_wconf 82' lang='lat' dir='ltr'>angelos</span> <span class='ocrx_word' id='word_1_339' title='bbox 1079 4010 1446 4064; x_wconf 89' lang='lat' dir='ltr'>disertissime</span> <span class='ocrx_word' id='word_1_340' title='bbox 1475 4011 1598 4065; x_wconf 90' lang='lat' dir='ltr'>deos</span> <span class='ocrx_word' id='word_1_341' title='bbox 1638 4027 1738 4065; x_wconf 84' lang='lat' dir='ltr'>seu</span> 
     </span>
    </p>
   </div>
   <div class='ocr_carea' id='block_1_44' title="bbox 100 4081 1736 4169">
    <p class='ocr_par' dir='ltr' id='par_1_44' title="bbox 100 4081 1736 4169">
     <span class='ocr_line' id='line_1_44' title="bbox 100 4081 1736 4169; baseline 0.001 -18"><span class='ocrx_word' id='word_1_342' title='bbox 100 4081 240 4154; x_wconf 56' lang='grc' dir='ltr'>ωπῆκ</span> <span class='ocrx_word' id='word_1_343' title='bbox 269 4100 369 4152; x_wconf 89' lang='lat' dir='ltr'>dici</span> <span class='ocrx_word' id='word_1_344' title='bbox 401 4101 547 4169; x_wconf 88' lang='lat' dir='ltr'>psal.</span> <span class='ocrx_word' id='word_1_345' title='bbox 580 4116 696 4163; x_wconf 84' lang='lat' dir='ltr'>vni,</span> <span class='ocrx_word' id='word_1_346' title='bbox 730 4101 784 4166; x_wconf 88' lang='lat'>6,</span> <span class='ocrx_word' id='word_1_347' title='bbox 819 4098 916 4152; x_wconf 89' lang='lat' dir='ltr'>ubi</span> <span class='ocrx_word' id='word_1_348' title='bbox 947 4098 1220 4152; x_wconf 87' lang='lat' dir='ltr'>Hebraica</span> <span class='ocrx_word' id='word_1_349' title='bbox 1261 4098 1474 4152; x_wconf 86' lang='lat' dir='ltr'>habent</span> <span class='ocrx_word' id='word_1_350' title='bbox 1522 4099 1590 4153; x_wconf 90' lang='lat' dir='ltr'>de</span> <span class='ocrx_word' id='word_1_351' title='bbox 1643 4100 1736 4153; x_wconf 85' lang='lat' dir='ltr'>lio-</span> 
     </span>
    </p>
   </div>
   <div class='ocr_carea' id='block_1_45' title="bbox 98 4175 1738 4256">
    <p class='ocr_par' dir='ltr' id='par_1_45' title="bbox 98 4175 1738 4256">
     <span class='ocr_line' id='line_1_45' title="bbox 98 4175 1738 4256; baseline 0.005 -24"><span class='ocrx_word' id='word_1_352' title='bbox 98 4182 240 4238; x_wconf 89' lang='lat' dir='ltr'>mine:</span> <span class='ocrx_word' id='word_1_353' title='bbox 278 4175 520 4247; x_wconf 44' lang='lat' dir='ltr'>Birth,er</span> <span class='ocrx_word' id='word_1_354' title='bbox 568 4199 710 4249; x_wconf 68' lang='lat' dir='ltr'>rem</span> <span class='ocrx_word' id='word_1_355' title='bbox 759 4197 1035 4252; x_wconf 60' lang='lat' dir='ltr'>imam-ri,</span> <span class='ocrx_word' id='word_1_356' title='bbox 1086 4191 1136 4240; x_wconf 87' lang='lat' dir='ltr'>et</span> <span class='ocrx_word' id='word_1_357' title='bbox 1183 4189 1367 4254; x_wconf 83' lang='lat' dir='ltr'>fecisti</span> <span class='ocrx_word' id='word_1_358' title='bbox 1406 4203 1526 4241; x_wconf 87' lang='lat' dir='ltr'>eum</span> <span class='ocrx_word' id='word_1_359' title='bbox 1571 4189 1738 4256; x_wconf 88' lang='lat' dir='ltr'>paulo</span> 
     </span>
    </p>
   </div>
   <div class='ocr_carea' id='block_1_46' title="bbox 827 257 2728 318">
    <p class='ocr_par' dir='ltr' id='par_1_46' title="bbox 827 257 2728 318">
     <span class='ocr_line' id='line_1_46' title="bbox 827 257 2728 318; baseline -0.003 -2"><span class='ocrx_word' id='word_1_360' title='bbox 827 261 1188 318; x_wconf 76' lang='lat' dir='ltr'>VARIORUM</span> <span class='ocrx_word' id='word_1_361' title='bbox 1232 259 1830 316; x_wconf 80' lang='lat' dir='ltr'>EXERCITATIONES</span> <span class='ocrx_word' id='word_1_362' title='bbox 1868 257 1934 313; x_wconf 85' lang='lat' dir='ltr'><strong>IN</strong></span> <span class='ocrx_word' id='word_1_363' title='bbox 1974 260 2028 313; x_wconf 94' lang='lat' dir='ltr'>S.</span> <span class='ocrx_word' id='word_1_364' title='bbox 2073 257 2440 314; x_wconf 82' lang='lat' dir='ltr'>AUGUSTINI</span> <span class='ocrx_word' id='word_1_365' title='bbox 2479 257 2728 314; x_wconf 78' lang='lat' dir='ltr'>OPERA.</span> 
     </span>
    </p>
   </div>
   <div class='ocr_carea' id='block_1_47' title="bbox 3427 257 3533 310">
    <p class='ocr_par' dir='ltr' id='par_1_47' title="bbox 3427 257 3533 310">
     <span class='ocr_line' id='line_1_47' title="bbox 3427 257 3533 310; baseline 0 0"><span class='ocrx_word' id='word_1_366' title='bbox 3427 257 3533 310; x_wconf 79' lang='grc'>474·</span> 
     </span>
    </p>
   </div>
   <div class='ocr_carea' id='block_1_48' title="bbox 1914 379 3528 450">
    <p class='ocr_par' dir='ltr' id='par_1_48' title="bbox 1914 379 3528 450">
     <span class='ocr_line' id='line_1_48' title="bbox 1914 379 3528 450; baseline -0.002 -15"><span class='ocrx_word' id='word_1_367' title='bbox 1914 382 2076 435; x_wconf 83' lang='lat' dir='ltr'>Linno</span> <span class='ocrx_word' id='word_1_368' title='bbox 2104 398 2160 435; x_wconf 88' lang='lat' dir='ltr'>x.</span> <span class='ocrx_word' id='word_1_369' title='bbox 2189 382 2323 450; x_wconf 85' lang='lat' dir='ltr'>Cap.</span> <span class='ocrx_word' id='word_1_370' title='bbox 2385 385 2432 444; x_wconf 85' lang='grc'>1,</span> <span class='ocrx_word' id='word_1_371' title='bbox 2477 383 2504 448; x_wconf 84' lang='lat'>§</span> <span class='ocrx_word' id='word_1_372' title='bbox 2551 382 2603 433; x_wconf 81' lang='lat'>2.</span> <span class='ocrx_word' id='word_1_373' title='bbox 2651 382 2750 435; x_wconf 86' lang='lat' dir='ltr'>Hic</span> <span class='ocrx_word' id='word_1_374' title='bbox 2781 383 2859 434; x_wconf 89' lang='lat' dir='ltr'>est</span> <span class='ocrx_word' id='word_1_375' title='bbox 2914 381 3056 433; x_wconf 87' lang='lat' dir='ltr'>enim</span> <span class='ocrx_word' id='word_1_376' title='bbox 3096 379 3392 432; x_wconf 84' lang='lat' dir='ltr'>Divinitate</span> <span class='ocrx_word' id='word_1_377' title='bbox 3425 379 3528 443; x_wconf 82' lang='lat' dir='ltr'>vel,</span> 
     </span>
    </p>
   </div>
   <div class='ocr_carea' id='block_1_49' title="bbox 1828 466 3534 537">
    <p class='ocr_par' dir='ltr' id='par_1_49' title="bbox 1828 466 3534 537">
     <span class='ocr_line' id='line_1_49' title="bbox 1828 466 3534 537; baseline -0.002 -14"><span class='ocrx_word' id='word_1_378' title='bbox 1828 471 1880 523; x_wconf 85' lang='lat' dir='ltr'>si</span> <span class='ocrx_word' id='word_1_379' title='bbox 1908 471 2216 537; x_wconf 70' lang='lat' dir='ltr'>empressius</span> <span class='ocrx_word' id='word_1_380' title='bbox 2250 469 2534 523; x_wconf 87' lang='lat' dir='ltr'>dicendum</span> <span class='ocrx_word' id='word_1_381' title='bbox 2563 474 2661 537; x_wconf 88' lang='lat' dir='ltr'>est,</span> <span class='ocrx_word' id='word_1_382' title='bbox 2703 470 2908 523; x_wconf 84' lang='lat' dir='ltr'>Deitati</span> <span class='ocrx_word' id='word_1_383' title='bbox 2937 467 3149 521; x_wconf 88' lang='lat' dir='ltr'>debitus</span> <span class='ocrx_word' id='word_1_384' title='bbox 3181 466 3384 531; x_wconf 86' lang='lat' dir='ltr'>cultus,</span> <span class='ocrx_word' id='word_1_385' title='bbox 3409 482 3534 535; x_wconf 87' lang='lat' dir='ltr'>pro-</span> 
     </span>
    </p>
   </div>
   <div class='ocr_carea' id='block_1_50' title="bbox 1831 557 3531 626">
    <p class='ocr_par' dir='ltr' id='par_1_50' title="bbox 1831 557 3531 626">
     <span class='ocr_line' id='line_1_50' title="bbox 1831 557 3531 626; baseline -0.002 -17"><span class='ocrx_word' id='word_1_386' title='bbox 1831 563 1948 626; x_wconf 84' lang='lat' dir='ltr'>pter</span> <span class='ocrx_word' id='word_1_387' title='bbox 1972 574 2125 626; x_wconf 87' lang='lat' dir='ltr'>quem</span> <span class='ocrx_word' id='word_1_388' title='bbox 2147 573 2250 611; x_wconf 91' lang='lat' dir='ltr'>uno</span> <span class='ocrx_word' id='word_1_389' title='bbox 2279 559 2434 612; x_wconf 83' lang='lat' dir='ltr'>verbo</span> <span class='ocrx_word' id='word_1_390' title='bbox 2466 558 2903 626; x_wconf 78' lang='lat' dir='ltr'>signiﬁcandum,</span> <span class='ocrx_word' id='word_1_391' title='bbox 2933 560 3188 626; x_wconf 90' lang='lat' dir='ltr'>quoniam</span> <span class='ocrx_word' id='word_1_392' title='bbox 3226 559 3362 611; x_wconf 90' lang='lat' dir='ltr'>mihi</span> <span class='ocrx_word' id='word_1_393' title='bbox 3395 557 3531 610; x_wconf 88' lang='lat' dir='ltr'>satis</span> 
     </span>
    </p>
   </div>
   <div class='ocr_carea' id='block_1_51' title="bbox 1829 647 3530 714">
    <p class='ocr_par' dir='ltr' id='par_1_51' title="bbox 1829 647 3530 714">
     <span class='ocr_line' id='line_1_51' title="bbox 1829 647 3530 714; baseline 0 -16"><span class='ocrx_word' id='word_1_394' title='bbox 1829 647 2078 700; x_wconf 79' lang='lat' dir='ltr'>idoneum</span> <span class='ocrx_word' id='word_1_395' title='bbox 2102 662 2207 699; x_wconf 88' lang='lat' dir='ltr'>non</span> <span class='ocrx_word' id='word_1_396' title='bbox 2236 649 2467 700; x_wconf 89' lang='lat' dir='ltr'>occurrit</span> <span class='ocrx_word' id='word_1_397' title='bbox 2510 649 2778 712; x_wconf 84' lang='lat' dir='ltr'>Latinum,</span> <span class='ocrx_word' id='word_1_398' title='bbox 2815 648 3018 714; x_wconf 69' lang='lat' dir='ltr'>erco,</span> <span class='ocrx_word' id='word_1_399' title='bbox 3057 647 3152 702; x_wconf 86' lang='lat' dir='ltr'>ubi</span> <span class='ocrx_word' id='word_1_400' title='bbox 3180 661 3384 700; x_wconf 89' lang='lat' dir='ltr'>necesse</span> <span class='ocrx_word' id='word_1_401' title='bbox 3429 651 3530 713; x_wconf 87' lang='lat' dir='ltr'>est,</span> 
     </span>
    </p>
   </div>
   <div class='ocr_carea' id='block_1_52' title="bbox 1831 734 3536 805">
    <p class='ocr_par' dir='ltr' id='par_1_52' title="bbox 1831 734 3536 805">
     <span class='ocr_line' id='line_1_52' title="bbox 1831 734 3536 805; baseline 0.001 -18"><span class='ocrx_word' id='word_1_402' title='bbox 1831 737 2048 788; x_wconf 81' lang='lat' dir='ltr'>insinuo</span> <span class='ocrx_word' id='word_1_403' title='bbox 2081 736 2216 803; x_wconf 90' lang='lat' dir='ltr'>quid</span> <span class='ocrx_word' id='word_1_404' title='bbox 2246 736 2404 789; x_wconf 67' lang='lat' dir='ltr'>velim</span> <span class='ocrx_word' id='word_1_405' title='bbox 2435 736 2634 790; x_wconf 87' lang='lat' dir='ltr'>dicere.</span> <span class='ocrx_word' id='word_1_406' title='bbox 2683 734 2914 797; x_wconf 73' lang='grc' dir='ltr'>Δατρείαν</span> <span class='ocrx_word' id='word_1_407' title='bbox 2945 739 3146 805; x_wconf 86' lang='lat' dir='ltr'>quippe</span> <span class='ocrx_word' id='word_1_408' title='bbox 3182 737 3373 800; x_wconf 87' lang='lat' dir='ltr'>nostri,</span> <span class='ocrx_word' id='word_1_409' title='bbox 3410 735 3536 788; x_wconf 79' lang='lat' dir='ltr'>ubi—-</span> 
     </span>
    </p>
   </div>
   <div class='ocr_carea' id='block_1_53' title="bbox 1832 824 3533 893">
    <p class='ocr_par' dir='ltr' id='par_1_53' title="bbox 1832 824 3533 893">
     <span class='ocr_line' id='line_1_53' title="bbox 1832 824 3533 893; baseline 0 -17"><span class='ocrx_word' id='word_1_410' title='bbox 1832 839 2037 892; x_wconf 89' lang='lat' dir='ltr'>cunque</span> <span class='ocrx_word' id='word_1_411' title='bbox 2065 829 2379 877; x_wconf 88' lang='lat' dir='ltr'>sanctarum</span> <span class='ocrx_word' id='word_1_412' title='bbox 2403 825 2816 892; x_wconf 88' lang='lat' dir='ltr'>Scripturarum</span> <span class='ocrx_word' id='word_1_413' title='bbox 2836 828 3071 893; x_wconf 84' lang='lat' dir='ltr'>positum</span> <span class='ocrx_word' id='word_1_414' title='bbox 3093 828 3190 888; x_wconf 89' lang='lat' dir='ltr'>est,</span> <span class='ocrx_word' id='word_1_415' title='bbox 3219 824 3533 892; x_wconf 86' lang='lat' dir='ltr'>intepretati</span> 
     </span>
    </p>
   </div>
   <div class='ocr_carea' id='block_1_54' title="bbox 1832 913 3524 982">
    <p class='ocr_par' dir='ltr' id='par_1_54' title="bbox 1832 913 3524 982">
     <span class='ocr_line' id='line_1_54' title="bbox 1832 913 3524 982; baseline 0.001 -18"><span class='ocrx_word' id='word_1_416' title='bbox 1832 919 1956 966; x_wconf 87' lang='lat' dir='ltr'>sunt</span> <span class='ocrx_word' id='word_1_417' title='bbox 1986 915 2312 966; x_wconf 84' lang='lat' dir='ltr'>servitutem.</span> <span class='ocrx_word' id='word_1_418' title='bbox 2343 913 2448 967; x_wconf 81' lang='lat' dir='ltr'>Sed</span> <span class='ocrx_word' id='word_1_419' title='bbox 2467 928 2530 965; x_wconf 88' lang='lat' dir='ltr'>ea</span> <span class='ocrx_word' id='word_1_420' title='bbox 2549 915 2780 968; x_wconf 84' lang='lat' dir='ltr'>servitus</span> <span class='ocrx_word' id='word_1_421' title='bbox 2806 930 2923 982; x_wconf 67' lang='lat' dir='ltr'>qum</span> <span class='ocrx_word' id='word_1_422' title='bbox 2949 914 3169 966; x_wconf 81' lang='lat' dir='ltr'>debetur</span> <span class='ocrx_word' id='word_1_423' title='bbox 3200 913 3524 976; x_wconf 89' lang='lat' dir='ltr'>hominibus,</span> 
     </span>
    </p>
   </div>
   <div class='ocr_carea' id='block_1_55' title="bbox 1833 1002 3531 1070">
    <p class='ocr_par' dir='ltr' id='par_1_55' title="bbox 1833 1002 3531 1070">
     <span class='ocr_line' id='line_1_55' title="bbox 1833 1002 3531 1070; baseline -0.001 -15"><span class='ocrx_word' id='word_1_424' title='bbox 1833 1002 2123 1056; x_wconf 87' lang='lat' dir='ltr'>secundum</span> <span class='ocrx_word' id='word_1_425' title='bbox 2155 1017 2322 1070; x_wconf 88' lang='lat' dir='ltr'>quam</span> <span class='ocrx_word' id='word_1_426' title='bbox 2351 1004 2598 1070; x_wconf 74' lang='lat' dir='ltr'>praecipit</span> <span class='ocrx_word' id='word_1_427' title='bbox 2626 1003 2939 1070; x_wconf 87' lang='lat' dir='ltr'>Apostolus,</span> <span class='ocrx_word' id='word_1_428' title='bbox 2962 1017 3136 1056; x_wconf 81' lang='lat' dir='ltr'>servos</span> <span class='ocrx_word' id='word_1_429' title='bbox 3162 1002 3396 1055; x_wconf 89' lang='lat' dir='ltr'>dominis</span> <span class='ocrx_word' id='word_1_430' title='bbox 3417 1002 3531 1054; x_wconf 91' lang='lat' dir='ltr'>suis</span> 
     </span>
    </p>
   </div>
   <div class='ocr_carea' id='block_1_56' title="bbox 1834 1093 3521 1162">
    <p class='ocr_par' dir='ltr' id='par_1_56' title="bbox 1834 1093 3521 1162">
     <span class='ocr_line' id='line_1_56' title="bbox 1834 1093 3521 1162; baseline -0.001 -14"><span class='ocrx_word' id='word_1_431' title='bbox 1834 1094 2076 1148; x_wconf 81' lang='lat' dir='ltr'>subditos</span> <span class='ocrx_word' id='word_1_432' title='bbox 2107 1109 2216 1148; x_wconf 87' lang='lat' dir='ltr'>esse</span> <span class='ocrx_word' id='word_1_433' title='bbox 2237 1094 2443 1159; x_wconf 85' lang='lat' dir='ltr'>debere,</span> <span class='ocrx_word' id='word_1_434' title='bbox 2475 1093 2588 1149; x_wconf 87' lang='lat' dir='ltr'>alio</span> <span class='ocrx_word' id='word_1_435' title='bbox 2640 1097 2852 1148; x_wconf 90' lang='lat' dir='ltr'>nomine</span> <span class='ocrx_word' id='word_1_436' title='bbox 2892 1096 3074 1148; x_wconf 75' lang='lat' dir='ltr'>Graece</span> <span class='ocrx_word' id='word_1_437' title='bbox 3104 1094 3412 1162; x_wconf 83' lang='lat' dir='ltr'>nuncupari</span> <span class='ocrx_word' id='word_1_438' title='bbox 3435 1107 3521 1146; x_wconf 88' lang='lat' dir='ltr'>so-</span> 
     </span>
    </p>
   </div>
   <div class='ocr_carea' id='block_1_57' title="bbox 1836 1180 3534 1252">
    <p class='ocr_par' dir='ltr' id='par_1_57' title="bbox 1836 1180 3534 1252">
     <span class='ocr_line' id='line_1_57' title="bbox 1836 1180 3534 1252; baseline -0.001 -17"><span class='ocrx_word' id='word_1_439' title='bbox 1836 1183 1923 1236; x_wconf 83' lang='lat' dir='ltr'>let.</span> <span class='ocrx_word' id='word_1_440' title='bbox 1955 1183 1970 1252; x_wconf 77' lang='lat'>]</span> <span class='ocrx_word' id='word_1_441' title='bbox 2016 1182 2286 1252; x_wconf 84' lang='lat' dir='ltr'>Iutelligit</span> <span class='ocrx_word' id='word_1_442' title='bbox 2324 1199 2518 1236; x_wconf 86' lang='lat' dir='ltr'>vocem</span> <span class='ocrx_word' id='word_1_443' title='bbox 2548 1180 2766 1230; x_wconf 76' lang='grc' dir='ltr'>δουλεία.</span> <span class='ocrx_word' id='word_1_444' title='bbox 2801 1181 3068 1246; x_wconf 86' lang='lat' dir='ltr'>Quamvis</span> <span class='ocrx_word' id='word_1_445' title='bbox 3096 1181 3300 1244; x_wconf 71' lang='grc' dir='ltr'>λατρεία</span> <span class='ocrx_word' id='word_1_446' title='bbox 3326 1197 3393 1234; x_wconf 87' lang='lat' dir='ltr'>ex</span> <span class='ocrx_word' id='word_1_447' title='bbox 3432 1197 3534 1233; x_wconf 87' lang='lat' dir='ltr'>vo-</span> 
     </span>
    </p>
   </div>
   <div class='ocr_carea' id='block_1_58' title="bbox 1837 1269 3530 1342">
    <p class='ocr_par' dir='ltr' id='par_1_58' title="bbox 1837 1269 3530 1342">
     <span class='ocr_line' id='line_1_58' title="bbox 1837 1269 3530 1342; baseline -0.001 -19"><span class='ocrx_word' id='word_1_448' title='bbox 1837 1271 1914 1323; x_wconf 90' lang='lat' dir='ltr'>cis</span> <span class='ocrx_word' id='word_1_449' title='bbox 1949 1271 2181 1341; x_wconf 89' lang='lat' dir='ltr'>proprio</span> <span class='ocrx_word' id='word_1_450' title='bbox 2230 1271 2555 1342; x_wconf 82' lang='lat' dir='ltr'>signiﬁcatu</span> <span class='ocrx_word' id='word_1_451' title='bbox 2623 1288 2737 1325; x_wconf 91' lang='lat' dir='ltr'>non</span> <span class='ocrx_word' id='word_1_452' title='bbox 2808 1271 2988 1341; x_wconf 88' lang='lat' dir='ltr'>magis</span> <span class='ocrx_word' id='word_1_453' title='bbox 3035 1269 3313 1339; x_wconf 89' lang='lat' dir='ltr'>signiticet</span> <span class='ocrx_word' id='word_1_454' title='bbox 3379 1269 3530 1339; x_wconf 84' lang='lat' dir='ltr'>apud</span> 
     </span>
    </p>
   </div>
   <div class='ocr_carea' id='block_1_59' title="bbox 1838 1357 3534 1430">
    <p class='ocr_par' dir='ltr' id='par_1_59' title="bbox 1838 1357 3534 1430">
     <span class='ocr_line' id='line_1_59' title="bbox 1838 1357 3534 1430; baseline -0.003 -16"><span class='ocrx_word' id='word_1_455' title='bbox 1838 1360 2058 1414; x_wconf 65' lang='lat' dir='ltr'>Graacos</span> <span class='ocrx_word' id='word_1_456' title='bbox 2089 1360 2187 1413; x_wconf 90' lang='lat' dir='ltr'>Dei</span> <span class='ocrx_word' id='word_1_457' title='bbox 2215 1376 2385 1430; x_wconf 88' lang='lat' dir='ltr'>quam</span> <span class='ocrx_word' id='word_1_458' title='bbox 2411 1360 2715 1414; x_wconf 89' lang='lat' dir='ltr'>hominum</span> <span class='ocrx_word' id='word_1_459' title='bbox 2749 1360 2988 1423; x_wconf 86' lang='lat' dir='ltr'>cultum,</span> <span class='ocrx_word' id='word_1_460' title='bbox 3023 1363 3085 1411; x_wconf 89' lang='lat' dir='ltr'>ut</span> <span class='ocrx_word' id='word_1_461' title='bbox 3109 1363 3262 1410; x_wconf 88' lang='lat' dir='ltr'>recte</span> <span class='ocrx_word' id='word_1_462' title='bbox 3291 1357 3361 1409; x_wconf 87' lang='lat' dir='ltr'>ad</span> <span class='ocrx_word' id='word_1_463' title='bbox 3381 1359 3534 1410; x_wconf 91' lang='lat' dir='ltr'>hunc</span> 
     </span>
    </p>
   </div>
   <div class='ocr_carea' id='block_1_60' title="bbox 1840 1448 3532 1513">
    <p class='ocr_par' dir='ltr' id='par_1_60' title="bbox 1840 1448 3532 1513">
     <span class='ocr_line' id='line_1_60' title="bbox 1840 1448 3532 1513; baseline -0.003 -11"><span class='ocrx_word' id='word_1_464' title='bbox 1840 1449 2026 1502; x_wconf 91' lang='lat' dir='ltr'>locum</span> <span class='ocrx_word' id='word_1_465' title='bbox 2069 1448 2470 1502; x_wconf 87' lang='lat' dir='ltr'>animadvertit</span> <span class='ocrx_word' id='word_1_466' title='bbox 2516 1449 2676 1502; x_wconf 83' lang='lat' dir='ltr'>Joan.</span> <span class='ocrx_word' id='word_1_467' title='bbox 2726 1449 2862 1502; x_wconf 90' lang='lat' dir='ltr'>Lud.</span> <span class='ocrx_word' id='word_1_468' title='bbox 2929 1448 3128 1513; x_wconf 86' lang='lat' dir='ltr'>Vives;</span> <span class='ocrx_word' id='word_1_469' title='bbox 3175 1449 3428 1500; x_wconf 88' lang='lat' dir='ltr'>attamen</span> <span class='ocrx_word' id='word_1_470' title='bbox 3467 1461 3532 1497; x_wconf 90' lang='lat' dir='ltr'>ex</span> 
     </span>
    </p>
   </div>
   <div class='ocr_carea' id='block_1_61' title="bbox 1839 1533 3540 1607">
    <p class='ocr_par' dir='ltr' id='par_1_61' title="bbox 1839 1533 3540 1607">
     <span class='ocr_line' id='line_1_61' title="bbox 1839 1533 3540 1607; baseline -0.002 -17"><span class='ocrx_word' id='word_1_471' title='bbox 1839 1552 1947 1590; x_wconf 86' lang='lat' dir='ltr'>usu</span> <span class='ocrx_word' id='word_1_472' title='bbox 1979 1538 2104 1591; x_wconf 75' lang='lat' dir='ltr'><strong>LXX</strong></span> <span class='ocrx_word' id='word_1_473' title='bbox 2135 1537 2518 1607; x_wconf 86' lang='lat' dir='ltr'>interpretum</span> <span class='ocrx_word' id='word_1_474' title='bbox 2551 1542 2606 1591; x_wconf 90' lang='lat' dir='ltr'>et</span> <span class='ocrx_word' id='word_1_475' title='bbox 2631 1537 2773 1591; x_wconf 83' lang='lat' dir='ltr'>Novi</span> <span class='ocrx_word' id='word_1_476' title='bbox 2817 1535 3183 1602; x_wconf 89' lang='lat' dir='ltr'>Testamenti,</span> <span class='ocrx_word' id='word_1_477' title='bbox 3232 1538 3296 1588; x_wconf 86' lang='lat' dir='ltr'>ut</span> <span class='ocrx_word' id='word_1_478' title='bbox 3338 1533 3398 1587; x_wconf 90' lang='lat' dir='ltr'>in</span> <span class='ocrx_word' id='word_1_479' title='bbox 3447 1548 3540 1586; x_wconf 90' lang='lat' dir='ltr'>se-</span> 
     </span>
    </p>
   </div>
   <div class='ocr_carea' id='block_1_62' title="bbox 1843 1622 3540 1696">
    <p class='ocr_par' dir='ltr' id='par_1_62' title="bbox 1843 1622 3540 1696">
     <span class='ocr_line' id='line_1_62' title="bbox 1843 1622 3540 1696; baseline -0.001 -18"><span class='ocrx_word' id='word_1_480' title='bbox 1843 1625 2149 1696; x_wconf 89' lang='lat' dir='ltr'>quentibus</span> <span class='ocrx_word' id='word_1_481' title='bbox 2189 1625 2359 1679; x_wconf 88' lang='lat' dir='ltr'>habet</span> <span class='ocrx_word' id='word_1_482' title='bbox 2388 1626 2758 1696; x_wconf 83' lang='lat' dir='ltr'>Augustinus,</span> <span class='ocrx_word' id='word_1_483' title='bbox 2795 1623 2996 1686; x_wconf 73' lang='grc' dir='ltr'>λατρεία</span> <span class='ocrx_word' id='word_1_484' title='bbox 3025 1623 3282 1677; x_wconf 89' lang='lat' dir='ltr'>divinum</span> <span class='ocrx_word' id='word_1_485' title='bbox 3322 1622 3540 1676; x_wconf 89' lang='lat' dir='ltr'>cultum</span> 
     </span>
    </p>
   </div>
   <div class='ocr_carea' id='block_1_63' title="bbox 1845 1710 3536 1784">
    <p class='ocr_par' dir='ltr' id='par_1_63' title="bbox 1845 1710 3536 1784">
     <span class='ocr_line' id='line_1_63' title="bbox 1845 1710 3536 1784; baseline -0.003 -16"><span class='ocrx_word' id='word_1_486' title='bbox 1845 1718 2042 1779; x_wconf 88' lang='lat' dir='ltr'>sonat;</span> <span class='ocrx_word' id='word_1_487' title='bbox 2076 1718 2132 1767; x_wconf 87' lang='lat' dir='ltr'>at</span> <span class='ocrx_word' id='word_1_488' title='bbox 2159 1731 2263 1767; x_wconf 78' lang='lat' dir='ltr'>vox</span> <span class='ocrx_word' id='word_1_489' title='bbox 2293 1713 2488 1761; x_wconf 77' lang='grc' dir='ltr'>δουλεία</span> <span class='ocrx_word' id='word_1_490' title='bbox 2514 1713 2837 1784; x_wconf 89' lang='lat' dir='ltr'>promiscue</span> <span class='ocrx_word' id='word_1_491' title='bbox 2867 1729 2970 1782; x_wconf 89' lang='lat' dir='ltr'>pro</span> <span class='ocrx_word' id='word_1_492' title='bbox 2996 1717 3243 1782; x_wconf 84' lang='lat' dir='ltr'>utroque</span> <span class='ocrx_word' id='word_1_493' title='bbox 3273 1710 3536 1764; x_wconf 89' lang='lat' dir='ltr'>sumitur.</span> 
     </span>
    </p>
   </div>
   <div class='ocr_carea' id='block_1_64' title="bbox 1843 1797 3538 1872">
    <p class='ocr_par' dir='ltr' id='par_1_64' title="bbox 1843 1797 3538 1872">
     <span class='ocr_line' id='line_1_64' title="bbox 1843 1797 3538 1872; baseline -0.005 -15"><span class='ocrx_word' id='word_1_494' title='bbox 1843 1807 1904 1856; x_wconf 88' lang='lat' dir='ltr'>ut</span> <span class='ocrx_word' id='word_1_495' title='bbox 1944 1802 2226 1857; x_wconf 89' lang='lat' dir='ltr'>docebunt</span> <span class='ocrx_word' id='word_1_496' title='bbox 2263 1803 2602 1857; x_wconf 65' lang='lat' dir='ltr'>Concordiae.</span> <span class='ocrx_word' id='word_1_497' title='bbox 2659 1802 2840 1872; x_wconf 80' lang='lat' dir='ltr'>Igitur</span> <span class='ocrx_word' id='word_1_498' title='bbox 2891 1800 2994 1854; x_wconf 86' lang='lat' dir='ltr'>etsi</span> <span class='ocrx_word' id='word_1_499' title='bbox 3024 1798 3224 1861; x_wconf 68' lang='grc' dir='ltr'>λατρεία</span> <span class='ocrx_word' id='word_1_500' title='bbox 3260 1798 3320 1851; x_wconf 89' lang='lat' dir='ltr'>in</span> <span class='ocrx_word' id='word_1_501' title='bbox 3367 1797 3538 1851; x_wconf 87' lang='lat' dir='ltr'>sacris</span> 
     </span>
    </p>
   </div>
   <div class='ocr_carea' id='block_1_65' title="bbox 1844 1887 3536 1961">
    <p class='ocr_par' dir='ltr' id='par_1_65' title="bbox 1844 1887 3536 1961">
     <span class='ocr_line' id='line_1_65' title="bbox 1844 1887 3536 1961; baseline -0.004 -16"><span class='ocrx_word' id='word_1_502' title='bbox 1844 1891 2023 1946; x_wconf 88' lang='lat' dir='ltr'>Libris</span> <span class='ocrx_word' id='word_1_503' title='bbox 2044 1891 2329 1961; x_wconf 85' lang='lat' dir='ltr'>signiﬁcat</span> <span class='ocrx_word' id='word_1_504' title='bbox 2348 1892 2565 1946; x_wconf 90' lang='lat' dir='ltr'>cultum</span> <span class='ocrx_word' id='word_1_505' title='bbox 2587 1889 3048 1945; x_wconf 88' lang='lat' dir='ltr'>excellentiorem</span> <span class='ocrx_word' id='word_1_506' title='bbox 3074 1906 3086 1954; x_wconf 92' lang='lat'>;</span> <span class='ocrx_word' id='word_1_507' title='bbox 3115 1887 3389 1942; x_wconf 90' lang='lat' dir='ltr'>continuo</span> <span class='ocrx_word' id='word_1_508' title='bbox 3419 1902 3536 1939; x_wconf 92' lang='lat' dir='ltr'>non</span> 
     </span>
    </p>
   </div>
   <div class='ocr_carea' id='block_1_66' title="bbox 1845 1973 3532 2050">
    <p class='ocr_par' dir='ltr' id='par_1_66' title="bbox 1845 1973 3532 2050">
     <span class='ocr_line' id='line_1_66' title="bbox 1845 1973 3532 2050; baseline -0.002 -18"><span class='ocrx_word' id='word_1_509' title='bbox 1845 1980 2104 2050; x_wconf 87' lang='lat' dir='ltr'>sequitur</span> <span class='ocrx_word' id='word_1_510' title='bbox 2148 1996 2280 2033; x_wconf 91' lang='lat' dir='ltr'>voce</span> <span class='ocrx_word' id='word_1_511' title='bbox 2324 1978 2519 2026; x_wconf 68' lang='grc' dir='ltr'>δουλεία</span> <span class='ocrx_word' id='word_1_512' title='bbox 2558 1978 2748 2033; x_wconf 89' lang='lat' dir='ltr'>minus</span> <span class='ocrx_word' id='word_1_513' title='bbox 2795 1978 3166 2032; x_wconf 83' lang='lat' dir='ltr'>excellentem</span> <span class='ocrx_word' id='word_1_514' title='bbox 3204 1973 3532 2046; x_wconf 82' lang='lat' dir='ltr'>signiﬁcari,</span> 
     </span>
    </p>
   </div>
   <div class='ocr_carea' id='block_1_67' title="bbox 1845 2069 2677 2140">
    <p class='ocr_par' dir='ltr' id='par_1_67' title="bbox 1845 2069 2677 2140">
     <span class='ocr_line' id='line_1_67' title="bbox 1845 2069 2677 2140; baseline 0 -18"><span class='ocrx_word' id='word_1_515' title='bbox 1845 2069 2000 2140; x_wconf 91' lang='lat' dir='ltr'>quod</span> <span class='ocrx_word' id='word_1_516' title='bbox 2032 2069 2209 2139; x_wconf 86' lang='lat' dir='ltr'>probe</span> <span class='ocrx_word' id='word_1_517' title='bbox 2238 2069 2677 2123; x_wconf 85' lang='lat' dir='ltr'>observandum.</span> 
     </span>
    </p>
   </div>
   <div class='ocr_carea' id='block_1_68' title="bbox 1916 2153 3534 2228">
    <p class='ocr_par' dir='ltr' id='par_1_68' title="bbox 1916 2153 3534 2228">
     <span class='ocr_line' id='line_1_68' title="bbox 1916 2153 3534 2228; baseline -0.004 -17"><span class='ocrx_word' id='word_1_518' title='bbox 1916 2157 2050 2228; x_wconf 87' lang='lat' dir='ltr'>Cap.</span> <span class='ocrx_word' id='word_1_519' title='bbox 2102 2161 2180 2224; x_wconf 90' lang='grc'>11,</span> <span class='ocrx_word' id='word_1_520' title='bbox 2233 2157 2259 2227; x_wconf 83' lang='lat'><strong>§</strong></span> <span class='ocrx_word' id='word_1_521' title='bbox 2315 2162 2360 2212; x_wconf 91' lang='grc'>1.</span> <span class='ocrx_word' id='word_1_522' title='bbox 2421 2158 2510 2212; x_wconf 87' lang='lat' dir='ltr'>Ibi</span> <span class='ocrx_word' id='word_1_523' title='bbox 2553 2157 2766 2227; x_wconf 88' lang='lat' dir='ltr'>quidem</span> <span class='ocrx_word' id='word_1_524' title='bbox 2792 2171 2968 2212; x_wconf 89' lang='lat' dir='ltr'>omnes</span> <span class='ocrx_word' id='word_1_525' title='bbox 3001 2157 3236 2209; x_wconf 88' lang='lat' dir='ltr'>homines</span> <span class='ocrx_word' id='word_1_526' title='bbox 3262 2153 3534 2223; x_wconf 84' lang='lat' dir='ltr'>reprobat,</span> 
     </span>
    </p>
   </div>
   <div class='ocr_carea' id='block_1_69' title="bbox 1847 2245 3538 2315">
    <p class='ocr_par' dir='ltr' id='par_1_69' title="bbox 1847 2245 3538 2315">
     <span class='ocr_line' id='line_1_69' title="bbox 1847 2245 3538 2315; baseline -0.002 -18"><span class='ocrx_word' id='word_1_527' title='bbox 1847 2260 1978 2312; x_wconf 90' lang='lat' dir='ltr'>quos</span> <span class='ocrx_word' id='word_1_528' title='bbox 2002 2245 2137 2299; x_wconf 89' lang='lat' dir='ltr'>dicit</span> <span class='ocrx_word' id='word_1_529' title='bbox 2163 2245 2226 2299; x_wconf 90' lang='lat' dir='ltr'>ob</span> <span class='ocrx_word' id='word_1_530' title='bbox 2260 2247 2687 2315; x_wconf 86' lang='lat' dir='ltr'>imprudentiam</span> <span class='ocrx_word' id='word_1_531' title='bbox 2718 2247 2930 2300; x_wconf 85' lang='lat' dir='ltr'>trahere</span> <span class='ocrx_word' id='word_1_532' title='bbox 2957 2245 3238 2298; x_wconf 86' lang='lat' dir='ltr'>humidum</span> <span class='ocrx_word' id='word_1_533' title='bbox 3265 2257 3538 2311; x_wconf 82' lang='lat' dir='ltr'>vaporem,</span> 
     </span>
    </p>
   </div>
   <div class='ocr_carea' id='block_1_70' title="bbox 1845 2332 3538 2401">
    <p class='ocr_par' dir='ltr' id='par_1_70' title="bbox 1845 2332 3538 2401">
     <span class='ocr_line' id='line_1_70' title="bbox 1845 2332 3538 2401; baseline -0.002 -16"><span class='ocrx_word' id='word_1_534' title='bbox 1845 2336 1894 2385; x_wconf 87' lang='lat' dir='ltr'>et</span> <span class='ocrx_word' id='word_1_535' title='bbox 1923 2333 2041 2386; x_wconf 87' lang='lat' dir='ltr'>ideo</span> <span class='ocrx_word' id='word_1_536' title='bbox 2071 2349 2175 2387; x_wconf 91' lang='lat' dir='ltr'>non</span> <span class='ocrx_word' id='word_1_537' title='bbox 2206 2335 2264 2387; x_wconf 89' lang='lat' dir='ltr'>in</span> <span class='ocrx_word' id='word_1_538' title='bbox 2301 2336 2514 2401; x_wconf 61' lang='lat' dir='ltr'>mthere,</span> <span class='ocrx_word' id='word_1_539' title='bbox 2547 2335 2641 2389; x_wconf 89' lang='lat' dir='ltr'>sed</span> <span class='ocrx_word' id='word_1_540' title='bbox 2673 2338 2729 2388; x_wconf 89' lang='lat' dir='ltr'>in</span> <span class='ocrx_word' id='word_1_541' title='bbox 2757 2350 2878 2388; x_wconf 85' lang='lat' dir='ltr'>aere</span> <span class='ocrx_word' id='word_1_542' title='bbox 2909 2349 3019 2388; x_wconf 89' lang='lat' dir='ltr'>esse</span> <span class='ocrx_word' id='word_1_543' title='bbox 3043 2332 3140 2387; x_wconf 88' lang='lat' dir='ltr'>sub</span> <span class='ocrx_word' id='word_1_544' title='bbox 3183 2334 3332 2396; x_wconf 87' lang='lat' dir='ltr'>luna,</span> <span class='ocrx_word' id='word_1_545' title='bbox 3374 2335 3538 2398; x_wconf 87' lang='lat' dir='ltr'>atque</span> 
     </span>
    </p>
   </div>
   <div class='ocr_carea' id='block_1_71' title="bbox 1844 2418 3539 2494">
    <p class='ocr_par' dir='ltr' id='par_1_71' title="bbox 1844 2418 3539 2494">
     <span class='ocr_line' id='line_1_71' title="bbox 1844 2418 3539 2494; baseline -0.002 -21"><span class='ocrx_word' id='word_1_546' title='bbox 1844 2422 1902 2474; x_wconf 87' lang='lat' dir='ltr'>in</span> <span class='ocrx_word' id='word_1_547' title='bbox 1924 2424 2041 2490; x_wconf 89' lang='lat' dir='ltr'>ipso</span> <span class='ocrx_word' id='word_1_548' title='bbox 2061 2423 2200 2475; x_wconf 76' lang='lat' dir='ltr'>luna:</span> <span class='ocrx_word' id='word_1_549' title='bbox 2223 2423 2395 2489; x_wconf 86' lang='lat' dir='ltr'>globo.</span> <span class='ocrx_word' id='word_1_550' title='bbox 2428 2421 2442 2494; x_wconf 81' lang='lat'>]</span> <span class='ocrx_word' id='word_1_551' title='bbox 2472 2425 2542 2476; x_wconf 86' lang='lat' dir='ltr'>Ex</span> <span class='ocrx_word' id='word_1_552' title='bbox 2568 2423 2672 2476; x_wconf 90' lang='lat' dir='ltr'>hac</span> <span class='ocrx_word' id='word_1_553' title='bbox 2692 2422 3053 2493; x_wconf 79' lang='lat' dir='ltr'>pliil050phia</span> <span class='ocrx_word' id='word_1_554' title='bbox 3078 2421 3332 2474; x_wconf 87' lang='lat' dir='ltr'>Lucanus</span> <span class='ocrx_word' id='word_1_555' title='bbox 3354 2418 3452 2471; x_wconf 88' lang='lat' dir='ltr'>lib.</span> <span class='ocrx_word' id='word_1_556' title='bbox 3487 2434 3539 2470; x_wconf 79' lang='lat' dir='ltr'>ix</span> 
     </span>
    </p>
   </div>
   <div class='ocr_carea' id='block_1_72' title="bbox 1846 2507 3531 2582">
    <p class='ocr_par' dir='ltr' id='par_1_72' title="bbox 1846 2507 3531 2582">
     <span class='ocr_line' id='line_1_72' title="bbox 1846 2507 3531 2582; baseline -0.003 -19"><span class='ocrx_word' id='word_1_557' title='bbox 1846 2510 1916 2563; x_wconf 88' lang='lat' dir='ltr'>ab</span> <span class='ocrx_word' id='word_1_558' title='bbox 1947 2510 2134 2575; x_wconf 86' lang='lat' dir='ltr'>initio,</span> <span class='ocrx_word' id='word_1_559' title='bbox 2157 2511 2225 2564; x_wconf 90' lang='lat' dir='ltr'>de</span> <span class='ocrx_word' id='word_1_560' title='bbox 2256 2512 2448 2565; x_wconf 91' lang='lat' dir='ltr'>animo</span> <span class='ocrx_word' id='word_1_561' title='bbox 2470 2513 2568 2566; x_wconf 87' lang='lat' dir='ltr'>Cn.</span> <span class='ocrx_word' id='word_1_562' title='bbox 2601 2511 2860 2582; x_wconf 87' lang='lat' dir='ltr'>Pompeii</span> <span class='ocrx_word' id='word_1_563' title='bbox 2903 2510 3090 2580; x_wconf 81' lang='lat' dir='ltr'>Magni</span> <span class='ocrx_word' id='word_1_564' title='bbox 3117 2508 3195 2562; x_wconf 89' lang='lat' dir='ltr'>sic</span> <span class='ocrx_word' id='word_1_565' title='bbox 3243 2507 3531 2578; x_wconf 77' lang='lat' dir='ltr'>loquitur:</span> 
     </span>
    </p>
   </div>
   <div class='ocr_carea' id='block_1_73' title="bbox 1971 2615 3126 2678">
    <p class='ocr_par' dir='ltr' id='par_1_73' title="bbox 1971 2615 3126 2678">
     <span class='ocr_line' id='line_1_73' title="bbox 1971 2615 3126 2678; baseline -0.002 -14"><span class='ocrx_word' id='word_1_566' title='bbox 1971 2616 2036 2664; x_wconf 88' lang='lat' dir='ltr'>At</span> <span class='ocrx_word' id='word_1_567' title='bbox 2060 2629 2161 2664; x_wconf 89' lang='lat' dir='ltr'>non</span> <span class='ocrx_word' id='word_1_568' title='bbox 2183 2616 2238 2664; x_wconf 92' lang='lat' dir='ltr'>in</span> <span class='ocrx_word' id='word_1_569' title='bbox 2269 2615 2455 2665; x_wconf 88' lang='lat' dir='ltr'>Pharia</span> <span class='ocrx_word' id='word_1_570' title='bbox 2485 2615 2668 2664; x_wconf 85' lang='lat' dir='ltr'>Manes</span> <span class='ocrx_word' id='word_1_571' title='bbox 2688 2616 2902 2678; x_wconf 85' lang='lat' dir='ltr'>jacuere</span> <span class='ocrx_word' id='word_1_572' title='bbox 2932 2615 3126 2678; x_wconf 79' lang='lat' dir='ltr'>favilla,</span> 
     </span>
    </p>
   </div>
   <div class='ocr_carea' id='block_1_74' title="bbox 1973 2677 3352 2740">
    <p class='ocr_par' dir='ltr' id='par_1_74' title="bbox 1973 2677 3352 2740">
     <span class='ocr_line' id='line_1_74' title="bbox 1973 2677 3352 2740; baseline -0.001 -15"><span class='ocrx_word' id='word_1_573' title='bbox 1973 2679 2075 2725; x_wconf 89' lang='lat' dir='ltr'>Nec</span> <span class='ocrx_word' id='word_1_574' title='bbox 2105 2678 2236 2726; x_wconf 90' lang='lat' dir='ltr'>cinis</span> <span class='ocrx_word' id='word_1_575' title='bbox 2265 2679 2478 2739; x_wconf 85' lang='lat' dir='ltr'>exiguus</span> <span class='ocrx_word' id='word_1_576' title='bbox 2504 2677 2702 2726; x_wconf 85' lang='lat' dir='ltr'>tantam</span> <span class='ocrx_word' id='word_1_577' title='bbox 2730 2677 3052 2740; x_wconf 84' lang='lat' dir='ltr'>compescuit</span> <span class='ocrx_word' id='word_1_578' title='bbox 3079 2677 3318 2740; x_wconf 82' lang='lat' dir='ltr'>umbram</span> <span class='ocrx_word' id='word_1_579' title='bbox 3341 2689 3352 2733; x_wconf 89' lang='lat'>;</span> 
     </span>
    </p>
   </div>
   <div class='ocr_carea' id='block_1_75' title="bbox 1974 2738 3389 2802">
    <p class='ocr_par' dir='ltr' id='par_1_75' title="bbox 1974 2738 3389 2802">
     <span class='ocr_line' id='line_1_75' title="bbox 1974 2738 3389 2802; baseline -0.004 -14"><span class='ocrx_word' id='word_1_580' title='bbox 1974 2739 2222 2788; x_wconf 83' lang='lat' dir='ltr'>Prosiluit</span> <span class='ocrx_word' id='word_1_581' title='bbox 2241 2738 2414 2795; x_wconf 84' lang='lat' dir='ltr'>busto,</span> <span class='ocrx_word' id='word_1_582' title='bbox 2437 2744 2772 2802; x_wconf 85' lang='lat' dir='ltr'>semustaque</span> <span class='ocrx_word' id='word_1_583' title='bbox 2803 2738 3038 2787; x_wconf 79' lang='lat' dir='ltr'>membra</span> <span class='ocrx_word' id='word_1_584' title='bbox 3066 2738 3389 2802; x_wconf 61' lang='lat' dir='ltr'>relinquens,</span> 
     </span>
    </p>
   </div>
   <div class='ocr_carea' id='block_1_76' title="bbox 1973 2798 3449 2864">
    <p class='ocr_par' dir='ltr' id='par_1_76' title="bbox 1973 2798 3449 2864">
     <span class='ocr_line' id='line_1_76' title="bbox 1973 2798 3449 2864; baseline -0.004 -14"><span class='ocrx_word' id='word_1_585' title='bbox 1973 2802 2397 2864; x_wconf 82' lang='lat' dir='ltr'>Degeneremque</span> <span class='ocrx_word' id='word_1_586' title='bbox 2426 2816 2632 2863; x_wconf 85' lang='lat' dir='ltr'>rogum.</span> <span class='ocrx_word' id='word_1_587' title='bbox 2665 2798 2900 2864; x_wconf 74' lang='lat' dir='ltr'>sequitur</span> <span class='ocrx_word' id='word_1_588' title='bbox 2925 2814 3155 2864; x_wconf 86' lang='lat' dir='ltr'>convexa</span> <span class='ocrx_word' id='word_1_589' title='bbox 3179 2798 3449 2847; x_wconf 80' lang='lat' dir='ltr'>Tonantis.</span> 
     </span>
    </p>
   </div>
   <div class='ocr_carea' id='block_1_77' title="bbox 1975 2863 3264 2926">
    <p class='ocr_par' dir='ltr' id='par_1_77' title="bbox 1975 2863 3264 2926">
     <span class='ocr_line' id='line_1_77' title="bbox 1975 2863 3264 2926; baseline -0.002 -16"><span class='ocrx_word' id='word_1_590' title='bbox 1975 2864 2088 2920; x_wconf 86' lang='lat' dir='ltr'>Qua</span> <span class='ocrx_word' id='word_1_591' title='bbox 2124 2865 2272 2926; x_wconf 82' lang='lat' dir='ltr'>niger</span> <span class='ocrx_word' id='word_1_592' title='bbox 2301 2863 2552 2912; x_wconf 81' lang='lat' dir='ltr'>astriferis</span> <span class='ocrx_word' id='word_1_593' title='bbox 2581 2863 2930 2926; x_wconf 79' lang='lat' dir='ltr'>connectitur,</span> <span class='ocrx_word' id='word_1_594' title='bbox 2952 2863 3133 2910; x_wconf 85' lang='lat' dir='ltr'>axibus</span> <span class='ocrx_word' id='word_1_595' title='bbox 3159 2875 3264 2914; x_wconf 87' lang='lat' dir='ltr'>aer.</span> 
     </span>
    </p>
   </div>
   <div class='ocr_carea' id='block_1_78' title="bbox 1975 2925 3260 2988">
    <p class='ocr_par' dir='ltr' id='par_1_78' title="bbox 1975 2925 3260 2988">
     <span class='ocr_line' id='line_1_78' title="bbox 1975 2925 3260 2988; baseline -0.003 -16"><span class='ocrx_word' id='word_1_596' title='bbox 1975 2925 2202 2987; x_wconf 44' lang='lat' dir='ltr'>Quaque&quot;</span> <span class='ocrx_word' id='word_1_597' title='bbox 2223 2930 2364 2988; x_wconf 86' lang='lat' dir='ltr'>patet</span> <span class='ocrx_word' id='word_1_598' title='bbox 2397 2930 2562 2973; x_wconf 88' lang='lat' dir='ltr'>terras</span> <span class='ocrx_word' id='word_1_599' title='bbox 2594 2925 2729 2973; x_wconf 90' lang='lat' dir='ltr'>inter</span> <span class='ocrx_word' id='word_1_600' title='bbox 2757 2925 3014 2988; x_wconf 59' lang='lat' dir='ltr'>inuiasque</span> <span class='ocrx_word' id='word_1_601' title='bbox 3041 2925 3260 2988; x_wconf 73' lang='lat' dir='ltr'>meatus,</span> 
     </span>
    </p>
   </div>
   <div class='ocr_carea' id='block_1_79' title="bbox 1973 2985 3229 3053">
    <p class='ocr_par' dir='ltr' id='par_1_79' title="bbox 1973 2985 3229 3053">
     <span class='ocr_line' id='line_1_79' title="bbox 1973 2985 3229 3053; baseline -0.003 -17"><span class='ocrx_word' id='word_1_602' title='bbox 1973 2985 2198 3053; x_wconf 75' lang='lat' dir='ltr'>Semidei</span> <span class='ocrx_word' id='word_1_603' title='bbox 2224 2985 2411 3053; x_wconf 82' lang='lat' dir='ltr'>Manes</span> <span class='ocrx_word' id='word_1_604' title='bbox 2437 2988 2694 3053; x_wconf 66' lang='lat' dir='ltr'>habitant,</span> <span class='ocrx_word' id='word_1_605' title='bbox 2725 3001 2856 3053; x_wconf 82' lang='lat' dir='ltr'>quos</span> <span class='ocrx_word' id='word_1_606' title='bbox 2879 2985 3229 3053; x_wconf 72' lang='lat' dir='ltr'>igneavirtus</span> 
     </span>
    </p>
   </div>
   <div class='ocr_carea' id='block_1_80' title="bbox 1971 3048 3051 3112">
    <p class='ocr_par' dir='ltr' id='par_1_80' title="bbox 1971 3048 3051 3112">
     <span class='ocr_line' id='line_1_80' title="bbox 1971 3048 3051 3112; baseline -0.003 -15"><span class='ocrx_word' id='word_1_607' title='bbox 1971 3051 2235 3098; x_wconf 83' lang='lat' dir='ltr'>Innocuos</span> <span class='ocrx_word' id='word_1_608' title='bbox 2267 3051 2389 3097; x_wconf 80' lang='lat' dir='ltr'>vitae</span> <span class='ocrx_word' id='word_1_609' title='bbox 2425 3048 2691 3112; x_wconf 79' lang='lat' dir='ltr'>patientes</span> <span class='ocrx_word' id='word_1_610' title='bbox 2712 3048 2931 3112; x_wconf 62' lang='lat' dir='ltr'>atheris</span> <span class='ocrx_word' id='word_1_611' title='bbox 2959 3048 3051 3112; x_wconf 83' lang='lat' dir='ltr'>imi</span> 
     </span>
    </p>
   </div>
   <div class='ocr_carea' id='block_1_81' title="bbox 1971 3109 3237 3172">
    <p class='ocr_par' dir='ltr' id='par_1_81' title="bbox 1971 3109 3237 3172">
     <span class='ocr_line' id='line_1_81' title="bbox 1971 3109 3237 3172; baseline -0.002 -13"><span class='ocrx_word' id='word_1_612' title='bbox 1971 3112 2110 3160; x_wconf 91' lang='lat' dir='ltr'>Fecit</span> <span class='ocrx_word' id='word_1_613' title='bbox 2139 3115 2192 3160; x_wconf 90' lang='lat' dir='ltr'>et</span> <span class='ocrx_word' id='word_1_614' title='bbox 2219 3109 2446 3160; x_wconf 67' lang='lat' dir='ltr'>aeternos</span> <span class='ocrx_word' id='word_1_615' title='bbox 2477 3111 2714 3159; x_wconf 89' lang='lat' dir='ltr'>animum</span> <span class='ocrx_word' id='word_1_616' title='bbox 2749 3109 2961 3172; x_wconf 90' lang='lat' dir='ltr'>collegit</span> <span class='ocrx_word' id='word_1_617' title='bbox 2980 3110 3032 3157; x_wconf 92' lang='lat' dir='ltr'>in</span> <span class='ocrx_word' id='word_1_618' title='bbox 3065 3109 3237 3157; x_wconf 88' lang='lat' dir='ltr'>orbes.</span> 
     </span>
    </p>
   </div>
   <div class='ocr_carea' id='block_1_82' title="bbox 1848 3195 3549 3270">
    <p class='ocr_par' dir='ltr' id='par_1_82' title="bbox 1848 3195 3549 3270">
     <span class='ocr_line' id='line_1_82' title="bbox 1848 3195 3549 3270; baseline -0.002 -18"><span class='ocrx_word' id='word_1_619' title='bbox 1848 3199 1959 3253; x_wconf 87' lang='lat' dir='ltr'>Sed</span> <span class='ocrx_word' id='word_1_620' title='bbox 1991 3199 2059 3254; x_wconf 90' lang='lat' dir='ltr'>de</span> <span class='ocrx_word' id='word_1_621' title='bbox 2098 3200 2202 3253; x_wconf 88' lang='lat' dir='ltr'>hac</span> <span class='ocrx_word' id='word_1_622' title='bbox 2244 3216 2306 3254; x_wconf 89' lang='lat' dir='ltr'>re</span> <span class='ocrx_word' id='word_1_623' title='bbox 2355 3199 2582 3270; x_wconf 92' lang='lat' dir='ltr'>copiose</span> <span class='ocrx_word' id='word_1_624' title='bbox 2637 3198 2754 3270; x_wconf 83' lang='lat' dir='ltr'>egit</span> <span class='ocrx_word' id='word_1_625' title='bbox 2806 3198 3081 3269; x_wconf 85' lang='lat' dir='ltr'>Apuleius</span> <span class='ocrx_word' id='word_1_626' title='bbox 3112 3195 3456 3260; x_wconf 88' lang='lat' dir='ltr'>Platonicus,</span> <span class='ocrx_word' id='word_1_627' title='bbox 3491 3195 3549 3248; x_wconf 91' lang='lat' dir='ltr'>in</span> 
     </span>
    </p>
   </div>
   <div class='ocr_carea' id='block_1_83' title="bbox 1845 3287 2576 3342">
    <p class='ocr_par' dir='ltr' id='par_1_83' title="bbox 1845 3287 2576 3342">
     <span class='ocr_line' id='line_1_83' title="bbox 1845 3287 2576 3342; baseline -0.001 -1"><span class='ocrx_word' id='word_1_628' title='bbox 1845 3287 2039 3341; x_wconf 90' lang='lat' dir='ltr'>libello</span> <span class='ocrx_word' id='word_1_629' title='bbox 2073 3288 2141 3341; x_wconf 90' lang='lat' dir='ltr'>de</span> <span class='ocrx_word' id='word_1_630' title='bbox 2167 3289 2280 3342; x_wconf 90' lang='lat' dir='ltr'>Deo</span> <span class='ocrx_word' id='word_1_631' title='bbox 2310 3287 2576 3342; x_wconf 90' lang='lat' dir='ltr'>Socratis.</span> 
     </span>
    </p>
   </div>
   <div class='ocr_carea' id='block_1_84' title="bbox 1921 3374 3552 3447">
    <p class='ocr_par' dir='ltr' id='par_1_84' title="bbox 1921 3374 3552 3447">
     <span class='ocr_line' id='line_1_84' title="bbox 1921 3374 3552 3447; baseline -0.003 -18"><span class='ocrx_word' id='word_1_632' title='bbox 1921 3377 2054 3447; x_wconf 87' lang='lat' dir='ltr'>Cap.</span> <span class='ocrx_word' id='word_1_633' title='bbox 2093 3379 2176 3441; x_wconf 86' lang='grc'>16,</span> <span class='ocrx_word' id='word_1_634' title='bbox 2221 3375 2332 3446; x_wconf 82' lang='lat' dir='ltr'>§l.</span> <span class='ocrx_word' id='word_1_635' title='bbox 2383 3375 2757 3445; x_wconf 84' lang='lat' dir='ltr'>Respondeant</span> <span class='ocrx_word' id='word_1_636' title='bbox 2808 3375 3041 3441; x_wconf 88' lang='lat' dir='ltr'>theurgi,</span> <span class='ocrx_word' id='word_1_637' title='bbox 3091 3374 3174 3427; x_wconf 80' lang='lat' dir='ltr'>vel</span> <span class='ocrx_word' id='word_1_638' title='bbox 3214 3374 3397 3442; x_wconf 83' lang='lat' dir='ltr'>potius</span> <span class='ocrx_word' id='word_1_639' title='bbox 3453 3388 3552 3424; x_wconf 75' lang='lat' dir='ltr'>re-</span> 
     </span>
    </p>
   </div>
   <div class='ocr_carea' id='block_1_85' title="bbox 1847 3459 3554 3532">
    <p class='ocr_par' dir='ltr' id='par_1_85' title="bbox 1847 3459 3554 3532">
     <span class='ocr_line' id='line_1_85' title="bbox 1847 3459 3554 3532; baseline -0.003 -14"><span class='ocrx_word' id='word_1_640' title='bbox 1847 3481 2057 3532; x_wconf 59' lang='lat' dir='ltr'>niirnci,</span> <span class='ocrx_word' id='word_1_641' title='bbox 2093 3468 2186 3520; x_wconf 85' lang='lat' dir='ltr'>hoc</span> <span class='ocrx_word' id='word_1_642' title='bbox 2201 3468 2343 3519; x_wconf 90' lang='lat' dir='ltr'>enim</span> <span class='ocrx_word' id='word_1_643' title='bbox 2375 3470 2500 3520; x_wconf 88' lang='lat' dir='ltr'>sunt</span> <span class='ocrx_word' id='word_1_644' title='bbox 2521 3466 2632 3519; x_wconf 59' lang='lat' dir='ltr'>illa</span> <span class='ocrx_word' id='word_1_645' title='bbox 2656 3469 2798 3518; x_wconf 87' lang='lat' dir='ltr'>artes</span> <span class='ocrx_word' id='word_1_646' title='bbox 2827 3464 3079 3518; x_wconf 86' lang='lat' dir='ltr'>vocabulo</span> <span class='ocrx_word' id='word_1_647' title='bbox 3099 3459 3418 3531; x_wconf 65' lang='lat' dir='ltr'>digniores]</span> <span class='ocrx_word' id='word_1_648' title='bbox 3443 3462 3554 3514; x_wconf 85' lang='lat' dir='ltr'>Au-</span> 
     </span>
    </p>
   </div>
   <div class='ocr_carea' id='block_1_86' title="bbox 1846 3549 3548 3625">
    <p class='ocr_par' dir='ltr' id='par_1_86' title="bbox 1846 3549 3548 3625">
     <span class='ocr_line' id='line_1_86' title="bbox 1846 3549 3548 3625; baseline -0.003 -18"><span class='ocrx_word' id='word_1_649' title='bbox 1846 3554 2081 3622; x_wconf 89' lang='lat' dir='ltr'>diverat,</span> <span class='ocrx_word' id='word_1_650' title='bbox 2134 3559 2195 3608; x_wconf 90' lang='lat' dir='ltr'>ut</span> <span class='ocrx_word' id='word_1_651' title='bbox 2248 3554 2484 3625; x_wconf 89' lang='lat' dir='ltr'>quidem</span> <span class='ocrx_word' id='word_1_652' title='bbox 2522 3553 2763 3619; x_wconf 86' lang='lat' dir='ltr'>videtur,</span> <span class='ocrx_word' id='word_1_653' title='bbox 2819 3553 3168 3622; x_wconf 81' lang='lat' dir='ltr'>Augustinus</span> <span class='ocrx_word' id='word_1_654' title='bbox 3227 3551 3296 3605; x_wconf 87' lang='lat' dir='ltr'>ab</span> <span class='ocrx_word' id='word_1_655' title='bbox 3354 3549 3548 3620; x_wconf 86' lang='lat' dir='ltr'>aliquo</span> 
     </span>
    </p>
   </div>
   <div class='ocr_carea' id='block_1_87' title="bbox 1847 3636 3550 3710">
    <p class='ocr_par' dir='ltr' id='par_1_87' title="bbox 1847 3636 3550 3710">
     <span class='ocr_line' id='line_1_87' title="bbox 1847 3636 3550 3710; baseline -0.002 -16"><span class='ocrx_word' id='word_1_656' title='bbox 1847 3641 2037 3694; x_wconf 70' lang='lat' dir='ltr'>Graece</span> <span class='ocrx_word' id='word_1_657' title='bbox 2070 3641 2282 3696; x_wconf 89' lang='lat' dir='ltr'>sciente</span> <span class='ocrx_word' id='word_1_658' title='bbox 2327 3640 2576 3710; x_wconf 88' lang='lat' dir='ltr'>magicas</span> <span class='ocrx_word' id='word_1_659' title='bbox 2605 3640 2728 3693; x_wconf 88' lang='lat' dir='ltr'>illas</span> <span class='ocrx_word' id='word_1_660' title='bbox 2773 3645 2921 3692; x_wconf 88' lang='lat' dir='ltr'>artes</span> <span class='ocrx_word' id='word_1_661' title='bbox 2972 3646 3224 3710; x_wconf 76' lang='grc' dir='ltr'>περιέργας</span> <span class='ocrx_word' id='word_1_662' title='bbox 3267 3636 3400 3703; x_wconf 93' lang='lat' dir='ltr'>dici,</span> <span class='ocrx_word' id='word_1_663' title='bbox 3447 3637 3550 3690; x_wconf 83' lang='lat' dir='ltr'>hoc</span> 
     </span>
    </p>
   </div>
   <div class='ocr_carea' id='block_1_88' title="bbox 1847 3724 3549 3798">
    <p class='ocr_par' dir='ltr' id='par_1_88' title="bbox 1847 3724 3549 3798">
     <span class='ocr_line' id='line_1_88' title="bbox 1847 3724 3549 3798; baseline -0.004 -16"><span class='ocrx_word' id='word_1_664' title='bbox 1847 3733 1953 3794; x_wconf 86' lang='lat' dir='ltr'>est,</span> <span class='ocrx_word' id='word_1_665' title='bbox 1978 3744 2267 3798; x_wconf 84' lang='lat' dir='ltr'>perperam</span> <span class='ocrx_word' id='word_1_666' title='bbox 2297 3730 2568 3794; x_wconf 87' lang='lat' dir='ltr'>curiosas;</span> <span class='ocrx_word' id='word_1_667' title='bbox 2601 3742 2847 3796; x_wconf 91' lang='lat' dir='ltr'>cumque</span> <span class='ocrx_word' id='word_1_668' title='bbox 2889 3724 3110 3779; x_wconf 85' lang='lat' dir='ltr'>videret</span> <span class='ocrx_word' id='word_1_669' title='bbox 3151 3726 3401 3792; x_wconf 86' lang='lat' dir='ltr'>theurgos</span> <span class='ocrx_word' id='word_1_670' title='bbox 3446 3739 3549 3776; x_wconf 88' lang='lat' dir='ltr'>vo-</span> 
     </span>
    </p>
   </div>
   <div class='ocr_carea' id='block_1_89' title="bbox 1847 3813 3551 3883">
    <p class='ocr_par' dir='ltr' id='par_1_89' title="bbox 1847 3813 3551 3883">
     <span class='ocr_line' id='line_1_89' title="bbox 1847 3813 3551 3883; baseline -0.004 -13"><span class='ocrx_word' id='word_1_671' title='bbox 1847 3817 1984 3883; x_wconf 91' lang='lat' dir='ltr'>cari,</span> <span class='ocrx_word' id='word_1_672' title='bbox 2012 3819 2311 3871; x_wconf 88' lang='lat' dir='ltr'>vacillante</span> <span class='ocrx_word' id='word_1_673' title='bbox 2341 3815 2641 3881; x_wconf 87' lang='lat' dir='ltr'>memoria,</span> <span class='ocrx_word' id='word_1_674' title='bbox 2677 3831 2772 3868; x_wconf 82' lang='lat' dir='ltr'>eos</span> <span class='ocrx_word' id='word_1_675' title='bbox 2799 3817 3084 3883; x_wconf 77' lang='lat' dir='ltr'>puerirgts</span> <span class='ocrx_word' id='word_1_676' title='bbox 3134 3813 3323 3866; x_wconf 83' lang='lat' dir='ltr'>vocari</span> <span class='ocrx_word' id='word_1_677' title='bbox 3372 3827 3551 3881; x_wconf 90' lang='lat' dir='ltr'>opor-</span> 
     </span>
    </p>
   </div>
   <div class='ocr_carea' id='block_1_90' title="bbox 1846 3901 3552 3975">
    <p class='ocr_par' dir='ltr' id='par_1_90' title="bbox 1846 3901 3552 3975">
     <span class='ocr_line' id='line_1_90' title="bbox 1846 3901 3552 3975; baseline -0.005 -15"><span class='ocrx_word' id='word_1_678' title='bbox 1846 3909 1968 3960; x_wconf 89' lang='lat' dir='ltr'>tere</span> <span class='ocrx_word' id='word_1_679' title='bbox 1993 3905 2154 3971; x_wconf 87' lang='lat' dir='ltr'>dixit,</span> <span class='ocrx_word' id='word_1_680' title='bbox 2180 3921 2308 3975; x_wconf 68' lang='lat' dir='ltr'>quae</span> <span class='ocrx_word' id='word_1_681' title='bbox 2334 3921 2438 3957; x_wconf 87' lang='lat' dir='ltr'>vox</span> <span class='ocrx_word' id='word_1_682' title='bbox 2462 3909 2653 3957; x_wconf 90' lang='lat' dir='ltr'>tamen</span> <span class='ocrx_word' id='word_1_683' title='bbox 2678 3919 2790 3956; x_wconf 91' lang='lat' dir='ltr'>non</span> <span class='ocrx_word' id='word_1_684' title='bbox 2817 3905 2902 3953; x_wconf 91' lang='lat' dir='ltr'>est</span> <span class='ocrx_word' id='word_1_685' title='bbox 2926 3901 3167 3964; x_wconf 88' lang='lat' dir='ltr'>usitata;</span> <span class='ocrx_word' id='word_1_686' title='bbox 3197 3916 3328 3952; x_wconf 92' lang='lat' dir='ltr'>nam</span> <span class='ocrx_word' id='word_1_687' title='bbox 3353 3914 3552 3969; x_wconf 86' lang='lat' dir='ltr'>quam-</span> 
     </span>
    </p>
   </div>
   <div class='ocr_carea' id='block_1_91' title="bbox 1849 3990 3549 4064">
    <p class='ocr_par' dir='ltr' id='par_1_91' title="bbox 1849 3990 3549 4064">
     <span class='ocr_line' id='line_1_91' title="bbox 1849 3990 3549 4064; baseline -0.004 -18"><span class='ocrx_word' id='word_1_688' title='bbox 1849 3994 1929 4047; x_wconf 88' lang='lat' dir='ltr'>vis</span> <span class='ocrx_word' id='word_1_689' title='bbox 1971 3994 2193 4048; x_wconf 78' lang='lat' dir='ltr'>dicatur</span> <span class='ocrx_word' id='word_1_690' title='bbox 2235 4001 2479 4064; x_wconf 84' lang='grc' dir='ltr'>θεουργος,</span> <span class='ocrx_word' id='word_1_691' title='bbox 2520 4007 2554 4044; x_wconf 89' lang='lat' dir='ltr'>a</span> <span class='ocrx_word' id='word_1_692' title='bbox 2584 3991 2816 4044; x_wconf 81' lang='lat' dir='ltr'>vocibus</span> <span class='ocrx_word' id='word_1_693' title='bbox 2849 3997 2949 4050; x_wconf 78' lang='grc' dir='ltr'>θεὸς</span> <span class='ocrx_word' id='word_1_694' title='bbox 2978 3992 3033 4041; x_wconf 90' lang='lat' dir='ltr'>et</span> <span class='ocrx_word' id='word_1_695' title='bbox 3061 3995 3221 4058; x_wconf 83' lang='grc' dir='ltr'>ἔργον,</span> <span class='ocrx_word' id='word_1_696' title='bbox 3254 3990 3316 4040; x_wconf 89' lang='lat' dir='ltr'>ut</span> <span class='ocrx_word' id='word_1_697' title='bbox 3337 4009 3549 4056; x_wconf 72' lang='grc' dir='ltr'>κακουρ-</span> 
     </span>
    </p>
   </div>
   <div class='ocr_carea' id='block_1_92' title="bbox 1845 4075 3555 4154">
    <p class='ocr_par' dir='ltr' id='par_1_92' title="bbox 1845 4075 3555 4154">
     <span class='ocr_line' id='line_1_92' title="bbox 1845 4075 3555 4154; baseline -0.005 -18"><span class='ocrx_word' id='word_1_698' title='bbox 1845 4092 1946 4154; x_wconf 82' lang='grc' dir='ltr'>γός,</span> <span class='ocrx_word' id='word_1_699' title='bbox 1988 4089 2276 4153; x_wconf 69' lang='grc' dir='ltr'>πανουργός,</span> <span class='ocrx_word' id='word_1_700' title='bbox 2315 4086 2620 4154; x_wconf 76' lang='grc' dir='ltr'>χειρουργὸς,</span> <span class='ocrx_word' id='word_1_701' title='bbox 2695 4083 2748 4130; x_wconf 88' lang='lat' dir='ltr'>et</span> <span class='ocrx_word' id='word_1_702' title='bbox 2808 4075 3039 4144; x_wconf 87' lang='lat' dir='ltr'>similia,</span> <span class='ocrx_word' id='word_1_703' title='bbox 3084 4079 3386 4146; x_wconf 74' lang='lat' dir='ltr'>propterea</span> <span class='ocrx_word' id='word_1_704' title='bbox 3437 4090 3555 4128; x_wconf 88' lang='lat' dir='ltr'>non</span> 
     </span>
    </p>
   </div>
   <div class='ocr_carea' id='block_1_93' title="bbox 1850 4166 3553 4244">
    <p class='ocr_par' dir='ltr' id='par_1_93' title="bbox 1850 4166 3553 4244">
     <span class='ocr_line' id='line_1_93' title="bbox 1850 4166 3553 4244; baseline -0.008 -17"><span class='ocrx_word' id='word_1_705' title='bbox 1850 4172 2111 4244; x_wconf 87' lang='lat' dir='ltr'>sequitur</span> <span class='ocrx_word' id='word_1_706' title='bbox 2151 4188 2216 4224; x_wconf 86' lang='lat' dir='ltr'>ex</span> <span class='ocrx_word' id='word_1_707' title='bbox 2262 4179 2372 4241; x_wconf 81' lang='grc' dir='ltr'>περί</span> <span class='ocrx_word' id='word_1_708' title='bbox 2413 4174 2470 4222; x_wconf 91' lang='lat' dir='ltr'>et</span> <span class='ocrx_word' id='word_1_709' title='bbox 2514 4177 2654 4240; x_wconf 76' lang='grc' dir='ltr'>ἔργον</span> <span class='ocrx_word' id='word_1_710' title='bbox 2709 4166 2830 4219; x_wconf 83' lang='lat' dir='ltr'>ﬁeri</span> <span class='ocrx_word' id='word_1_711' title='bbox 2877 4170 3181 4235; x_wconf 75' lang='grc' dir='ltr'>περιουργόν,</span> <span class='ocrx_word' id='word_1_712' title='bbox 3235 4166 3297 4216; x_wconf 87' lang='lat' dir='ltr'>ut</span> <span class='ocrx_word' id='word_1_713' title='bbox 3340 4166 3553 4215; x_wconf 89' lang='lat' dir='ltr'>norunt</span> 
     </span>
    </p>
   </div>
   <div class='ocr_carea' id='block_1_94' title="bbox 97 4250 1722 4351">
    <p class='ocr_par' dir='ltr' id='par_1_94' title="bbox 97 4250 1722 4351">
     <span class='ocr_line' id='line_1_94' title="bbox 97 4250 1722 4351; baseline 0.006 -33"><span class='ocrx_word' id='word_1_714' title='bbox 97 4271 299 4327; x_wconf 81' lang='lat' dir='ltr'>minorem</span> <span class='ocrx_word' id='word_1_715' title='bbox 325 4276 470 4340; x_wconf 87' lang='lat' dir='ltr'>diis;</span> <span class='ocrx_word' id='word_1_716' title='bbox 528 4275 623 4351; x_wconf 72' lang='lat' dir='ltr'>ubi</span> <span class='ocrx_word' id='word_1_717' title='bbox 666 4275 787 4328; x_wconf 84' lang='lat' dir='ltr'>LXX</span> <span class='ocrx_word' id='word_1_718' title='bbox 839 4250 1202 4344; x_wconf 81' lang='lat' dir='ltr'>interpretes,</span> <span class='ocrx_word' id='word_1_719' title='bbox 1234 4274 1540 4329; x_wconf 75' lang='grc' dir='ltr'>Ἠλάττωσας</span> <span class='ocrx_word' id='word_1_720' title='bbox 1571 4250 1722 4351; x_wconf 33' lang='lat' dir='ltr'>aut!»</span> 
     </span>
    </p>
   </div>
   <div class='ocr_carea' id='block_1_95' title="bbox 1973 4250 3550 4351">
    <p class='ocr_par' dir='ltr' id='par_1_95' title="bbox 1973 4259 3550 4338">
     <span class='ocr_line' id='line_1_95' title="bbox 1973 4259 3550 4338; baseline -0.008 -15"><span class='ocrx_word' id='word_1_721' title='bbox 1973 4288 1988 4323; x_wconf 71' lang='grc' dir='ltr'>ς</span> <span class='ocrx_word' id='word_1_722' title='bbox 2017 4273 2072 4323; x_wconf 80' lang='lat' dir='ltr'>et</span> <span class='ocrx_word' id='word_1_723' title='bbox 2097 4267 2378 4338; x_wconf 65' lang='lat' dir='ltr'>analogiae</span> <span class='ocrx_word' id='word_1_724' title='bbox 2412 4266 2600 4338; x_wconf 90' lang='lat' dir='ltr'>periti.</span> <span class='ocrx_word' id='word_1_725' title='bbox 2635 4267 2709 4320; x_wconf 89' lang='lat' dir='ltr'>De</span> <span class='ocrx_word' id='word_1_726' title='bbox 2738 4279 2872 4316; x_wconf 85' lang='lat' dir='ltr'>voce</span> <span class='ocrx_word' id='word_1_727' title='bbox 2915 4284 3189 4333; x_wconf 68' lang='grc' dir='ltr'>περιεργοθ,</span> <span class='ocrx_word' id='word_1_728' title='bbox 3239 4259 3300 4312; x_wconf 90' lang='lat' dir='ltr'>in</span> <span class='ocrx_word' id='word_1_729' title='bbox 3342 4259 3550 4312; x_wconf 88' lang='lat' dir='ltr'>malam</span> 
     </span>
    </p>
   </div>
   <div class='ocr_carea' id='block_1_96' title="bbox 100 4348 1736 4433">
    <p class='ocr_par' dir='ltr' id='par_1_96' title="bbox 100 4348 1736 4433">
     <span class='ocr_line' id='line_1_96' title="bbox 100 4348 1736 4433; baseline 0.002 -20"><span class='ocrx_word' id='word_1_730' title='bbox 100 4352 215 4418; x_wconf 55' lang='grc' dir='ltr'>ἕξειχὺ</span> <span class='ocrx_word' id='word_1_731' title='bbox 240 4375 280 4405; x_wconf 76' lang='grc' dir='ltr'><strong>τι</strong></span> <span class='ocrx_word' id='word_1_732' title='bbox 304 4361 412 4425; x_wconf 72' lang='grc' dir='ltr'>παρ’</span> <span class='ocrx_word' id='word_1_733' title='bbox 442 4348 701 4423; x_wconf 34' lang='lat' dir='ltr'>ini—lous.</span> <span class='ocrx_word' id='word_1_734' title='bbox 739 4363 827 4417; x_wconf 85' lang='lat' dir='ltr'>Sic</span> <span class='ocrx_word' id='word_1_735' title='bbox 874 4367 932 4416; x_wconf 90' lang='lat' dir='ltr'>et</span> <span class='ocrx_word' id='word_1_736' title='bbox 995 4362 1290 4416; x_wconf 80' lang='lat' dir='ltr'>Chaldaeus</span> <span class='ocrx_word' id='word_1_737' title='bbox 1329 4379 1432 4433; x_wconf 90' lang='lat' dir='ltr'>pro</span> <span class='ocrx_word' id='word_1_738' title='bbox 1483 4348 1736 4423; x_wconf 52' lang='lat' dir='ltr'>ambiti:</span> 
     </span>
    </p>
   </div>
   <div class='ocr_carea' id='block_1_97' title="bbox 99 4439 1740 4522">
    <p class='ocr_par' dir='ltr' id='par_1_97' title="bbox 99 4439 1740 4522">
     <span class='ocr_line' id='line_1_97' title="bbox 99 4439 1740 4522; baseline 0.006 -26"><span class='ocrx_word' id='word_1_739' title='bbox 99 4443 225 4501; x_wconf 81' lang='lat' dir='ltr'>habet</span> <span class='ocrx_word' id='word_1_740' title='bbox 249 4439 574 4518; x_wconf 49' lang='lat' dir='ltr'>333x532,</span> <span class='ocrx_word' id='word_1_741' title='bbox 603 4451 1057 4520; x_wconf 86' lang='lat' dir='ltr'>mimmalachajo,</span> <span class='ocrx_word' id='word_1_742' title='bbox 1095 4467 1268 4519; x_wconf 90' lang='lat' dir='ltr'>quam</span> <span class='ocrx_word' id='word_1_743' title='bbox 1298 4452 1507 4522; x_wconf 89' lang='lat' dir='ltr'>angeli.</span> <span class='ocrx_word' id='word_1_744' title='bbox 1545 4453 1632 4507; x_wconf 92' lang='lat' dir='ltr'>Sic</span> <span class='ocrx_word' id='word_1_745' title='bbox 1685 4457 1740 4506; x_wconf 88' lang='lat' dir='ltr'>et</span> 
     </span>
    </p>
   </div>
   <div class='ocr_carea' id='block_1_98' title="bbox 101 4535 1736 4609">
    <p class='ocr_par' dir='ltr' id='par_1_98' title="bbox 101 4535 1736 4609">
     <span class='ocr_line' id='line_1_98' title="bbox 101 4535 1736 4609; baseline 0.005 -23"><span class='ocrx_word' id='word_1_746' title='bbox 101 4535 287 4604; x_wconf 73' lang='lat' dir='ltr'>scriptor</span> <span class='ocrx_word' id='word_1_747' title='bbox 312 4541 380 4592; x_wconf 91' lang='lat' dir='ltr'>ad</span> <span class='ocrx_word' id='word_1_748' title='bbox 414 4542 683 4594; x_wconf 78' lang='lat' dir='ltr'>Hebraeos</span> <span class='ocrx_word' id='word_1_749' title='bbox 716 4555 838 4609; x_wconf 88' lang='lat' dir='ltr'>cap.</span> <span class='ocrx_word' id='word_1_750' title='bbox 869 4555 946 4604; x_wconf 83' lang='lat' dir='ltr'>xi,</span> <span class='ocrx_word' id='word_1_751' title='bbox 985 4544 1040 4594; x_wconf 85' lang='lat'>7.</span> <span class='ocrx_word' id='word_1_752' title='bbox 1074 4539 1293 4594; x_wconf 88' lang='lat' dir='ltr'>Pariter</span> <span class='ocrx_word' id='word_1_753' title='bbox 1312 4541 1464 4594; x_wconf 91' lang='lat' dir='ltr'>Psal.</span> <span class='ocrx_word' id='word_1_754' title='bbox 1507 4556 1649 4608; x_wconf 84' lang='lat' dir='ltr'>xcvr,</span> <span class='ocrx_word' id='word_1_755' title='bbox 1681 4546 1736 4607; x_wconf 83' lang='lat'>7,</span> 
     </span>
    </p>
   </div>
   <div class='ocr_carea' id='block_1_99' title="bbox 101 4625 1740 4698">
    <p class='ocr_par' dir='ltr' id='par_1_99' title="bbox 101 4625 1740 4698">
     <span class='ocr_line' id='line_1_99' title="bbox 101 4625 1740 4698; baseline 0.006 -26"><span class='ocrx_word' id='word_1_756' title='bbox 101 4637 144 4674; x_wconf 76' lang='lat' dir='ltr'>ex</span> <span class='ocrx_word' id='word_1_757' title='bbox 174 4625 422 4682; x_wconf 85' lang='lat' dir='ltr'>divisione</span> <span class='ocrx_word' id='word_1_758' title='bbox 462 4630 676 4692; x_wconf 69' lang='lat' dir='ltr'>Grtnca,</span> <span class='ocrx_word' id='word_1_759' title='bbox 728 4632 809 4681; x_wconf 89' lang='lat' dir='ltr'>est</span> <span class='ocrx_word' id='word_1_760' title='bbox 853 4628 1003 4698; x_wconf 89' lang='lat' dir='ltr'>apud</span> <span class='ocrx_word' id='word_1_761' title='bbox 1027 4629 1168 4682; x_wconf 65' lang='lat' dir='ltr'>LXX</span> <span class='ocrx_word' id='word_1_762' title='bbox 1223 4627 1583 4698; x_wconf 88' lang='lat' dir='ltr'>interpretes,</span> <span class='ocrx_word' id='word_1_763' title='bbox 1621 4643 1740 4690; x_wconf 83' lang='grc' dir='ltr'>προ-</span> 
     </span>
    </p>
   </div>
   <div class='ocr_carea' id='block_1_100' title="bbox 103 4713 1740 4786">
    <p class='ocr_par' dir='ltr' id='par_1_100' title="bbox 103 4713 1740 4786">
     <span class='ocr_line' id='line_1_100' title="bbox 103 4713 1740 4786; baseline -0.001 -25"><span class='ocrx_word' id='word_1_764' title='bbox 103 4713 316 4770; x_wconf 67' lang='grc' dir='ltr'>πυτήπτε</span> <span class='ocrx_word' id='word_1_765' title='bbox 350 4716 482 4779; x_wconf 70' lang='grc' dir='ltr'>αὐτῷ</span> <span class='ocrx_word' id='word_1_766' title='bbox 522 4717 696 4771; x_wconf 73' lang='grc' dir='ltr'>πάντες</span> <span class='ocrx_word' id='word_1_767' title='bbox 737 4715 934 4778; x_wconf 80' lang='grc' dir='ltr'>ἄγγελοι</span> <span class='ocrx_word' id='word_1_768' title='bbox 971 4715 1143 4777; x_wconf 75' lang='grc' dir='ltr'>αὐτοῦ,</span> <span class='ocrx_word' id='word_1_769' title='bbox 1193 4721 1248 4770; x_wconf 80' lang='lat' dir='ltr'>et</span> <span class='ocrx_word' id='word_1_770' title='bbox 1288 4716 1623 4786; x_wconf 70' lang='lat' dir='ltr'>scriptorem</span> <span class='ocrx_word' id='word_1_771' title='bbox 1673 4716 1740 4770; x_wconf 79' lang='lat' dir='ltr'>ad</span> 
     </span>
    </p>
   </div>
   <div class='ocr_carea' id='block_1_101' title="bbox 101 4797 1739 4875">
    <p class='ocr_par' dir='ltr' id='par_1_101' title="bbox 101 4797 1739 4875">
     <span class='ocr_line' id='line_1_101' title="bbox 101 4797 1739 4875; baseline 0.004 -23"><span class='ocrx_word' id='word_1_772' title='bbox 101 4797 309 4857; x_wconf 59' lang='lat' dir='ltr'>Hebraea</span> <span class='ocrx_word' id='word_1_773' title='bbox 349 4823 472 4875; x_wconf 88' lang='lat' dir='ltr'>cap.</span> <span class='ocrx_word' id='word_1_774' title='bbox 533 4823 571 4872; x_wconf 80' lang='grc' dir='ltr'>ι,</span> <span class='ocrx_word' id='word_1_775' title='bbox 604 4808 657 4871; x_wconf 86' lang='grc'>6,</span> <span class='ocrx_word' id='word_1_776' title='bbox 693 4805 788 4859; x_wconf 91' lang='lat' dir='ltr'>ubi</span> <span class='ocrx_word' id='word_1_777' title='bbox 815 4805 1086 4859; x_wconf 87' lang='lat' dir='ltr'>Hebraica</span> <span class='ocrx_word' id='word_1_778' title='bbox 1114 4806 1286 4860; x_wconf 83' lang='lat' dir='ltr'>verba</span> <span class='ocrx_word' id='word_1_779' title='bbox 1315 4805 1562 4860; x_wconf 88' lang='lat' dir='ltr'>habent:</span> <span class='ocrx_word' id='word_1_780' title='bbox 1608 4805 1739 4859; x_wconf 87' lang='lat' dir='ltr'>ado-</span> 
     </span>
    </p>
   </div>
   <div class='ocr_carea' id='block_1_102' title="bbox 99 4879 1738 4960">
    <p class='ocr_par' dir='ltr' id='par_1_102' title="bbox 99 4879 1738 4960">
     <span class='ocr_line' id='line_1_102' title="bbox 99 4879 1738 4960; baseline 0.005 -23"><span class='ocrx_word' id='word_1_781' title='bbox 99 4894 182 4939; x_wconf 65' lang='grc' dir='ltr'>ναῖε</span> <span class='ocrx_word' id='word_1_782' title='bbox 215 4907 340 4959; x_wconf 86' lang='lat' dir='ltr'>eum,</span> <span class='ocrx_word' id='word_1_783' title='bbox 385 4909 565 4948; x_wconf 87' lang='lat' dir='ltr'>omnes</span> <span class='ocrx_word' id='word_1_784' title='bbox 606 4894 687 4947; x_wconf 85' lang='lat' dir='ltr'>dii</span> <span class='ocrx_word' id='word_1_785' title='bbox 730 4879 939 4953; x_wconf 54' lang='lat' dir='ltr'>arn‘m.</span> <span class='ocrx_word' id='word_1_786' title='bbox 993 4895 1117 4948; x_wconf 86' lang='lat' dir='ltr'>Non</span> <span class='ocrx_word' id='word_1_787' title='bbox 1158 4894 1431 4949; x_wconf 88' lang='lat' dir='ltr'>addemus</span> <span class='ocrx_word' id='word_1_788' title='bbox 1459 4895 1568 4948; x_wconf 91' lang='lat' dir='ltr'>alia</span> <span class='ocrx_word' id='word_1_789' title='bbox 1594 4894 1738 4960; x_wconf 89' lang='lat' dir='ltr'>loca,</span> 
     </span>
    </p>
   </div>
   <div class='ocr_carea' id='block_1_103' title="bbox 98 4975 1743 5051">
    <p class='ocr_par' dir='ltr' id='par_1_103' title="bbox 98 4975 1743 5051">
     <span class='ocr_line' id='line_1_103' title="bbox 98 4975 1743 5051; baseline 0.003 -22"><span class='ocrx_word' id='word_1_790' title='bbox 98 4975 165 5028; x_wconf 77' lang='lat' dir='ltr'>sed</span> <span class='ocrx_word' id='word_1_791' title='bbox 199 4979 610 5035; x_wconf 82' lang='lat' dir='ltr'>observabimus</span> <span class='ocrx_word' id='word_1_792' title='bbox 656 4981 1040 5051; x_wconf 88' lang='lat' dir='ltr'>periculosum</span> <span class='ocrx_word' id='word_1_793' title='bbox 1083 4998 1201 5036; x_wconf 87' lang='lat' dir='ltr'>esse</span> <span class='ocrx_word' id='word_1_794' title='bbox 1250 4981 1602 5035; x_wconf 90' lang='lat' dir='ltr'>comminisci</span> <span class='ocrx_word' id='word_1_795' title='bbox 1658 4997 1743 5034; x_wconf 87' lang='lat' dir='ltr'>ra-</span> 
     </span>
    </p>
   </div>
   <div class='ocr_carea' id='block_1_104' title="bbox 100 5063 1741 5140">
    <p class='ocr_par' dir='ltr' id='par_1_104' title="bbox 100 5063 1741 5140">
     <span class='ocr_line' id='line_1_104' title="bbox 100 5063 1741 5140; baseline 0.007 -29"><span class='ocrx_word' id='word_1_796' title='bbox 100 5063 237 5119; x_wconf 85' lang='lat' dir='ltr'>tiones</span> <span class='ocrx_word' id='word_1_797' title='bbox 264 5074 389 5123; x_wconf 87' lang='lat' dir='ltr'>usus</span> <span class='ocrx_word' id='word_1_798' title='bbox 426 5069 709 5124; x_wconf 88' lang='lat' dir='ltr'>sermonis</span> <span class='ocrx_word' id='word_1_799' title='bbox 747 5069 908 5132; x_wconf 90' lang='lat' dir='ltr'>sacri,</span> <span class='ocrx_word' id='word_1_800' title='bbox 962 5074 1267 5139; x_wconf 89' lang='lat' dir='ltr'>antequam</span> <span class='ocrx_word' id='word_1_801' title='bbox 1317 5070 1485 5140; x_wconf 87' lang='lat' dir='ltr'>plane</span> <span class='ocrx_word' id='word_1_802' title='bbox 1534 5069 1607 5122; x_wconf 85' lang='lat' dir='ltr'>sit</span> <span class='ocrx_word' id='word_1_803' title='bbox 1650 5085 1741 5121; x_wconf 86' lang='lat' dir='ltr'>ex-</span> 
     </span>
    </p>
   </div>
   <div class='ocr_carea' id='block_1_105' title="bbox 101 5151 1739 5227">
    <p class='ocr_par' dir='ltr' id='par_1_105' title="bbox 101 5151 1739 5227">
     <span class='ocr_line' id='line_1_105' title="bbox 101 5151 1739 5227; baseline 0.001 -20"><span class='ocrx_word' id='word_1_804' title='bbox 101 5151 304 5217; x_wconf 81' lang='lat' dir='ltr'>ploratus</span> <span class='ocrx_word' id='word_1_805' title='bbox 329 5175 341 5225; x_wconf 90' lang='lat'>;</span> <span class='ocrx_word' id='word_1_806' title='bbox 366 5175 502 5212; x_wconf 89' lang='lat' dir='ltr'>nam</span> <span class='ocrx_word' id='word_1_807' title='bbox 533 5157 694 5212; x_wconf 87' lang='lat' dir='ltr'>facile</span> <span class='ocrx_word' id='word_1_808' title='bbox 723 5163 807 5211; x_wconf 90' lang='lat' dir='ltr'>est</span> <span class='ocrx_word' id='word_1_809' title='bbox 831 5157 1170 5211; x_wconf 87' lang='lat' dir='ltr'>commentis</span> <span class='ocrx_word' id='word_1_810' title='bbox 1193 5157 1311 5210; x_wconf 89' lang='lat' dir='ltr'>falli</span> <span class='ocrx_word' id='word_1_811' title='bbox 1338 5162 1393 5210; x_wconf 90' lang='lat' dir='ltr'>et</span> <span class='ocrx_word' id='word_1_812' title='bbox 1423 5157 1739 5227; x_wconf 87' lang='lat' dir='ltr'>indulgere,</span> 
     </span>
    </p>
   </div>
   <div class='ocr_carea' id='block_1_106' title="bbox 103 5245 1743 5316">
    <p class='ocr_par' dir='ltr' id='par_1_106' title="bbox 103 5245 1743 5316">
     <span class='ocr_line' id='line_1_106' title="bbox 103 5245 1743 5316; baseline 0.004 -26"><span class='ocrx_word' id='word_1_813' title='bbox 103 5246 531 5306; x_wconf 70' lang='lat' dir='ltr'>quemadmodum</span> <span class='ocrx_word' id='word_1_814' title='bbox 572 5246 660 5300; x_wconf 88' lang='lat' dir='ltr'>hic</span> <span class='ocrx_word' id='word_1_815' title='bbox 712 5246 845 5300; x_wconf 85' lang='lat' dir='ltr'>facit</span> <span class='ocrx_word' id='word_1_816' title='bbox 884 5245 1258 5316; x_wconf 86' lang='lat' dir='ltr'>Augustinus,</span> <span class='ocrx_word' id='word_1_817' title='bbox 1308 5245 1419 5298; x_wconf 89' lang='lat' dir='ltr'>nisi</span> <span class='ocrx_word' id='word_1_818' title='bbox 1467 5246 1658 5299; x_wconf 63' lang='lat' dir='ltr'>Graeca</span> <span class='ocrx_word' id='word_1_819' title='bbox 1688 5249 1743 5298; x_wconf 90' lang='lat' dir='ltr'>ct</span> 
     </span>
    </p>
   </div>
   <div class='ocr_carea' id='block_1_107' title="bbox 104 5325 1742 5405">
    <p class='ocr_par' dir='ltr' id='par_1_107' title="bbox 104 5325 1742 5405">
     <span class='ocr_line' id='line_1_107' title="bbox 104 5325 1742 5405; baseline 0.003 -24"><span class='ocrx_word' id='word_1_820' title='bbox 104 5325 317 5387; x_wconf 86' lang='lat' dir='ltr'>Hebraica</span> <span class='ocrx_word' id='word_1_821' title='bbox 348 5335 653 5405; x_wconf 83' lang='lat' dir='ltr'>diligenter</span> <span class='ocrx_word' id='word_1_822' title='bbox 683 5334 1011 5405; x_wconf 87' lang='lat' dir='ltr'>legerimus.</span> <span class='ocrx_word' id='word_1_823' title='bbox 1043 5336 1344 5388; x_wconf 88' lang='lat' dir='ltr'>Possemus</span> <span class='ocrx_word' id='word_1_824' title='bbox 1383 5334 1530 5387; x_wconf 91' lang='lat' dir='ltr'>hanc</span> <span class='ocrx_word' id='word_1_825' title='bbox 1578 5337 1742 5402; x_wconf 89' lang='lat' dir='ltr'>pote-</span> 
     </span>
    </p>
   </div>
   <div class='ocr_carea' id='block_1_108' title="bbox 103 5420 1742 5495">
    <p class='ocr_par' dir='ltr' id='par_1_108' title="bbox 103 5420 1742 5495">
     <span class='ocr_line' id='line_1_108' title="bbox 103 5420 1742 5495; baseline 0.007 -32"><span class='ocrx_word' id='word_1_826' title='bbox 103 5420 252 5473; x_wconf 76' lang='lat' dir='ltr'>statem</span> <span class='ocrx_word' id='word_1_827' title='bbox 293 5423 442 5476; x_wconf 88' lang='lat' dir='ltr'>vocis</span> <span class='ocrx_word' id='word_1_828' title='bbox 491 5427 627 5478; x_wconf 89' lang='lat' dir='ltr'>Deus</span> <span class='ocrx_word' id='word_1_829' title='bbox 648 5424 904 5495; x_wconf 88' lang='lat' dir='ltr'>pluribus</span> <span class='ocrx_word' id='word_1_830' title='bbox 931 5423 1296 5487; x_wconf 85' lang='lat' dir='ltr'>conﬁrmare,</span> <span class='ocrx_word' id='word_1_831' title='bbox 1329 5422 1422 5476; x_wconf 86' lang='lat' dir='ltr'>sed</span> <span class='ocrx_word' id='word_1_832' title='bbox 1456 5421 1547 5476; x_wconf 87' lang='lat' dir='ltr'>adi</span> <span class='ocrx_word' id='word_1_833' title='bbox 1581 5424 1742 5476; x_wconf 81' lang='lat' dir='ltr'>Joan.</span> 
     </span>
    </p>
   </div>
   <div class='ocr_carea' id='block_1_109' title="bbox 106 5503 1457 5582">
    <p class='ocr_par' dir='ltr' id='par_1_109' title="bbox 106 5503 1457 5582">
     <span class='ocr_line' id='line_1_109' title="bbox 106 5503 1457 5582; baseline 0.007 -28"><span class='ocrx_word' id='word_1_834' title='bbox 106 5503 256 5560; x_wconf 74' lang='lat' dir='ltr'>lllerici</span> <span class='ocrx_word' id='word_1_835' title='bbox 284 5514 475 5565; x_wconf 81' lang='lat' dir='ltr'>Artem</span> <span class='ocrx_word' id='word_1_836' title='bbox 508 5513 754 5567; x_wconf 89' lang='lat' dir='ltr'>criticam</span> <span class='ocrx_word' id='word_1_837' title='bbox 787 5529 909 5582; x_wconf 91' lang='lat' dir='ltr'>par.</span> <span class='ocrx_word' id='word_1_838' title='bbox 944 5516 961 5566; x_wconf 95' lang='grc'>1</span> <span class='ocrx_word' id='word_1_839' title='bbox 993 5516 1128 5565; x_wconf 90' lang='lat' dir='ltr'>sect.</span> <span class='ocrx_word' id='word_1_840' title='bbox 1152 5513 1205 5578; x_wconf 86' lang='lat'>&#39;2,</span> <span class='ocrx_word' id='word_1_841' title='bbox 1237 5528 1357 5582; x_wconf 89' lang='lat' dir='ltr'>cap.</span> <span class='ocrx_word' id='word_1_842' title='bbox 1406 5513 1457 5564; x_wconf 90' lang='lat'>3.</span> 
     </span>
    </p>
   </div>
   <div class='ocr_carea' id='block_1_110' title="bbox 1852 4349 3552 4432">
    <p class='ocr_par' dir='ltr' id='par_1_110' title="bbox 1852 4349 3552 4432">
     <span class='ocr_line' id='line_1_110' title="bbox 1852 4349 3552 4432; baseline -0.009 -18"><span class='ocrx_word' id='word_1_843' title='bbox 1852 4365 2075 4432; x_wconf 88' lang='lat' dir='ltr'>partem</span> <span class='ocrx_word' id='word_1_844' title='bbox 2125 4361 2372 4427; x_wconf 87' lang='lat' dir='ltr'>sumpta,</span> <span class='ocrx_word' id='word_1_845' title='bbox 2427 4354 2554 4408; x_wconf 89' lang='lat' dir='ltr'>vide</span> <span class='ocrx_word' id='word_1_846' title='bbox 2607 4355 2751 4423; x_wconf 88' lang='lat' dir='ltr'>Hug.</span> <span class='ocrx_word' id='word_1_847' title='bbox 2815 4349 3072 4407; x_wconf 83' lang='lat' dir='ltr'>Grotium</span> <span class='ocrx_word' id='word_1_848' title='bbox 3127 4349 3195 4403; x_wconf 90' lang='lat' dir='ltr'>ad</span> <span class='ocrx_word' id='word_1_849' title='bbox 3254 4351 3378 4402; x_wconf 84' lang='lat' dir='ltr'>Act.</span> <span class='ocrx_word' id='word_1_850' title='bbox 3435 4363 3552 4414; x_wconf 74' lang='lat' dir='ltr'>xrx,</span> 
     </span>
    </p>
   </div>
   <div class='ocr_carea' id='block_1_111' title="bbox 1853 4437 3551 4515">
    <p class='ocr_par' dir='ltr' id='par_1_111' title="bbox 1853 4437 3551 4515">
     <span class='ocr_line' id='line_1_111' title="bbox 1853 4437 3551 4515; baseline -0.01 -10"><span class='ocrx_word' id='word_1_851' title='bbox 1853 4454 1936 4510; x_wconf 82' lang='lat' dir='ltr'>l9.</span> <span class='ocrx_word' id='word_1_852' title='bbox 1969 4449 2196 4501; x_wconf 87' lang='lat' dir='ltr'>Veteres</span> <span class='ocrx_word' id='word_1_853' title='bbox 2233 4447 2440 4501; x_wconf 75' lang='lat' dir='ltr'>Glossae</span> <span class='ocrx_word' id='word_1_854' title='bbox 2471 4461 2482 4497; x_wconf 88' lang='lat'><strong>:</strong></span> <span class='ocrx_word' id='word_1_855' title='bbox 2510 4451 2777 4515; x_wconf 81' lang='grc' dir='ltr'>περίεργος,</span> <span class='ocrx_word' id='word_1_856' title='bbox 2814 4440 3093 4507; x_wconf 88' lang='lat' dir='ltr'>curiosus,</span> <span class='ocrx_word' id='word_1_857' title='bbox 3145 4453 3404 4496; x_wconf 82' lang='lat' dir='ltr'>vesanus.</span> <span class='ocrx_word' id='word_1_858' title='bbox 3444 4437 3551 4489; x_wconf 77' lang='lat' dir='ltr'>lle—</span> 
     </span>
    </p>
   </div>
   <div class='ocr_carea' id='block_1_112' title="bbox 1849 4525 3551 4611">
    <p class='ocr_par' dir='ltr' id='par_1_112' title="bbox 1849 4525 3551 4611">
     <span class='ocr_line' id='line_1_112' title="bbox 1849 4525 3551 4611; baseline -0.009 -18"><span class='ocrx_word' id='word_1_859' title='bbox 1849 4538 2076 4611; x_wconf 86' lang='lat' dir='ltr'>sychius</span> <span class='ocrx_word' id='word_1_860' title='bbox 2111 4554 2122 4592; x_wconf 93' lang='lat'><strong>:</strong></span> <span class='ocrx_word' id='word_1_861' title='bbox 2155 4543 2412 4608; x_wconf 78' lang='grc' dir='ltr'>Περίεργον</span> <span class='ocrx_word' id='word_1_862' title='bbox 2466 4533 2562 4600; x_wconf 84' lang='lat' dir='ltr'>(sic</span> <span class='ocrx_word' id='word_1_863' title='bbox 2611 4532 2765 4585; x_wconf 88' lang='lat' dir='ltr'>enim</span> <span class='ocrx_word' id='word_1_864' title='bbox 2810 4529 3118 4601; x_wconf 81' lang='lat' dir='ltr'>legendum</span> <span class='ocrx_word' id='word_1_865' title='bbox 3165 4525 3416 4581; x_wconf 89' lang='lat' dir='ltr'>ostendit</span> <span class='ocrx_word' id='word_1_866' title='bbox 3465 4541 3551 4578; x_wconf 89' lang='lat' dir='ltr'>sc-</span> 
     </span>
    </p>
   </div>
   <div class='ocr_carea' id='block_1_113' title="bbox 1845 4620 3554 4692">
    <p class='ocr_par' dir='ltr' id='par_1_113' title="bbox 1845 4620 3554 4692">
     <span class='ocr_line' id='line_1_113' title="bbox 1845 4620 3554 4692; baseline -0.005 -16"><span class='ocrx_word' id='word_1_867' title='bbox 1845 4625 1958 4678; x_wconf 89' lang='lat' dir='ltr'>ries</span> <span class='ocrx_word' id='word_1_868' title='bbox 1986 4624 2304 4678; x_wconf 86' lang='lat' dir='ltr'>litteratum</span> <span class='ocrx_word' id='word_1_869' title='bbox 2341 4637 2456 4675; x_wconf 90' lang='lat' dir='ltr'>non</span> <span class='ocrx_word' id='word_1_870' title='bbox 2510 4627 2753 4692; x_wconf 83' lang='grc' dir='ltr'>περιερὸν)</span> <span class='ocrx_word' id='word_1_871' title='bbox 2787 4627 3026 4689; x_wconf 77' lang='grc' dir='ltr'>περιττὸν,</span> <span class='ocrx_word' id='word_1_872' title='bbox 3079 4624 3113 4684; x_wconf 79' lang='grc' dir='ltr'>ἢ</span> <span class='ocrx_word' id='word_1_873' title='bbox 3165 4620 3416 4686; x_wconf 80' lang='grc' dir='ltr'>στρεϐλόν.</span> <span class='ocrx_word' id='word_1_874' title='bbox 3462 4625 3554 4668; x_wconf 84' lang='grc' dir='ltr'>Πε-</span> 
     </span>
    </p>
   </div>
   <div class='ocr_carea' id='block_1_114' title="bbox 1851 4704 3553 4783">
    <p class='ocr_par' dir='ltr' id='par_1_114' title="bbox 1851 4704 3553 4783">
     <span class='ocr_line' id='line_1_114' title="bbox 1851 4704 3553 4783; baseline -0.008 -16"><span class='ocrx_word' id='word_1_875' title='bbox 1851 4718 2033 4783; x_wconf 70' lang='grc' dir='ltr'>ριεργίαι</span> <span class='ocrx_word' id='word_1_876' title='bbox 2087 4711 2222 4780; x_wconf 91' lang='lat' dir='ltr'>(non</span> <span class='ocrx_word' id='word_1_877' title='bbox 2302 4717 2593 4779; x_wconf 76' lang='grc' dir='ltr'>περιεργεία)</span> <span class='ocrx_word' id='word_1_878' title='bbox 2664 4715 2918 4778; x_wconf 56' lang='lat' dir='ltr'>anticipata,</span> <span class='ocrx_word' id='word_1_879' title='bbox 2974 4709 3073 4758; x_wconf 90' lang='lat' dir='ltr'>aut</span> <span class='ocrx_word' id='word_1_880' title='bbox 3131 4704 3320 4774; x_wconf 81' lang='lat' dir='ltr'>potius</span> <span class='ocrx_word' id='word_1_881' title='bbox 3373 4709 3553 4772; x_wconf 68' lang='grc' dir='ltr'>κάθαιρ-</span> 
     </span>
    </p>
   </div>
   <div class='ocr_carea' id='block_1_115' title="bbox 1849 4794 3548 4871">
    <p class='ocr_par' dir='ltr' id='par_1_115' title="bbox 1849 4794 3548 4871">
     <span class='ocr_line' id='line_1_115' title="bbox 1849 4794 3548 4871; baseline -0.008 -13"><span class='ocrx_word' id='word_1_882' title='bbox 1849 4828 1934 4869; x_wconf 81' lang='grc' dir='ltr'>σις,</span> <span class='ocrx_word' id='word_1_883' title='bbox 1974 4802 2061 4855; x_wconf 86' lang='lat' dir='ltr'>vel</span> <span class='ocrx_word' id='word_1_884' title='bbox 2106 4811 2167 4856; x_wconf 70' lang='grc' dir='ltr'>τὰ</span> <span class='ocrx_word' id='word_1_885' title='bbox 2217 4807 2474 4871; x_wconf 74' lang='grc' dir='ltr'>καθάρσια,</span> <span class='ocrx_word' id='word_1_886' title='bbox 2532 4799 2640 4852; x_wconf 90' lang='lat' dir='ltr'>hoc</span> <span class='ocrx_word' id='word_1_887' title='bbox 2696 4801 2780 4851; x_wconf 87' lang='lat' dir='ltr'>est</span> <span class='ocrx_word' id='word_1_888' title='bbox 2826 4796 3220 4866; x_wconf 86' lang='lat' dir='ltr'>superstitiosa</span> <span class='ocrx_word' id='word_1_889' title='bbox 3262 4794 3548 4858; x_wconf 81' lang='lat' dir='ltr'>lustratio,</span> 
     </span>
    </p>
   </div>
   <div class='ocr_carea' id='block_1_116' title="bbox 1850 4880 3548 4962">
    <p class='ocr_par' dir='ltr' id='par_1_116' title="bbox 1850 4880 3548 4962">
     <span class='ocr_line' id='line_1_116' title="bbox 1850 4880 3548 4962; baseline -0.006 -19"><span class='ocrx_word' id='word_1_890' title='bbox 1850 4890 2113 4962; x_wconf 88' lang='lat' dir='ltr'>qualibus</span> <span class='ocrx_word' id='word_1_891' title='bbox 2160 4889 2330 4959; x_wconf 87' lang='lat' dir='ltr'>plena</span> <span class='ocrx_word' id='word_1_892' title='bbox 2390 4891 2552 4941; x_wconf 90' lang='lat' dir='ltr'>erant</span> <span class='ocrx_word' id='word_1_893' title='bbox 2596 4887 2974 4954; x_wconf 90' lang='lat' dir='ltr'>theurgorum</span> <span class='ocrx_word' id='word_1_894' title='bbox 3024 4900 3200 4948; x_wconf 89' lang='lat' dir='ltr'>sacra,</span> <span class='ocrx_word' id='word_1_895' title='bbox 3234 4883 3301 4936; x_wconf 90' lang='lat' dir='ltr'>de</span> <span class='ocrx_word' id='word_1_896' title='bbox 3338 4880 3548 4951; x_wconf 88' lang='lat' dir='ltr'>quibus</span> 
     </span>
    </p>
   </div>
   <div class='ocr_carea' id='block_1_117' title="bbox 1849 4967 3550 5049">
    <p class='ocr_par' dir='ltr' id='par_1_117' title="bbox 1849 4967 3550 5049">
     <span class='ocr_line' id='line_1_117' title="bbox 1849 4967 3550 5049; baseline -0.007 -18"><span class='ocrx_word' id='word_1_897' title='bbox 1849 4979 2213 5049; x_wconf 88' lang='lat' dir='ltr'>potissimum</span> <span class='ocrx_word' id='word_1_898' title='bbox 2260 4975 2378 5047; x_wconf 87' lang='lat' dir='ltr'>egit</span> <span class='ocrx_word' id='word_1_899' title='bbox 2422 4973 2793 5038; x_wconf 86' lang='lat' dir='ltr'>Jamblichus,</span> <span class='ocrx_word' id='word_1_900' title='bbox 2845 4973 2904 5026; x_wconf 90' lang='lat' dir='ltr'>in</span> <span class='ocrx_word' id='word_1_901' title='bbox 2953 4972 3098 5025; x_wconf 86' lang='lat' dir='ltr'>libro</span> <span class='ocrx_word' id='word_1_902' title='bbox 3160 4971 3228 5025; x_wconf 90' lang='lat' dir='ltr'>de</span> <span class='ocrx_word' id='word_1_903' title='bbox 3272 4967 3550 5039; x_wconf 81' lang='lat' dir='ltr'>Mystoriis</span> 
     </span>
    </p>
   </div>
   <div class='ocr_carea' id='block_1_118' title="bbox 1851 5054 3551 5136">
    <p class='ocr_par' dir='ltr' id='par_1_118' title="bbox 1851 5054 3551 5136">
     <span class='ocr_line' id='line_1_118' title="bbox 1851 5054 3551 5136; baseline -0.007 -17"><span class='ocrx_word' id='word_1_904' title='bbox 1851 5065 2268 5136; x_wconf 63' lang='lat' dir='ltr'>Egyptiorum.</span> <span class='ocrx_word' id='word_1_905' title='bbox 2321 5063 2456 5116; x_wconf 89' lang='lat' dir='ltr'>Vide</span> <span class='ocrx_word' id='word_1_906' title='bbox 2503 5067 2558 5115; x_wconf 91' lang='lat' dir='ltr'>et</span> <span class='ocrx_word' id='word_1_907' title='bbox 2595 5060 2979 5130; x_wconf 88' lang='lat' dir='ltr'>Augustinum</span> <span class='ocrx_word' id='word_1_908' title='bbox 3034 5058 3181 5111; x_wconf 85' lang='lat' dir='ltr'>infra</span> <span class='ocrx_word' id='word_1_909' title='bbox 3220 5057 3282 5110; x_wconf 89' lang='lat' dir='ltr'>in</span> <span class='ocrx_word' id='word_1_910' title='bbox 3337 5057 3444 5109; x_wconf 90' lang='lat' dir='ltr'>hoc</span> <span class='ocrx_word' id='word_1_911' title='bbox 3475 5054 3551 5108; x_wconf 86' lang='lat' dir='ltr'>li-</span> 
     </span>
    </p>
   </div>
   <div class='ocr_carea' id='block_1_119' title="bbox 1851 5143 3550 5224">
    <p class='ocr_par' dir='ltr' id='par_1_119' title="bbox 1851 5143 3550 5224">
     <span class='ocr_line' id='line_1_119' title="bbox 1851 5143 3550 5224; baseline -0.008 -14"><span class='ocrx_word' id='word_1_912' title='bbox 1851 5157 1954 5210; x_wconf 90' lang='lat' dir='ltr'>bro</span> <span class='ocrx_word' id='word_1_913' title='bbox 1984 5171 2106 5224; x_wconf 90' lang='lat' dir='ltr'>cap.</span> <span class='ocrx_word' id='word_1_914' title='bbox 2147 5153 2216 5207; x_wconf 81' lang='lat'>2&#39;2</span> <span class='ocrx_word' id='word_1_915' title='bbox 2264 5156 2320 5206; x_wconf 91' lang='lat' dir='ltr'>et</span> <span class='ocrx_word' id='word_1_916' title='bbox 2363 5154 2451 5206; x_wconf 81' lang='lat'>2‘1.</span> <span class='ocrx_word' id='word_1_917' title='bbox 2498 5149 2683 5220; x_wconf 88' lang='lat' dir='ltr'>Igitur</span> <span class='ocrx_word' id='word_1_918' title='bbox 2730 5163 3028 5218; x_wconf 87' lang='lat' dir='ltr'>perperam</span> <span class='ocrx_word' id='word_1_919' title='bbox 3069 5143 3276 5216; x_wconf 55' lang='lat' dir='ltr'>quaerit</span> <span class='ocrx_word' id='word_1_920' title='bbox 3303 5143 3389 5196; x_wconf 86' lang='lat' dir='ltr'>vir</span> <span class='ocrx_word' id='word_1_921' title='bbox 3416 5157 3550 5196; x_wconf 89' lang='lat' dir='ltr'>sane</span> 
     </span>
    </p>
   </div>
   <div class='ocr_carea' id='block_1_120' title="bbox 1853 5232 3554 5304">
    <p class='ocr_par' dir='ltr' id='par_1_120' title="bbox 1853 5232 3554 5304">
     <span class='ocr_line' id='line_1_120' title="bbox 1853 5232 3554 5304; baseline -0.008 -7"><span class='ocrx_word' id='word_1_922' title='bbox 1853 5243 2109 5298; x_wconf 87' lang='lat' dir='ltr'>eruditus</span> <span class='ocrx_word' id='word_1_923' title='bbox 2152 5242 2312 5296; x_wconf 85' lang='lat' dir='ltr'>Joan.</span> <span class='ocrx_word' id='word_1_924' title='bbox 2373 5238 2510 5293; x_wconf 91' lang='lat' dir='ltr'>Lud.</span> <span class='ocrx_word' id='word_1_925' title='bbox 2566 5238 2725 5291; x_wconf 90' lang='lat' dir='ltr'>Vives</span> <span class='ocrx_word' id='word_1_926' title='bbox 2775 5254 2845 5290; x_wconf 89' lang='lat' dir='ltr'>an</span> <span class='ocrx_word' id='word_1_927' title='bbox 2901 5236 3153 5304; x_wconf 79' lang='lat' dir='ltr'>per-iurgi</span> <span class='ocrx_word' id='word_1_928' title='bbox 3211 5232 3474 5286; x_wconf 86' lang='lat' dir='ltr'>dicantur</span> <span class='ocrx_word' id='word_1_929' title='bbox 3521 5247 3554 5284; x_wconf 90' lang='lat' dir='ltr'>a</span> 
     </span>
    </p>
   </div>
   <div class='ocr_carea' id='block_1_121' title="bbox 1849 5319 3550 5402">
    <p class='ocr_par' dir='ltr' id='par_1_121' title="bbox 1849 5319 3550 5402">
     <span class='ocr_line' id='line_1_121' title="bbox 1849 5319 3550 5402; baseline -0.008 -16"><span class='ocrx_word' id='word_1_930' title='bbox 1849 5331 2208 5402; x_wconf 86' lang='lat' dir='ltr'>perurgendo,</span> <span class='ocrx_word' id='word_1_931' title='bbox 2243 5346 2315 5383; x_wconf 91' lang='lat' dir='ltr'>an</span> <span class='ocrx_word' id='word_1_932' title='bbox 2344 5331 2569 5398; x_wconf 87' lang='lat' dir='ltr'>perurgi</span> <span class='ocrx_word' id='word_1_933' title='bbox 2599 5345 2629 5380; x_wconf 89' lang='lat' dir='ltr'>a</span> <span class='ocrx_word' id='word_1_934' title='bbox 2657 5325 2983 5394; x_wconf 87' lang='lat' dir='ltr'>perurendo.</span> <span class='ocrx_word' id='word_1_935' title='bbox 3021 5324 3130 5377; x_wconf 80' lang='lat' dir='ltr'>Nec</span> <span class='ocrx_word' id='word_1_936' title='bbox 3158 5326 3349 5375; x_wconf 90' lang='lat' dir='ltr'>tamen</span> <span class='ocrx_word' id='word_1_937' title='bbox 3386 5319 3550 5374; x_wconf 89' lang='lat' dir='ltr'>audi-</span> 
     </span>
    </p>
   </div>
   <div class='ocr_carea' id='block_1_122' title="bbox 1853 5409 3552 5486">
    <p class='ocr_par' dir='ltr' id='par_1_122' title="bbox 1853 5409 3552 5486">
     <span class='ocr_line' id='line_1_122' title="bbox 1853 5409 3552 5486; baseline -0.008 -12"><span class='ocrx_word' id='word_1_938' title='bbox 1853 5421 2030 5474; x_wconf 89' lang='lat' dir='ltr'>verim</span> <span class='ocrx_word' id='word_1_939' title='bbox 2064 5419 2420 5474; x_wconf 91' lang='lat' dir='ltr'>Leonardum</span> <span class='ocrx_word' id='word_1_940' title='bbox 2463 5418 2791 5486; x_wconf 72' lang='lat' dir='ltr'>Coqueeum,</span> <span class='ocrx_word' id='word_1_941' title='bbox 2842 5413 2941 5484; x_wconf 88' lang='lat' dir='ltr'>qui</span> <span class='ocrx_word' id='word_1_942' title='bbox 2989 5410 3327 5481; x_wconf 86' lang='lat' dir='ltr'>conjiciebat</span> <span class='ocrx_word' id='word_1_943' title='bbox 3355 5409 3552 5479; x_wconf 86' lang='lat' dir='ltr'>legen-</span> 
     </span>
    </p>
   </div>
   <div class='ocr_carea' id='block_1_123' title="bbox 1853 5495 3551 5577">
    <p class='ocr_par' dir='ltr' id='par_1_123' title="bbox 1853 5495 3551 5577">
     <span class='ocr_line' id='line_1_123' title="bbox 1853 5495 3551 5577; baseline -0.009 -14"><span class='ocrx_word' id='word_1_944' title='bbox 1853 5509 1989 5563; x_wconf 88' lang='lat' dir='ltr'>dum</span> <span class='ocrx_word' id='word_1_945' title='bbox 2017 5509 2296 5577; x_wconf 85' lang='lat' dir='ltr'>periergi;</span> <span class='ocrx_word' id='word_1_946' title='bbox 2331 5521 2464 5559; x_wconf 89' lang='lat' dir='ltr'>nam</span> <span class='ocrx_word' id='word_1_947' title='bbox 2494 5504 2600 5558; x_wconf 89' lang='lat' dir='ltr'>hoc</span> <span class='ocrx_word' id='word_1_948' title='bbox 2626 5501 2944 5571; x_wconf 90' lang='lat' dir='ltr'>corrumpit</span> <span class='ocrx_word' id='word_1_949' title='bbox 2989 5495 3285 5553; x_wconf 87' lang='lat' dir='ltr'>allusionis</span> <span class='ocrx_word' id='word_1_950' title='bbox 3328 5497 3551 5565; x_wconf 84' lang='lat' dir='ltr'>elegan-</span> 
     </span>
    </p>
   </div>
  </div>
