3920 6180
329 257 431 309 475

1338 253 1886 310 SUPPLEMENTUM
1927 256 2017 310 AD
2054 255 2284 312 OPERA
2322 255 2378 310 S.
2419 252 2802 309 AUGUSTINI.
3665 261 3740 314 i’lti

326 377 488 444 tiam,
529 393 634 432 nec
684 391 915 432 necesse
953 379 1034 430 est
1082 375 1468 446 Augustinum
1517 393 1710 432 vocem
1776 379 2025 433 Grmcam
2065 381 2107 434 A
2145 379 2502 432 sublimitates
2531 382 2580 432 et
2607 380 2946 436 ﬁrmamenta
2975 375 3228 440 coelestia,
3254 378 3381 429 vitia
3409 380 3646 435 ertolleres
3671 384 3741 436 liu-

330 470 590 519 accurate
611 467 881 519 tenuisse.

401 554 542 624 Cap.
579 557 671 608 23.
718 556 792 607 De
816 551 1166 622 Porphyrio:
1204 555 1359 607 Dixit
1402 557 1543 608 enim
1591 559 1753 610 Deum
1811 558 2026 610 Patrem

329 647 378 696 et
421 643 594 696 Deum
643 643 837 696 Filium
882 656 1036 709 quem
1076 642 1257 696 Grzce
1293 644 1534 712 appellat
1587 648 1888 714 paternum
1935 644 2023 698 in-

329 732 636 794 tellectum,
661 729 746 784 vel
766 733 1063 799 paternam
1089 734 1337 784 mentem
1371 731 1622 802 (πατρικὸν
1648 735 1762 779 νοῦν
1798 749 1864 786 ex
1892 749 2025 786 ora-

331 820 472 872 culis
497 817 853 888 Chaldaicis),
911 819 976 872 de
1021 820 1234 888 Spiritu
1275 824 1453 874 autem
1481 825 1684 886 sancto,
1726 825 1825 875 aut
1861 823 2020 888 nihil,

331 912 425 960 aut
453 922 555 960 non
586 911 767 975 aperte
799 907 1016 960 aliuuid
1041 908 1195 962 dicit.
1221 909 1480 973 Quamvis
1502 925 1656 977 quem
1685 911 1850 964 alium
1879 911 2026 964 dicat

333 999 519 1050 horum
548 995 782 1049 medium
813 1011 917 1049 non
940 997 1202 1065 intelligo.
1231 998 1292 1051 Si
1311 999 1450 1050 enim
1480 999 1712 1062 tertiam,
1749 1001 1888 1054 sicut
1908 1000 2026 1052 Plo-

330 1088 495 1151 tinus,
529 1085 624 1138 ubi
648 1084 713 1138 de
744 1085 916 1138 tribus
946 1086 1342 1154 principalibus
1388 1086 1710 1142 substantiis
1756 1087 2021 1156 disputat,

331 1177 524 1228 anima
572 1178 828 1228 naturam
875 1177 1037 1227 etiam
1085 1177 1185 1227 iste
1214 1175 1368 1227 vellet
1413 1175 1668 1242 intelligi,
1703 1191 1809 1230 non
1839 1179 2026 1246 utique

330 1263 529 1318 diceret
559 1265 749 1316 horum
779 1262 1034 1328 medium,
1063 1263 1123 1316 id
1152 1267 1247 1329 est,
1275 1265 1457 1317 Patris
1488 1267 1538 1317 et
1562 1266 1692 1318 Filii
1727 1265 1978 1320 medium.
2004 1265 2018 1338 ]

336 1354 460 1407 Non
505 1352 695 1405 omnia
745 1351 1046 1422 Porphyrii
1099 1367 1272 1422 opera
1313 1351 1506 1406 Latine
1561 1369 1719 1407 versa
1780 1354 2026 1409 habebat

330 1441 704 1512 Augustinus,
736 1457 867 1494 nam
898 1440 1207 1511 caeteroqui
1225 1440 1293 1493 de
1317 1441 1498 1494 tribus
1526 1441 1822 1513 principiis
1843 1443 2022 1496 diser-

331 1529 550 1583 tissime
581 1529 802 1583 locutus
831 1528 1017 1583 fuerat
1043 1529 1416 1600 philosophus
1457 1529 1676 1600 Tyrius,
1726 1531 1786 1584 in
1827 1532 2022 1602 philo-

335 1617 566 1689 sophica
593 1618 854 1684 Historia,
890 1634 954 1671 ex
985 1634 1099 1688 qua
1127 1618 1249 1672 haec
1275 1618 1444 1672 habet
1492 1619 1734 1688 Cyrillus
1783 1621 2019 1674 Alexan-
2064 1657 2105 1711 Β

334 1707 552 1774 drinus,
586 1709 780 1760 contra
815 1705 1102 1760 lulianum
1142 1705 1241 1759 lib.
1287 1723 1382 1759 vm
1425 1723 1437 1760 :
1472 1707 1649 1769 Γράφει
1697 1708 1859 1754 τοίνυν
1908 1713 2026 1771 Πορ-

333 1795 496 1857 φύριος
545 1793 595 1841 ἐν
644 1793 808 1857 βιϐλίῳ
852 1795 1068 1858 τετάρτῳ
1123 1793 1399 1858 Φιλοσόφου
1441 1797 1685 1858 Ἱστορὶας’
1745 1801 1877 1844 AXPI
1933 1800 2026 1861 γὰρ

331 1886 478 1948 τριῶν
544 1883 854 1930 ὖποστάσεων
919 1884 1011 1945 Evr,
1067 1883 1272 1930 Πλάτων
1333 1887 1426 1942 τὴν
1477 1888 1563 1932 τοῦ
1619 1885 1728 1933 Θεοῦ
1776 1887 2027 1950 προελθεῖν

335 1973 521 2022 οὐσίαν·
579 1971 698 2020 εἶναι
749 1973 799 2020 δὲ
860 1975 944 2021 τὸν
993 1976 1082 2035 μὲν
1137 1973 1386 2022 ἀνώτατον
1427 1976 1548 2023 Θεὸν
1587 1981 1630 2022 τ’
1673 1975 1892 2038 ’Λγαῦὸν,
1939 1993 2028 2038 μετ

331 2063 480 2111 αὐτὸν
550 2062 598 2109 δὲ
659 2064 740 2108 καί
804 2063 1030 2125 δεύτερον
1093 2063 1176 2110 τὸν
1231 2065 1550 2126 Δημιουργὸν,
1607 2065 1776 2129 τρίτην
1827 2065 1877 2113 δέ
1914 2069 2028 2114 ,τοῦ

333 2152 521 2213 κόσμου
581 2151 782 2214 Ψυχὴν
837 2152 952 2214 ἄχρι
1004 2153 1096 2214 γὰρ
1149 2153 1310 2216 ψυχῆς
1360 2154 1452 2210 τὴν
1503 2153 1707 2211 θεότητα
1758 2154 2028 2217 προελθεῖν,

331 2241 504 2288 λοιπὸν
551 2239 601 2286 δὲ
660 2241 716 2286 τὸ
773 2239 914 2286 ἄθεον
964 2239 1059 2288 ἀπὸ
1111 2242 1197 2299 τῆς
1247 2243 1521 2301 σωματικῆς
1575 2241 1807 2306 ἐνῆρχθαι
1867 2243 2030 2307 διαφο-

337 2325 437 2386 ρᾶςε
469 2321 666 2376 Scribit
697 2336 820 2386 ergo
861 2322 1214 2390 Porphyrius,
1253 2323 1310 2374 in
1355 2323 1492 2376 libro
1549 2339 1601 2376 iv
1633 2324 2032 2392 Philosophiae

335 2411 602 2464 Historiae.
659 2412 833 2477 Usque
883 2412 1024 2462 enim
1071 2409 1144 2463 ad
1190 2415 1294 2465 tres
1327 2413 1643 2481 hypostases
1685 2413 1836 2467 Plato
1884 2413 2032 2467 dia-it

333 2498 577 2552 divinam
607 2501 891 2552 essentiam
917 2499 1178 2568 progredi
1201 2516 1213 2564 ;
1250 2515 1359 2553 esse
1386 2516 1508 2553 vero
1537 2515 1842 2570 supremum
1870 2505 2032 2556 Deum

335 2589 566 2649 Bonum,
595 2592 716 2656 post
754 2602 872 2640 eum
913 2587 1202 2642 secundum
1247 2590 1569 2655 Creatorem,
1615 2592 1833 2642 tertium
1881 2593 2034 2644 Ani-

335 2693 479 2730 mam
506 2676 724 2742 mundi;
753 2691 880 2728 nam
928 2691 1095 2744 usque
1123 2677 1200 2732 ad
1241 2677 1495 2732 Animam
1535 2678 1797 2747 progredi
1850 2681 2032 2733 Deita-

338 2770 460 2830 tem,
495 2769 685 2819 caetera
723 2765 1036 2820 divinitatis
1065 2769 1313 2835 expertia
1354 2769 1587 2836 incipere
1649 2785 1682 2821 a
1714 2768 2025 2836 differentia

335 2869 627 2924 corporea.
662 2853 760 2907 Hic
789 2854 957 2925 plane
979 2858 1063 2908 est
1093 2855 1246 2926 quod
1270 2856 1494 2910 volebat
1519 2856 1888 2926 Augustinus.
1916 2860 2036 2912 Pla-

2135 483 2317 534 mana,
2370 471 2429 520 ut
2470 470 2689 536 possent
2737 467 2829 519 Dii
2868 466 3037 518 vestri
3083 465 3312 530 theurgis
3336 471 3648 534 pronuntiare
3679 472 3743 524 di-

2133 537 2279 610 vina.
2296 554 2317 628 ]
2341 556 2638 615 Nimirum,
2662 553 2909 608 Chaldaei
2928 553 3203 623 putabant
3217 554 3346 606 deos
3359 553 3514 608 minis
3543 562 3592 609 et
3616 563 3744 612 terro-

2135 645 2290 698 ribus
2314 643 2579 698 adhibitis
2605 643 2728 714 cogi
2750 643 2938 697 dicere
2967 658 3097 713 qua:
3122 647 3385 712 cuperent
3405 643 3531 696 scire
3551 646 3745 716 theurgi.

2134 734 2268 787 Vide
2301 749 2474 803 supra
2502 748 2665 802 capp.
2701 735 2732 785 9
2763 736 2819 786 et
2844 735 2861 786 t
2883 735 2925 785 ι.
2960 735 3221 786 Attamen
3246 747 3314 784 ne
3367 731 3493 802 quid
3535 733 3747 789 dissimu-

2133 823 2266 888 lem,
2321 821 2670 876 lamblichus
2717 819 2777 874 in
2827 820 2972 873 libro
3024 819 3092 872 de
3135 819 3400 889 Mysteriis
3426 825 3546 873 sect.
3575 825 3679 882 6,c.
3710 829 3748 881 ἶ.

2132 914 2304 981 negat
2352 910 2642 964 Chaldaeos
2704 908 2788 962 uti
2830 908 3036 962 talibus
3096 907 3308 961 minis:
3363 905 3488 968 Πιρὶ
3531 907 3749 964 Χαλδαίοις.

2131 1003 2245 1062 παρ’
2301 995 2366 1051 οἷς
2426 997 2720 1060 διακέκριται
2763 995 2969 1058 καθαρὸς
3024 995 3049 1042 ὁ
3109 996 3224 1058 πρὸς
3287 995 3449 1054 μόνους
3517 997 3614 1048 τούς
3655 996 3750 1050 (θεοὺς

2129 1077 2290 1140 λόγος,
2342 1077 2556 1140 οὐδαμοῦ
2603 1076 2784 1135 ἀπειλὴ
2831 1075 3042 1138 λέγεται.
3098 1074 3341 1136 Λῖγὺπτιοι
3381 1073 3427 1121 δὲ
3469 1078 3753 1136 συμμιγνύπες

2133 1167 2234 1229 ἅμα
2289 1168 2410 1228 μετὰ
2476 1168 2574 1213 τῶν
2643 1165 2779 1212 Θείων
2859 1164 3181 1225 συνθημάτων
3237 1165 3318 1209 καὶ
3373 1165 3476 1218 τοὺς
3541 1163 3753 1225 δαιμονίους

2135 1255 2337 1317 νλόγους,
2364 1257 2578 1319 χρῶνται
2606 1254 2736 1301 ἔστιν
2765 1253 2843 1301 ὅτε
2870 1253 2952 1299 καί
2977 1254 3079 1307 ταῖς
3105 1251 3319 1305 ἀπειλαῖς
3348 1265 3359 1298 ε
3427 1252 3576 1321 Opud
3632 1254 3750 1307 Chal-

2133 1345 2293 1411 daaos,
2327 1345 2477 1414 apud
2499 1361 2630 1412 quos
2661 1345 2920 1398 distincta
2946 1349 3023 1397 est
3058 1359 3202 1412 pura
3228 1342 3300 1395 ad
3324 1342 3453 1395 solos
3473 1341 3582 1395 deos
3609 1347 3754 1409 oratio,

2131 1450 2399 1502 nusquam
2427 1437 2622 1487 mentio
2663 1436 2725 1501 ﬁt
2771 1435 3078 1497 minarum;
3127 1433 3375 1499 .Egyptii
3399 1445 3532 1495 vero,
3563 1433 3751 1499 quicum

2131 1523 2389 1592 symbolis
2417 1521 2636 1575 deorum
2664 1523 2984 1590 permiscent
3007 1535 3068 1573 ea
3096 1521 3260 1573 etiam
3291 1534 3406 1588 qua
3441 1520 3508 1572 ad
3549 1519 3758 1572 dmonas

2133 1613 2423 1681 pertinent,
2473 1612 2637 1663 minis
2680 1612 2842 1662 etiam
2891 1608 3191 1676 aliquando
3247 1612 3485 1661 utuntur.
3531 1607 3624 1661 Sed
3669 1609 3761 1677 quis

2137 1699 2296 1753 illam
2318 1698 2616 1752 hominum
2640 1697 3172 1769 superstitiosorum
3211 1701 3266 1750 et
3297 1696 3630 1750 mendacium
3657 1697 3763 1749 insa-

2138 1788 2394 1842 nientem
2443 1787 2777 1858 sapientiam
2823 1786 2883 1839 in
2926 1786 3293 1840 concordiam
3339 1785 3580 1855 redigere
3609 1786 3762 1837 curet?

2210 1877 2375 1931 Lisno
2419 1892 2493 1929 ιι.
2535 1874 2668 1944 Cap.
2721 1878 2772 1930 5.
2823 1873 2889 1927 Si
2931 1873 3151 1944 inﬁnita
3205 1875 3384 1943 spatia
3427 1875 3650 1942 temporis
3675 1879 3763 1924 ante

2139 1965 2400 2020 mundum
2431 1965 2690 2030 cogitant,
2736 1965 2795 2015 in
2836 1963 3033 2032 quibus
3080 1965 3155 2016 eis
3194 1977 3301 2016 non
3328 1961 3532 2015 videtur
3588 1963 3700 2014 Deus
3717 1962 3763 2011 ab

2139 2068 2295 2123 opere
2322 2066 2529 2105 cessare
2550 2053 2807 2120 potuisse,
2833 2051 3085 2104 similiter
3115 2052 3347 2116 cogitent
3373 2053 3521 2102 extra
3564 2048 3764 2101 mundum

2141 2148 2358 2214 inﬁnita
2379 2148 2562 2216 spatia
2593 2147 2856 2212 locorum;
2887 2147 2945 2198 in
2967 2145 3159 2213 quibus
3187 2145 3238 2198 si
3261 2145 3536 2212 quisquam
3554 2141 3675 2194 dicat
3690 2155 3765 2192 non

2137 2236 2372 2302 potuisse
2399 2250 2594 2288 vacare
2620 2235 3062 2302 Omnipotcntem,
3096 2247 3269 2286 nonne
3299 2245 3597 2300 consequens
3623 2231 3703 2282 erit
3725 2233 3765 2280 ut

2139 2323 2554 2377 innumerabiles
2585 2321 2810 2376 mundos
2843 2337 2962 2375 cum
2992 2323 3228 2390 Epicuro
3249 2321 3508 2374 somniare
3532 2315 3766 2385 cogantur?

2140 2414 2243 2464 etc.
2270 2409 2290 2482 j
2322 2411 2430 2465 Sed
2461 2411 2508 2464 si
2540 2411 2666 2481 quis
2698 2409 3032 2464 concederet
3053 2424 3156 2479 per
3191 2407 3471 2461 inﬁnitam
3503 2405 3674 2459 mundi
3705 2418 3766 2455 ex-

2140 2500 2462 2553 tensionem
2491 2516 2612 2552 esse
2645 2499 2859 2568 ubique
2889 2497 3072 2551 varias
3117 2497 3406 2551 variarum
3447 2501 3600 2565 atque
3640 2493 3766 2546 innu-

2143 2588 2506 2642 merabilium
2529 2592 2922 2641 creaturarum
2951 2585 3352 2650 habitationes,
3396 2583 3566 2654 qualis
3591 2585 3659 2634 est
3681 2580 3766 2632 hac

2143 2681 2341 2730 nostra
2360 2681 2531 2743 terra,
2581 2681 2638 2730 et
2689 2675 2887 2747 quales
2935 2675 3181 2745 majores
3215 2674 3298 2730 illi
3329 2674 3558 2744 planetae
3589 2669 3671 2739 qui
3694 2684 3766 2720 n0.-

2145 2765 2362 2820 biscum
2410 2766 2718 2819 volvuntur
2768 2764 2914 2818 circa
2959 2765 3132 2817 solem
3181 2768 3476 2828 nostrum;
3525 2775 3626 2814 non
3665 2760 3768 2809 esset

2145 2871 2245 2908 cur
2269 2854 2431 2907 valde
2481 2853 2588 2907 sibi
2624 2870 2656 2907 a
2685 2852 3162 2924 philosophorum
3198 2849 3541 2920 argumentis
3567 2847 3766 2901 timeret:

335 2943 485 2996 tonis
516 2946 570 2996 et
599 2942 809 2996 Plotini
847 2941 993 3012 loca,
1033 2959 1160 2998 eam
1200 2944 1258 2998 in
1286 2961 1430 3011 rem,
1455 2945 1651 2999 eodem
1689 2945 1824 3016 {loco
1863 2946 2035 3002 habet
2071 2946 2111 3002 C
2147 2947 2202 2997 et
2229 2943 2297 2996 ad
2325 2943 2618 3013 theologos
2649 2942 2879 3014 quidem
2913 2941 3066 3011 quod
3102 2941 3329 3002 attinet,
3362 2943 3566 2993 tacente
3607 2933 3770 2988 revela-

338 3031 600 3102 Cyrillus.

407 3119 548 3174 Ibid.
582 3122 670 3184 Et,
701 3122 982 3184 nimirum,
1017 3122 1110 3174 hoc
1135 3121 1304 3188 dixit,
1345 3125 1406 3174 ut
1435 3124 1636 3191 potuit,
1687 3125 1799 3176 sive
1837 3128 1897 3177 ut
1934 3139 2033 3177 vo-

337 3209 458 3272 luit,
520 3207 662 3276 quod
717 3223 810 3262 nos
865 3209 1132 3276 Spiritum
1165 3213 1410 3263 sanctum
1455 3225 1547 3262 nec
1584 3211 1763 3264 Patris
1801 3215 2029 3270 tantum,

337 3312 430 3350 nec
472 3297 602 3350 Filii
655 3301 884 3362 tantum,
927 3295 1021 3349 sed
1049 3298 1332 3364 utriusque
1355 3298 1627 3366 Spiritum
1656 3298 1907 3352 dicimus.
1939 3301 2032 3353 Li-

341 3385 480 3438 beris
510 3385 650 3437 enim
678 3384 852 3437 verbis
881 3385 1174 3453 loquuntur
1196 3386 1523 3454 philosophi,
1555 3402 1647 3439 nec
1678 3389 1735 3439 in
1773 3388 1928 3441 rebus
1962 3387 2036 3441 ad

338 3470 747 3536 intelligendum
778 3471 1124 3540 difﬁcillimis
1156 3473 1499 3540 offensionem
1527 3473 1905 3541 religiosorum
1934 3492 2032 3530 au-

339 3562 484 3614 rium
525 3561 926 3629 pertimescunt.
977 3561 1144 3617 Nobis
1201 3567 1379 3615 autem
1440 3562 1514 3615 ad
1559 3568 1758 3617 certam
1787 3565 2030 3630 regulam

341 3649 490 3717 loqui
511 3649 602 3715 fas
629 3651 724 3714 est,
759 3664 822 3702 ne
849 3648 1131 3704 verborum
1162 3651 1378 3703 licentia
1409 3653 1570 3704 etiam
1617 3651 1682 3704 de
1724 3652 1880 3706 rebus
1918 3669 2036 3720 quae

343 3736 427 3790 his
456 3738 852 3804 signiﬁcantur,
884 3738 1110 3806 impiam
1146 3740 1339 3805 gignat
1366 3741 1687 3808 opinionem.
1723 3738 1745 3811 ]
1788 3740 2034 3810 Dignum

341 3829 461 3878 erat
493 3827 710 3886 notatu,
735 3841 806 3878 ne
840 3825 1089 3895 imperiti
1110 3825 1482 3880 similitudine
1515 3827 1863 3893 fallerentur,
1905 3829 2032 3898 phi-

341 3913 607 3984 losophos
628 3913 755 3967 illos
787 3913 970 3968 verbis
1004 3914 1235 3985 quidem
1268 3915 1446 3969 videri
1480 3916 1742 3971 assentiri
1788 3917 2034 3987 Scriptu—

341 4019 420 4057 rae
441 4019 630 4070 sacrae,
657 4003 748 4057 sed
773 4003 957 4074 reipsa
978 4003 1388 4059 diversissimos
1402 4004 1578 4059 abire.
1604 4006 2036 4060 Contendebant

344 4092 493 4146 enim
522 4092 798 4146 Platonici
829 4097 942 4146 tres
974 4109 1091 4146 esse
1119 4094 1480 4160 substantias,
1521 4111 1729 4165 easque
1778 4094 2034 4166 inaequa-

343 4182 443 4249 les,
479 4181 632 4252 quod
661 4181 822 4235 facile
853 4181 1134 4253 intelliget
1161 4183 1420 4254 quisquis
1450 4188 1661 4237 attente
1686 4184 1888 4254 legerit
1911 4185 2034 4238 Plo-

341 4270 450 4324 tini
481 4271 578 4324 lib.
612 4287 692 4332 III,
727 4271 1005 4326 Enneadis
1032 4288 1105 4339 1x,
1138 4277 1193 4324 et
1221 4276 1372 4324 recte
1400 4271 1856 4326 animadversum
1887 4278 1973 4327 est
2002 4291 2034 4327 a

344 4359 566 4428 Cyrillo,
602 4359 724 4412 loco
758 4362 924 4412 antea
955 4363 1270 4412 memorato
1320 4359 1450 4412 libri
1475 4375 1571 4412 VIII
1627 4365 1818 4414 contra
1861 4362 2039 4414 Julia-

345 4462 505 4500 num.
558 4446 824 4500 Pluribus
854 4445 1023 4500 etiam
1061 4446 1177 4516 egit
1201 4447 1306 4499 hac
1337 4446 1406 4499 de
1436 4462 1495 4498 re
1522 4446 1769 4500 Joannes
1797 4449 2041 4502 Clericus

342 4532 493 4586 Artis
517 4533 734 4586 Criticae
754 4539 890 4586 tom.
917 4535 1010 4600 Ill,
1037 4535 1200 4602 epist.
1224 4539 1278 4586 ‘7.
1302 4537 1571 4587 Attamen
1594 4551 1710 4587 non
1727 4534 1846 4588 sine
1873 4553 2041 4590 causa

343 4622 708 4676 liberioribus
735 4623 920 4676 verbis
951 4622 1326 4693 philosophos
1368 4622 1450 4676 uti
1500 4622 1641 4677 dixit
1687 4625 2039 4694 Augustinus

343 4728 478 4766 nam
510 4710 593 4764 illi
624 4715 737 4765 tres
764 4711 898 4766 deos
927 4717 1122 4781 aperte
1153 4728 1271 4766 esse
1303 4712 1568 4766 dicebant
1592 4717 1700 4766 tres
1731 4713 1857 4767 illas
1880 4717 2038 4783 prin-

341 4800 542 4870 cipales
571 4802 906 4855 substantias
936 4817 949 4867 ;
994 4800 1146 4870 quod
1173 4800 1289 4868 alii,
1325 4801 1424 4871 qui
1451 4817 1546 4856 eas
1593 4819 1824 4872 prorsus
1874 4819 2040 4873 pares

343 4907 463 4945 esse
486 4891 781 4960 putabant,
807 4889 1065 4944 solebant
1085 4906 1296 4961 negare
1319 4910 1335 4956 ;
1360 4907 1477 4944 non
1500 4897 1616 4945 tam
1639 4893 1793 4962 quod
1813 4893 1921 4945 hoc
1945 4893 2037 4946 fal-

343 4994 467 5032 sum
500 4983 670 5046 esset,
701 4993 769 5030 ex
797 4977 1053 5047 ipsorum
1080 4979 1380 5045 sententia,
1411 4979 1457 5032 si
1487 4979 1720 5050 proprie
1765 4981 1892 5051 quis
1952 4980 2040 5032 lo-

343 5066 443 5135 qui
472 5067 658 5131 vellet,
708 5081 880 5136 quam
939 5066 1089 5136 quod
1138 5067 1605 5138 pertimescerent
1663 5068 2039 5122 offensionem

344 5153 570 5208 aurium
601 5154 1016 5222 religiosarum,
1039 5171 1169 5226 quae
1190 5171 1368 5226 passae
1396 5172 1513 5210 non
1546 5161 1736 5210 essent
1759 5157 1870 5210 dici
1910 5158 2040 5226 plu-

344 5259 435 5296 res
477 5258 598 5296 esse
651 5243 807 5310 deos,
852 5247 1048 5298 contra
1094 5249 1441 5316 perpetuum
1487 5245 1661 5298 totius
1731 5245 2037 5314 Scriptura?

345 5347 691 5384 sermonem.

411 5418 547 5488 Cap.
584 5420 673 5472 27.
728 5421 807 5473 Tu
860 5423 1038 5474 autem
1059 5420 1307 5474 didicisti
1336 5421 1430 5474 hoc
1482 5435 1588 5474 non
1619 5421 1912 5487 aPlatone,
1946 5421 2042 5476 sed

341 5521 373 5557 a
404 5504 673 5561 Chaldaeis
695 5508 994 5574 magistris,
1011 5512 1071 5562 ut
1091 5509 1148 5561 in
1172 5509 1427 5562 mthereas
1451 5507 1532 5562 vel
1551 5523 1828 5576 emypreas
1849 5509 2041 5563 mundi

2142 3032 2320 3100 tione,
2362 3032 2503 3086 nihil
2550 3036 2635 3085 est
2684 3030 2834 3101 quod
2881 3030 2986 3084 hac
3012 3030 3080 3084 de
3124 3046 3184 3082 re
3216 3032 3587 3083 asseveranter
3613 3023 3768 3078 dicant.

2143 3122 2527 3176 Contenderet
2556 3121 2652 3174 ille
2675 3136 2768 3174 eos
2799 3120 2866 3174 de
2901 3121 3013 3173 Deo
3042 3117 3214 3172 nimis
3238 3117 3452 3171 exiliter
3476 3113 3676 3177 sentire,
3701 3108 3768 3178 qui

2142 3210 2356 3264 incolas
2385 3210 2445 3264 in
2476 3210 2580 3264 hac
2606 3214 2829 3262 tantum
2887 3208 3094 3278 exigua
3122 3211 3294 3260 terrae
3338 3204 3570 3277 glebula,
3612 3211 3771 3267 eosque

2143 3303 2227 3353 sat
2255 3299 2492 3352 miseros
2523 3299 2879 3358 collocasset.
2913 3313 3017 3350 nec
3047 3295 3368 3367 quidquam
3395 3292 3556 3358 aliud,
3587 3304 3672 3361 per
3695 3287 3770 3339 im-

2143 3404 2344 3442 mensa
2374 3385 2572 3440 mundi
2603 3386 2802 3456 spatia,
2837 3385 3078 3439 rationis
3107 3385 3419 3454 particeps,
3453 3377 3670 3449 exceptis
3701 3391 3771 3426 au-

2143 3476 2306 3547 gelis,
2340 3478 2620 3540 creasset;
2662 3479 2862 3528 contra
2886 3489 3019 3527 vero
3052 3489 3149 3526 eos
3182 3472 3359 3543 digne
3401 3471 3466 3526 de
3509 3471 3611 3523 Deo
3639 3463 3769 3533 loqui,

2142 3564 2238 3634 qui
2257 3564 2468 3618 intiniti
2491 3563 2712 3634 opiﬁcis
2730 3563 2957 3616 inﬁnita
2972 3577 3215 3616 numero
3231 3577 3405 3632 opera
3424 3575 3536 3612 esse
3554 3555 3769 3611 dicerent.

2144 3655 2260 3707 Huc
2285 3653 2614 3707 accederent
2634 3668 2762 3724 qum
2811 3651 3174 3706 doctissimus
3239 3667 3302 3705 ac
3353 3643 3772 3720 ingeniosissimus

2141 3741 2577 3796 mathematicus
2633 3757 2697 3794 ac
2745 3739 3013 3811 physicus
3073 3739 3427 3794 Christianus
3491 3730 3770 3804 Huygeniusi

2141 3830 2200 3884 in
2223 3846 2324 3883 suo
2353 3828 2779 3894 Cosmotheoro,
2804 3828 2915 3882 dici
2933 3828 3000 3882 de
3022 3827 3384 3899 planetarum
3407 3825 3688 3880 vicinorum
3716 3817 3772 3870 in-

2142 3917 2302 3971 colis.
2335 3917 2415 3972 Ad
2448 3916 2808 3970 durationem
2841 3931 2974 3969 vero
3005 3915 3158 3985 quod
3191 3919 3408 3986 spectat
3442 3913 3647 3968 diceret,
3690 3918 3772 3958 non

2143 4022 2264 4061 esse
2291 4006 2437 4059 hanc
2457 4010 2665 4059 terram
2689 4003 2940 4075 primum
2963 4003 3358 4072 habitaculum
3395 3994 3772 4069 intelligentiam

2144 4100 2479 4148 naturarum
2504 4110 2537 4147 a
2560 4095 2674 4148 Deo
2701 4097 2979 4160 creatum,
3000 4108 3102 4146 nec
3121 4092 3436 4164 quidquam
3459 4091 3658 4143 obstare
3675 4095 3775 4151 quo-

2143 4184 2354 4250 minus,
2405 4186 2468 4236 ut
2515 4181 2561 4235 si
2608 4199 2802 4235 rerum
2852 4181 3284 4234 universitatem
3347 4181 3573 4234 lustrare
3625 4183 3774 4242 aggre-

2145 4273 2430 4341 deremur,
2449 4287 2745 4341 nunquam
2769 4269 3197 4340 perveniremus
3223 4269 3288 4322 ad
3321 4268 3570 4321 ultimum
3595 4269 3774 4332 operum

2157 4361 2521 4415 divinorum:
2579 4359 2656 4412 sic
2724 4375 2956 4430 quoque
3025 4357 3070 4411 si
3154 4356 3500 4428 praeteritam
3581 4345 3775 4405 duratio-

2151 4466 2304 4517 nem,
2347 4466 2476 4520 quze
2528 4447 2692 4501 initio
2736 4447 2940 4510 caruit,
2979 4445 3354 4516 contemplari
3409 4443 3585 4497 animo
3631 4447 3776 4507 posse-

2152 4555 2299 4606 mus,
2345 4544 2400 4592 et
2445 4538 2584 4590 scire
2630 4553 2758 4607 quae
2805 4536 2863 4590 in
2901 4551 2967 4589 ea
2988 4539 3144 4606 gesta
3176 4535 3286 4590 sint
3324 4551 3356 4587 a
3390 4535 3519 4596 Deo,
3550 4527 3682 4582 nulla
3709 4535 3777 4572 un-

2151 4643 2323 4698 quam
2368 4630 2627 4680 creatura
2683 4623 3352 4694 nobis'regredientibus
3389 4623 3445 4675 in
3481 4613 3777 4690 praeterlapsa

2150 4715 2358 4769 saecula
2407 4717 2666 4767 occurret
2715 4728 2842 4783 quas
2891 4712 3077 4782 prima
3123 4713 3382 4765 omnium
3446 4707 3550 4762 dici
3602 4701 3772 4773 posset-

2153 4806 2264 4860 Nec
2293 4803 2504 4857 mirum
2536 4807 2639 4867 est,
2667 4801 2715 4855 si
2747 4801 2840 4855 hic
2867 4806 3001 4855 sunt
3041 4800 3422 4864 difﬁcultates,
3480 4811 3596 4850 cum
3639 4799 3777 4843 sermo

2149 4896 2220 4947 sit
2249 4892 2318 4946 de
2349 4891 2608 4959 inlinito;
2639 4891 2736 4944 sed
2769 4894 3002 4961 praestat
3047 4890 3293 4959 cogitare
3347 4890 3412 4942 de
3469 4882 3646 4940 ofﬁciis
3676 4886 3777 4968 qui?

2146 4980 2310 5034 nobis
2344 4979 2611 5050 imposita
2641 4996 2672 5033 a
2702 4980 2818 5033 Deo
2849 4982 2999 5044 sunt,
3023 4993 3192 5048 quam
3225 4977 3291 5031 de
3311 4977 3379 5030 iis
3410 4990 3550 5045 quae,
3583 4986 3635 5023 ex
3668 4961 3777 5050 jutil‘

2147 5068 2232 5122 cio
2259 5073 2450 5122 nostro
2497 5068 2820 5136 vacillante,
2872 5068 3039 5132 Deus,
3093 5065 3139 5118 si
3191 5066 3268 5120 ita
3319 5063 3472 5135 loqui
3502 5062 3574 5115 fas
3601 5061 3686 5118 est,
3719 5048 3776 5102 fa-

2150 5173 2276 5211 cere
2299 5156 2516 5211 debuit.
3732 5228 3739 5236 .

2220 5247 2353 5316 Cap.
2389 5249 2446 5302 8.
2487 5246 2994 5302 Convenientissime
3039 5247 3244 5314 itaque,
3286 5258 3401 5297 cum
3450 5243 3576 5296 Deus
3616 5240 3777 5324 requ”

2147 5337 2289 5391 uisse
2319 5335 2636 5403 prophetica
2679 5337 2875 5387 narrat
2914 5335 3232 5398 auctoritas,
3261 5330 3585 5397 signiﬁcatur
3617 5324 3779 5412 requtes

2149 5437 2331 5476 eorum
2361 5423 2458 5491 qui
2488 5423 2544 5474 in
2565 5421 2656 5474 illo
2703 5422 3060 5488 requiescunt,
3093 5423 3141 5473 et
3169 5433 3298 5487 quos
3326 5418 3460 5484 facit
3479 5417 3582 5481 ipse
3613 5414 3775 5495 νερυξξ·

2148 5525 2308 5565 scere.
2336 5489 2544 5578 ]WNihil
2590 5508 2776 5579 potuit
2814 5508 2996 5578 magis
3043 5512 3294 5578 coactum
3336 5502 3488 5573 tingi,
3537 5497 3596 5551 ad
3630 5489 3773 5560 exP'i‘
