3920 6180
140 328 228 379 477
902 319 1260 376 VARIORUM
1302 320 1902 379 EXERCITATIONES
1943 325 2006 377 IN
2047 324 2101 377 S.
2144 323 2505 378 AUGUSTINI
2543 322 2799 379 OPERA.

3508 326 3613 380 478

139 445 350 499 caudam
388 441 631 512 quietem
663 440 889 510 septimi
933 440 1066 507 diei,
1112 457 1240 511 quia
1271 458 1385 495 non
1413 445 1600 512 potest
1643 443 1805 497 aliter
1839 440 1888 495 Α
1918 445 2256 514 interpretes
2284 444 2652 497 ostenderunt
2673 444 2764 513 agi
2796 459 2987 497 revera
3009 444 3125 498 illic
3147 460 3262 498 non
3288 445 3355 497 de
3370 461 3614 515 persona

140 532 353 602 intelligi
401 547 569 599 quam
610 529 677 583 de
700 529 1008 582 cessatione
1061 528 1384 595 creationis,
1427 529 1503 583 ita
1548 534 1611 582 ut
1649 530 1807 583 nulla

143 622 374 690 deinceps
403 635 547 671 nova
576 634 765 671 rerum
800 633 1011 687 genera
1036 618 1311 671 creaverit
1344 620 1519 685 Deus;
1553 624 1615 672 ut
1671 634 1805 671 con-

141 714 233 763 stat
259 723 316 761 ex
352 722 410 759 re
448 706 569 776 ipsa
615 708 672 757 et
718 704 1069 774 optimorum
1115 720 1479 775 quorumque
1519 705 1803 776 interpre-

136 803 239 849 tum
288 810 579 848 consensu.
630 795 703 847 Eo
748 792 973 846 devenit
1008 792 1362 862 Augustinus
1397 798 1459 846 ut
1497 796 1803 864 responde-

131 890 204 938 ret
230 882 533 952 objections
572 881 929 935 ethnicorem
972 880 1470 951 philosophorum,
1504 883 1605 953 qui
1641 884 1802 937 dicti-

131 973 301 1027 tabant
346 971 677 1025 indecorum
707 986 828 1023 esse
864 971 976 1023 Deo
1025 970 1342 1040 quiescere,
1375 971 1535 1041 quasi
1570 972 1800 1028 fessum.

131 1060 350 1115 Rutilius
382 1058 755 1112 Numatianus
785 1058 1072 1112 Itinerarii
1096 1074 1240 1112 vers.
1272 1062 1394 1113 391.

232 1166 456 1276 Septima
486 1180 709 1228 quasque
744 1165 853 1214 dies
881 1166 1021 1228 turpi
1052 1165 1301 1214 damnata
1334 1170 1569 1225 veterno,

327 1242 555 1276 annuam
588 1229 751 1276 lassiti
787 1228 961 1276 mollis
991 1229 1165 1276 imago
1196 1229 1312 1276 Dei.

327 1242 555 1290 unquam
588 1229 751 1276 lassiti
787 1228 961 1276 mollis
991 1229 1165 1290 imago
1196 1229 1312 1277 Dei.

124 1332 184 1383 At
222 1326 475 1381 desinere
524 1342 668 1397 opus
703 1327 991 1397 quoddam
1035 1327 1219 1381 facere
1270 1344 1398 1381 cum
1448 1331 1532 1381 est
1575 1328 1803 1384 absolu-

122 1424 245 1479 tum,
277 1416 551 1469 indicium
582 1420 663 1469 est
709 1416 1020 1485 sapientia),
1063 1432 1181 1469 non
1212 1416 1665 1487 defatigationis;
1696 1434 1798 1473 ne-

123 1521 216 1577 que
243 1505 392 1559 enim
444 1504 598 1558 idem
636 1505 804 1559 debet
840 1521 1066 1576 semper
1092 1504 1244 1558 ﬁeri.

182 1595 302 1664 Cap.
360 1597 444 1647 ll.
494 1595 755 1658 Quamvis
792 1610 898 1647 non
954 1593 1229 1662 quidquid
1258 1598 1515 1648 aeternum
1549 1598 1801 1651 continuo

123 1686 307 1738 beatum
328 1688 399 1738 sit
432 1684 661 1753 (dicitur
691 1687 830 1738 enim
860 1687 1020 1738 etiam
1047 1685 1273 1753 pa’nalis
1322 1686 1464 1749 ignis
1502 1689 1730 1740 mternus
1755 1688 1796 1756 ),

123 1780 275 1827 tamen
306 1776 355 1826 si
380 1789 501 1827 vere
522 1774 867 1843 perfecteque
891 1774 1045 1826 beata
1070 1774 1185 1825 vita
1215 1776 1434 1827 nonnisi
1475 1780 1675 1828 zeterna
1705 1780 1801 1843 est,

122 1875 207 1912 non
234 1864 350 1913 erat
375 1861 503 1915 talis
534 1863 760 1914 istorum
791 1861 1115 1929 quandoque
1140 1862 1403 1928 desitura,
1436 1867 1484 1915 et
1520 1868 1804 1932 propterea

122 1964 207 2001 non
234 1953 447 2013 aeterna,
481 1952 595 2003 sive
642 1950 703 2002 id
729 1952 946 2016 scirent,
977 1952 1089 2003 sive
1131 1952 1419 2004 nescientes
1453 1952 1609 2005 aliud
1638 1957 1801 2021 puta-

120 2043 236 2090 rent.
268 2036 286 2108 ]
315 2038 511 2092 Nescio
542 2055 643 2091 cur
672 2038 903 2093 inanem
934 2039 1078 2091 hanc
1105 2039 1480 2109 quaestionem
1509 2041 1683 2111 agitet
1711 2042 1803 2095 hic

118 2126 467 2195 Augustinus.
503 2126 611 2181 Sed
647 2127 913 2193 libenter,
950 2131 1009 2180 ut
1062 2127 1519 2182 auimadvertent
1557 2130 1804 2200 quicun-

119 2230 211 2284 que
232 2215 345 2283 ejus
376 2231 557 2284 opera
588 2216 800 2285 legent,
830 2233 930 2269 sua
952 2216 1129 2286 ipsius
1157 2217 1379 2286 repetit.
1413 2218 1547 2271 Vide
1571 2219 1631 2272 in
1662 2225 1799 2274 tom.

118 2303 178 2355 lll
204 2319 336 2373 opus
366 2304 433 2357 de
455 2305 667 2359 Genesi
697 2304 768 2359 ad
798 2304 1070 2373 litteram,
1094 2305 1192 2359 lib.
1218 2321 1291 2371 χι,
1326 2321 1428 2376 cap
1478 2298 1561 2373 l6,
1594 2312 1649 2360 et
1673 2324 1802 2379 qum

118 2391 212 2444 illic
242 2392 672 2447 adnotavimus.

172 2480 291 2550 Cap.
327 2485 410 2537 l5.
450 2482 613 2549 Quod
653 2482 721 2535 ab
752 2485 909 2537 initio
940 2483 1185 2536 diabolus
1214 2486 1417 2551 peccat,
1452 2499 1558 2537 non
1591 2484 1657 2537 ab
1688 2486 1803 2536 ini-

118 2572 175 2622 tio
200 2585 260 2623 ese
288 2586 388 2639 quo
427 2575 648 2625 creatus
678 2576 755 2625 est
781 2587 998 2640 peccare
1022 2572 1299 2640 putandus
1330 2578 1406 2628 est
1432 2590 1445 2639 ;
1470 2572 1563 2625 sed
1594 2572 1661 2625 ab
1693 2574 1802 2624 ini-

120 2660 179 2709 tio
195 2662 405 2726 peccati,
442 2660 599 2728 quod
622 2661 690 2713 ab
718 2662 890 2728 ipsius
920 2661 1175 2728 superbia
1207 2661 1421 2728 cazperit
1468 2674 1577 2713 esse
1619 2674 1804 2728 pecca~

120 2752 228 2800 tum.
250 2746 265 2818 ]
299 2747 517 2811 Quidni
542 2749 610 2802 ab
634 2749 797 2801 initio
816 2749 1037 2815 mundi,
1061 2754 1124 2802 ut
1142 2749 1380 2802 innuere
1399 2748 1620 2802 videtur
1641 2747 1801 2801 Chri-

118 2840 216 2887 stus
257 2837 498 2889 Joannis
552 2854 669 2903 vm,
722 2840 811 2905 44,
855 2854 969 2907 quo
1008 2837 1179 2891 etiam
1218 2836 1421 2907 respici
1475 2837 1544 2891 ab
1601 2836 1802 2889 eodem

117 2926 344 2992 apostolo
374 2927 603 2979 Joanne
644 2926 868 2994 IEpist.
918 2943 996 2991 ιιι,
1053 2929 1105 2991 8,
1159 2941 1273 2978 non
1321 2926 1514 2995 inepte
1554 2925 1803 2979 credide-

117 3012 231 3065 ras?
256 3013 339 3067 Sic
370 3014 628 3067 sumitur
666 3016 888 3068 initium
921 3029 1037 3068 non
1089 3014 1285 3081 semel,
1328 3014 1479 3084 apud
1506 3015 1805 3068 Joannem.

116 3098 234 3153 Vide
257 3103 474 3173 Evang.
510 3118 632 3172 cap.
670 3119 707 3168 ι,
736 3107 784 3156 1.

176 3189 297 3260 Cap.
331 3194 413 3245 l9.
468 3193 587 3246 Non
627 3192 762 3245 mihi
792 3192 1009 3246 videtur
1058 3192 1125 3245 ab
1173 3192 1421 3261 operibus
1454 3193 1557 3245 Dei
1607 3191 1805 3245 absur-

115 3276 175 3331 da
199 3278 213 3345 (
236 3280 370 3333 forte
402 3280 654 3349 absona)
687 3284 970 3343 sententia,
999 3284 1049 3334 si
1067 3296 1185 3334 cum
1213 3282 1308 3334 tua:
1328 3282 1424 3334 illa
1452 3282 1633 3348 prima.
1651 3282 1805 3345 facta

116 3372 197 3431 est,
226 3370 400 3435 angeli
460 3371 629 3422 creati
666 3371 1064 3437 intelliguntur,
1114 3374 1164 3423 et
1204 3372 1346 3422 inter
1385 3374 1596 3422 sanctos
1635 3385 1805 3435 ange-

114 3455 177 3509 los
205 3459 250 3509 et
268 3457 577 3510 immundos
607 3460 779 3524 fuisse
807 3458 1119 3527 discretum,
1149 3458 1244 3510 ubi
1264 3458 1467 3511 dictum
1496 3460 1599 3510 est:
1634 3458 1699 3510 Et
1731 3459 1807 3511 di-

115 3543 225 3597 visit
255 3546 397 3599 Deus
456 3545 607 3599 inter
650 3546 833 3598 lucem
862 3550 918 3599 et
964 3545 1256 3612 tenebras;
1301 3549 1357 3598 et
1402 3544 1621 3598 vocavit
1658 3546 1805 3599 Deus

116 3632 276 3687 lucem
321 3634 522 3700 diem,
582 3639 639 3687 et
703 3634 968 3687 tenebras
1017 3634 1237 3687 vocavit
1286 3632 1586 3705 noctem.]
1654 3632 1804 3687 Nihil

114 3722 238 3775 mihi
258 3722 509 3777 alienius
531 3738 650 3776 esse
672 3722 895 3776 videtur
914 3724 1018 3775 hoc
1038 3722 1548 3792 interpretamento
1563 3738 1594 3774 a
1617 3727 1804 3775 mente

115 3813 160 3859 et
178 3809 353 3863 verbis
386 3810 560 3863 Mosis
586 3826 598 3875 ;
623 3826 726 3863 nec
754 3825 910 3875 sane,
936 3810 983 3863 si
1012 3814 1274 3879 negetur,
1306 3810 1421 3862 ulla
1442 3809 1661 3863 ratione
1679 3825 1807 3879 pro-

114 3896 221 3950 bari
269 3898 507 3968 poterit.
548 3898 753 3952 Sensus
786 3899 950 3953 Mosis
999 3899 1259 3952 litteralis
1293 3899 1544 3969 optimus
1598 3902 1652 3953 et
1678 3899 1800 3969 pul-

113 3985 409 4040 cherrimus
448 3990 548 4047 est,
586 3988 763 4041 Deum
793 3987 1047 4041 divisisse
1071 4003 1241 4041 omne
1273 3992 1501 4057 tempus
1532 3986 1591 4039 in
1616 3987 1802 4040 lucem

112 4068 157 4127 et
186 4076 466 4140 tenebras,
502 4092 615 4145 qua
644 4076 712 4129 de
747 4092 806 4129 re
833 4076 949 4146 egit
992 4077 1237 4129 Joannes
1277 4076 1523 4129 Clericus
1554 4074 1613 4128 in
1645 4076 1804 4129 Com-

113 4166 270 4215 ment.
307 4163 662 4234 Philologico
694 4165 761 4217 ad
802 4165 997 4219 Cenes.
1034 4183 1073 4233 1,
1104 4168 1153 4219 4.
1184 4165 1305 4218 Tali
1336 4180 1500 4217 sensu
1546 4163 1798 4222 invento.

113 4248 201 4317 qui
240 4267 295 4303 se
333 4257 541 4323 sponte
607 4270 706 4305 sua
756 4253 947 4307 animo
996 4254 1308 4325 legentium
1356 4250 1569 4322 ingerit
1625 4251 1797 4305 alium
1836 4287 1881 4342 Β

114 4351 353 4405 quierere
385 4344 537 4393 esset
564 4340 823 4394 delirare.

176 4426 303 4496 Cap.
325 4430 414 4482 24.
460 4430 649 4482 Utrum
692 4434 869 4483 autem
904 4430 1028 4483 boni
1068 4431 1249 4483 Patris
1279 4434 1326 4482 ct
1359 4429 1483 4483 boni
1508 4429 1643 4483 Filii
1672 4430 1801 4498 Spi—

113 4516 239 4569 ritus
266 4521 511 4582 sanctus,
546 4502 677 4585 quia
723 4521 1012 4572 communis
1050 4518 1307 4571 ambobus
1332 4521 1429 4581 est,
1469 4521 1606 4571 recte
1656 4518 1803 4571 boni-

115 4606 188 4655 tas
216 4604 324 4657 dici
350 4608 527 4673 possit
568 4605 845 4659 amborum
888 4622 993 4659 non
1033 4606 1202 4659 audeo
1246 4608 1584 4659 temerariam
1611 4608 1804 4674 praeci-

113 4693 276 4757 pitare
322 4696 665 4757 sententiam,
721 4700 1083 4748 verumtamen
1128 4694 1405 4747 amborum
1454 4710 1572 4747 eum
1629 4694 1805 4748 dicere

113 4783 441 4835 sanctitatem
470 4784 692 4847 facilius
737 4798 900 4836 ansas
929 4784 1103 4850 fuero,
1158 4798 1264 4835 non
1311 4782 1589 4837 amborum
1646 4786 1807 4851 quasi

112 4870 441 4937 qualitatem,
499 4870 593 4923 sed
624 4871 799 4939 ipsum
850 4874 1058 4940 quoque
1113 4872 1474 4925 substantiam
1512 4876 1561 4925 et
1590 4875 1806 4926 tertiam

112 4958 163 5008 in
194 4960 456 5012 Trinitate
484 4975 794 5028 personam.
841 4959 855 5031 J
892 4963 998 5013 llas
1046 4959 1435 5013 incommodus
1468 4960 1803 5027 locutiones,

111 5059 243 5115 quas
273 5047 489 5101 invenit
510 5048 884 5118 Augustinus,
916 5065 1017 5102 cur
1044 5049 1102 5102 in
1138 5048 1483 5118 theologiam
1510 5048 1805 5101 intromis-

114 5150 190 5185 sas
244 5141 479 5206 cuperet
526 5153 645 5190 non
683 5136 983 5207 intelligo;
1028 5154 1157 5190 cum
1207 5138 1328 5207 ipse
1391 5137 1638 5189 fateatur
1685 5153 1805 5191 esse

113 5222 423 5293 ambiguas,
482 5228 535 5277 et
586 5226 895 5296 Scriptura:
954 5226 1194 5295 ignotas.
1248 5227 1341 5278 Est
1394 5229 1585 5279 autem
1638 5226 1806 5296 plane

115 5308 261 5363 abuti
290 5327 572 5374 sermone,
607 5329 735 5366 cum
766 5313 888 5366 sine
920 5313 1274 5381 necessitate,
1307 5314 1365 5365 in
1397 5329 1455 5365 re
1487 5330 1587 5383 per
1616 5329 1672 5365 se
1705 5313 1808 5366 dif-

114 5394 378 5464 ﬁcillima,
412 5401 693 5471 ambiguae
740 5401 1051 5455 locutiones
1078 5400 1437 5455 adhibentur.
1492 5402 1691 5453 Fateor
1718 5400 1807 5453 fa—

114 5485 347 5541 bricatas
379 5488 477 5542 has
520 5490 695 5543 fuisse
742 5490 812 5543 ad
853 5490 1148 5559 exemplar
1187 5489 1308 5559 ejus
1354 5504 1467 5559 qua
1499 5488 1597 5541 Dei
1638 5488 1809 5542 Filius

116 5579 372 5629 censetur
391 5576 498 5632 dici
517 5579 781 5633 Proverb.
810 5595 906 5631 vui
936 5579 1058 5647 ejus
1077 5578 1345 5648 spientia;
1368 5578 1467 5631 sed
1493 5575 1807 5631 doctissimi

1915 532 2032 585 ulla
2075 549 2226 597 vera,
2278 533 2375 586 sed
2417 534 2541 579 κατὰ
2580 531 2970 595 προσωποποιίαν
3011 533 3078 586 de
3128 534 3427 603 sapientia,
3484 550 3611 603 quas

1915 620 2120 674 divinae
2169 620 2427 674 essentice
2469 626 2553 673 est
2591 621 2946 675 attributum.
2982 624 3246 675 Attamen
3300 623 3398 675 illa
3431 622 3611 675 ambi-

1913 708 2129 778 guitate
2179 709 2344 762 multi
2385 711 2574 762 Patres
2621 715 2752 762 sunt
2782 708 2961 762 abusi.
3007 711 3141 763 Vide
3176 710 3402 779 Dionys.
3451 712 3614 764 Peta-

1911 797 2067 851 vium
2114 798 2314 867 Dogm.
2356 796 2657 867 theologic.
2691 802 2829 851 tom.
2864 800 2932 862 Il,
2972 798 3075 852 lib.
3110 816 3183 861 γι,
3235 814 3358 867 cap.
3413 803 3465 852 9.
3507 798 3613 853 Sed

1911 886 2225 939 notandum
2252 886 2632 955 Augustinum
2652 885 3121 955 dicereSpiritum
3144 892 3401 939 sanctum
3434 889 3613 955 ipsum

1913 989 2121 1041 quoque
2147 974 2509 1027 substantiam
2538 989 2679 1037 esse,
2704 972 2855 1025 unde
2886 972 3066 1042 liquet
3091 974 3348 1043 singulos
3378 973 3517 1027 alios
3544 974 3613 1027 ab

1912 1078 1978 1115 eo
2010 1061 2253 1114 creditos
2282 1078 2401 1115 esse
2432 1062 2766 1116 substantias
2805 1061 3115 1128 distinctas,
3162 1062 3419 1133 quamvis
3450 1079 3615 1133 pares

1912 1154 1967 1203 et
1997 1150 2508 1219 conjunctissimas.

1985 1238 2117 1307 Cap.
2151 1240 2240 1290 29.
2275 1238 2372 1291 Illi
2405 1240 2604 1305 quippe
2634 1237 2813 1301 angeli
2839 1239 3015 1289 sancti
3042 1253 3149 1290 non
3175 1252 3272 1305 per
3322 1237 3486 1291 verba
3522 1252 3614 1291 so-

1911 1328 2105 1378 nantia
2150 1328 2313 1379 Deum
2360 1326 2592 1379 discunt.
2629 1323 2649 1396 ]
2687 1323 2867 1378 Facile
2911 1324 3019 1378 hoc
3062 1326 3473 1391 concesserim;
3516 1325 3615 1379 sed

1912 1413 2192 1467 rationem
2218 1430 2332 1483 qua
2364 1414 2461 1466 Dei
2494 1413 2733 1484 imperia
2756 1414 3037 1484 accipiant
3068 1414 3290 1484 ignoro.
3331 1416 3402 1467 At
3450 1419 3613 1467 norat

1910 1502 2281 1571 Augustinus,
2329 1502 2429 1572 qui
2465 1502 2541 1555 sic
2572 1503 2787 1572 pergit:
2822 1504 2915 1556 sed
2944 1520 3041 1571 per
3072 1506 3247 1572 ipsam
3269 1506 3617 1572 praesentiam

1912 1592 2268 1659 immutabilis
2297 1594 2564 1659 veritatis,
2599 1593 2693 1645 hoc
2715 1597 2810 1659 est,
2844 1593 3065 1646 verbum
3097 1594 3215 1662 ejus
3259 1595 3613 1659 unigenitum.

1918 1679 2060 1733 Sunt
2089 1678 2323 1749 quidem
2362 1679 2484 1731 hinc
2526 1678 2699 1732 verba
2732 1683 2787 1731 et
2828 1694 3011 1744 voces,
3059 1678 3155 1731 sed
3191 1678 3397 1748 quibus
3444 1693 3617 1747 quam

1919 1771 2253 1839 potestatem
2303 1766 2609 1837 subjiceret
2651 1766 2893 1837 scriptor
2949 1766 3070 1836 ipse
3116 1766 3226 1832 vix,
3270 1770 3333 1820 ut
3386 1766 3611 1836 opinor,

1914 1857 2163 1911 dixisset.
2194 1855 2326 1909 Vide
2359 1860 2553 1909 notata
2583 1856 2651 1909 ad
2684 1855 2780 1909 lib.
2813 1872 2886 1915 1x,
2919 1872 3041 1925 cap.
3074 1857 3168 1911 22.

1984 1946 2130 1999 Ibid.
2156 1948 2396 2012 Eamque
2445 1959 2554 1998 esse
2579 1944 2993 2013 inseparabilem
3046 1946 3390 2007 Trinitatem,
3424 1946 3616 2011 singu-

1914 2036 2099 2102 lasque
2128 2037 2186 2087 in
2221 2049 2283 2087 ea
2306 2048 2561 2102 personas
2591 2048 2701 2087 esse
2730 2049 2893 2086 unam
2944 2033 3326 2099 substantiam,
3360 2038 3409 2087 et
3441 2038 3617 2087 tamen

1912 2138 2088 2178 omnes
2135 2138 2241 2176 non
2290 2126 2395 2175 tres
2448 2122 2591 2185 deos,
2645 2121 2740 2175 sed
2786 2137 2972 2187 unum,
3006 2123 3086 2175 ita
3131 2126 3411 2187 noverunt,
3454 2126 3515 2175 ut
3544 2124 3619 2176 eis

1912 2213 2086 2277 magis
2116 2213 2225 2263 ista
2254 2225 2417 2278 quam
2448 2224 2541 2263 nos
2570 2210 2680 2278 ipsi
2726 2211 2929 2275 cogniti
2957 2224 3166 2264 sumus.
3200 2208 3215 2280 ]
3263 2210 3321 2264 Si
3350 2226 3620 2280 unaquae-

1913 2324 2024 2377 que
2063 2322 2303 2376 persona
2356 2311 2439 2360 est
2484 2322 2595 2359 una
2639 2307 2968 2371 substantia,
3019 2307 3255 2360 totidem
3314 2311 3447 2359 sunt
3492 2306 3621 2359 sub-

1912 2394 2133 2449 stantias
2183 2399 2324 2465 quot
2358 2411 2655 2465 personae:
2708 2410 2811 2447 nec
2844 2386 3197 2448 difﬁtebatur
3244 2394 3617 2465 Augustinus.

1912 2483 2047 2535 Vide
2077 2483 2147 2537 ad
2187 2499 2311 2554 cap.
2364 2486 2434 2537 24
2492 2487 2547 2537 et
2604 2483 2832 2554 Diouys.
2868 2483 3163 2536 Petavium
3194 2483 3396 2554 Dogm.
3431 2482 3620 2537 Theo-

1912 2571 2228 2641 logicorum
2259 2576 2399 2626 tom.
2434 2573 2505 2633 ΙΙ,
2540 2572 2636 2626 lib.
2673 2590 2748 2638 ιν,
2786 2588 2908 2642 cap.
2942 2574 2994 2626 4.
3041 2575 3305 2625 Attamen
3349 2587 3497 2641 saepe
3542 2570 3621 2624 af-

1913 2662 2104 2715 ﬁrmat
2128 2678 2292 2715 unam
2320 2677 2430 2716 esse
2458 2662 2838 2727 substantiam,
2881 2677 3007 2714 cum
3052 2678 3238 2713 sermo
3280 2665 3363 2714 est
3391 2661 3457 2715 de
3491 2660 3618 2713 uni-

1914 2755 2027 2804 tate
2076 2751 2359 2820 specilica,
2404 2754 2467 2803 ut
2498 2751 2815 2820 loquuntur
2864 2748 3202 2814 scholastici,
3238 2765 3352 2801 non
3384 2749 3452 2801 de
3484 2748 3615 2800 uni-

1913 2843 2027 2893 tate
2058 2839 2369 2893 numerica.
2418 2839 2645 2893 Planius
2676 2840 2779 2892 hac
2809 2838 2877 2891 de
2909 2853 2967 2890 re
3004 2838 3123 2907 ipse
3168 2836 3528 2907 Augustinus
3559 2835 3618 2888 in

1914 2926 2074 2979 libris
2105 2926 2172 2979 de
2194 2924 2493 2979 Trinitate.

1843 3012 1881 3066 C
1992 3014 2161 3069 LIBRO
2212 3030 2306 3067 xu.
2356 3014 2487 3084 Cap.
2544 3018 2596 3067 τ.
2632 3015 2794 3068 Nemo
2823 3014 2995 3081 igitur
3047 3016 3255 3081 quarrat
3299 3011 3619 3077 efﬁcientem

1916 3118 2135 3157 causam
2166 3103 2320 3157 malae
2368 3103 2693 3167 voluntatis;
2738 3117 2844 3155 non
2889 3102 3030 3154 enim
3077 3102 3333 3168 efﬁciens,
3366 3099 3459 3153 sed
3488 3098 3618 3167 deﬁ-

1916 3196 2092 3259 ciens;
2122 3194 2254 3262 quia
2280 3208 2370 3246 nec
2401 3192 2605 3261 effectio
2639 3195 2733 3257 est,
2769 3190 2863 3244 sed
2891 3190 3136 3257 defectio.
3166 3189 3180 3257 ]
3219 3189 3375 3242 Mala:
3412 3188 3621 3241 volitio-

1916 3284 2036 3347 nis;
2088 3298 2221 3334 nam
2252 3280 2331 3334 ita
2387 3297 2516 3334 cum
2548 3279 2915 3345 scholasticis,
2949 3278 3197 3332 vitandus
3230 3274 3619 3347 ambiguitatis

1915 3370 2116 3440 gratia,
2152 3371 2373 3440 loquar,
2414 3386 2581 3422 causa
2613 3368 2865 3421 efﬁciens
2897 3370 2979 3420 est
3016 3367 3299 3432 voluntas,
3333 3370 3432 3418 aut
3462 3380 3623 3417 mens

1913 3459 2120 3523 libera;
2165 3475 2293 3528 quae.
2326 3456 2669 3525 ignorantia,
2706 3453 3114 3526 imprudentia,
3148 3458 3245 3507 aut
3270 3453 3472 3507 affectu
3494 3468 3621 3522 pec-

1914 3563 2043 3599 care
2073 3551 2278 3616 potest.
2314 3548 2544 3599 Peccata
2590 3545 2745 3597 enim
2778 3560 2894 3597 non
2942 3545 3072 3596 sunt
3115 3542 3280 3606 nihil,
3328 3541 3426 3595 sed
3473 3556 3621 3593 verae

1916 3635 2165 3689 actiones
2213 3634 2452 3700 mentis;
2486 3650 2627 3704 quas
2670 3648 3032 3703 unaquaaque
3083 3647 3243 3684 mens
3291 3630 3555 3684 facultate
3590 3645 3621 3682 a

1917 3726 2030 3777 Deo
2064 3728 2311 3793 accepta,
2351 3723 2518 3777 edere
2566 3726 2773 3792 potest.
2826 3722 3033 3774 Inanes
3083 3724 3216 3773 sunt
3250 3717 3614 3772 subtiliorum

1915 3829 2081 3884 aequo
2126 3811 2604 3881 philosophorum
2657 3809 3136 3873 ratiocinationes,
3185 3807 3392 3878 quibus
3450 3806 3618 3859 nobis

1912 3900 2256 3971 persuadere
2286 3898 2496 3952 vellent
2526 3896 2581 3950 id
2612 3913 2724 3951 non
2753 3912 2871 3948 esse
2893 3896 3047 3965 quod
3078 3896 3137 3948 in
3168 3895 3333 3948 nobis
3356 3893 3465 3963 ipsi
3490 3908 3619 3947 sen-

1913 3989 2104 4043 timus.
2141 3988 2278 4041 Vide
2309 3991 2469 4041 notas
2500 3986 2571 4039 ad
2601 3990 2737 4040 tom.
2772 3985 2839 4038 VI
2872 3984 2930 4038 in
2962 3983 3348 4037 Enchiridium
3372 3982 3441 4035 ad
3473 3983 3619 4035 Lau-

1914 4077 2165 4130 rentium
2195 4092 2320 4145 cap.
2353 4078 2437 4128 ll.

1985 4156 2116 4226 Cap.
2162 4157 2267 4223 UO,
2331 4157 2357 4221 §
2403 4157 2455 4207 2.
2501 4153 2720 4207 Fallunt
2765 4167 2848 4206 eos
2898 4151 3147 4220 quaedam
3198 4149 3621 4203 mendacissimaz

1914 4247 2124 4310 litterae,
2172 4258 2309 4313 quas
2358 4243 2659 4313 perhibent,
2702 4244 2761 4295 in
2815 4242 3043 4294 historia
3081 4245 3399 4307 temporum,
3447 4239 3620 4290 multa

1911 4350 2175 4388 annorum
2208 4334 2383 4387 millia
2412 4335 2679 4386 continere
2704 4348 2716 4397 ;
2746 4346 2863 4384 cum
2894 4345 2960 4383 ea:
2990 4330 3210 4382 Litteris
3240 4328 3409 4381 sacris
3442 4326 3509 4378 ab
3541 4327 3617 4378 in-

1908 4427 2185 4479 stitutione
2216 4424 2443 4477 hominis
2482 4421 2718 4475 nondum
2746 4419 3004 4487 completa
3035 4433 3298 4471 annorum
3327 4431 3421 4470 sem
3443 4415 3619 4468 millia

1908 4511 2330 4581 computemus]
2362 4510 2609 4581 Respicit
2639 4515 2703 4564 ut
2745 4510 2985 4573 videtur,
3033 4505 3387 4576 Augustinus
3434 4504 3621 4574 potis-

1911 4602 2121 4655 simum
2208 4600 2425 4653 litteras
2502 4598 2858 4668 {Egyptiacas
2893 4640 2907 4664 ,
2983 4612 3123 4667 quas
3206 4592 3619 4665 antiquissimis

1908 4689 2265 4759 temporibus
2293 4703 2410 4741 non
2449 4687 2912 4755 chronologicum
2962 4686 3265 4748 calculum,
3300 4683 3396 4737 sed
3429 4686 3619 4735 astro-

1910 4778 2197 4832 nomicam
2228 4775 2528 4847 periodum
2559 4776 2852 4828 continere
2906 4776 3069 4827 acute
3117 4778 3287 4842 atque
3318 4769 3617 4839 ingeniose

1911 4866 2154 4921 ostendit
2211 4867 2457 4919 Joannes
2505 4864 2875 4929 Marsliamus,
2928 4863 2983 4915 in
3013 4861 3389 4924 προκατασκευῆ
3441 4858 3614 4911 Chro-

1911 4956 2024 5010 nici
2054 4954 2315 5009 Canonis.
2351 4952 2458 5007 Sed
2487 4957 2653 5005 antea
2683 4966 2984 5021 perperam
3014 4956 3271 5018 tempora
3309 4961 3439 4999 vere
3470 4961 3616 5015 prce-

1910 5044 2157 5112 terlapsa
2188 5059 2254 5095 ea
2285 5041 2521 5111 periodo
2570 5040 2864 5093 continere
2896 5052 3231 5108 persuasum
3256 5038 3396 5088 erat.

1984 5133 2114 5202 Cap.
2152 5134 2234 5184 12.
2269 5131 2474 5183 Contra
2508 5145 2602 5181 eos
2634 5128 2732 5199 qui
2781 5127 2953 5181 nimis
3000 5128 3283 5178 recentem
3337 5120 3617 5174 mundum

1913 5238 2033 5275 esse
2090 5219 2505 5290 querebantur:
2541 5220 2603 5273 Si
2651 5219 2886 5271 brevitas
2928 5230 3011 5269 eos
3064 5212 3290 5282 offendit
3330 5212 3617 5279 temporis,

1914 5310 2059 5379 quod
2088 5314 2199 5364 tam
2225 5310 2391 5378 pauci
2422 5310 2495 5361 eis
2521 5306 2770 5361 videntur
2802 5307 2951 5371 anni,
2976 5320 3042 5357 ea:
3073 5318 3175 5372 quo
3204 5304 3492 5355 institutus
3516 5300 3617 5353 ho-

1913 5416 1997 5454 mo
2024 5401 2226 5453 nostris
2256 5397 2673 5452 auctoritatibus
2710 5398 2937 5462 legitur;
2969 5392 3304 5447 considerent
3336 5391 3478 5444 nihil
3508 5404 3617 5443 esse

1915 5489 2257 5555 diuturnum,
2280 5488 2338 5539 in
2362 5502 2467 5556 quo
2497 5491 2573 5539 est
2602 5483 2818 5552 aliquid
2856 5488 3173 5547 extremum,
3206 5485 3255 5535 et
3284 5482 3467 5536 omnia
3509 5494 3615 5533 sae—

1916 5580 2155 5630 culorum
2183 5578 2367 5645 spatia
2398 5575 2643 5644 deﬁnita,
2680 5575 2729 5625 si
2764 5574 3059 5626 aeternitati
3086 5571 3449 5625 interminata
3477 5582 3612 5621 com-
