3884 6178
280 255 385 307 lr79

1294 255 1849 313 SUPPLEMENTUM
1890 258 1979 313 AD
2015 256 2243 315 ΟΡΕΒΑ
2283 260 2339 316 S.
2380 259 2768 317 AUGUSTINI.
3580 335 3589 344 ε
3632 272 3719 326 l580

276 383 563 447 parentur,
592 393 701 433 non
728 381 929 445 emigua
947 377 1298 446 intelligenda
1319 393 1447 445 esse,
1466 379 1560 433 sed
1584 379 1786 450 nulla.]
1809 385 1980 436 Acute
2018 384 2061 436 A
2093 381 2171 436 cis
2198 382 2396 437 neecio
2439 381 2646 453 quibus
2690 380 2937 452 placitis,
2965 380 3161 435 omnia
3184 386 3310 436 sunt
3349 383 3581 441 obscura.
3613 391 3725 445 Hinc

280 482 419 521 sane
447 471 505 521 et
549 468 797 533 erudite;
841 483 972 521 nam
1021 467 1312 521 hominem
1360 468 1661 522 laudamus
1703 485 1865 539 aeque
1910 469 1978 522 Ii-

278 554 502 622 benter,
535 572 598 610 ac
644 573 676 610 a
715 556 905 610 minus
946 561 1092 609 recte
1142 557 1422 610 sentiente
1478 556 1837 615 discedimus.
1872 559 1983 611 Ita-

280 656 392 714 que
421 648 647 714 tempus
677 644 915 714 longum
935 649 990 696 et
1009 642 1179 697 breve
1199 643 1404 698 dicitur
1425 651 1683 715 respectu
1713 644 1981 699 humanae

279 731 429 798 vitia,
453 748 567 786 non
598 732 950 796 aeternitatis,
985 748 1104 802 prie
1142 748 1257 803 qua
1286 732 1476 786 omnia
1526 737 1785 803 tempora
1823 733 1983 788 nulla

279 823 429 872 sunt.
479 818 583 873 Sed
638 820 939 874 audiamus
987 825 1044 874 et
1091 821 1420 891 sequentia:
1480 822 1562 876 Ac
1601 838 1704 891 per
1769 821 1883 885 hoc,
1934 823 1988 876 si

275 921 382 960 non
412 908 667 977 quinque,
699 908 783 962 vel
822 923 937 976 sex,
987 924 1172 962 verum
1223 910 1387 964 etiam
1441 912 1731 976 sexaginta
1786 911 1981 978 millia,

277 996 389 1048 sive
417 999 670 1049 sexcenta
691 1000 788 1049 aut
815 999 1080 1064 sexagies,
1107 1002 1203 1051 aut
1221 1000 1514 1052 semcenties
1532 999 1725 1053 millies
1750 999 1987 1053 diceren-

280 1086 372 1135 tur
396 1097 693 1148 annorum;
726 1089 823 1139 aut
856 1085 1047 1140 itidem
1065 1101 1166 1154 per
1196 1089 1348 1141 toties
1389 1087 1605 1142 totidem
1648 1088 1985 1157 multiplica-

279 1175 433 1226 retur
461 1171 569 1226 haec
596 1186 826 1240 summa,
861 1173 955 1226 ubi
976 1173 1097 1242 jam
1139 1175 1348 1229 nultum
1375 1178 1587 1229 numeri
1613 1192 1802 1231 nomen
1834 1178 1988 1230 habe-

281 1274 478 1324 remus,
506 1276 573 1313 ea:
604 1276 708 1328 quo
742 1261 889 1315 Deus
915 1262 1176 1316 hominem
1195 1264 1325 1329 fecit
1343 1282 1364 1329 ;
1391 1265 1643 1318 similiter
1671 1268 1843 1334 quaeri
1869 1281 1987 1334 pos-

283 1353 361 1403 set
378 1355 608 1403 curante
620 1365 726 1403 non
746 1351 955 1417 fecerit.
973 1350 1436 1422 Omniajegregie,
1452 1352 1527 1405 ita
1546 1358 1608 1407 ut
1626 1353 1767 1407 nihil
1786 1354 1989 1408 melius

285 1435 393 1491 dici
415 1437 563 1491 hanc
615 1437 674 1491 in
709 1454 832 1492 rem
882 1439 1151 1509 potuerit.
1198 1440 1521 1510 Aliquando
1570 1441 1767 1496 mirari
1815 1442 1992 1497 subiit

286 1524 619 1595 scriptorem
676 1526 985 1593 eruditum,
1047 1528 1437 1600 singularique
1498 1530 1713 1602 alioqui
1773 1529 1990 1601 judicio

285 1613 595 1684 praeditum
625 1615 725 1685 qui
758 1614 1063 1685 questioni
1097 1631 1269 1686 quam
1303 1617 1410 1670 sibi
1450 1617 1542 1672 hic
1572 1619 1845 1689 proponit
1872 1623 1989 1673 Au-

287 1703 550 1773 gustinus
578 1704 892 1774 reponebat
914 1703 1195 1758 mundum
1220 1704 1454 1759 fortasse
1468 1721 1588 1760 esse
1606 1707 1990 1777 antiquiorem

290 1806 464 1861 quam
481 1792 650 1862 vulgo
666 1792 837 1847 hodie
860 1792 1130 1857 creditur,
1149 1793 1301 1864 quod
1326 1793 1572 1847 calculus
1591 1795 1713 1850 LXX
1728 1795 2001 1866 interpre-

286 1882 410 1933 tum
433 1880 616 1950 major
635 1880 708 1934 sit
726 1881 942 1934 calculo
968 1881 1224 1935 Hebraici
1260 1881 1486 1938 codicis.
1511 1883 1670 1947 Quod
1700 1899 1997 1955 nunquam

287 1968 539 2035 dixisset,
600 1969 646 2022 si
695 1969 764 2024 de
814 1969 923 2023 hoc
969 1969 1274 2040 Augustini
1339 1987 1611 2041 responso
1657 1971 1988 2041 cogitasset.

287 2057 398 2112 Sed
433 2058 692 2129 quamvis
707 2058 780 2112 sit
808 2058 1191 2124 verissimum,
1216 2075 1579 2130 nequaquam
1615 2060 1824 2114 minuit
1848 2060 1997 2115 difﬁ-

288 2147 560 2202 cultatem
611 2148 993 2218 propositam,
1050 2164 1118 2202 ex
1162 2164 1277 2219 qua
1319 2164 1547 2218 semper
1591 2152 1864 2219 sequetur
1900 2150 1999 2203 Dei

287 2234 602 2289 bonitatem
632 2235 921 2290 inﬁnitam
950 2236 1106 2290 nulla
1121 2238 1211 2290 sui
1232 2235 1445 2290 indicia
1475 2236 1695 2291 dedisse
1713 2253 1817 2308 per
1831 2242 1995 2292 aiter-

290 2322 528 2377 nitatem
574 2324 853 2394 praeteriti
896 2323 1192 2395 temporis.
1230 2325 1605 2396 Philosophos
1642 2326 1996 2397 philosophi-

290 2412 370 2467 cis
400 2412 718 2468 rationibus
743 2414 991 2468 coerceri
1035 2419 1301 2485 oportere
1340 2430 1472 2468 cum
1511 2419 1727 2469 certum
1773 2415 1863 2481 sit,
1916 2417 1997 2470 di-

291 2517 488 2556 camus
515 2501 609 2564 iis,
658 2502 705 2555 si
750 2502 827 2556 ita
854 2501 1097 2566 videtur,
1132 2519 1246 2556 non
1285 2506 1537 2557 nostram
1582 2503 1859 2559 duntaxat
1885 2506 1994 2558 tel-

291 2590 477 2644 lurem
506 2595 562 2644 et
598 2590 781 2645 vicina
827 2591 1045 2662 aliquot
1097 2607 1336 2662 corpora
1383 2608 1417 2645 a
1466 2592 1581 2646 Deo
1621 2608 1741 2647 esse
1770 2597 1995 2660 creata;

291 2678 391 2734 sed
420 2679 862 2734 innumerabilia
908 2680 1042 2746 alia,
1087 2680 1258 2751 longe
1288 2683 1600 2751 antequam
1631 2685 1777 2735 esset
1807 2687 1998 2736 noster

289 2767 379 2821 hic
422 2771 590 2822 terrae
636 2768 895 2839 planeta;
931 2768 1010 2822 ita
1043 2772 1107 2821 ut
1155 2768 1201 2821 si
1248 2768 1705 2823 internoscerent
1755 2787 1996 2841 operum

289 2856 518 2911 illorum
536 2857 860 2913 divinorum
885 2874 1149 2928 quaenam
1163 2857 1377 2929 priora,
1393 2874 1658 2929 quaenam
1678 2859 1997 2930 posteriora

2090 471 2335 525 somniat
2382 470 2473 525 hic
2523 475 2714 524 noster
2759 475 2999 540 tempora
3032 475 3249 537 eterna,
3294 472 3383 526 sed
3422 490 3539 544 quae
3565 480 3724 533 tamen

2089 577 2195 615 non
2238 563 2447 627 fuerint
2480 564 2580 615 Deo
2610 565 2901 625 coaeterna;
2943 560 3107 630 quasi
3151 560 3357 630 aliquid
3390 564 3554 633 magis
3593 571 3729 621 acter-

2093 664 2233 702 num
2271 664 2443 719 quam
2474 648 2631 702 aliud
2671 653 2952 702 aeternum
2982 663 3105 701 esse
3134 648 3330 718 possit!
3364 651 3618 718 Siquidem
3641 656 3729 721 ille,

2091 737 2304 808 inquit,
2343 742 2467 791 ante
2512 742 2751 806 tempora
2807 740 3007 791 aeterna
3054 752 3161 791 non
3196 738 3359 792 solum
3402 745 3529 807 erat,
3581 758 3732 798 verum

2093 828 2255 880 etiam
2312 827 2481 879 vitam
2531 827 2786 894 promisit
2839 828 3116 887 aeternam,
3189 841 3347 895 quam
3414 830 3737 894 manifestacit

2095 914 2420 984 temporibus
2448 916 2584 975 suis,
2616 912 2676 966 id
2708 918 2787 967 est
2816 916 3087 980 congruis,
3121 912 3257 981 quid
3283 913 3432 966 aliud
3454 930 3603 982 quam
3631 918 3737 969 Ver-

2097 1003 2221 1057 bum
2249 1018 2405 1057 suum
2423 1002 2451 1057 ‘I
2478 1002 2603 1056 Hoc
2631 1003 2770 1055 enim
2807 1005 2886 1055 est
2913 1003 3029 1054 vita
3056 1006 3273 1055 aeterna.
3305 1002 3431 1075 Non,
3447 1001 3612 1056 dicam
3636 1008 3739 1057 ante

2094 1094 2446 1145 aeternitatem
2476 1106 2598 1144 esse
2627 1089 2771 1144 nihil
2803 1105 3000 1160 posse;
3051 1089 3148 1143 sed
3194 1089 3559 1159 Augustinum
3600 1090 3740 1144 ratio-

2096 1193 2229 1231 nem
2258 1177 2569 1249 praebuisse
2615 1177 2838 1231 Arianis
2865 1177 3135 1231 eludendi
3166 1178 3343 1231 multa
3367 1178 3483 1231 loca
3509 1179 3743 1249 antiquio-

2098 1281 2227 1319 rum
2284 1265 2502 1336 synodo
2550 1265 2780 1319 Nicaana
2831 1267 3086 1331 Patrum,
3139 1265 3208 1318 de
3267 1264 3565 1318 aeternitate
3616 1265 3742 1333 Filii;

2099 1370 2271 1425 quem
2304 1354 2505 1408 eodem
2529 1370 2696 1407 sensu
2731 1370 2794 1407 ac
2823 1353 2915 1407 hic
2944 1353 3197 1423 loquitur
3234 1352 3588 1423 Augustinus,
3615 1359 3747 1407 ωὶθτ-

2099 1458 2240 1497 num
2264 1442 2505 1496 describi
2533 1441 2719 1496 dicere
2750 1445 3084 1512 potuerunt,
3117 1440 3256 1494 dum
3278 1441 3427 1494 Patri
3444 1445 3745 1495 coaeternum

2100 1532 2407 1601 negabant.
2457 1530 2567 1585 Sed
2617 1530 2772 1602 quod
2803 1531 2951 1584 Deus
2977 1530 3289 1598 promisisse
3319 1528 3485 1582 vitam
3522 1532 3747 1583 aeternam

2106 1620 2316 1675 dicitur
2358 1625 2489 1674 ante
2518 1619 2615 1673 illa
2652 1622 2910 1689 tempora
2941 1633 3071 1689 qum
3118 1621 3319 1672 aeterna
3349 1616 3680 1680 vocabantur,
3706 1616 3749 1671 id

2106 1708 2359 1781 profecto
2422 1707 2805 1778 Augustinum
2876 1706 3185 1760 admonere
3251 1704 3445 1759 debuit
3494 1704 3756 1773 signiﬁcari

2108 1796 2381 1851 duntaxat
2404 1794 2734 1865 antiquiora
2761 1793 2976 1848 Veteris
3016 1792 3358 1847 Testamenti
3394 1797 3649 1862 tempora.
3677 1794 3753 1845 At-

2106 1889 2303 1940 tamen
2354 1901 2424 1938 ne
2454 1883 2561 1938 hoc
2603 1883 2834 1955 quidem
2875 1881 3293 1936 animadvertit.
3328 1880 3584 1947 Quomodo
3619 1885 3758 1934 autem

2105 1976 2374 2044 promisit,
2444 1972 2653 2042 inquit,
2710 1970 2853 2040 quod
2908 1970 3215 2043 hominibus
3274 1972 3457 2038 utique
3495 1971 3757 2038 promiserit

2107 2065 2205 2132 qui
2231 2062 2469 2116 nondum
2488 2065 2644 2115 erant
2664 2065 2787 2114 ante
2809 2064 3048 2129 tempora
3069 2064 3293 2123 aeterna,
3324 2060 3433 2112 nisi
3461 2059 3585 2126 quia
3609 2059 3659 2110 in
3684 2059 3755 2125 ip-

2104 2151 2218 2204 sius
2242 2151 2542 2203 aeternitate
2568 2152 2729 2217 atque
2757 2150 2817 2202 in
2844 2147 2968 2216 ipso
2996 2148 3113 2216 ejus
3164 2147 3340 2201 Verbo
3372 2146 3536 2201 eidem
3576 2149 3756 2199 conter-

2106 2252 2173 2291 no
2212 2238 2334 2306 jam
2374 2237 2850 2307 praedestinatione
2894 2240 3065 2306 ﬁmum
3097 2241 3218 2290 erat
3257 2235 3400 2305 quod
3446 2250 3536 2289 suo
3568 2239 3759 2302 tempore

2104 2326 2355 2392 futurum
2374 2326 2536 2379 erat?
2568 2326 2763 2379 Posset
2784 2324 2891 2377 hoc
2924 2325 3117 2395 aliquo
3144 2324 3318 2378 modo
3339 2323 3492 2389 ferri,
3522 2322 3566 2375 si
3588 2320 3760 2375 dictum

2105 2413 2304 2468 fuisset
2331 2415 2399 2468 ab
2427 2418 2641 2482 aeterno,
2680 2413 2780 2468 sed
2822 2417 2946 2467 ante
2976 2418 3221 2482 tempora
3257 2417 3456 2467 aeterna
3476 2411 3761 2480 promittere,

2105 2519 2209 2575 pro
2236 2504 2387 2573 apud
2415 2519 2473 2557 se
2522 2503 2592 2556 ab
2639 2506 2853 2557 aeterno
2885 2502 3146 2556 statuisse
3199 2502 3356 2567 dare,
3389 2499 3507 2555 sine
3545 2496 3762 2566 exemplo

2104 2596 2208 2646 est.
2265 2589 2427 2655 Quod
2471 2588 2712 2654 mireris,
2764 2588 2856 2643 hic
2912 2588 3033 2659 ipse
3080 2588 3433 2659 Augustinus
3474 2585 3610 2640 circa
3643 2583 3762 2637 idem

2104 2684 2333 2750 tempus
2369 2694 2484 2750 quo
2527 2677 2651 2732 haec
2688 2676 2932 2747 scripsit,
2980 2676 3196 2747 partim
3229 2691 3427 2730 verum
3474 2688 3681 2729 sensum
3706 2672 3766 2724 lo-

2105 2767 2353 2823 cutionis
2408 2767 2645 2837 hujusce
2702 2765 2897 2820 sensit.
2948 2764 3040 2821 Sic
3077 2769 3281 2819 contra
3336 2761 3762 2824 Priscillianistas,

2104 2872 2228 2927 cap.
2280 2859 2333 2911 6.
2382 2858 2452 2910 Et
2489 2853 2636 2908 dixit
2679 2855 2969 2923 Apostolus
3014 2858 3223 2908 aeterna
3271 2858 3511 2922 tempora
3546 2853 3711 2920 priora
3732 2852 3769 2901 et

293 2948 485 2998 creata
530 2943 667 3008 sint,
713 2948 946 3013 possent
976 2944 1047 2998 ah
1101 2944 1206 2997 hac
1254 2947 1449 2998 nostra
1490 2948 1644 2997 terra
1691 2958 1995 2997 numerare
2033 2951 2072 3007 C
2104 2948 2354 3014 antiqua,
2398 2944 2543 3015 quod
2585 2945 2646 2996 in
2676 2943 2863 2997 Graeco
2903 2944 3102 3008 legitur
3125 2942 3223 3004 πρὸ
3243 2940 3436 3005 χρόνων
3464 2937 3669 2986 αἰωνίων.
3698 2935 3770 2991 Ad

290 3032 760 3101 retrogradiendo
821 3030 883 3086 in
928 3032 1225 3103 praeterita
1289 3037 1616 3102 temporum
1681 3031 1885 3102 spatia,
1935 3030 1995 3084 in

292 3120 501 3174 saecula
556 3121 919 3189 saeculorum,
978 3136 1085 3174 nec
1130 3136 1387 3191 unquam
1437 3120 1737 3190 pervenire
1781 3120 1850 3174 ad
1900 3136 1997 3174 an-

291 3207 683 3279 tiquissimum
732 3224 972 3281 operum
1028 3208 1373 3263 divinorum.
1424 3209 1720 3274 Quomodo
1772 3212 1996 3263 contra-

237 3318 243 3329 κ
292 3295 444 3350 rium
476 3294 789 3366 probarent
826 3313 939 3351 non
991 3296 1180 3365 video,
1213 3313 1317 3351 nec
1359 3297 1678 3369 quidquam
1723 3297 1815 3351 hic
1846 3296 1994 3351 dice-

292 3388 425 3439 rent
454 3384 605 3455 quod
625 3389 822 3439 contra
844 3384 1188 3439 inﬁnitatem
1217 3383 1382 3456 spatii
1412 3389 1469 3439 et
1488 3385 1713 3439 numeri
1742 3384 1996 3455 partium

294 3473 600 3543 cujustibet
646 3473 900 3544 corporis
951 3473 1064 3528 dici
1111 3490 1231 3528 non
1257 3473 1463 3544 possit;
1523 3490 1651 3545 qua:
1681 3478 1872 3528 tamen
1907 3473 1998 3527 in-

295 3560 487 3616 ﬁnitas
499 3561 1085 3616 demonstrationibus
1104 3561 1524 3617 mathematicis
1546 3562 1769 3616 nititur.
1800 3563 1997 3633 Itaque

297 3648 540 3719 superba
570 3649 1048 3721 philosophorum
1096 3650 1330 3721 ingenia
1366 3668 1432 3704 eo
1476 3650 1650 3705 modo
1684 3652 1915 3706 retundi
1944 3655 2001 3706 et

294 3737 368 3791 ad
401 3736 775 3792 modestiores
817 3738 1191 3810 cogitationes
1240 3738 1445 3794 adduci
1473 3744 1724 3809 possent.
1767 3739 1999 3811 Aliquid

286 3825 411 3895 jam
442 3829 609 3880 antea
635 3826 741 3881 hac
766 3827 836 3881 de
877 3842 940 3881 re
972 3827 1245 3894 diximus,
1295 3828 1449 3899 quod
1478 3827 1721 3899 expendi
1746 3844 1780 3882 a
1807 3827 1997 3899 philo-

295 3913 513 3985 sophiae
532 3914 734 3985 peritis
758 3916 1042 3986 cupimus.

369 4003 503 4073 Cap.
540 4005 631 4058 t6.
670 4004 824 4058 Dicit
870 4006 1033 4059 etiam
1061 4005 1334 4075 apostolus
1378 4010 1619 4076 tempora
1655 4008 1875 4070 aeterna,
1907 4019 2001 4058 nec

296 4107 361 4146 ea
385 4093 628 4160 futurea,
661 4092 756 4146 sed
801 4092 947 4161 quod
984 4096 1161 4163 magis
1206 4098 1284 4149 est
1323 4096 1541 4160 mirum,
1578 4097 1879 4163 praeterita.
1911 4092 2001 4148 Sic

296 4181 441 4234 enim
471 4182 551 4234 ait
590 4180 736 4252 (Tit.
766 4197 805 4246 ι,
836 4183 892 4246 2,
925 4181 981 4250 3)
1016 4197 1029 4235 :
1070 4182 1134 4236 In
1183 4197 1342 4252 spem
1385 4182 1517 4236 vita:
1556 4186 1785 4235 ueterum
1826 4197 1999 4252 quam

298 4266 566 4338 promisit
615 4284 731 4323 non
778 4268 1025 4323 mendax
1070 4271 1219 4323 Deus
1263 4273 1394 4323 ante
1448 4274 1705 4340 tempora
1752 4273 2004 4339 reterns;

298 4353 686 4409 manifestavit
736 4360 928 4410 autem
965 4356 1319 4427 temporibus
1362 4356 1479 4411 suis
1508 4356 1757 4411 Verbum
1811 4373 2000 4412 suum.

299 4443 432 4495 Ecce
456 4441 605 4495 dixit
640 4447 783 4497 retro
834 4444 979 4511 quod
1004 4445 1235 4515 fuerint,
1268 4460 1386 4513 quae
1433 4449 1609 4499 tamen
1654 4460 1760 4498 non
1795 4448 2004 4511 fuerint

299 4528 618 4601 caeterum]
642 4532 966 4602 Antequam
994 4533 1231 4587 ulterius
1258 4532 1612 4603 progrediar,
1645 4533 1815 4587 verbo
1846 4533 2001 4589 indi-

298 4616 441 4672 cabo
497 4633 690 4672 veram
747 4619 856 4673 loci
902 4620 1266 4676 sententiam.
1297 4620 1488 4685 Χρὸνοι.
1543 4637 1771 4693 nempe,
1804 4620 2002 4680 αἱώνιοι.

299 4709 366 4759 ut
395 4705 621 4782 docebit
653 4708 812 4777 Hugo
854 4708 1103 4776 Grotius,
1135 4713 1270 4764 sunt
1324 4710 1562 4782 antiqua
1587 4714 1869 4781 tempora,
1902 4712 2005 4765 He-

299 4792 486 4847 braice
518 4778 638 4857 D53?
685 4804 780 4854 7737
824 4799 920 4849 aut
950 4806 1077 4881 D‘tp
1113 4806 1233 4863 τπδ’,
1281 4778 1489 4868 quibus
1536 4778 1726 4851 verbis
1762 4778 2002 4868 longum

299 4887 526 4953 tempus
572 4882 926 4953 signiﬁcatur
975 4900 1092 4939 non
1121 4892 1426 4940 aeternum.
1466 4886 1601 4940 Vide
1629 4887 2002 4957 paraphrasin

300 4971 663 5026 Chaldaicam
716 4972 1055 5027 Jonathauis
1103 4974 1267 5029 Mich.
1299 4991 1353 5040 v,
1384 4977 1438 5028 2.
1500 4974 1680 5044 Igitur
1732 4974 1841 5028 hoc
1883 4976 2004 5029 vult

298 5061 603 5130 Apostolus
659 5065 790 5115 ante
840 5062 1081 5133 longum
1143 5067 1372 5132 tempus
1433 5063 1775 5133 promissam
1829 5063 2002 5117 vitam

301 5153 575 5203 aeternam
619 5150 758 5204 olim
787 5166 893 5220 per
936 5149 1195 5206 Messium
1244 5152 1630 5207 revelandam.
1667 5152 1803 5206 Vide
1833 5153 1998 5208 Rom.

299 5251 414 5300 xvx,
460 5238 567 5304 25;
626 5237 674 5290 Il
721 5237 864 5293 Tim.
899 5255 938 5304 ι,
977 5241 1027 5292 9.
1082 5240 1192 5293 Res
1239 5239 1509 5293 Hebraice
1558 5240 1761 5295 scienti
1802 5246 1859 5295 et
1906 5242 2004 5295 illa

299 5323 424 5376 loca
462 5322 644 5377 aliave
688 5325 897 5379 similia
955 5326 1167 5396 legenti
1198 5327 1437 5380 obscura
1482 5343 1604 5382 esse
1637 5329 1860 5399 nequit.
1896 5329 2003 5383 Sed

298 5410 572 5465 Hebraice
611 5412 903 5482 nescienti,
953 5415 1404 5486 scriptoremque
1451 5418 1566 5470 non
1597 5432 1663 5472 ex
1705 5421 2001 5487 perspecto

302 5498 517 5569 linguie
564 5504 772 5554 sanctm
815 5503 959 5572 stylo
1008 5503 1431 5572 interpretanti,
1476 5503 1570 5558 sed
1603 5520 1667 5558 ex
1712 5504 1999 5575 philophi-

2109 3037 2292 3089 Titum
2316 3035 2457 3087 enim
2501 3033 2757 3098 scribens,
2803 3035 2908 3084 etc.
2953 3032 3241 3085 Hactenus
3284 3029 3520 3101 optime,
3551 3026 3636 3081 sed
3663 3022 3771 3079 audi

2105 3118 2407 3174 locutionis
2451 3118 2575 3188 ejus
2627 3116 2831 3171 miram
2875 3118 3189 3171 rationem:
3231 3119 3363 3174 Cum
3392 3121 3564 3170 autem
3604 3119 3769 3168 retror-

2104 3223 2223 3263 sum
2253 3212 2493 3276 tempora
2535 3222 2570 3260 a
2606 3208 2993 3261 constitutione
3038 3206 3235 3259 mundi
3287 3206 3479 3259 habere
3528 3202 3772 3257 videantur

2105 3299 2347 3363 initium,
2379 3297 2634 3365 quomodo
2685 3300 2810 3349 sunt
2840 3299 3060 3356 azterna,
3110 3296 3227 3347 nisi
3256 3295 3391 3362 quia
3436 3298 3625 3347 aeterna
3651 3289 3769 3343 dixit

2106 3401 2226 3456 qua:
2251 3389 2374 3440 ante
2402 3400 2457 3438 se
2493 3399 2600 3438 non
2631 3383 2827 3437 habent
2856 3383 3027 3436 ullum
3064 3386 3278 3451 tempus
3299 3383 3329 3436 ?
3367 3381 3457 3436 Sic
3481 3395 3608 3450 ergo
3636 3391 3769 3431 mun-

2106 3474 2212 3529 dus
2237 3477 2431 3544 posset
2455 3472 2566 3526 dici
2597 3475 2848 3536 wternus,
2891 3470 3044 3541 quia,
3078 3486 3145 3524 ex
3187 3470 3450 3525 doctrina
3495 3462 3772 3539 Augustini,

2106 3567 2238 3616 ante
2260 3577 2320 3615 se
2351 3577 2465 3615 non
2494 3559 2697 3614 habuit
2717 3564 2963 3630 tempus,
2994 3574 3126 3617 cum
3155 3559 3520 3613 creationem
3550 3556 3659 3627 ejus
3681 3552 3774 3606 sola

2109 3649 2474 3705 antecesserit
2499 3648 2812 3703 aeternitas.
2862 3648 2999 3713 Quis
3038 3653 3238 3701 tamen
3278 3648 3452 3702 ferret
3474 3648 3614 3701 inter
3649 3640 3774 3697 Chri-

2110 3740 2330 3794 stianos
2360 3738 2646 3793 dicentem
2680 3737 2963 3791 mundum
3001 3752 3124 3791 esse
3153 3737 3485 3791 aeternum?
3521 3736 3648 3798 Quae
3672 3743 3774 3784 cum

2108 3828 2188 3883 ita
2216 3828 2331 3883 sint
2359 3827 2540 3881 miror
2568 3825 2911 3881 Parisienses
2938 3825 3208 3891 editores,
3242 3842 3375 3880 cum
3403 3826 3627 3896 possent
3654 3821 3772 3887 Hug.

2110 3916 2369 3973 Grotium
2420 3916 2738 3980 consulere,
2797 3917 2860 3967 ut
2915 3913 3057 3966 alios
3105 3913 3568 3983 praetermittam,
3606 3909 3660 3962 in
3693 3907 3775 3960 hac

2109 4003 2583 4074 interpretatione
2644 4002 3001 4075 acquiescere
3058 4001 3338 4072 potuisse.
3391 4000 3497 4056 Sed
3533 3999 3617 4054 hic
3657 3995 3777 4051 idem

2109 4095 2268 4148 locus
2297 4092 2729 4163 Hieronymum,
2762 4091 2943 4145 multo
2972 4091 3297 4161 Augustino
3337 4090 3656 4153 doctiorem,
3692 4090 3779 4137 tor-

2114 4185 2283 4247 serat,
2315 4184 2379 4235 ut
2409 4180 2590 4251 liquet
2607 4196 2671 4233 ex
2693 4180 2797 4233 hac
2823 4179 2946 4250 ejus
2967 4178 3343 4233 adnotatione
3370 4178 3429 4233 in
3458 4192 3612 4248 cap.1
3639 4170 3776 4243 Epist.

2115 4269 2188 4324 ad
2214 4268 2420 4329 Titum,
2450 4267 2553 4322 ubi
2585 4271 2903 4321 memorata
2950 4266 3240 4330 creatione
3272 4266 3475 4321 mundi
3521 4268 3574 4318 et
3603 4268 3779 4328 tempo-

2112 4359 2209 4426 ris,
2243 4357 2322 4411 sic
2366 4357 2592 4428 pergit:
2626 4358 2773 4409 Ante
2821 4356 2929 4410 haec
2964 4358 3139 4423 igitur
3167 4356 3365 4410 mundi
3384 4360 3632 4424 tempora,
3659 4352 3776 4403 aeter-

2109 4450 2337 4503 nitatem
2396 4444 2690 4514 quamdam
2747 4445 3062 4499 sucularum
3121 4446 3298 4511 fuisse
3345 4442 3653 4497 credendum
3691 4438 3776 4491 est.

2113 4535 2308 4604 quibus
2337 4548 2544 4603 semper
2570 4548 2691 4587 cum
2716 4533 2855 4587 Filio
2875 4536 2926 4586 et
2953 4532 3170 4601 Spiritu
3198 4537 3397 4588 sancto
3425 4531 3588 4598 fuerit
3622 4528 3777 4584 Pater;

2111 4628 2182 4691 et,
2230 4627 2289 4677 ut
2326 4622 2525 4690 dicam,
2570 4636 2734 4675 unum
2782 4624 2988 4690 tempus
3017 4623 3115 4675 Dei
3164 4626 3247 4675 est
3300 4622 3475 4675 omnis
3523 4616 3776 4672 stet-ranas.

2111 4713 2219 4765 imo
2240 4710 2659 4765 innumerabilia
2677 4713 2919 4778 tempora
2935 4712 3083 4776 sunt,
3104 4724 3226 4763 cum
3243 4711 3492 4778 inﬁnitus
3506 4708 3576 4760 sit
3588 4707 3689 4774 ipse
3704 4697 3780 4767 qui

2111 4804 2236 4854 ante
2292 4803 2532 4868 tempora
2580 4813 2730 4852 omne
2780 4803 2992 4866 tempus
3039 4798 3270 4853 excedit.
3337 4798 3446 4853 Sex
3496 4794 3657 4848 millia
3691 4800 3780 4841 nec-

2113 4888 2241 4942 dum
2267 4889 2449 4943 nostri
2477 4886 2622 4941 orbis
2650 4887 2946 4955 implentur
2973 4887 3126 4951 anni,
3153 4891 3205 4938 et
3230 4891 3470 4954 quantas
3497 4884 3643 4952 prius
3658 4880 3777 4931 teter-

2110 4978 2330 5040 nitates,
2381 4977 2591 5044 quanta
2645 4978 2887 5043 tempora
2926 4977 3160 5042 quantas
3209 4974 3526 5027 saeculorum
3583 4965 3781 5031 origin“

2108 5065 2282 5131 fuisse
2309 5061 2693 5116 arbitrandum
2723 5066 2821 5126 est,
2863 5063 2920 5115 in
2964 5062 3159 5129 quibus
3188 5062 3394 5127 angeli,
3428 5058 3617 5122 throni,
3637 5050 3780 5107 domi-

2109 5155 2375 5220 nationes,
2413 5155 2715 5219 czteraeque
2752 5152 2984 5205 virtutes
3016 5151 3321 5203 servierunt
3360 5150 3495 5212 Deo,
3535 5148 3581 5200 et
3617 5142 3783 5207 absque

2113 5247 2410 5311 temporum
2436 5239 2645 5293 vicibus
2672 5244 2835 5307 atque
2855 5240 3141 5305 mensuris,
3176 5240 3288 5292 Deo
3309 5238 3543 5306 jubente,
3566 5230 3783 5286 substite-

2109 5332 2281 5385 runt?
2306 5327 2489 5400 Igitur
2527 5332 2652 5381 ante
2679 5332 2920 5396 tempora
2946 5333 3167 5392 aeterna,
3199 5329 3373 5392 esset,
3404 5326 3531 5378 ante
3562 5311 3785 5388 ingentia

2111 5422 2437 5487 temporum
2465 5415 2670 5486 spatia,
2701 5430 2831 5485 quae
2862 5413 3200 5485 priusquam
3256 5410 3504 5465 mundus
3546 5403 3783 5459 condere-

2111 5509 2209 5561 tur
2242 5505 2599 5559 efﬂuxerant.
2633 5501 2741 5556 Sed
2779 5506 2836 5555 et
2864 5502 2972 5555 hoc
3004 5501 3125 5555 sine
3170 5498 3438 5570 exemplo
3466 5498 3566 5562 est,
3602 5494 3652 5545 et
3678 5501 3784 5555 sup-
