3920 6180
128 297 215 348 481
902 297 1262 353 VARIORUM
1307 299 1902 357 EXERCITATIONES
1943 289 2106 359 IN'S.
2152 308 2520 364 AUGUSTlNl
2561 312 2815 368 OPERA.

127 417 330 488 peditat
358 432 583 488 quoque
613 417 840 471 Arianis
886 436 1047 474 novae
1088 421 1425 476 aaternitatis
1484 423 1802 490 notionem,
1843 426 1888 480 A

127 520 284 576 quam
309 504 561 558 tribuere
593 511 825 574 possent
858 507 1017 573 Filio,
1052 508 1273 578 integra
1305 527 1406 563 sua
1431 511 1500 564 de
1521 511 1809 565 creatione

129 594 238 660 ejus
263 593 560 646 sententia.
597 596 763 648 Plura
795 595 900 648 hac
932 595 1001 650 de
1033 612 1091 650 re
1125 613 1242 650 non
1271 598 1476 664 dicam,
1519 599 1629 653 nisi
1677 600 1805 654 llie-

134 696 412 750 ronymum
458 681 550 735 hic
603 699 719 736 non
772 700 938 737 usum
984 685 1191 754 peritia
1249 687 1461 757 lingua:
1495 688 1804 755 Ilebraicac,

129 783 281 837 quam
311 767 419 822 sibi
459 777 906 840 comparaverat,
942 789 1071 843 quae
1114 779 1310 828 tamen
1349 780 1504 829 tanta
1542 792 1660 830 non
1703 777 1811 830 fuit

123 860 316 924 quanta
346 857 521 926 vulgo
555 875 586 910 a
626 859 822 913 multis
870 861 1139 928 creditur,
1193 868 1255 917 ut
1302 865 1531 934 c0piose
1559 864 1811 918 ostendit

120 944 346 996 Joannes
377 945 626 999 Clericus
656 946 714 1000 in
742 948 1165 1012 Quzestionibus
1191 951 1664 1022 Hieronymianis.

181 1032 306 1101 Cap.
346 1036 429 1086 19.
468 1035 544 1087 De
576 1035 864 1090 locutione
893 1039 1089 1092 szcuta
1119 1041 1450 1106 saeculorum,
1498 1045 1802 1111 postquam

121 1119 247 1172 duas
277 1120 580 1190 opiniones
606 1125 909 1194 proposuit
937 1142 969 1178 a
997 1143 1129 1180 vera
1159 1127 1280 1197 ejus
1308 1133 1592 1198 potestate
1637 1129 1808 1198 plane

121 1208 335 1274 alienas,
395 1210 660 1280 subjicit:
699 1213 846 1277 Quid
890 1229 1013 1280 ergo
1051 1217 1279 1269 istorum
1330 1216 1560 1270 duorum
1610 1219 1703 1280 sit,
1736 1233 1808 1270 an

115 1302 296 1365 praeter
347 1298 458 1351 hac
509 1299 615 1353 duo
655 1301 872 1368 aliquid
911 1303 1069 1356 aliud
1098 1304 1163 1357 de
1201 1304 1422 1358 saeculis
1467 1305 1808 1358 sazculorum

115 1388 270 1454 possit
311 1388 570 1454 intelligi,
608 1391 1048 1456 profundissima
1089 1395 1312 1460 quaestio
1349 1399 1448 1446 est.
1499 1393 1636 1457 Quis
1674 1409 1807 1447 vero

119 1491 254 1528 nunc
296 1474 524 1544 ignorat
570 1478 677 1530 hoc
724 1495 845 1532 esse
890 1479 1108 1534 idioma
1154 1481 1364 1551 linguae
1406 1481 1696 1535 llebraicas
1740 1498 1804 1535 ac

122 1563 442 1625 Cbaldaicm,
471 1580 588 1634 quo
620 1565 976 1634 signiﬁcatur
1005 1572 1232 1638 tempus
1264 1573 1359 1622 aut
1389 1568 1510 1622 sine
1539 1571 1673 1631 ﬁne,
1709 1574 1808 1622 aut

121 1656 254 1704 certe
292 1653 537 1728 longum
561 1656 590 1707 ‘t
621 1655 688 1708 Ut
710 1655 863 1708 enim
887 1655 946 1708 in
972 1657 1536 1712 VeteriTestamento
1560 1658 1805 1728 legimus

121 1751 270 1799 nun
297 1727 428 1800 1115
481 1741 584 1795 dor
629 1743 826 1809 dorim,
876 1747 935 1798 in
984 1749 1196 1800 atatem
1240 1751 1480 1808 aetatum,
1532 1763 1598 1800 ea
1631 1727 1809 1818 quam

121 1828 346 1882 diximus
378 1830 689 1898 sententia,
714 1835 778 1884 ut
821 1832 963 1901 psal.
994 1848 1084 1898 cn,
1117 1835 1183 1887 25
1212 1849 1225 1899 ;
1257 1833 1384 1887 Isai.
1420 1850 1490 1900 ιι,
1521 1836 1591 1900 8;
1641 1835 1719 1887 sic
1747 1835 1806 1888 in

126 1930 366 1991 sermone
429 1917 768 1971 Iudaeorum
827 1919 1183 1990 temporibus
1247 1921 1586 1991 apostolicis,
1659 1908 1810 1984 τιθνὸ

120 1988 274 2091 ῖτείγλ
303 2005 517 2059 thalam
549 2007 774 2071 halmin,
809 1988 1035 2078 Syriaca
1074 2007 1264 2078 lingua
1280 1988 1573 2075 dicebant,
1607 2026 1712 2079 pro
1744 2026 1810 2064 eo

118 2092 249 2162 quod
293 2098 376 2146 est
416 2093 487 2146 in
541 2111 766 2148 omnem
817 2095 1208 2148 aeternitatem.
1259 2097 1398 2150 Inde
1436 2096 1662 2152 videtur
1683 2102 1809 2152 orta

119 2180 222 2232 11830
247 2180 492 2248 locutio,
518 2182 672 2251 quod
696 2182 764 2235 de
797 2182 894 2236 tali
921 2199 982 2236 re
1015 2184 1222 2237 saecula
1249 2184 1494 2254 singula,
1548 2186 1635 2238 vel
1683 2185 1808 2239 sin-

120 2269 250 2336 gulae
280 2273 484 2323 estates
524 2270 708 2324 dicere
736 2286 936 2325 omnes
975 2272 1198 2341 possint
1227 2272 1478 2326 futuram
1509 2273 1569 2327 in
1601 2275 1810 2328 saecula

121 2357 416 2426 sequentia.
449 2357 568 2412 Sed
600 2358 981 2430 undecunque
1007 2364 1133 2414 orta
1162 2360 1250 2427 sit,
1294 2361 1636 2432 signiﬁcatio
1686 2363 1808 2432 ejus

121 2451 376 2514 perpetuo
411 2446 559 2499 Novi
590 2447 936 2500 Testamenti
965 2464 1070 2500 usu
1103 2449 1398 2502 notissima
1427 2454 1531 2516 est,
1580 2466 1649 2502 ex
1692 2466 1806 2520 quo

125 2538 321 2588 constat
371 2533 434 2588 εἰς
469 2532 625 2579 αἰῶνα
652 2541 706 2588 et
737 2534 798 2588 εἷς
824 2534 998 2590 αἰῶνας
1025 2538 1122 2583 τῶν
1147 2535 1334 2583 αἰώνων
1382 2538 1621 2608 perinde
1662 2554 1802 2592 esse,

122 2624 364 2676 Attamen
397 2624 514 2676 hac
545 2640 772 2695 quoque
795 2624 851 2677 in
879 2641 938 2678 re
961 2625 1220 2680 aastuavit
1241 2625 1506 2684 similiter
1527 2627 1804 2696 Hierony-

124 2725 248 2775 mus,
288 2711 346 2764 in
380 2711 562 2781 Epist.
600 2712 669 2765 ad
701 2712 928 2766 Galatas
957 2730 1080 2784 cap.
1106 2731 1157 2766 v.

181 2807 335 2862 Lmae
392 2825 520 2862 xm.
574 2810 706 2880 Cap.
746 2812 840 2865 l2.
898 2811 1205 2881 Postquam
1256 2810 1518 2880 exposuit
1571 2827 1702 2881 qum
1735 2811 1807 2864 sit

123 2895 282 2963 prima
308 2901 362 2949 et
389 2896 650 2950 secunda
679 2913 851 2964 mors,
891 2897 1011 2952 Ῐιεεο
1037 2899 1244 2952 habet:
1276 2899 1504 2963 Quando
1545 2915 1669 2966 ergo
1719 2898 1808 2952 di-

121 2986 193 3036 .rit
213 2985 349 3038 Deus
379 2987 569 3054 primo
598 2986 684 3039 illi
710 2986 934 3051 homini,
968 3002 1123 3054 quem
1143 2989 1202 3039 in
1223 2986 1486 3055 paradiso
1524 2989 1806 3041 constitue-
1843 2997 1881 3052 (ζ

122 3074 210 3137 rat,
267 3072 329 3125 de
369 3073 494 3126 cibo
524 3075 722 3126 vetito:
771 3073 1121 3145 Quacunque
1171 3074 1262 3128 die
1307 3074 1537 3129 ederitis
1599 3092 1663 3128 ex
1715 3091 1799 3140 eo,

123 3163 282 3212 morte
315 3160 687 3227 moriemini;
731 3177 834 3215 non
874 3168 1082 3216 tantum
1126 3165 1320 3231 prima
1361 3165 1549 3217 mortis
1591 3167 1805 3232 partem

121 3249 349 3316 priorem,
378 3249 485 3302 ubi
509 3249 697 3304 anima
720 3253 980 3318 privatur
1004 3252 1140 3320 Deo,
1177 3267 1269 3305 nec
1304 3256 1513 3306 tantum
1540 3254 1803 3321 posterio-

122 3349 234 3396 rem,
260 3336 351 3389 ubi
368 3351 570 3404 corpus
595 3338 854 3404 privatur
882 3339 1099 3400 anima;
1125 3353 1216 3390 nec
1245 3338 1415 3391 solam
1437 3341 1614 3406 ipsam
1640 3341 1806 3392 totam

121 3425 352 3489 primam,
387 3425 490 3477 ubi
505 3427 692 3477 anima
729 3429 780 3478 et
807 3441 840 3477 a
869 3427 974 3478 Deo
999 3430 1049 3479 et
1078 3442 1112 3478 a
1154 3441 1373 3494 corpore
1401 3431 1656 3495 separata
1699 3442 1806 3494 pu-

124 3511 270 3573 nitur,
300 3512 392 3565 sed
429 3513 714 3581 quidquid
751 3515 941 3567 mortis
979 3517 1074 3581 est,
1125 3529 1294 3582 usque
1323 3515 1396 3567 ad
1433 3516 1804 3582 novissimam,

124 3614 224 3665 qua
249 3601 487 3653 secunda
513 3601 735 3669 dicitur,
766 3618 876 3671 qua
903 3603 1057 3655 nulla
1087 3609 1163 3656 est
1190 3605 1475 3671 posterior,
1510 3605 1804 3656 commina-

126 3687 186 3739 tio
201 3688 291 3741 illa
319 3690 601 3757 complura
633 3695 734 3743 est.
778 3691 899 3743 Duo
934 3689 1025 3742 hic
1073 3690 1577 3744 animadvertenda
1607 3706 1619 3756 ;
1665 3691 1805 3743 alte-

125 3788 253 3842 rum,
287 3776 405 3830 haec
438 3793 550 3846 pro
572 3777 816 3848 imperio
850 3779 920 3832 ab
952 3778 1268 3848 Augustino
1318 3778 1448 3838 dici,
1498 3795 1616 3832 non
1669 3795 1804 3848 pro-

123 3861 266 3929 bari;
298 3866 496 3918 nullus
528 3865 700 3930 enim,
735 3866 793 3918 in
826 3866 945 3920 ulla
975 3867 1119 3936 lege,
1153 3870 1333 3920 exstat
1367 3883 1606 3936 usquam
1650 3867 1808 3920 locus

126 3952 208 4005 ubi
236 3960 396 4008 morte
421 3957 569 4008 mori
589 3954 742 4008 aliud
771 3954 1239 4025 signiﬁcetquam
1267 3954 1602 4025 simpliciter
1632 3957 1804 4022 mori;

127 4055 213 4095 nec
238 4047 490 4098 mortium
517 4047 728 4112 praeter
753 4059 880 4096 eam
911 4060 1024 4113 qua
1044 4059 1250 4111 corpus
1277 4041 1628 4106 dissolvitur,
1661 4040 1705 4092 si
1728 4041 1808 4093 ita

127 4128 264 4200 loqui
292 4131 444 4196 licet,
475 4148 714 4201 quarum
749 4131 1013 4184 meminit
1035 4132 1150 4184 ulla
1171 4131 1230 4182 in
1253 4134 1370 4183 toto
1402 4130 1596 4182 Vetere
1618 4130 1809 4183 Testa-

129 4224 300 4272 mento
333 4221 574 4275 mentio.
606 4222 801 4291 Itaque
833 4220 880 4274 si
909 4225 1152 4291 negetur
1178 4218 1492 4290 quidquam
1520 4218 1612 4272 hic
1639 4218 1811 4288 signi-

3514 325 3616 378 482

1919 451 2111 504 nullus
2159 452 2266 507 fuit
2306 453 2365 506 in
2409 455 2538 522 Eva,
2586 459 2684 509 aut
2723 460 2873 511 certe
2901 457 3139 513 minime
3163 461 3520 530 conspicuus,
3563 468 3621 517 et

1921 539 2019 608 qui
2049 556 2174 594 eam
2205 541 2266 595 in
2295 543 2558 597 roborem
2591 545 2724 598 dare
2757 553 2964 615 posset.
3001 549 3077 601 De
3109 549 3366 602 nuditate
3398 549 3616 619 primo-

1918 644 2048 682 rum
2079 636 2382 699 parentnm
2416 632 2541 686 vide
2572 650 2702 688 cum
2733 634 2875 687 alios
2910 635 3273 704 interpretes,
3307 641 3427 690 tum
3469 654 3615 708 pra:-

1918 717 2112 770 sertim
2153 720 2434 773 Joannem
2466 722 2746 776 Clericum
2776 723 2844 776 ad
2885 723 3148 778 Genesin.

1991 807 2123 875 Cap.
2165 810 2245 860 t9.
2282 809 2425 862 Licet
2455 813 2595 862 enim
2627 811 2902 877 justorum
2934 829 2996 866 ac
3031 815 3246 881 piorum
3279 815 3474 867 animae
3531 814 3618 867 de-

1917 897 2245 962 functorum,
2271 897 2414 963 quod
2439 900 2495 950 in
2533 901 2717 966 requie
2744 902 2933 952 vivunt
2965 901 3216 955 dubitare
3247 905 3338 967 fas
3368 918 3474 956 non
3519 907 3613 968 sit,

1918 997 2085 1051 usque
2110 984 2243 1038 adeo
2274 989 2450 1038 tamen
2475 986 2550 1038 eis
2580 988 2769 1040 melius
2800 993 2933 1042 esset
2972 1005 3090 1042 cum
3132 991 3246 1044 suis
3303 991 3614 1059 corporibus

1919 1069 2043 1123 bene
2071 1073 2372 1127 valentibus
2393 1077 2593 1142 vivere,
2626 1081 2685 1129 ut
2706 1079 2867 1129 etiam
2889 1077 2991 1141 illi,
3024 1079 3120 1144 qui
3139 1080 3283 1131 omni
3310 1079 3462 1132 modo
3501 1094 3614 1132 esse
3691 1137 3699 1148 κ

1916 1161 2031 1212 sine
2078 1177 2294 1230 corpore
2341 1163 2712 1218 beatissimum
2759 1167 3096 1230 existimant,
3143 1167 3278 1219 hanc
3313 1169 3613 1235 opinionem

1915 1262 2069 1300 suam
2105 1253 2369 1303 sententia
2415 1258 2749 1320 repugnante
2779 1256 3117 1307 convincunt.
3149 1255 3164 1323 ]
3201 1254 3298 1308 llic
3330 1255 3396 1308 ad
3424 1255 3612 1308 Plato-

1915 1335 2070 1390 nicos
2092 1338 2338 1408 respicit,
2374 1339 2472 1410 qui
2503 1344 2694 1394 tamen
2717 1358 2774 1394 se
2803 1341 2964 1396 facile
2995 1347 3190 1394 contra
3225 1358 3354 1395 eum
3388 1345 3616 1412 possent

1916 1426 2084 1480 tueri.
2126 1427 2233 1481 Sed
2266 1428 2370 1481 hoc
2402 1428 2492 1482 hic
2518 1445 2634 1482 non
2666 1429 2872 1499 agitur.
2907 1431 3346 1484 Observabimus
3389 1435 3614 1484 tantum

1916 1513 2122 1567 melius
2155 1515 2389 1586 quidem
2421 1532 2542 1570 esse
2574 1517 2780 1570 animis
2803 1518 3204 1572 defunctorum
3235 1518 3441 1573 iterum
3483 1534 3615 1572 cum

1915 1602 2246 1673 corporibus
2299 1605 2553 1658 excitatis
2600 1621 2629 1658 e
2665 1607 2925 1675 sepulcro
2973 1607 3267 1677 conjungi,
3330 1611 3391 1660 ut
3445 1607 3615 1676 plena

1849 1712 1890 1767 Β
1920 1706 2050 1743 cum
2080 1691 2150 1744 iis
2182 1691 2450 1747 felicitate
2481 1694 2763 1761 fruantur,
2797 1694 3070 1764 quoniam
3103 1695 3171 1748 ad
3197 1711 3503 1763 corporum
3523 1711 3614 1747 re-

1921 1779 2331 1834 surrectionem
2379 1798 2502 1836 eam
2548 1781 2732 1835 differt
2771 1781 3100 1852 Scriptura;
3160 1783 3256 1836 sed
3283 1783 3406 1836 sine
3441 1783 3613 1836 dubio

1920 1866 2171 1920 deterius
2197 1867 2276 1922 eis
2298 1875 2464 1936 esset,
2489 1870 2535 1923 si
2558 1870 2648 1924 hic
2669 1871 2727 1924 in
2748 1871 2912 1924 terris
2935 1869 3254 1938 nobiscum,
3276 1887 3394 1925 cum
3420 1887 3613 1940 corpo—

1916 1955 2070 2010 ribus
2085 1958 2197 2010 suis
2222 1957 2345 2010 bene
2365 1959 2693 2024 valentibus,
2718 1957 2991 2012 viverent.
3018 1959 3160 2012 Sunt
3181 1958 3334 2013 enim
3361 1958 3613 2028 exempti

1918 2043 2183 2098 omnibus
2212 2045 2343 2099 vitae
2369 2045 2637 2112 miseriis,
2662 2052 2716 2100 et
2747 2047 2900 2117 quod
2923 2052 3092 2117 caput
3114 2051 3198 2101 est
3223 2048 3324 2111 rei,
3356 2047 3610 2118 periculo

1918 2131 2213 2187 excidendi
2245 2149 2274 2187 e
2304 2134 2486 2204 gratia
2517 2134 2728 2189 divina.
2780 2136 2886 2190 Sed
2929 2135 3065 2189 satis
3097 2134 3359 2190 intricate
3385 2135 3476 2189 hic
3517 2135 3604 2189 di-

1917 2224 2108 2288 sputat
2135 2222 2487 2291 Augustinus
2517 2227 2714 2276 contra
2745 2222 3081 2291 Platonicos,
3121 2240 3263 2294 quos
3308 2223 3613 2278 defendere

1917 2324 2031 2362 non
2071 2314 2217 2362 esset
2244 2326 2424 2380 usque
2445 2310 2587 2364 adeo
2617 2310 2864 2364 difﬁcile.

1989 2398 2156 2452 [ωιιο
2185 2415 2294 2452 xw.
2319 2400 2451 2470 Cap.
2486 2404 2537 2454 5.
2587 2400 2887 2468 Siquidem,
2939 2400 3229 2454 secundum
3276 2401 3438 2470 ipsos,
3490 2402 3611 2467 illa,

1915 2489 1975 2536 ut
2003 2485 2204 2539 locutor
2230 2487 2424 2540 nobilis
2448 2489 2543 2550 ait,
2581 2487 2706 2541 dira
2735 2485 2943 2557 cupido
2983 2502 3149 2555 usque
3197 2487 3329 2542 adeo
3380 2505 3486 2542 non
3536 2494 3613 2542 est

1914 2587 1981 2625 ex
2009 2589 2244 2642 corpore,
2277 2581 2338 2629 ut
2361 2575 2428 2628 ab
2459 2578 2604 2628 omni
2640 2591 2894 2644 corporea
2930 2581 3074 2644 peste
3102 2581 3395 2644 purgatam
3430 2582 3481 2630 et
3517 2592 3610 2629 ea:-

1916 2665 2004 2713 tra
2027 2677 2176 2715 omne
2205 2677 2396 2732 corpus
2427 2665 2666 2717 animam
2711 2665 3057 2717 constitutam
3106 2665 3284 2732 ipsam
3331 2665 3613 2732 compellat

1915 2763 2024 2803 esse
2062 2752 2380 2819 incorpore.
2411 2750 2428 2819 ]
2465 2749 2714 2820 Respicit
2743 2751 2812 2804 ad
2858 2750 3157 2820 Virgilium
3198 2755 3364 2805 antea
3415 2751 3612 2805 lauda-

1915 2840 2057 2903 tum,
2093 2842 2149 2892 et
2178 2837 2412 2908 quidem
2443 2854 2588 2892 vers.
2623 2841 2744 2903 321,
2776 2838 2876 2892 lib.
2919 2855 2972 2892 vr
2993 2838 3258 2893 .rEneidos

2159 2952 2286 3009 Quae
2317 2952 2450 3001 lucis
2476 2952 2681 3001 miseris
2704 2957 2810 3001 tam
2841 2952 2954 3002 dira
2975 2952 3165 3016 cupido
3186 2955 3208 3000 ?

1913 3059 2021 3113 Sed
2065 3058 2154 3112 vix
2202 3059 2344 3114 milii
2381 3060 2728 3130 persuadere
2783 3075 3012 3131 possum
3069 3059 3365 3130 Virgilium
3421 3061 3610 3115 vocari

1913 3148 2214 3202 locutorem.
2251 3148 2561 3203 Ludovicus
2590 3148 2753 3202 Vives
2786 3148 2919 3202 alibi
2951 3149 3284 3203 Ciceronem
3311 3147 3390 3201 sic
3427 3149 3499 3203 ab
3543 3165 3611 3202 eo

1913 3237 2274 3290 nominatum
2306 3240 2485 3303 notat,
2507 3236 2797 3308 quodnon
2829 3236 3084 3290 memini.
3125 3236 3435 3306 Utrobique
3475 3238 3613 3292 mal-

1911 3326 2026 3381 lem
2056 3331 2324 3380 auctorem
2354 3342 2524 3396 quam
2557 3326 2840 3380 locutorem
2864 3325 3001 3396 legi.

1985 3417 2118 3486 Cap.
2147 3419 2230 3469 l7.
2265 3414 2416 3479 Quod
2437 3417 2623 3483 itaque
2652 3415 2912 3467 adversus
2943 3414 3260 3468 damnatam
3300 3415 3460 3482 culpa
3487 3415 3612 3466 ino-

1915 3505 2192 3559 bedientize
2218 3505 2548 3557 voluntatem
2577 3502 2744 3556 libido
2774 3502 3137 3556 inobedienter
3163 3503 3425 3568 movebat,
3462 3517 3611 3556 vere-

1913 3592 2114 3646 cundia
2136 3591 2408 3660 pudenter
2439 3591 2663 3657 tegebat.
2697 3589 2710 3661 j
2755 3591 2879 3644 Jam
2899 3590 3008 3643 hoc
3031 3589 3170 3643 dixit
3192 3590 3292 3644 lib.
3326 3607 3444 3655 xm,
3485 3606 3609 3660 cap.

1921 3679 2125 3747 13,ubi
2163 3679 2496 3734 monuimus
2527 3679 2596 3733 de
2650 3678 2869 3732 Adamo
2914 3679 3022 3731 hoc
3071 3678 3320 3747 potuisse
3374 3677 3506 3746 dici,
3539 3679 3611 3733 de

1915 3770 2025 3823 Eva
2052 3785 2170 3822 non
2204 3768 2359 3822 item.
2394 3767 2698 3833 Nimirum,
2733 3771 2896 3837 putat
2924 3767 3281 3836 Augustinus
3315 3783 3445 3820 cum
3489 3767 3611 3836 ple-

1913 3857 2107 3928 risque
2155 3857 2372 3927 primos
2421 3860 2688 3926 parentes
2748 3855 2855 3909 sibi
2891 3855 3090 3908 fecisse
3121 3857 3340 3923 cingula
3365 3860 3610 3920 tantum,

1915 3962 2032 3999 non
2079 3950 2279 3998 vestes.
2326 3944 2433 3999 Sed
2485 3949 2616 3998 sunt
2659 3943 2729 3996 ab
2761 3942 3167 4012 interpretibus
3197 3941 3430 4012 nuperis
3463 3940 3612 3994 dicta

1915 4034 1975 4087 in
2005 4049 2131 4086 eam
2161 4039 2282 4085 rem
2313 4048 2442 4102 quin
2473 4035 2605 4085 sunt
2634 4031 2894 4084 examine
2917 4031 3113 4100 digna.

1987 4121 2133 4175 Ibid.
2195 4123 2261 4174 Et
2297 4121 2391 4174 hoc
2431 4135 2606 4175 omnes
2652 4125 2849 4186 gentes,
2905 4121 3160 4186 quoniam
3200 4117 3267 4170 ab
3303 4118 3399 4171 illa
3441 4119 3612 4185 stirpe

1914 4214 2209 4278 procreata:
2237 4214 2380 4274 sunt,
2415 4224 2581 4276 usque
2610 4207 2741 4261 adeo
2771 4211 2944 4260 tenent
2981 4209 3203 4260 insitum
3230 4205 3487 4274 pudenda
3527 4221 3612 4259 ve-

129 4304 267 4359 ticari
307 4313 518 4377 prmter
565 4280 883 4378 simplicem
927 4280 1171 4361 mortem
1230 4323 1331 4360 seu
1375 4306 1806 4359 dissolutionem
1849 4280 1892 4333 D
1923 4301 2054 4365 lare,
2087 4302 2146 4352 ut
2194 4297 2420 4366 quidam
2469 4297 2709 4363 barbari,
2751 4297 2876 4349 illas
2905 4292 3142 4363 corporis
3188 4298 3373 4363 partes
3421 4308 3514 4346 nec
3552 4295 3612 4347 in

128 4395 378 4462 corporis,
408 4412 526 4450 non
561 4397 668 4450 erit
697 4397 1015 4450 timendum
1059 4413 1128 4449 ne
1159 4394 1511 4448 contrarium
1556 4395 1643 4447 vel
1665 4409 1798 4462 pro-

131 4479 296 4536 babile
327 4483 449 4537 ﬁeri
479 4485 674 4554 possit.
707 4485 963 4538 Alterum
993 4489 1075 4537 est
1113 4485 1319 4537 falsum
1358 4484 1544 4553 plane,
1605 4498 1799 4535 neces-

130 4569 336 4624 sitatem
369 4573 638 4642 peccandi
669 4558 937 4642 cuiquam
970 4590 1002 4625 a
1034 4573 1168 4638 Deo,
1202 4572 1365 4642 quasi
1395 4587 1622 4640 pwnam
1665 4586 1802 4640 pec-

132 4657 244 4722 cati,
277 4659 605 4730 impositam
636 4677 754 4714 cssc
781 4677 794 4725 ;
831 4662 977 4714 Deus
1008 4661 1161 4714 enim
1195 4666 1392 4713 auctor
1432 4676 1634 4729 ρσειιω,
1680 4659 1802 4713 sine

133 4744 308 4810 dubio,
335 4754 485 4804 esset
507 4750 707 4803 eadem
725 4766 899 4819 opera
920 4754 1115 4803 auctor
1137 4756 1192 4803 et
1212 4750 1364 4803 ultor
1384 4747 1622 4818 peccati,
1647 4748 1798 4818 quod

133 4833 360 4902 cogitatu
395 4842 452 4890 et
489 4837 642 4890 dictu
681 4836 1031 4890 horrendum
1061 4841 1164 4889 est.

194 4923 318 4993 Cap.
363 4928 447 4979 13.
484 4927 558 4980 De
590 4925 791 4995 primis
825 4927 1177 4996 parentibus,
1208 4941 1348 4994 quos
1380 4923 1658 4977 nuditatis
1691 4941 1807 4977 suae

132 5015 244 5078 post
285 5018 576 5082 peccatum
632 5015 847 5084 pudere
893 5013 1062 5084 ccepit
1114 5014 1401 5069 Senserunt
1453 5029 1576 5082 ergo
1614 5028 1809 5066 novum

133 5107 314 5155 motum
359 5103 732 5158 inobedientiz
775 5106 956 5157 carnis
1005 5119 1134 5162 suae,
1175 5107 1437 5171 tanquam
1479 5105 1810 5171 reciprocam

135 5202 329 5252 primam
362 5191 731 5245 inobedientize
759 5207 887 5245 suav.
923 5191 1038 5244 Hoc
1061 5189 1117 5242 in
1146 5189 1516 5260 sequentibus
1546 5189 1810 5258 pluribus

136 5279 444 5347 exsequitur
472 5285 525 5332 et
554 5296 703 5348 saepe
738 5278 962 5350 repetit,
1000 5277 1317 5348 praesertim
1355 5278 1451 5331 lib.
1502 5294 1607 5338 xlv,
1658 5279 1811 5330 unde

135 5359 435 5435 intelligere
458 5373 541 5421 est
569 5368 626 5421 id
657 5372 1044 5420 commentum
1079 5383 1194 5419 non
1216 5382 1417 5436 parum
1452 5364 1667 5419 auctori
1691 5365 1810 5435 pla-

138 5452 317 5506 cuissc.
349 5459 608 5508 Attamen
641 5472 713 5509 ne
741 5455 876 5525 quid
909 5454 1063 5508 aliud
1095 5454 1188 5506 hic
1223 5453 1427 5519 dicam,
1462 5469 1578 5506 non
1616 5453 1814 5506 debuit

138 5534 305 5593 dicere
333 5548 624 5610 senserunt,
658 5544 755 5597 sed
787 5545 955 5597 sensit
982 5541 1251 5607 Adamus,
1311 5557 1445 5596 nam
1488 5545 1676 5595 motus
1716 5545 1816 5594 aut

1917 4388 2120 4442 balneis
2141 4387 2317 4440 nudas
2340 4387 2590 4453 habeant,
2640 4385 2733 4440 sed
2766 4401 2884 4438 cum
2935 4399 3121 4437 earum
3162 4383 3478 4451 tegumentis
3522 4383 3612 4435 lu—

1908 4481 2049 4531 vent.
2100 4478 2202 4530 Per
2247 4491 2442 4544 opacas
2483 4490 2692 4544 quoque
2739 4473 2906 4527 India:
2951 4471 3287 4537 solitudines,
3325 4486 3444 4524 cum
3477 4473 3610 4539 qui-

1913 4566 2039 4619 dam
2071 4565 2210 4618 nudi
2273 4565 2744 4633 philosophentur,
2806 4561 2948 4615 unde
2996 4560 3459 4628 Gymnosophistre
3508 4575 3610 4613 no-

1913 4656 2210 4720 minantur,
2242 4653 2500 4706 adhibent
2530 4658 2706 4706 tamen
2743 4649 3066 4715 genitalibus
3119 4650 3372 4715 tegmina,
3417 4647 3612 4714 quibus

1909 4758 2006 4811 per
2031 4747 2221 4796 caetera
2244 4741 2598 4794 membrorum
2650 4739 2898 4806 carent]
2949 4741 3014 4792 At
3064 4735 3457 4806 navigationes
3503 4750 3612 4786 nu-

1914 4847 2065 4902 perae
2095 4835 2150 4883 et
2177 4845 2281 4899 per
2301 4832 2560 4882 nostrum
2578 4825 3046 4896 hemisphmrium
3073 4829 3130 4877 et
3150 4840 3252 4893 per
3271 4822 3608 4892 antipodum

1916 4925 2263 4981 nostrorum,
2324 4933 2426 4979 nos
2479 4915 2803 4969 docuerunt
2851 4929 2969 4966 esse
3014 4915 3212 4982 gentes
3249 4909 3309 4963 in
3345 4907 3534 4961 Africa
3555 4912 3612 4961 et

1916 5009 1977 5062 in
1998 5007 2257 5062 America
2285 5007 2455 5076 plane
2487 5003 2706 5066 nudas;
2743 5005 2797 5054 et
2827 5001 2899 5054 ad
2953 4999 3330 5053 Brachmanes
3375 4995 3610 5066 quidem

1917 5097 2069 5167 quod
2101 5095 2323 5159 attinet,
2355 5093 2523 5163 plane
2558 5091 2740 5144 nudos
2765 5105 2858 5142 eos
2889 5103 3011 5142 esse
3042 5085 3252 5140 oculati
3292 5089 3463 5138 testes
3509 5083 3611 5136 do-

1919 5189 2067 5251 cent,
2126 5183 2277 5236 inter
2327 5198 2470 5252 quos
2520 5177 2846 5233 Franciscus
2905 5172 3226 5240 Bernerius,
3272 5171 3354 5225 vir
3382 5170 3613 5225 candidi

1920 5270 2137 5342 ingenii
2185 5275 2242 5324 et
2287 5267 2694 5340 philosophicis
2741 5264 2945 5318 studiis
3004 5259 3236 5328 exculti,
3285 5258 3384 5329 qui
3420 5257 3517 5312 diu
3555 5259 3611 5312 in

1920 5361 2082 5414 India
2113 5359 2276 5412 vixit.
2318 5358 2427 5410 Nec
2445 5361 2582 5426 puto
2614 5354 2750 5407 olim
2775 5350 2954 5419 magis
2976 5347 3203 5401 vestitos
3220 5347 3412 5413 fuisse,
3437 5344 3613 5415 quid—

1921 5449 2057 5520 quid
2093 5448 2241 5501 dicat
2295 5442 2758 5498 mendacissimus
2809 5439 2902 5491 ille
2935 5454 2996 5490 ac
3039 5435 3436 5506 putidissimus
3475 5433 3612 5486 scri-

1920 5543 2050 5608 ptor
2075 5536 2133 5588 in
2165 5551 2268 5589 suo
2302 5531 2623 5603 Apollonio,
2661 5528 3044 5583 Philostratus.
3090 5524 3371 5579 Caeterum
3423 5521 3611 5591 pudor
