3884 6178
325 226 428 278 483
1357 221 1913 277 SUPPLEMENTUM
1951 224 2041 278 AD
2079 223 2312 280 causa
2351 227 2405 280 s.
2447 226 2832 283 AUGUSTINI.
3663 249 3744 303 ,8,

323 345 604 400 nuditatis
654 345 790 400 inde
837 345 1254 433 partimnortus
1291 342 1516 397 videtur
1560 343 1712 433 unde
1742 343 1876 433 dicit
1906 346 2028 399 Au—
2064 352 2106 406 A
2136 347 2305 418 plane
2331 347 2507 402 alium
2538 348 2836 420 descripsit
2865 365 2927 404 ac
2965 353 3068 416 est,
3118 367 3394 424 quamque
3440 373 3470 411 a
3509 360 3753 433 Scriptura

324 433 610 503 gustinus,
662 434 759 488 sed
806 435 986 487 multa
1025 431 1134 485 alia
1182 436 1558 486 accesserunt.
1601 432 1742 486 Cum
1772 432 2022 486 Adamus
2133 435 2299 489 nobis
2330 437 2754 509 praepingitur;
2787 437 2894 492 toti
2924 438 3096 492 etiam
3127 443 3337 495 natura:
3368 443 3471 500 vim
3513 431 3676 516 infert,
3703 461 3751 508 ut

326 525 384 574 et
413 523 522 576 Eva
571 521 898 576 habuerunt
934 519 1168 585 liberos,
1223 518 1356 573 tecti
1395 534 1516 572 esse
1566 519 1912 609 debuerunt,
1952 536 2023 609 ne
2133 523 2316 594 possit
2364 542 2567 596 pravas
2623 526 3128 597 interpretationes
3194 528 3538 588 obscurorum
3578 537 3755 609 aliquot

322 609 491 664 liberi
511 615 701 679 partes
733 624 845 662 non
877 612 1052 662 tectas
1099 610 1539 675 contrectarent,
1589 606 1821 677 suisque
1865 606 2023 660 abuti
2131 613 2704 684 Scripturailocorum
2723 616 2976 670 tueri.At
2997 617 3178 670 multo
3202 619 3368 672 satius
3387 606 3752 693 fuitagnosccre

320 697 486 752 citius
528 714 693 767 aequo
733 697 1034 750 discerent.
1104 694 1365 750 Mulieres
1418 694 1587 750 etiam
1639 713 1672 750 a
1718 696 2020 765 pubertate
2129 702 2632 773 interpretationes
2653 704 2956 758 illasfalsas
2977 707 3359 774 esse,eoquod
3378 714 3578 765 natura:
3597 730 3755 771 rerum

319 789 492 839 tectas
540 801 660 839 esse
709 788 954 854 oportet,
1006 800 1078 837 ne
1130 783 1375 855 singulis
1440 783 1733 837 mensibus
1807 784 2022 838 faidum
2131 797 2322 846 essent
2349 794 2669 859 contrariae,
2703 810 2834 847 cum
2864 810 2978 864 qua
3004 794 3291 864 Scriptura
3316 806 3752 873 pugnarenequit.

319 873 617 942 quidpiam
647 874 840 927 oculos
863 873 1131 928 offendat.
1167 871 1471 943 Conjugati
1495 888 1724 943 quoque
1749 871 1882 926 tecti
1902 889 2022 926 esse
2202 881 2334 951 Cap.
2365 883 2454 947 24,
2488 882 2514 951 §
2553 885 2598 936 t.
2632 883 2931 938 Seminaret
2959 885 3130 949 igitur
3156 885 3354 952 prolem
3373 888 3469 950 vir,
3508 871 3756 959 susciperet

313 961 541 1029 debent,
594 979 665 1016 ne
687 962 925 1017 libidine
946 979 1050 1034 per
1065 962 1258 1016 oculos
1279 961 1554 1016 concitata
1578 961 2004 1032 conjugiorum,
2126 971 2334 1036 femina
2363 966 2687 1037 genitalibus
2716 971 2988 1038 membris,
3027 977 3078 1026 et
3107 978 3362 1040 quantum
3391 991 3514 1044 opus
3541 985 3657 1032 esset
3679 997 3756 1036 υο.

314 1050 546 1121 optima:
563 1067 626 1105 ac
647 1051 968 1106 utilissima:
989 1052 1146 1122 leges
1168 1051 1473 1118 violentur,
1511 1055 1566 1104 et
1589 1050 1868 1104 adulteria
1890 1067 2018 1121 pas-
2128 1060 2334 1113 luntate
2361 1058 2538 1128 motis,
2567 1076 2672 1115 non
2702 1061 2928 1115 libidine
2944 1064 3242 1116 concitatis.
3264 1063 3438 1130 Neque
3458 1067 3586 1118 enim
3600 1081 3653 1118 ea
3669 1069 3758 1121 sola

312 1139 420 1192 Sim
441 1140 902 1206 committantur;
929 1140 1080 1211 quod
1098 1139 1219 1193 Sine
1243 1139 1511 1192 humanm
1535 1137 1820 1192 SOC'ietatiS
1839 1137 2021 1209 perni-
2125 1149 2364 1202 membra
2391 1165 2656 1204 movemus
2687 1149 2760 1203 ad
2786 1154 2996 1217 nutum,
3028 1166 3147 1218 quae
3189 1154 3471 1220 compactis
3515 1154 3761 1208 articulata

313 1226 417 1294 cie,
441 1227 566 1281 ﬁeri
587 1244 701 1282 non
723 1231 929 1297 posset.
957 1227 1097 1280 Hinc
1121 1225 1394 1297 paulatim
1425 1231 1590 1279 natus
1613 1225 1884 1280 nuditatis
1910 1242 2017 1295 pu-
2125 1241 2251 1291 sum
2294 1237 2524 1307 ossibus,
2574 1240 2714 1292 sicut
2759 1238 2944 1307 pedes,
2995 1254 3188 1293 manus
3228 1244 3277 1293 ετ
3334 1239 3561 1307 digitos;
3615 1258 3761 1296 verum

315 1315 420 1369 dor
441 1320 497 1369 et
515 1316 824 1386 diligenter
846 1333 878 1370 3
904 1315 1260 1385 Parentibus:
1284 1329 1388 1368 nec
1408 1314 1528 1367 δίοθ
1555 1312 1906 1384 ετεινίδεὶωίε
1928 1330 2015 1367 Γει-
2125 1327 2290 1379 etiam
2320 1327 2417 1380 illa
2447 1342 2565 1395 qua
2593 1328 2843 1382 mollibus
2873 1330 3100 1382 remissa
3127 1333 3252 1382 sunt
3271 1331 3472 1396 nervis,
3505 1345 3614 1382 cum
3644 1332 3765 1384 colu-

223 1437 226 1444 ι
314 1403 590 1470 tionibus,
639 1404 954 1458 liberorum
997 1403 1202 1457 animis
1244 1403 1582 1457 insinuatus.
1616 1402 1724 1457 Sed
1763 1402 1832 1456 de
1864 1401 2017 1456 hisce
2127 1429 2263 1480 mus,
2288 1430 2553 1469 movemus
2583 1417 2842 1484 agitando
2888 1422 2939 1471 et
2982 1417 3310 1486 porrigenda
3353 1417 3690 1486 producimus,
3728 1425 3766 1473 et

313 1491 576 1561 pluribus
601 1508 714 1546 non
737 1508 994 1564 agemus,
1020 1508 1088 1546 ne
1111 1492 1169 1545 in
1191 1491 1472 1561 pudorem
1495 1495 1550 1544 et
1569 1491 1678 1561 ipsi
1698 1507 2013 1561 peccemus.
2127 1502 2420 1570 torquendo
2443 1506 2702 1571 ﬂectimus
2732 1509 2780 1557 et
2808 1505 3219 1571 constringendo
3262 1505 3550 1573 duramus;
3590 1509 3706 1560 sicut
3723 1523 3771 1560 ea

389 1588 522 1658 Cap.
557 1591 641 1643 18.
675 1590 807 1654 Quis
838 1591 980 1642 enim
1007 1590 1285 1654 nescit,,ut
1311 1589 1418 1656 filii
1463 1594 1828 1657 procreentur,
1879 1587 2015 1658 quid
2050 1633 2093 1689 Β
2125 1595 2251 1643 sunt
2280 1606 2397 1658 qua:
2425 1593 2482 1644 in
2506 1607 2594 1646 ore
2617 1608 2680 1646 ac
2708 1595 2869 1660 fac-ie,
2903 1598 3166 1662 quantum
3195 1598 3386 1662 potest,
3418 1595 3646 1648 voluntas
3679 1611 3769 1648 mo-
3840 1595 3848 1604 ⁴

315 1677 458 1730 inter
478 1692 532 1730 se
585 1678 837 1746 conjuges
884 1679 1102 1746 agant?
1153 1676 1603 1746 Quandoquidem
1624 1682 1684 1730 ut
1730 1676 1790 1729 id
1814 1680 2012 1742 agatur
2050 1676 2093 1689 ”
2123 1681 2228 1731 oet.
2270 1678 2288 1747 ]
2322 1679 2552 1734 Frustra
2580 1680 2859 1736 honorem
2889 1682 3123 1736 auribus
3154 1683 3425 1753 praefatus
3454 1686 3535 1736 est
3557 1682 3774 1753 Augusti-

315 1769 472 1819 tanta
534 1766 838 1820 celebritate
889 1766 1165 1820 ducuntur
1211 1780 1447 1830 umores;
1498 1768 1549 1817 et
1587 1769 1762 1818 tamen
1806 1780 1924 1818 cum
1953 1763 2012 1817 id
2121 1781 2248 1831 nus,
2282 1766 2403 1821 haec
2444 1767 2532 1821 vix
2580 1769 2809 1822 tolerari
2857 1773 3098 1839 possunt
3127 1768 3187 1822 in
3229 1785 3328 1822 ore
3369 1768 3536 1836 senis,
3576 1773 3629 1822 et
3671 1769 3772 1838 epi-

243 1895 259 1912 .
315 1855 499 1920 agitur
543 1853 684 1907 unde
729 1855 834 1923 ﬁlii
880 1859 1199 1922 nascuntur,
1237 1869 1330 1907 nec
1374 1854 1486 1922 ipsi
1531 1853 1653 1920 ﬁlii
1688 1853 1739 1906 si
1767 1855 1863 1920 qui
1888 1852 2013 1906 inde
2121 1855 2276 1924 scopi
2327 1871 2526 1910 omnes
2568 1856 2892 1926 promiscue
2943 1857 3311 1928 alloquentis,
3364 1862 3482 1911 tam
3545 1857 3772 1912 obscaena

305 1943 428 2011 jam
449 1945 568 1996 nati
594 1949 742 2012 sunt,
772 1949 926 1998 testes
954 1945 1074 2012 ﬁeri
1117 1944 1531 2012 permittuntur.
1572 1939 1592 2012 ]
1646 1942 1760 1994 Hoc
1807 1956 1925 1994 non
1950 1939 2015 1993 ﬁt
2120 1942 2194 1996 ad
2221 1943 2644 2012 illustrandam,
2675 1951 2738 2000 ut
2766 1945 3070 2000 mitissime
3117 1947 3346 2017 loquar,
3394 1946 3617 2000 inanem
3664 1963 3774 2000 cou-

313 2031 466 2102 quod
496 2030 618 2102 ipsa
655 2030 837 2085 resin
869 2048 927 2086 se
959 2035 1211 2102 spectata
1255 2029 1521 2101 pudenda
1566 2029 1678 2094 sit;
1723 2029 1818 2082 sed
1851 2029 2011 2098 quod
2114 2032 2417 2102 jecturam,
2465 2038 2583 2088 tam
2627 2049 2869 2105 operose
2917 2039 3191 2105 congesta
3241 2051 3307 2088 ac
3351 2035 3592 2090 studiose
3646 2051 3775 2104 repe-

314 2119 700 2190 periculosum
731 2124 902 2189 esset,
932 2135 1005 2173 ne
1036 2118 1358 2172 imitatione
1406 2116 1806 2188 intempestiva
1842 2115 2014 2170 liberi
2120 2120 2244 2175 tita.
2277 2122 2564 2186 Quosnam
2593 2123 2747 2178 enim
2765 2124 2996 2178 tandem
3018 2124 3141 2178 haec
3163 2128 3289 2178 tam
3310 2123 3510 2194 putida
3536 2123 3776 2178 docebat?

311 2208 678 2264 imitarentur
706 2213 991 2280 parentes,
1025 2207 1086 2263 in
1116 2208 1187 2262 iis
1217 2207 1658 2262 circumstantiis
1694 2207 1755 2260 in
1806 2205 2013 2277 quibus
2122 2210 2364 2280 Puellas,
2409 2211 2614 2278 credo;
2664 2228 2800 2266 nam
2841 2212 3010 2282 pueri
3059 2211 3202 2279 Afri,
3250 2211 3358 2266 sub
3399 2211 3623 2265 ardente
3664 2211 3778 2264 coelo

311 2313 404 2352 res
440 2297 650 2351 illicita
695 2301 863 2366 esset,
927 2302 984 2352 et
1037 2297 1307 2352 humanas
1345 2295 1600 2350 societati
1647 2295 2014 2349 vehementer
2122 2297 2242 2351 nati
2295 2301 2351 2352 et
2390 2297 2632 2365 educati,
2684 2304 2768 2353 sat
2811 2299 2921 2353 cito
2967 2299 3104 2353 talia
3146 2303 3384 2353 norant.
3433 2298 3605 2352 Paulo
3647 2302 3784 2351 antea

312 2389 564 2438 noceret.
608 2384 740 2438 Ideo
779 2384 1018 2439 interest
1041 2401 1071 2438 a
1112 2383 1362 2455 pueritia
1409 2383 1619 2439 liberos
1668 2383 1887 2455 pudore
1918 2382 2014 2436 illo
2123 2385 2262 2440 dixit
2319 2387 2549 2457 quidem
2585 2388 2694 2442 sibi
2718 2389 2982 2455 facillime
3006 2389 3273 2457 pudicum
3303 2405 3366 2442 ac
3397 2389 3690 2456 religiosum
3722 2387 3783 2439 le-

312 2472 517 2542 imbui,
544 2488 613 2525 ne
645 2472 894 2526 audeant
920 2472 1102 2526 faccre
1136 2473 1290 2542 quod
1324 2472 1563 2525 noxium
1597 2476 1762 2526 esset.
1791 2470 1900 2525 Sed
1930 2475 2012 2524 ta-
2121 2478 2315 2529 ctorem
2352 2478 2642 2544 ignoscere,
2691 2478 2854 2532 donec
2904 2477 3288 2546 inﬁdelitatem
3335 2478 3572 2543 refellat,
3615 2491 3710 2530 non
3739 2475 3788 2527 de

311 2575 446 2613 men
472 2576 575 2629 pro
607 2559 878 2614 varietate
904 2563 1234 2631 temporum
1265 2576 1328 2614 ac
1360 2561 1616 2630 gentium
1654 2563 1897 2630 augetur
1916 2561 2014 2612 aut
2121 2561 2230 2632 ﬁde
2257 2579 2443 2619 rerum
2459 2567 2888 2636 inewpertarum,
2909 2566 3004 2620 sed
3019 2567 3084 2620 de
3102 2581 3269 2621 sensu
3289 2571 3631 2636 expertarum
3649 2579 3786 2630 argu-

310 2647 593 2701 minuitur
623 2648 717 2703 ille
754 2649 945 2719 pudor
973 2668 989 2714 ;
1024 2649 1175 2720 quod
1208 2649 1390 2720 liquet
1419 2665 1484 2702 ex
1539 2648 1773 2702 libidine
1812 2646 2013 2700 effreni
2121 2657 2460 2707 menlantem.
2491 2654 2597 2708 Sed
2629 2659 2798 2708 erunt
2827 2659 2884 2709 et
2910 2654 3102 2726 pudici
3130 2658 3190 2708 et
3228 2653 3512 2726 religiosi,
3555 2668 3687 2724 quos
3706 2666 3789 2721 pu-

312 2750 428 2787 non
458 2739 682 2788 tantum
712 2739 969 2790 veterum
993 2737 1231 2807 Europae
1257 2739 1311 2789 et
1330 2735 1478 2789 Asiae
1501 2734 1880 2802 ethnicorum,
1910 2731 2006 2785 sed
2121 2740 2276 2795 debit
2326 2742 2656 2809 commenti,
2696 2743 2851 2814 quod
2899 2743 3131 2798 nonnisi
3178 2749 3302 2798 tam
3327 2742 3605 2798 obscaenis
3631 2740 3784 2810 conje-

311 2822 483 2877 etiam
513 2823 927 2878 hodiernorum
977 2824 1181 2878 Africae
1211 2827 1268 2878 et
1296 2824 1576 2878 America:
1607 2822 2004 2877 barbarorum.
2119 2829 2294 2883 cturis
2323 2830 2549 2886 defendi
2578 2831 2766 2902 potuit
2791 2853 2806 2901 ς
2833 2848 2939 2886 nec
2968 2832 3267 2904 patientur
3297 2832 3540 2901 inﬁdeles
3565 2829 3686 2895 dici,
3711 2825 3790 2898 qui

379 2921 516 2991 Cap.
555 2923 642 2975 20.
707 2921 854 2975 Unde
896 2926 945 2975 et
991 2923 1148 2975 illum
1200 2921 1561 2991 (Diogenem,
1623 2918 1723 2990 qui
1775 2918 2000 2989 publice
2038 2915 2078 2972 C
2119 2919 2326 2974 talibus
2355 2921 2593 2975 somniis
2621 2921 2793 2976 ﬁdem
2822 2922 3119 2992 derogant,
3163 2922 3269 2976 sed
3331 2939 3430 2976 eos
3482 2918 3791 2975 contendent

309 3007 687 3063 concumbere
737 3025 869 3063 cum
925 3010 1225 3064 meretrice
1270 3008 1466 3077 voluit)
1507 3009 1590 3063 vel
1631 3009 1751 3062 illos
1782 3008 1878 3075 qui
1906 3006 2002 3060 hoc
2109 3024 2230 3062 esse
2277 3009 2437 3064 valde
2491 3010 2752 3076 audaces,
2793 3026 2864 3064 ne
2913 3010 3051 3081 quid
3092 3011 3302 3064 durius
3325 3010 3534 3074 dicam,
3580 3007 3674 3079 qui
3700 3022 3786 3074 pro

305 3104 497 3169 fecisse
541 3105 873 3168 referuntur,
923 3105 1106 3171 potius
1131 3102 1368 3156 arbitror
1396 3101 1852 3155 concumbentium
1882 3115 2002 3153 mo—
2109 3097 2280 3151 verbo
2323 3097 2514 3152 divino
2556 3098 2855 3168 opiniones
2884 3099 2986 3153 has
3033 3115 3162 3152 suas
3214 3099 3451 3170 populis
3483 3096 3784 3152 odtruduut.

309 3195 394 3244 tus
425 3189 635 3243 dedisse
663 3191 828 3244 oculis
855 3191 1127 3244 hominum
1150 3191 1500 3245 nescientium
1530 3188 1663 3257 quid
1691 3188 1788 3241 sub
1831 3188 2002 3256 pallio
2108 3183 2216 3239 Sed
2253 3184 2434 3240 utitur
2472 3190 2666 3240 noster
2713 3191 2903 3241 orator
2933 3188 3197 3257 exemplo
3255 3187 3541 3258 Apostoli,
3581 3201 3690 3256 quo
3736 3196 3783 3234 se

308 3282 600 3347 gereretur,
623 3293 784 3346 quam
823 3278 1056 3331 humano
1102 3282 1370 3346 premente
1417 3280 1714 3344 conspectu,
1762 3277 2004 3344 potuisse
2108 3279 2376 3328 tueatur:
2424 3277 2577 3344 Legit
2633 3278 2775 3329 enim
2820 3277 2948 3341 haec,
2980 3276 3196 3346 inquit,
3246 3279 3370 3331 sine
3395 3277 3693 3345 offensione,
3717 3271 3796 3338 qui

308 3367 464 3421 illam
487 3366 687 3435 peragi
711 3365 1058 3434 voluptatem.
1088 3362 1111 3436 ]
1145 3365 1469 3418 Maluissem
1498 3363 1594 3416 illa
1615 3379 1731 3416 non
1749 3362 2002 3432 attigisse
2109 3378 2213 3416 non
2243 3364 2493 3417 exhorret
2537 3365 2855 3433 Apostolum
2903 3365 3175 3419 horrenda
3223 3367 3563 3432 feminarum
3607 3361 3792 3429 ﬂagitia

309 3471 484 3526 quam
506 3460 622 3508 tam
646 3454 828 3524 perite
849 3453 1317 3524 philosophatum
1334 3454 1401 3507 de
1423 3469 1484 3506 re
1496 3457 1612 3506 tam
1635 3451 1788 3522 turpi
1805 3451 1999 3519 fuisse,
2108 3452 2599 3521 reprehendentem,
2633 3469 2760 3523 quae
2791 3453 3254 3508 immutaverunt
3299 3453 3623 3507 naturalem
3653 3462 3792 3502 usum

307 3544 407 3596 illa
433 3543 755 3612 przesertim
809 3547 976 3596 aetate
1030 3558 1141 3612 qua
1182 3546 1302 3596 erat
1330 3539 1721 3610 Augustinus;
1756 3539 1850 3592 sed
1884 3554 2003 3592 non
2109 3538 2170 3592 in
2200 3557 2332 3594 cum
2363 3557 2531 3594 usum
2558 3540 2659 3612 qui
2689 3545 2772 3595 est
2789 3546 2988 3595 contra
3010 3547 3311 3597 naturam.
3340 3544 3553 3595 Verum
3577 3542 3788 3609 Apostoo

309 3631 601 3686 illibenter
631 3630 699 3685 de
738 3630 1019 3700 ejusmodi
1073 3630 1242 3684 rebus
1289 3629 1448 3700 loqui
1489 3628 1728 3690 videtur,
1796 3630 1858 3680 ut
1881 3626 2003 3696 jam
2108 3628 2198 3682 lus
2223 3628 2344 3682 haec
2376 3644 2492 3682 non
2521 3628 2644 3682 sine
2677 3645 2900 3683 summa
2941 3635 2998 3684 et
3035 3629 3371 3700 justissima
3425 3625 3794 3699 indignatione

305 3719 555 3774 vidimus
611 3723 668 3772 et
713 3723 906 3789 postea
955 3717 1126 3772 etiam
1175 3716 1512 3771 videbimus.
1550 3715 1692 3769 Utilc
1737 3714 1888 3768 enim
1921 3717 2005 3768 est
2109 3715 2342 3770 detonat
2364 3716 2424 3770 in
2450 3733 2576 3770 reas
2605 3717 2891 3786 ejusmodi
2918 3717 3323 3788 ﬂagitiorum;
3360 3721 3419 3771 at
3472 3713 3795 3785 Augustinm'

306 3807 443 3862 talia
471 3806 780 3877 diligenter
808 3805 1019 3873 notari,
1051 3821 1124 3859 ne
1155 3805 1417 3859 homines
1457 3804 1720 3857 nonnulli
1764 3803 2003 3872 impune
2109 3804 2300 3874 turpia
2327 3809 2648 3859 commenta
2677 3805 2769 3860 hic
2799 3806 2962 3860 nobis
2988 3806 3289 3876 propinat,
3323 3807 3608 3861 duntaxat
3634 3808 3693 3856 ut
3723 3816 3795 3853 ra-

303 3899 544 3966 pergant
573 3895 680 3950 viri
709 3894 1047 3948 auctoritate
1078 3910 1258 3964 usque
1299 3893 1438 3947 adeo
1489 3891 1666 3959 abuti,
1701 3891 1777 3945 ita
1819 3895 1884 3945 ut
1914 3907 2004 3944 er-
2109 3893 2327 3948 tionem
2346 3893 2548 3948 reddat
2577 3893 2659 3947 rei
2694 3910 2821 3965 quae
2852 3910 2968 3948 non
2996 3893 3107 3948 fuit
3121 3910 3325 3965 neque
3355 3896 3468 3948 erit
3491 3912 3504 3959 ;
3530 3891 3794 3951 nimirum,

309 4001 468 4039 rores
487 3985 630 4054 ejus,
663 3999 782 4037 non
810 3983 1002 4037 minus
1031 3999 1096 4036 ac
1123 3997 1256 4036 vere
1286 3981 1456 4046 dicta,
1505 3982 1854 4034 consecrent.
2111 3981 2494 4053 generationis
2538 3981 2854 4036 liberorum
2896 3981 2958 4036 in
3004 3984 3155 4036 statu
3183 3981 3572 4051 innocentiae,
3603 3979 3648 4033 si
3672 3978 3724 4031 in
3745 3991 3798 4029 eo

375 4075 511 4144 Cap.
541 4075 631 4138 23,
665 4073 692 4139 §
731 4074 780 4126 3.
832 4072 910 4125 De
957 4071 1175 4124 ratione
1227 4085 1342 4140 qua
1377 4073 1754 4140 propagatum
1803 4065 2005 4121 fuisset
2110 4070 2284 4140 primi
2333 4072 2597 4140 parentes
2645 4074 3136 4141 perseverassent;
3171 4075 3233 4125 et
3264 4071 3513 4142 quidem
3553 4069 3681 4140 quia
3707 4071 3798 4118 sta-

302 4177 482 4232 genus
510 4161 830 4215 humanum
867 4159 988 4215 sine
1011 4163 1240 4231 peccato
1271 4158 1476 4212 Adami
1501 4173 1513 4211 :
1561 4158 1862 4223 Voluntati,
1909 4155 1999 4208 in-
2038 4202 2082 4256 D
2110 4158 2220 4215 tuit
2247 4163 2540 4230 peccatum
2560 4159 2620 4213 id
2648 4175 2768 4213 esse
2790 4160 2941 4230 quod
2973 4159 3124 4213 inest
3147 4164 3389 4214 naturae
3423 4157 3680 4214 omnium
3703 4152 3799 4208 aui-

302 4249 445 4322 quit,
476 4250 715 4303 membra
735 4250 855 4315 illa,
885 4253 946 4302 ut
971 4253 1161 4302 caetera
1191 4249 1374 4301 omnia
1392 4247 1674 4300 servirent.
1731 4247 1812 4299 Ita
1849 4246 1998 4311 geni-
2038 4246 2078 4256 ”
2112 4248 2371 4314 malium,
2404 4265 2508 4303 nec
2537 4264 2779 4319 usquam
2810 4248 3138 4316 damnatur,
3168 4248 3221 4301 si
3254 4250 3440 4304 modo
3480 4249 3632 4302 intra
3673 4247 3802 4312 leges

305 4339 410 4390 tale
426 4352 617 4390 arvum
641 4351 737 4390 vas
770 4338 829 4388 in
854 4337 948 4389 hoc
978 4351 1110 4403 opus
1132 4339 1369 4388 creatum
1408 4335 1716 4399 seminaret,
1765 4337 1824 4385 ut
1863 4347 2002 4386 nunc
2109 4337 2504 4404 contineatur;
2555 4337 2853 4402 nimirum,
2900 4337 3284 4407 cupiditatem
3342 4335 3607 4408 conjugii
3671 4333 3802 4404 post-

305 4429 505 4478 terram
527 4439 718 4477 manus
737 4443 758 4487 ;
788 4423 894 4476 hoc
921 4427 1024 4487 est,
1056 4422 1177 4476 sine
1207 4422 1324 4475 ullo
1368 4420 1676 4490 voluptatis
1719 4420 2000 4490 appetitu,
2109 4441 2283 4495 quam
2309 4426 2626 4496 pubertatis
2654 4442 2838 4480 annos
2869 4427 3208 4495 attigerunt.
3249 4426 3444 4480 Suum
3477 4441 3615 4494 ergo
3644 4417 3805 4488 turpi-

302 4527 435 4565 nam
467 4527 594 4566 eam
624 4509 922 4565 libidinem
953 4511 1073 4564 vult
1111 4508 1467 4579 Augustinus
1513 4523 1632 4561 esse
1681 4512 1994 4578 peccatum.
2104 4514 2367 4584 loquium
2399 4516 2544 4568 male
2576 4515 2797 4568 confert
2825 4531 2958 4568 cum
2973 4515 3129 4585 justa
3157 4515 3338 4568 Pauli
3391 4510 3804 4582 indignatione;

305 4600 515 4655 Eadem
561 4615 735 4671 opera
782 4599 970 4653 dicere
1021 4598 1310 4653 debuisset
1355 4599 1672 4669 appetitum
1714 4597 1825 4652 cibi
1852 4598 2001 4668 grati
2106 4618 2178 4656 ne
2194 4604 2315 4673 jam
2337 4604 2520 4659 dicam
2545 4604 2782 4658 Paulum
2802 4603 2976 4656 semel
3007 4606 3062 4656 et
3082 4602 3293 4672 paucis
3319 4603 3551 4672 ﬂagitia
3585 4596 3809 4654 ethnico-

300 4694 597 4760 peccatum
627 4705 747 4742 esse
773 4707 788 4756 ;
814 4704 917 4741 nec
947 4687 1164 4759 primos
1185 4683 1448 4758 parentes
1475 4703 1604 4741 cum
1631 4687 1849 4741 fructus
1878 4686 1998 4740 lici-
2104 4708 2233 4746 rum
2253 4693 2550 4763 attingere,
2574 4708 2706 4747 cum
2726 4691 2821 4746 ille
2841 4691 3050 4762 saepius
3073 4691 3189 4746 huc
3213 4693 3429 4748 redeat
3467 4697 3526 4746 et
3551 4685 3806 4744 rhetorico

299 4783 387 4832 tos
414 4783 470 4833 et
491 4777 781 4849 jucundos
811 4777 1198 4844 comederunt,
1249 4777 1365 4830 ulla
1411 4777 1701 4846 voluptate
1741 4775 1998 4829 titillatos
2103 4781 2232 4834 fuco
2263 4781 2457 4835 omnia
2486 4785 2741 4848 exornet,
2774 4785 2838 4835 ut
2872 4796 2940 4834 ex
2967 4780 3148 4834 allatis
3183 4781 3390 4835 verbis
3440 4780 3581 4836 satis
3625 4778 3806 4847 liquet.

298 4867 492 4935 fuisse,
529 4871 630 4922 aut
657 4866 931 4921 adductos
965 4871 1027 4920 ut
1055 4866 1159 4920 hos
1205 4865 1394 4936 potius
1439 4881 1614 4936 quam
1654 4864 1784 4918 illos
1814 4880 1999 4918 come-
2176 4870 2349 4923 Llsno
2395 4886 2467 4923 xv
2509 4870 2644 4940 Cap.
2705 4872 2757 4924 9.
2819 4870 2889 4923 Ut
2944 4870 3149 4939 probet
3201 4869 3394 4924 fuisse
3451 4869 3708 4940 gigantes
3755 4877 3808 4913 ex

300 4956 523 5024 derent,
557 4956 656 5010 sed
708 4955 1020 5009 comedisse
1077 4959 1302 5009 tantum
1356 4959 1416 5008 ut
1466 4969 1671 5024 corpus
1715 4957 1996 5007 sustenta-
2102 4957 2394 5012 occasione
2443 4957 2549 5013 loci
2583 4959 2784 5012 Cenes.
2816 4958 2954 5024 v14,
2996 4958 3263 5024 Gigantes
3312 4963 3505 5014 autem
3547 4959 3696 5012 erant
3729 4966 3811 5007 su-

299 5049 444 5098 rent.
478 5044 698 5098 Addere
727 5042 901 5097 etiam
933 5058 1065 5096 eum
1114 5041 1457 5111 oportuisset
1505 5041 1690 5107 bruta,
1747 5057 1995 5111 quorum
2100 5062 2197 5116 per
2216 5051 2416 5101 terram
2447 5051 2504 5101 in
2526 5047 2712 5101 diebus
2739 5048 2870 5112 illis,
2897 5045 2976 5098 sic
3001 5046 3396 5100 ratiocinatur
3415 5065 3433 5100 ε
3463 5044 3811 5101 nobilissimus

301 5148 518 5201 organa.
547 5131 752 5186 nostris
783 5147 900 5185 non
929 5128 1215 5184 absimilia
1263 5132 1416 5195 sunt,
1467 5129 1686 5182 nullam
1736 5144 1995 5198 quaerere
2099 5141 2449 5205 eorumpoeta
2467 5135 3055 5204 Virgilius,deingenti
3068 5134 3283 5203 lapide,
3327 5137 3813 5204 queminagrorum

298 5218 362 5271 in
389 5220 742 5274 naturalibus
771 5217 1096 5272 actionibus
1117 5217 1485 5286 voluptatem,
1520 5231 1655 5268 nam
1703 5232 1838 5296 sane
1877 5232 1995 5269 non
2101 5224 2270 5279 limite
2287 5227 2517 5293 inﬁmum
2537 5227 2627 5278 vir
2648 5226 2809 5290 fortis
2825 5224 3040 5277 illorum
3058 5227 3377 5291 temporum
3395 5226 3628 5293 (nempe
3643 5214 3815 5274 heroi—

299 5311 641 5376 peccarunt:
675 5307 771 5360 sed
802 5307 872 5360 iis
903 5305 1140 5375 defungi
1167 5310 1371 5375 Sponte
1415 5308 1656 5368 naturae.
1712 5303 1834 5358 sine
1875 5305 1995 5359 ulla
2099 5314 2314 5383 corum)
2341 5328 2595 5382 pugnans
2615 5317 2665 5367 et
2691 5314 2898 5381 rapuit,
2925 5316 2975 5366 et
2995 5313 3245 5365 cucurrit
3270 5317 3328 5366 et
3348 5314 3575 5367 intorsit
3596 5315 3644 5364 et
3662 5305 3813 5366 misit.

298 5395 468 5465 plane
497 5394 824 5465 cupiditate.
868 5396 1010 5449 Nam
1043 5405 1162 5449 {HEC
1189 5397 1322 5447 sunt
1342 5408 1504 5463 asque
1525 5391 1732 5446 rationi
1753 5407 1993 5446 consen-
2224 5426 2326 5474 Vix
2357 5425 2524 5484 illum,
2555 5424 2676 5474 lecti
2705 5425 2784 5473 bis
2813 5438 2905 5473 sex
2941 5424 3139 5473 cervice
3171 5425 3459 5485 subirent,

297 5487 465 5536 tanea
495 5498 559 5536 ac
585 5481 1016 5552 Augustinianae
1045 5481 1404 5552 conjecturas.
1461 5481 1765 5550 Postquam
1810 5480 1992 5535 Deum
2227 5488 2416 5546 Qualia
2445 5480 2589 5538 nunc
2616 5487 2895 5536 hominum
2921 5485 3168 5550 producit
3195 5480 3634 5550 corpora'tcllus.
