3920 6180
99 273 188 324 485
879 263 1240 320 VARIORUM
1284 266 1860 324 EXERCITATONES
1898 269 1964 323 IN
2005 269 2060 324 S.
2101 271 2466 326 AUGUSTINI
2506 272 2760 328 OPERA.

3463 284 3566 337 486

102 394 388 462 Signiﬁcans
430 387 639 456 majora
684 390 806 440 tunc
843 401 1071 456 corpora
1111 386 1407 456 producere
1448 387 1616 444 solere
1661 389 1756 442 tel-
1793 390 1838 444 A
1871 389 1990 445 rior
2017 390 2433 463 interpretatio,
2466 409 2599 447 nam
2642 410 2835 448 revera
2878 395 3146 450 Hebraice
3193 400 3352 459 tvm:
3386 405 3574 457 enasch

102 486 261 538 larem.
293 481 494 546 Quanto
548 477 721 543 magis
776 478 950 542 igitur
1006 477 1333 546 temporibus
1377 479 1760 533 recentioribus

103 569 278 636 mundi,
307 571 425 620 ante
450 565 586 620 illud
606 566 781 619 nobile
805 565 1258 634 diffamatumque
1277 566 1542 620 diluvium
1561 568 1588 622 ?
1619 567 1756 638 etc._|

107 661 225 713 Rem
266 655 434 725 ipsam
476 651 866 723 copiosissime
907 657 963 706 et
991 652 1372 706 eruditissime
1397 654 1762 723 pertractavit

107 747 179 800 vir
221 741 459 798 eruditus
489 740 818 795 Theodorus
869 740 1117 810 Byckius
1165 741 1226 795 in
1275 741 1531 796 oratione
1586 758 1761 813 quam

102 832 305 903 subjecit
330 829 478 884 notis
531 830 692 884 Lucae
738 829 1015 884 Holstenii
1061 829 1120 883 in
1161 830 1513 900 Stephanum
1543 833 1759 902 Byzan-

100 923 260 987 tium;
300 918 655 988 ostenditque
687 918 862 972 fuisse
909 917 1145 988 quidem
1184 917 1274 972 hic
1331 918 1447 973 illic
1477 919 1756 990 gigantes,

99 1027 180 1064 seu
213 1006 523 1079 grandioris
576 1011 807 1061 staturae
862 1006 1147 1074 homines,
1187 1006 1287 1061 sed
1343 1007 1762 1078 antiquioribus

96 1096 413 1168 temporibus
449 1095 725 1150 homines
755 1096 927 1165 vulgo
947 1094 1240 1150 hodiernis
1265 1095 1618 1166 proceriores
1645 1113 1760 1151 non

95 1184 256 1239 fuisse.
289 1183 506 1237 Adeant
533 1199 664 1237 eum
694 1183 957 1248 lectores,
991 1183 1038 1236 si
1070 1181 1170 1252 qui
1192 1182 1337 1237 hanc
1374 1184 1753 1254 quaastionem

97 1271 378 1342 expendere
425 1270 687 1341 cupiant.
741 1271 862 1325 Duo
896 1275 1125 1325 tantum
1163 1269 1256 1324 hic
1309 1271 1756 1326 observabimus.

97 1359 231 1415 Prius
249 1357 368 1426 erit,
398 1357 808 1428 Augustinum,
840 1363 1152 1430 antequam
1195 1364 1477 1430 quaereret
1528 1377 1600 1414 an
1642 1361 1761 1414 fue-

95 1451 187 1502 rint
211 1447 481 1519 gigantes,
508 1446 771 1501 debuisse
817 1449 1112 1502 consulere
1151 1449 1372 1504 Graecos
1419 1449 1760 1519 interpretes

97 1537 277 1592 Veteris
304 1535 668 1604 Testamenti,
709 1536 1113 1606 Symmachum
1155 1541 1324 1608 atque
1355 1537 1661 1607 Aquilam;
1694 1555 1760 1592 ex

96 1627 270 1698 quibus
294 1624 664 1679 intellexisset
693 1627 910 1678 nullam
942 1641 1062 1679 esse
1083 1624 1177 1679 hic
1199 1625 1530 1680 Hebraicam
1560 1642 1756 1680 vocem

97 1731 202 1786 qlae
226 1713 477 1786 gigantes
506 1712 810 1783 signiﬁcet,
843 1729 906 1767 ac
935 1713 1178 1783 proinde
1209 1713 1512 1785 quaestioni
1539 1731 1612 1768 an
1639 1713 1760 1768 fue-

96 1804 189 1856 rint
209 1802 474 1873 gigantes.
507 1802 732 1855 nullum
764 1802 855 1856 hic
873 1802 1058 1856 locum
1096 1818 1234 1858 esse.
1266 1802 1555 1857 Posterius
1600 1819 1757 1870 vero,

98 1891 447 1945 auctoritatem
477 1889 719 1960 Virgilii,
769 1895 896 1961 post
934 1893 1246 1946 Homerum
1291 1891 1642 1958 mentientis,
1677 1891 1762 1946 ni-

99 1981 183 2033 mis
204 1981 373 2034 levem
403 1977 580 2033 fuisse
611 1979 764 2050 apud
794 1978 1061 2033 homines
1095 1979 1296 2046 serios,
1331 1996 1506 2050 quam
1537 1985 1601 2034 ut
1631 1980 1760 2034 usui

97 2083 192 2120 esse
223 2070 404 2136 posset
431 2067 502 2121 ad
546 2067 964 2122 defendendam
1020 2072 1219 2122 contra
1277 2068 1536 2122 ethnicos
1576 2069 1759 2123 Histo-

98 2155 214 2209 riam
235 2172 460 2210 sacram.
495 2157 702 2210 Parata
733 2157 887 2210 enim
932 2159 1050 2210 erat
1091 2155 1408 2228 responsio,
1460 2156 1760 2228 Virgilium

98 2248 288 2312 poetam
317 2244 514 2310 fuisse,
547 2244 638 2298 cui
669 2244 888 2315 ﬁngere
918 2243 1194 2312 licuisset,
1225 2248 1281 2298 et
1304 2244 1366 2298 in
1393 2245 1498 2299 hac
1528 2244 1760 2315 quidem

99 2347 143 2384 re
169 2347 284 2385 eum
311 2331 663 2386 imitatorem
694 2332 865 2387 fuisse
907 2332 1161 2400 Homeri,
1189 2333 1281 2387 cui
1328 2349 1497 2388 nemo
1529 2350 1761 2388 necesse

99 2420 293 2474 haberet
318 2421 574 2476 credere.

151 2508 273 2562 lbid.
311 2511 527 2564 Plinius
588 2507 874 2576 secundus,
931 2509 1274 2564 doctissimus
1330 2510 1504 2579 homo,
1559 2513 1761 2580 quanto

100 2600 236 2666 magis
263 2601 547 2667 magisque
575 2599 822 2667 preterit
863 2598 1052 2652 saeculi
1104 2612 1361 2652 excursus
1399 2600 1610 2653 minora
1639 2612 1762 2650 cor-

98 2701 202 2753 pora
225 2691 466 2742 naturam
496 2689 648 2754 ferre
689 2684 966 2758 testatur.]
1002 2687 1116 2741 Hoc
1165 2686 1400 2757 quidem
1448 2685 1621 2740 habet
1643 2684 1763 2739 Pli—

100 2774 198 2827 nius
226 2776 316 2831 lib.
356 2794 430 2830 vu
458 2776 604 2830 Hist.
638 2780 781 2843 nat.,
813 2792 936 2846 cap.
971 2779 1053 2830 16.
1083 2775 1190 2830 Sed
1212 2775 1421 2828 falsum
1452 2789 1570 2826 esse
1591 2787 1760 2825 nemo

99 2862 258 2929 nescit,
295 2869 350 2918 et
395 2864 600 2919 multis
645 2862 891 2918 ostendit
949 2862 996 2916 is
1053 2878 1227 2934 quem
1268 2861 1405 2928 dixi,
1433 2861 1762 2916 Theodorus

100 2949 324 3020 Ryckius.
777 3009 784 3014 _

155 3040 267 3111 Cap.
302 3047 378 3098 l3.
411 3044 553 3097 Post
586 3043 818 3112 longam
858 3045 915 3096 et
942 3039 1166 3095 anxiam
1196 3038 1668 3110 disputationem,
1689 3037 1758 3092 de

101 3128 381 3186 discrimine
436 3131 832 3200 chronologize
882 3128 1170 3184 Hebraiczn
1223 3132 1279 3183 et
1308 3130 1532 3190 Graecae,
1565 3127 1625 3180 in
1650 3144 1758 3181 an-

101 3217 168 3270 nis
193 3221 740 3275 antediluvianorum
764 3219 1242 3290 patriarcharum,
1290 3217 1525 3271 tandem
1558 3216 1637 3270 sic
1665 3232 1754 3269 ra-

102 3305 448 3364 tiocinationes
476 3325 610 3363 suas
651 3308 863 3363 claudit
910 3306 1265 3379 Augustinus
1297 3322 1310 3360 :
1361 3307 1465 3362 Sed
1499 3305 1759 3375 quomodo

101 3395 201 3448 libet
236 3399 363 3452 illud
401 3400 745 3467 accipiatur,-
791 3399 906 3452 sive
961 3396 1215 3451 credatur
1260 3398 1341 3449 ita
1371 3410 1481 3451 esse
1527 3397 1758 3464 factum,

100 3483 186 3537 sive
208 3500 300 3539 non
344 3487 641 3553 credatur;
670 3487 783 3540 sive
803 3490 1070 3554 postremo
1098 3486 1205 3552 ita,
1238 3486 1350 3538 sive
1397 3499 1500 3537 non
1531 3485 1611 3537 ita
1639 3484 1710 3538 sit
1740 3501 1758 3549 ;

101 3576 207 3625 recte
237 3577 347 3642 fieri
392 3576 544 3630 nullo
598 3575 752 3629 modo
795 3574 1178 3640 dubitaverim,
1228 3577 1290 3627 ut
1325 3588 1446 3626 cum
1487 3572 1761 3626 diversum

101 3660 276 3728 aliquid
309 3665 364 3717 in
388 3667 639 3734 utrisque
667 3663 940 3718 codicibus
983 3663 1275 3724 invenitur,
1322 3659 1762 3730 quandoquidem

101 3748 155 3799 ad
170 3750 310 3816 fidem
336 3768 519 3812 rerum
549 3756 824 3818 gestarum
845 3757 1134 3818 utrumque
1177 3765 1288 3804 esse
1335 3765 1442 3803 non
1474 3752 1650 3818 potest
1671 3762 1757 3801 ve-

101 3849 209 3902 rum,
255 3841 300 3892 ei
339 3841 539 3908 linguae
578 3843 760 3910 potius
800 3840 1075 3905 credatur,
1107 3839 1250 3893 unde
1287 3842 1366 3892 est
1388 3839 1447 3891 in
1470 3838 1637 3890 aliam
1664 3851 1761 3904 per

102 3923 367 3994 interpretes
394 3931 553 3996 facta
601 3929 907 3984 translatio.
964 3927 1111 3982 Nihil
1143 3926 1352 3991 verius,
1411 3924 1506 3978 sed
1537 3925 1646 3978 hoc
1669 3923 1758 3977 vi-

101 4010 233 4066 detur
260 4017 552 4072 extorsisse
589 4016 907 4087 Augustino
938 4015 1091 4086 quod
1129 4014 1374 4068 habetur
1403 4012 1462 4066 in
1495 4011 1755 4066 versione

102 4097 198 4155 LXX
245 4103 615 4177 interpretum
669 4106 739 4160 de
799 4105 964 4159 annis
1031 4103 1378 4170 Mathusalae,
1462 4117 1633 4172 quem
1692 4116 1758 4154 ex

100 4201 263 4244 eorum
290 4193 526 4260 calculo,
584 4191 799 4247 diluvio
841 4191 1207 4262 superstitem
1246 4190 1419 4244 fuisse
1449 4192 1754 4260 oporteret,

99 4277 221 4342 quod
245 4279 542 4352 Scriptura:
573 4297 807 4352 prorsus
843 4279 1197 4333 contrarium
1228 4282 1329 4333 est.
1382 4279 1607 4332 Interea
1636 4292 1756 4330 am-

98 4364 371 4430 plectamur
389 4371 543 4441 quod
574 4369 740 4424 nobis
771 4369 886 4431 dat,
912 4367 1238 4438 gratiasque
1267 4367 1318 4420 ei
1338 4366 1649 4420 habeamus
1678 4363 1751 4418 ob

100 4454 338 4519 prolatam
380 4459 677 4512 veritatem
710 4473 723 4524 ;
762 4455 1022 4528 quamvis
1046 4455 1181 4510 huic
1237 4453 1577 4509 confessioni
1615 4469 1750 4507 con-

100 4541 348 4599 venienter
375 4563 431 4600 se
461 4545 701 4600 minime
727 4544 985 4615 gesserit,
1036 4543 1134 4614 qui
1173 4547 1236 4598 ut
1280 4542 1614 4597 Hebraicam
1643 4541 1751 4595 lin-

100 4641 238 4693 guam
262 4632 495 4688 disceret
553 4649 788 4703 operam
845 4648 965 4686 non
995 4632 1170 4686 dedit.
1213 4631 1452 4702 Subjicit
1485 4648 1499 4686 :
1532 4633 1670 4689 Nam
1695 4632 1752 4684 in

101 4717 380 4781 quibusdam
407 4725 572 4778 etiam
598 4721 867 4776 codicibus
891 4723 1094 4775 Graecis
1130 4721 1303 4775 tribus
1331 4724 1381 4774 et
1405 4735 1509 4773 uno
1533 4718 1749 4786 Latino,

99 4807 136 4854 et
157 4820 244 4860 uno
290 4813 445 4865 etiam
489 4811 648 4879 Syro,
688 4812 830 4864 inter
876 4825 931 4864 se
982 4808 1458 4875 consentientibus,
1502 4810 1753 4862 inventus

99 4897 157 4944 est
191 4897 528 4954 Mathusalem
574 4914 669 4953 sea:
719 4900 876 4952 annis
926 4902 1050 4952 ante
1100 4898 1373 4952 Diluvium
1399 4898 1573 4963 fuisse
1623 4910 1754 4949 con-

98 4988 321 5049 sumptus.
380 4986 729 5042 Crediderim
782 4985 1066 5056 Syriacam
1124 4984 1656 5055 interpretationem
1685 5000 1754 5038 ex

101 5064 295 5125 Hebraeo
316 5075 519 5144 codice,
552 5073 884 5145 Hieronymi
916 5073 1237 5127 versionem
1263 5073 1542 5140 Latinam,
1574 5078 1755 5128 trans-

101 5150 407 5232 lationesque
463 5163 705 5234 Aquilae,
756 5161 1081 5232 Symmachi
1113 5165 1169 5215 et
1223 5160 1623 5215 Theodotionis
1661 5161 1750 5213 in-

101 5243 264 5316 telligi,
285 5266 421 5320 quas
465 5268 581 5306 non
616 5251 830 5305 mirum
878 5267 1006 5304 cum
1042 5249 1314 5305 Hebraico
1343 5249 1498 5303 fonte
1519 5264 1752 5303 consen-

102 5327 221 5397 sisse,
254 5339 709 5411 quandoquidem
741 5355 806 5393 ex
835 5355 903 5393 eo
941 5343 1106 5393 erant
1148 5338 1436 5392 derivata.

153 5419 264 5492 Cap.
310 5429 388 5480 l7.
437 5429 598 5483 Porro
661 5429 752 5482 ille
803 5428 931 5484 Seth
966 5428 1284 5482 resurrectio
1337 5428 1749 5494 interpretatur,

101 5507 271 5565 elEnos
303 5515 444 5581 ﬁlius
473 5518 584 5586 ejus
610 5517 1001 5585 interpretatur
1036 5514 1244 5584 homo.]
1289 5515 1429 5569 Vera
1454 5518 1539 5567 est
1567 5516 1753 5583 poste-

1869 484 1955 534 est
1979 479 2186 547 homo;
2219 482 2315 535 sed
2343 483 2440 542 ne}
2483 484 2638 536 cheth
2685 484 3163 539 resurrectionem
3223 503 3339 541 non
3387 493 3570 554 sonat,

1871 569 1966 623 sed
1997 568 2188 639 potius
2227 574 2482 639 positum,
2523 576 2623 624 aut
2655 574 2970 641 repositum,
3002 590 3035 626 a
3067 576 3190 633 mi?
3215 579 3401 643 posuit
3422 581 3573 645 quod

1869 658 2050 728 liquet
2087 660 2223 714 Gen.
2257 675 2346 722 xv,
2403 662 2490 726 25,
2545 659 2644 713 ubi
2677 661 3024 731 etymologia
3077 663 3325 718 nominis
3351 665 3428 717 sic
3459 668 3572 718 tra-

1871 749 2024 841 ditur
2078 768 2094 803 :
2153 760 2269 812 una
2337 759 2433 812 vn
2497 734 2552 809 τι)
2780 761 2833 810 τ)
2900 752 2997 811 rus"
3238 765 3327 812 rm
3383 765 3571 841 mpm

1869 822 1982 898 5:71
2038 850 2169 899 mn
2208 842 2258 892 et
2306 840 2517 892 vocavit
2572 855 2761 892 nomen
2801 840 2917 906 eius
2969 842 3181 909 Scheth,
3220 846 3360 910 quia
3383 822 3571 912 posuit

1871 925 2136 996 (Schath)
2170 927 2307 981 mihi
2346 930 2483 981 Deus
2527 929 2729 995 prolem
2777 930 3004 982 alteram
3039 931 3146 984 loco
3180 932 3363 984 Hebel.
3405 932 3569 996 Quod

1869 1014 1948 1068 sic
1987 1021 2386 1085 expresserunt
2433 1016 2561 1070 LXX
2615 1015 2957 1085 intrepretes
2997 1034 3008 1070 :
3045 1028 3133 1072 Καὶ
3177 1026 3458 1089 ἐπωνόμασε
3511 1031 3567 1077 τὸ

1869 1101 2024 1164 ὄνομα
2082 1101 2231 1150 αὐτοῦ
2285 1102 2400 1162 Σὴθ,
2452 1101 2682 1163 λέγουσα,
2735 1101 3020 1161 ἐξανέστησε
3075 1106 3167 1168 γὰρ
3235 1123 3316 1168 μοι
3372 1106 3397 1154 ὁ
3452 1109 3566 1162 Θεὸς

1870 1191 2063 1252 σπέρμα
2107 1191 2270 1254 ἕτερον
2320 1189 2428 1237 ἀντὶ
2472 1189 2641 1236 Ἂϐἐλ.
2680 1183 2836 1236 Unde
2875 1187 3086 1237 temere
3118 1186 3348 1255 collegit
3374 1192 3568 1242 auctor

1873 1271 2070 1325 Libelli
2119 1269 2428 1324 Nominum
2471 1268 2870 1323 Hebraicorum
2922 1287 3056 1323 voce
3106 1274 3232 1326 Seth
3261 1273 3566 1344 signiﬁcari

1868 1364 2151 1426 ἀνάστασιν,
2191 1375 2321 1412 cum
2355 1359 2481 1412 LXX
2530 1357 2866 1429 intrepretes
2898 1375 3126 1413 sensum
3175 1361 3365 1430 potius
3395 1379 3569 1433 quam

1865 1447 1982 1500 vim
2029 1446 2320 1517 propriam
2372 1446 2657 1499 ilebraicm
2707 1446 2857 1500 vocis
2903 1447 3302 1517 expresserim.
3348 1451 3571 1506 Pericu-

1869 1535 2056 1590 losum
2087 1540 2172 1589 est
2198 1534 2322 1588 aliis
2352 1535 2602 1602 credere,
2635 1534 2696 1588 in
2729 1551 2788 1588 re
2818 1551 2992 1605 quam
3013 1537 3169 1590 nullo
3195 1539 3366 1592 modo
3397 1538 3568 1593 intel-

1873 1625 2034 1693 ligas,
2067 1639 2197 1676 cum
2230 1622 2409 1676 nescis
2446 1639 2517 1676 an
2546 1622 2666 1692 ejus
2704 1623 2874 1692 periti
2905 1624 3035 1678 sint.

1944 1714 2085 1768 Ibid.
2117 1716 2258 1768 Enos
2296 1713 2441 1780 ﬁlius
2484 1713 2599 1780 ejus
2643 1714 3032 1781 intrepretatur
3076 1715 3255 1782 homo;
3302 1732 3406 1771 non
3433 1720 3572 1772 sicut

1866 1803 2054 1859 Adam
2083 1801 2170 1872 (et
2198 1803 2378 1872 ipsum
2409 1803 2549 1854 enim
2587 1816 2774 1854 nomen
2813 1804 3205 1871 interpretatur
3235 1805 3433 1874 homo),
3478 1807 3572 1862 sed

1867 1905 2138 1944 commune
2164 1889 2480 1959 perhibetur
2518 1904 2626 1943 esse
2655 1889 2710 1942 in
2746 1890 2844 1943 illa
2883 1891 3092 1958 lingua,
3122 1892 3180 1944 id
3209 1898 3288 1947 est
3323 1895 3567 1962 Hebraea,
3655 1953 3660 1960 η

1867 1981 2102 2034 masculo
2131 1984 2180 2033 et
2225 1981 2458 2045 feminae.
2493 1980 2634 2035 Nam
2665 1980 2742 2031 sic
2787 1978 2852 2032 de
2899 1979 2990 2032 illo
3019 1982 3282 2048 scriptum
3308 1986 3416 2036 est:
3451 1983 3570 2037 Ma-

1870 2067 2092 2122 sculum
2124 2073 2181 2121 et
2235 2066 2510 2120 feminam
2551 2066 2686 2120 fecit
2712 2067 2860 2132 illos,
2902 2070 2958 2121 et
2986 2068 3274 2122 benedixit
3325 2070 3477 2139 illos,
3513 2074 3573 2125 et

1869 2153 2292 2226 cognominavit
2325 2169 2533 2207 nomen
2559 2169 2755 2207 eorum
2787 2154 2990 2208 Adam.
3026 2156 3174 2209 Unde
3201 2172 3305 2210 non
3335 2159 3567 2224 ambigi-

1871 2248 1959 2298 tur
2005 2245 2082 2299 sic
2120 2244 2451 2313 appellatam
2488 2244 2660 2309 fuisse
2706 2245 2968 2308 feminam
3005 2246 3195 2311 Evam,
3229 2247 3451 2314 proprio
3481 2262 3574 2301 no-

1868 2333 2028 2400 mine,
2063 2337 2122 2387 ut
2144 2336 2320 2386 tamen
2347 2331 2553 2393 Adam,
2584 2331 2728 2400 quod
2758 2333 3149 2401 interpretatur
3177 2334 3347 2402 homo,
3382 2350 3572 2390 nomen

1869 2425 2002 2474 esset
2031 2419 2368 2492 amborum]
2426 2421 2595 2475 Recte
2649 2420 2717 2474 de
2748 2421 2981 2474 nomine
3011 2421 3213 2489 Adam,
3247 2422 3344 2476 sed
3375 2440 3575 2495 perpe-

1869 2526 1991 2563 ram
2027 2510 2095 2564 de
2126 2509 2357 2563 nomine
2387 2509 2561 2575 Enos,
2607 2509 2761 2579 quod
2791 2509 3050 2579 pluribus
3081 2509 3488 2581 interpretatur
3513 2513 3574 2567 in

1871 2597 2278 2669 sequentibus:
2325 2600 2465 2651 Enos
2524 2603 2720 2664 autem,
2779 2597 3008 2668 inquit,
3067 2601 3141 2652 sic
3181 2602 3575 2670 interpretatur

1872 2687 2043 2750 homo,
2067 2691 2126 2738 ut
2156 2685 2251 2739 hoc
2280 2701 2384 2738 non
2425 2699 2581 2753 posse
2619 2686 2880 2750 feminam
2922 2688 3231 2754 nuncupari
3264 2689 3436 2754 periti
3464 2690 3570 2742 lin-

1871 2789 1988 2841 guae
2017 2774 2163 2826 illius
2216 2776 2554 2835 assererent;
2616 2777 2875 2839 tanquam
2943 2771 3093 2839 ﬁlius
3141 2776 3567 2841 resurrectionis,

1871 2863 1966 2915 ubi
1995 2877 2100 2915 non
2124 2861 2344 2924 nubent,
2377 2875 2545 2928 neque
2575 2874 2767 2913 uxores
2803 2859 3018 2913 ducent.
3051 2861 3171 2916 Non
3200 2863 3340 2914 enim
3361 2865 3463 2916 erit
3496 2863 3574 2916 ibi

1798 2961 1837 3016 ο
1875 2952 2166 3016 generatio,
2209 2965 2327 3002 cum
2352 2949 2480 3002 illuc
2505 2948 2826 3018 perdumerit
2856 2951 3204 3014 regeneratio.
3237 2948 3294 3002 Si
3322 2949 3444 3003 haec
3467 2967 3570 3021 pro

1869 3037 2139 3092 concione
2195 3036 2424 3090 dixisset
2472 3035 2844 3106 Augustinus,
2882 3035 3008 3105 quis
3037 3035 3259 3090 dubitet
3298 3037 3438 3108 quin
3468 3039 3572 3092 miv

1868 3125 2108 3181 rabilem
2137 3126 2402 3197 plausum
2446 3124 2514 3178 ab
2550 3123 2750 3194 ignara
2797 3123 3168 3178 Numidarum
3214 3125 3380 3194 plebe
3411 3126 3570 3180 tulis-

1869 3218 1991 3270 set?
2023 3216 2134 3268 Nec
2161 3213 2401 3268 dubium
2432 3212 2572 3266 mihi
2600 3217 2684 3266 est
2727 3211 2866 3283 quin
2899 3213 3099 3267 obtusa
3136 3215 3439 3269 Pomorum
3468 3231 3570 3286 pe-

1869 3301 2046 3373 ctora,
2078 3302 2288 3373 aliique
2334 3317 2450 3355 non
2483 3301 2761 3355 doctiores
2809 3318 3052 3355 acumen
3083 3303 3323 3357 oratoris
3355 3305 3572 3375 Hippo-

1869 3393 2059 3448 nensis
2091 3391 2207 3447 sint
2252 3390 2536 3445 admirati.
2579 3390 2774 3461 Atqui,
2823 3395 2886 3444 ut
2913 3390 3119 3445 falsum
3151 3397 3234 3445 est
3263 3408 3390 3446 voce
3420 3394 3566 3461 Seth,

1868 3488 1932 3536 ut
1972 3483 2093 3552 jam
2144 3479 2411 3549 vidimus,
2468 3481 2905 3533 resurrectionem
2953 3479 3280 3551 signiﬁcari,
3333 3481 3410 3536 sic
3435 3498 3570 3537 voce

1868 3569 2017 3627 ‘c’ux
2046 3567 2351 3638 significari
2376 3571 2598 3620 tantum
2623 3569 2801 3620 virum
2818 3567 3024 3620 falsum
3047 3584 3277 3638 quoque
3299 3574 3399 3637 est,
3433 3587 3572 3640 prae-

1869 3656 2064 3710 sertim
2109 3657 2170 3709 in
2225 3655 2500 3727 singulari
2547 3671 2809 3722 numero,
2858 3654 2956 3708 ubi
3004 3660 3088 3709 est
3131 3657 3281 3712 idem
3325 3674 3388 3711 ac
3440 3670 3568 3718 D'm

1867 3746 2049 3799 Adam
2098 3744 2367 3809 Hebraeis,
2421 3748 2477 3798 et
2539 3745 2744 3799 Graecis
2808 3752 3072 3814 ἅνθρωπος,
3128 3750 3183 3798 et
3243 3751 3572 3800 constanter

1870 3839 2178 3904 utrumque
2227 3849 2425 3887 sexum
2464 3833 2880 3902 complectitur.
2915 3835 2977 3885 In
3016 3833 3223 3901 plurali
3257 3835 3451 3894 ενῐείεκ
3482 3837 3566 3888 vi-

1866 3937 1972 3986 ros,
2009 3938 2110 3975 seu
2148 3927 2343 3991 ἅινδρας,
2385 3936 2536 3989 saepe
2567 3919 2870 3990 significat,
2918 3918 3012 3972 sed
3042 3935 3227 3988 neque
3266 3919 3322 3973 id
3360 3936 3567 3990 perpe-

1867 4015 1984 4074 tuo,
2038 4013 2102 4063 ut
2142 4007 2569 4062 Concordantiaa
2624 4006 2910 4061 Hebraicee
2968 4006 3338 4077 vulgariaque
3370 4007 3570 4062 Lexica

1867 4097 2170 4152 docebunt.
2208 4097 2404 4166 Itaque
2433 4111 2538 4166 pro
2579 4095 2803 4164 plausu,
2855 4094 3060 4164 dignus
3087 4094 3177 4148 hic
3208 4099 3328 4149 erat
3382 4095 3568 4149 bonus

1870 4187 1955 4241 vir
1979 4184 2270 4239 acerrimis
2313 4183 2626 4254 pastoritiae
2660 4183 2862 4237 ﬁstula:
2894 4183 3110 4250 sibilis;
3146 4183 3245 4254 qui
3274 4201 3342 4238 ex
3380 4184 3569 4238 aliena

1797 4244 1841 4298 Β
1871 4276 1982 4330 ﬁde
2010 4274 2079 4328 de
2110 4290 2170 4328 re
2219 4244 2503 4344 ejusmodi
2556 4271 2715 4342 loqui
2761 4288 2877 4325 non
2909 4244 3123 4326 debuit.
3162 4244 3292 4328 -Sed
3334 4272 3470 4327 audi
3512 4279 3569 4328 et

1864 4363 2194 4434 sequentia:
2239 4363 2418 4427 Quare
2450 4365 2500 4416 et
2527 4363 2619 4415 hoc
2659 4377 2762 4415 non
2792 4364 3060 4416 incassum
3083 4363 3380 4417 notandum
3409 4364 3566 4418 arbi—

1864 4457 1994 4520 tror,
2044 4450 2188 4520 quod
2230 4451 2288 4504 in
2329 4451 2404 4504 eis
2449 4450 2879 4517 generationibus
2919 4447 3452 4519 quae’propagantur
3499 4467 3566 4506 ex

1863 4541 1955 4594 illo
1985 4541 2083 4609 qui
2120 4544 2198 4593 est
2246 4539 2550 4608 appellatus
2593 4539 2738 4604 Seth,
2791 4554 2909 4592 cum
2954 4541 3200 4606 genuisse
3247 4538 3362 4610 ﬁlio
3389 4541 3567 4608 ﬁlias-

1863 4643 1965 4697 que
2013 4627 2294 4693 dicantur;
2348 4627 2499 4679 nulla
2530 4625 2608 4678 ibi
2653 4628 2836 4693 genita
2878 4628 3196 4681 nominatim
3233 4630 3441 4694 femina
3465 4643 3564 4681 ea:-

1859 4731 2047 4786 pressa
2076 4720 2188 4782 est;
2221 4717 2278 4767 in
2308 4715 2392 4768 his
2422 4718 2600 4767 autem
2629 4730 2747 4783 qua
2785 4720 3166 4783 propagantur
3195 4731 3261 4770 ea:
3309 4716 3461 4779 Cain,
3504 4718 3563 4770 in

1861 4805 1977 4872 ipso
2005 4805 2128 4872 ﬁne,
2162 4816 2436 4871 quousque
2463 4801 2882 4869 protenduntur,
2924 4805 3219 4857 novissima
3242 4805 3450 4870 femina
3477 4818 3563 4870 ge-

1861 4895 1980 4946 nita
2009 4893 2338 4945 nominatur.
2373 4889 2512 4944 Cum
2543 4889 2664 4941 haec
2695 4891 2918 4959 argutia
2949 4891 3163 4945 nitatur
3192 4891 3563 4944 fundamento

1863 4985 2029 5034 antea
2061 4977 2269 5044 diruto,
2303 4976 2371 5030 de
2415 4974 2737 5046 significatur
2781 4976 2931 5030 vocis
2963 4979 3130 5046 Enos,
3176 4981 3293 5031 tota
3336 4981 3563 5032 corruat

1863 5083 2090 5122 necesse
2123 5070 2224 5132 est,
2266 5069 2323 5120 et
2370 5064 2706 5136 mysterium
2752 5064 2858 5118 hoc
2905 5065 3193 5120 somnium
3233 5065 3560 5120 Africanum
3663 5065 3666 5068 ’

1862 5156 2160 5211 habeatur.

1934 5245 2069 5316 Cap.
2109 5247 2198 5312 23,
2242 5246 2269 5311 §
2325 5247 2374 5298 3.
2419 5244 2497 5297 De
2526 5243 2649 5297 loco
2682 5243 2882 5297 Genes.
2921 5258 2994 5307 vr,
3028 5245 3080 5309 2,
3113 5241 3350 5296 videntes
3380 5245 3563 5312 angeli

1861 5337 1959 5390 Dei
1999 5335 2142 5403 ﬁlias
2191 5332 2484 5400 hominum,
2537 5337 2642 5386 etc.
2691 5332 2857 5386 Recte
2887 5331 3149 5384 observat
3189 5330 3318 5384 illos
3343 5334 3560 5401 angelos

1864 5423 1961 5478 Dei
2001 5422 2170 5476 fuisse
2209 5421 2492 5486 homines,
2545 5420 2748 5474 deinde
2781 5419 3005 5473 subdit:
3039 5418 3404 5489 Septuaginta
3429 5423 3561 5490 qui-

1863 5511 1980 5566 dem
2018 5513 2334 5580 intrepretes
2396 5515 2444 5564 et
2481 5509 2712 5579 angelos
2743 5506 2842 5561 Dei
2872 5507 3130 5563 dixerunt
3171 5510 3303 5565 istos
3333 5513 3383 5564 et
3413 5509 3561 5564 ﬁlios
