3920 6180
371 269 469 321 487
1380 263 1935 319 SUPPLEMENTUM
1979 264 2069 317 AD
2107 263 2336 320 ornas
2375 263 2428 316 s.
2470 262 2858 318 AUGUSTINI.
2963 283 2970 290 -
3712 276 3789 328 488

369 387 488 454 Dei,
521 387 664 457 quod
694 388 911 457 quidem
940 405 1044 444 non
1069 401 1243 442 omnes
1279 385 1482 439 codices
1521 385 1742 452 habent;
1774 402 1905 440 nam
1935 387 2059 454 qui-
2100 390 2145 444 A
2176 387 2502 439 Graecorum
2548 390 2603 440 et
2670 385 3021 452 Latinorum,
3088 385 3293 456 quibus
3361 388 3584 445 delenda
3642 395 3794 449 fuisset

363 477 490 530 dam
520 478 631 530 nisi
659 477 804 530 ﬁlios
833 477 931 531 Dei
967 493 1070 531 non
1104 477 1316 530 habent.
1353 475 1561 542 Aquila
1581 480 1778 541 autem,
1805 491 1958 543 quem
1989 477 2064 527 in-

367 570 645 635 terpretem
674 566 863 619 Judaei
899 567 1099 620 caeteris
1145 568 1494 634 anteponunt,
1527 578 1632 615 non
1675 565 1907 633 angelos
1941 563 2058 630 Dei,

366 670 457 708 nec
487 653 636 707 lilios
679 653 795 722 Dei,
833 654 927 707 sed
982 653 1127 707 ﬁlios
1177 653 1416 707 deorum
1475 653 1858 720 interpretatus
1897 657 1998 706 est.
2039 650 2059 723 ]

366 744 536 797 Erant
595 758 729 810 ergo
780 742 998 796 codices
1057 742 1156 813 qui
1205 744 1509 813 habebant,
1572 747 1769 810 ἄγγελοι
1814 751 1934 797 θεοῦ
1983 749 2065 794 καὶ

364 839 455 886 υἱοί
499 839 637 894 Θεοῦ,
679 834 734 883 et
777 830 875 900 qui
918 831 1040 886 sine
1074 833 1247 886 dubio
1291 833 1481 888 vitiosi
1514 837 1699 899 erant,
1757 846 1888 884 nam
1933 844 2062 881 cum

362 921 432 974 sit
467 923 688 972 tantum
735 921 930 986 semel,
962 921 1018 974 in
1068 924 1302 977 Hebraeo
1335 923 1550 990 codice,
1596 906 1784 982 amba
1843 929 1935 978 7:2
1968 918 2064 970 bne

360 1009 573 1069 elohim,
608 1007 878 1062 alterutra
911 1014 1133 1064 tantum
1167 1011 1450 1065 locutione
1501 1010 1646 1064 verti
1691 1007 1896 1080 potuit.
1930 1005 2063 1059 Sine

359 1095 533 1153 dubio
585 1094 791 1165 aliquis
821 1114 850 1150 e
900 1099 1127 1169 regione
1159 1117 1359 1153 vocum
1400 1109 1598 1171 ἄγγελοι
1642 1109 1728 1155 τοῦ
1777 1106 1898 1153 Θεοῦ
1932 1093 2061 1147 scri-

360 1197 552 1260 pserat
582 1199 672 1246 υἱοὶ
700 1201 785 1244 τοῦ
817 1200 958 1251 Θεοῦ,
993 1193 1054 1240 ut
1085 1188 1450 1259 signiﬁcaret,
1491 1195 1590 1243 aut
1635 1190 1714 1242 ita
1753 1184 2062 1257 legendum

361 1296 501 1347 esse,
536 1286 635 1334 aut
666 1278 871 1332 melius
897 1277 977 1330 ita
1009 1293 1268 1330 versuros
1311 1277 1484 1332 fuisse
1517 1279 1641 1333 LXX
1689 1276 2058 1344 interpretes;

361 1369 511 1437 quod
544 1373 738 1438 postea
789 1372 1002 1420 temere
1055 1365 1367 1419 instrusum
1415 1365 1474 1418 in
1517 1363 1791 1419 orationis
1831 1365 2062 1416 contex-

361 1461 504 1523 tum,
537 1457 727 1528 qualia
761 1455 940 1508 multa
968 1459 1100 1507 sunt
1143 1453 1202 1507 in
1232 1470 1298 1507 ea
1348 1453 1622 1508 versione.
1657 1451 1818 1517 Quod
1852 1449 1930 1503 ait
1960 1465 2060 1501 no-

360 1551 477 1599 stcr
523 1546 797 1617 quosdam
840 1543 1060 1596 codices
1106 1559 1223 1596 non
1269 1543 1532 1596 habuisse
1582 1541 1689 1595 nisi
1744 1542 1884 1608 ﬁlios
1935 1539 2059 1602 Dei,

360 1651 557 1688 verum
607 1635 864 1688 videmus
923 1648 1040 1685 esse
1093 1647 1156 1684 ex
1210 1631 1606 1702 antiquissimo
1656 1629 1846 1684 codice
1905 1627 2056 1680 Vati-

359 1739 524 1791 cano,
559 1722 618 1776 in
671 1737 781 1792 quo
813 1721 932 1774 haec
971 1724 1194 1773 tantum
1245 1720 1412 1773 lectio
1440 1719 1699 1773 habetur.
1735 1718 1962 1783 Verum,
1998 1715 2056 1769 in

357 1809 513 1881 paris
544 1793 898 1880 antiquitatis
939 1807 1126 1862 codice
1157 1807 1560 1873 Alexandrino,
1593 1805 1807 1876 legitur
1835 1809 2058 1858 tantum

358 1907 556 1969 ἄγγελοι
579 1909 699 1956 Θεοῦ
738 1921 748 1954 :
784 1895 1269 1969 quemadmodum
1316 1895 1579 1950 videntur
1629 1894 1834 1965 legisse
1893 1891 2061 1946 multi

359 1987 742 2059 antiquissimi
773 1988 965 2040 Patres
1009 1984 1184 2038 Graeci
1232 1989 1286 2038 et
1315 1983 1521 2053 Latini,
1563 1982 1660 2054 qui
1690 1982 1822 2036 hinc
1851 1997 2060 2051 magno

358 2092 636 2130 consensu
679 2075 1035 2144 collegerunt
1083 2073 1312 2142 angelos
1343 2088 1534 2125 amore
1568 2071 1874 2124 mulierum
1907 2086 2057 2124 mor-

357 2165 560 2219 talium
611 2169 803 2234 captos
852 2161 1039 2216 fuisse.
1092 2160 1227 2214 Vide
1296 2160 1545 2231 Dionysii
1587 2158 1797 2214 Petavii
1855 2159 2055 2228 Dogm.

359 2252 556 2306 Theol.
587 2257 729 2306 tom.
764 2251 860 2316 IlI,
890 2256 947 2304 et
993 2248 1181 2319 operis
1224 2248 1292 2302 de
1321 2247 1553 2318 Angelis
1586 2248 1688 2302 lib.
1733 2264 1812 2312 ιιι,
1846 2263 1967 2317 cap.
2003 2251 2054 2300 2.

360 2340 447 2394 Ad
496 2339 757 2410 Aquilam
808 2337 1053 2408 denique
1093 2336 1246 2406 quod
1301 2336 1522 2402 attinet,
1575 2352 1687 2389 non
1732 2335 1944 2388 mirum
1975 2340 2059 2389 est

359 2445 491 2482 eum
538 2429 765 2481 vertisse
811 2428 952 2495 filios
1007 2430 1252 2492 Deorum,
1298 2425 1432 2496 quia
1475 2410 1663 2484 ambs:
1704 2424 1942 2494 pluralis
1974 2430 2058 2478 est

357 2516 584 2570 numeri
612 2517 670 2570 in
702 2517 935 2570 Hebraea
956 2515 1177 2582 lingua;
1215 2520 1412 2568 notum
1446 2519 1530 2568 est
1559 2518 1751 2568 autem
1784 2523 2055 2568 eumn-:3;

357 2613 504 2668 πόδας
531 2605 781 2670 vertisse,
830 2603 1148 2673 praesertim
1200 2603 1262 2656 in
1313 2619 1379 2657 ea
1424 2602 1704 2671 versione,
1759 2619 1885 2673 quae
1937 2608 2057 2656 erat

357 2705 463 2746 κατ’
513 2699 782 2763 ἀκριϐείαν.
830 2694 1142 2760 Utrumque,
1211 2690 1400 2746 subdit
1448 2691 1819 2761 Augustinus,
1871 2707 2055 2745 verum

352 2786 432 2836 est
454 2797 466 2847 ;
490 2797 617 2835 nam
649 2786 698 2835 et
728 2780 829 2834 ﬁlii
859 2779 955 2833 Dei
987 2783 1141 2833 erant
1161 2780 1259 2834 sub
1284 2795 1387 2849 quo
1413 2786 1573 2848 patre
1593 2795 1813 2833 suorum
1832 2785 2055 2848 patrum

355 2871 519 2923 etiam
545 2871 750 2934 fratres
777 2872 951 2932 erant,
985 2883 1103 2920 cum
1133 2867 1328 2937 quibus
1359 2872 1408 2920 et
1434 2869 1544 2936 ipsi
1575 2867 1663 2920 dei
1693 2871 1866 2933 erant,
1885 2868 2055 2936 juxta

2169 475 2416 528 maxima
2445 491 2572 546 pars
2609 491 2850 546 operum
2890 490 3146 541 suorum,
3203 478 3632 549 servandumque
3667 487 3794 555 turpe

2169 561 2456 615 silentium
2477 562 2545 615 de
2576 563 2743 616 rebus
2773 563 2842 616 de
2889 561 3098 633 quibus
3143 567 3297 616 tanta
3325 581 3448 618 cum
3467 566 3656 622 ﬁducia
3677 577 3723 624 et
3739 575 3797 627 di-

2168 649 2373 703 ctionis
2399 667 2608 721 pompa
2639 652 2811 705 verba
2857 651 3151 721 superiore
3197 651 3319 705 loco
3371 653 3543 708 facere
3571 659 3797 715 solebant.

2169 737 2190 789 Ι
2225 753 2395 805 nunc,
2429 753 2651 792 morose
2695 739 2890 802 lector,
2950 742 3006 792 et
3036 739 3317 793 admirare
3357 757 3452 794 cur
3486 746 3656 798 merito
3685 751 3796 802 credi

2169 824 2225 878 id
2259 823 2513 878 dicerent
2557 825 2888 896 hujusmodi
2940 825 3407 897 homines,.quod
3447 845 3629 884 verum
3663 834 3800 889 videri

2169 929 2368 966 eorum
2400 919 2700 984 tantopere
2731 914 3020 968 intererat.
3073 917 3336 968 Attamen
3367 918 3702 987 Augustinus,
3729 925 3799 992 qui

2168 1002 2307 1068 vult,
2339 1001 2386 1055 si
2447 1002 2583 1073 quid
2643 1007 2938 1056 mutarunt
2968 1003 3092 1057 LXX
3132 1002 3493 1074 interpretes,
3525 1009 3799 1078 pr0pbetico

2168 1089 2370 1159 spiritu
2417 1087 2539 1144 esse
2571 1096 2874 1157 mutatum,
2910 1107 3027 1145 non
3053 1108 3222 1145 ausus
3252 1097 3336 1145 est
3372 1092 3425 1145 id
3485 1094 3732 1151 afﬁrmare
3750 1099 3799 1153 de

2170 1178 2333 1231 annis
2395 1178 2954 1233 antediluvianorum
3008 1170 3486 1249 patriarcharum,
3541 1198 3651 1253 cap.
3694 1189 3800 1240 lOet

2169 1283 2328 1337 seqq.
2355 1267 2527 1336 hujus
2565 1266 2715 1320 libri.

2239 1355 2375 1424 Cap.
2403 1359 2491 1408 27.
2517 1356 2777 1420 Quimihi
2800 1355 3055 1410 videntur
3080 1371 3187 1415 non
3245 1362 3563 1425 computare,
3594 1362 3686 1412 nisi
3721 1366 3802 1414 tre-

2168 1451 2319 1499 centa
2354 1447 2537 1500 cubita
2585 1446 2944 1512 longitudinis
2992 1450 3042 1498 et
3077 1445 3391 1499 latitudinis
3441 1449 3800 1515 quinquaginta,

2167 1549 2262 1588 nec
2281 1537 2518 1602 cogitare
2546 1535 2699 1588 aliud
2730 1538 2940 1588 tantum
2970 1549 3080 1588 esse
3127 1537 3184 1587 in
3221 1535 3599 1603 superioribus,
3627 1539 3804 1604 itemque

2171 1623 2325 1675 aliud
2356 1627 2565 1676 tantum
2622 1626 2678 1676 in
2727 1623 3095 1692 superioribus
3125 1625 3486 1691 superiorum,
3531 1640 3587 1677 ac
3627 1640 3706 1693 per
3736 1628 3803 1681 hoc

2173 1715 2252 1763 ter
2282 1711 2447 1765 ducta
2491 1712 2588 1764 illa
2617 1712 2800 1765 cubita
2843 1710 2968 1781 ﬁeri
3013 1716 3300 1780 nongenta,
3359 1715 3558 1765 centum
3585 1715 3803 1782 quinqua-

2169 1796 2371 1869 ginta.]
2403 1799 2465 1851 In
2504 1797 2670 1852 editis
2700 1799 3124 1868 exemplaribus
3153 1799 3444 1853 adduntur
3469 1805 3586 1869 post
3604 1801 3803 1856 latitudi-

2169 1886 2260 1939 nis
2289 1886 2496 1954 cubita,
2529 1890 2761 1954 triginta
2789 1888 3138 1953 altitudinis;
3181 1893 3236 1942 et
3278 1889 3337 1941 in
3371 1889 3726 1959 sequentibus,
3763 1897 3805 1945 ut

2170 1975 2530 2028 consentiant
2555 1975 2872 2046 posteriora
2908 1976 3222 2047 prioribus,
3257 1977 3337 2031 sic
3377 1978 3608 2048 legimus
3637 1979 3805 2032 :cubita

2168 2064 2288 2130 ﬁeri
2309 2066 2577 2129 nongenta
2601 2077 2701 2131 per
2730 2063 2966 2129 longum,
2993 2068 3201 2117 centum
3233 2066 3627 2132 quinquaginta
3647 2080 3730 2133 per
3747 2065 3804 2118 la-

2171 2155 2301 2217 tum,
2334 2151 2633 2216 nonaginta
2651 2166 2748 2220 per
2769 2152 2960 2205 altum.
2993 2154 3066 2205 At
3119 2151 3472 2206 Benedictini
3506 2153 3618 2206 haec
3655 2169 3804 2207 emen-

2167 2238 2378 2292 darunt
2403 2255 2467 2291 ex
2499 2239 2662 2293 codd.
2696 2255 2854 2306 mss.,
2885 2242 2945 2293 in
2985 2240 3203 2309 quibus,
3259 2241 3545 2311 inquiunt,
3577 2241 3728 2294 cubita
3751 2243 3806 2294 al-

2169 2327 2422 2381 titudinis
2443 2331 2630 2381 merito
2651 2329 2802 2383 nulla
2837 2333 3222 2395 memorantur,
3255 2346 3384 2384 nam
3416 2331 3519 2383 haec
3561 2330 3627 2383 ad
3646 2346 3803 2399 propo-

2166 2418 2329 2470 sitam
2370 2416 2755 2485 difﬁcultatem
2791 2417 3119 2485 solvendam,
3180 2433 3287 2471 non
3334 2434 3392 2472 eo
3434 2419 3579 2473 modo
3608 2421 3804 2487 licetquo

2166 2505 2524 2571 longitudinis
2555 2510 2603 2558 et
2653 2507 2964 2560 latitudinis
2995 2506 3196 2574 cubita,
3231 2507 3388 2560 salva
3423 2508 3693 2576 Scriptura
3711 2507 3802 2575 ﬁde",

2166 2594 2550 2661 multiplicare.
2603 2594 2737 2657 Quae
2798 2595 2968 2648 verba
3007 2594 3148 2664 quid
3198 2594 3308 2648 sibi
3339 2596 3516 2648 velint
3559 2596 3715 2649 fateor
3740 2611 3804 2647 me

2166 2697 2281 2734 non
2312 2681 2445 2734 satis
2474 2681 2794 2752 intelligere
2820 2700 2833 2747 ;
2868 2699 2999 2736 nam
3034 2683 3192 2737 nulla
3213 2683 3407 2738 cubita
3435 2684 3560 2739 licet
3578 2683 3804 2754 multipli-

2165 2785 2313 2834 care,
2356 2787 2420 2824 ex
2445 2770 2750 2841 Scriptura:
2782 2771 2926 2837 ﬁde;
2955 2788 3083 2842 quae
3123 2787 3227 2826 nos
3255 2772 3423 2826 docet
3453 2771 3803 2842 longitudinem

2165 2857 2399 2928 quidem
2444 2875 2588 2913 arcae
2626 2859 2799 2914 fuisse
2835 2859 3109 2914 duntaxat
3152 2865 3560 2925 trecentorum,
3611 2858 3807 2914 latitudi-

352 2958 493 3012 illud
534 2959 736 3026 psalmi
767 2974 779 3011 :
810 2957 924 3027 Ego
977 2955 1114 3022 dixi,
1147 2955 1246 3009 Dei
1297 2955 1448 3021 estis,
1508 2959 1604 3008 etc.
1647 2955 1754 3009 Sed
1786 2954 1875 3008 hic
1901 2955 2059 3008 locus
2087 2958 2126 3013 C
2169 2963 2302 3001 nem
2349 2963 2478 3000 vero
2526 2947 3023 3019 quiquagenorum
3054 2948 3404 3012 cubitorum,
3446 2966 3567 3020 qua:
3595 2954 3670 3002 ter
3695 2949 3806 3000 mul-

350 3045 555 3115 psalmi
581 3045 647 3099 ad
682 3061 852 3098 omne
884 3059 1002 3097 non
1050 3043 1319 3114 pertinet,
1369 3048 1425 3096 et
1459 3043 1614 3096 locus
1649 3044 1927 3097 Geneseos
1966 3042 2055 3096 in-

353 3132 695 3202 telligendus
743 3132 812 3185 de
864 3136 982 3184 tota
1027 3131 1296 3200 prosapia
1344 3130 1521 3197 Sethi,
1572 3135 1633 3184 ut
1683 3129 2058 3184 eruditissimi

353 3219 692 3289 intrepretes
719 3219 789 3271 ad
821 3234 951 3271 eum
990 3218 1178 3272 locum
1207 3218 1595 3272 ostenderunt.
1629 3220 1881 3272 Tandem
1902 3219 2057 3272 clau-

357 3306 439 3370 dit
468 3307 614 3360 hanc
641 3322 805 3360 suam
831 3305 1328 3360 ratiocinationem
1367 3307 1722 3376 Augustinus
1754 3307 1909 3360 hisce
1937 3323 2058 3360 ver-

352 3394 468 3448 bis:
523 3397 712 3449 Merito
757 3397 898 3448 enim
947 3394 1248 3448 creduntur
1289 3396 1428 3448 LXX
1455 3398 1772 3464 interpretes
1798 3397 2059 3464 accipisse

346 3485 722 3552 propheticum
751 3485 1026 3552 spiritum,
1049 3487 1110 3535 ut
1138 3485 1187 3536 si
1217 3482 1353 3551 quid
1380 3484 1495 3553 ejus
1526 3487 1846 3537 auctoritate
1878 3490 2055 3538 muta-

350 3576 493 3641 rent,
541 3576 705 3641 atque
751 3572 911 3624 aliter
949 3587 1111 3639 quam
1140 3576 1258 3625 erat
1305 3571 1448 3639 quod
1491 3572 1930 3639 interprebanlur
1969 3573 2055 3624 di-

353 3669 553 3727 cerent,
584 3676 752 3728 neque
765 3661 859 3714 hoc
890 3660 1151 3714 divinitus
1179 3675 1289 3715 esse
1306 3660 1506 3714 dictum
1539 3659 1901 3720 dubitaretur,
1931 3662 2054 3715 Haec

351 3748 545 3819 opinio
572 3748 754 3802 tribus
784 3747 1150 3817 potissimum
1197 3747 1390 3802 fulcris
1435 3749 1877 3802 sustentabatur.
1929 3749 2052 3802 Pri-

352 3852 510 3890 mum
557 3837 664 3890 fuit
714 3836 959 3890 absurda
1025 3835 1220 3890 fabula
1267 3836 1642 3890 commentitii
1674 3836 1933 3903 Aristete,
1984 3837 2052 3890 de

349 3925 568 3978 ratione
592 3941 705 3995 qua
733 3924 791 3978 hi
826 3924 1162 3995 interpretes
1185 3925 1354 3978 Vetus
1375 3927 1822 3990 Testamentum,
1857 3942 2052 3996 quam-

347 4014 430 4067 vis
475 4013 693 4068 cellulis
748 4013 1009 4083 sejuncti,
1057 4013 1258 4067 eodem
1286 4015 1454 4084 plane
1507 4014 1673 4068 modo
1727 4019 2047 4081 verterant;

345 4119 517 4174 quam
549 4103 800 4156 fabulam
832 4101 1011 4155 irrisit
1041 4102 1179 4155 olim
1231 4102 1627 4172 Hieronymus,
1665 4108 1721 4156 et
1747 4119 1907 4156 nunc
1933 4120 2050 4157 om-

345 4207 447 4245 nes
477 4191 820 4245 cordatiores
856 4190 1120 4244 similiter
1167 4190 1375 4244 rident.
1427 4193 1565 4245 Nam
1601 4191 1700 4261 qui
1729 4192 1897 4244 aliter
1921 4209 2042 4244 sen-

267 4335 270 4338 ,
343 4276 494 4330 tiunt
523 4282 621 4329 aut
671 4275 940 4329 Hebraice
972 4275 1249 4339 nesciunt,
1295 4279 1393 4327 aut
1423 4275 1594 4328 stulta
1624 4275 1936 4343 pertinacia
1965 4275 2043 4329 ita

346 4364 620 4428 sentiunt,
654 4365 740 4416 vel
775 4364 982 4416 sentire
1013 4361 1193 4416 videri
1223 4363 1440 4414 volunt.
1475 4366 1708 4414 Aterum
1739 4362 1845 4415 fuit
1873 4363 2042 4432 igno-

347 4449 774 4519 rantialinguaa
825 4448 1111 4503 llebraica":
1169 4447 1497 4501 Judaeorum
1554 4449 1962 4502 nonnullorum
1993 4455 2048 4503 et

347 4536 820 4601 Christianorum,
887 4536 984 4606 qui
1039 4550 1338 4605 nunquam
1384 4551 1509 4588 eam
1560 4536 1872 4590 versionem
1915 4555 2043 4592 cum

351 4624 622 4678 llebraico
656 4625 847 4678 codice
891 4625 1250 4677 contulerant
1283 4639 1296 4689 ;
1328 4639 1461 4677 nam
1519 4640 1582 4678 ex
1632 4641 1829 4677 eorum
1881 4627 2046 4680 colla-

345 4712 498 4767 tione
537 4712 1049 4783 deprehendissent
1102 4711 1406 4766 manifesta
1433 4718 1685 4782 peccata,
1727 4713 2045 4768 innumeris

345 4800 408 4855 in
439 4801 596 4867 locis,
651 4799 900 4854 admissa
930 4799 1000 4853 ab
1029 4798 1098 4852 iis
1129 4799 1536 4870 interpretibus
1566 4800 1739 4854 fuisse
1768 4817 1781 4866 ;
1818 4818 1946 4871 qua:
1977 4817 2045 4854 ex

345 4889 536 4943 minus
596 4892 856 4942 accurata
919 4886 1132 4958 lingua:
1200 4887 1487 4942 Hebraicee
1551 4888 1876 4959 cognitione
1923 4893 2044 4942 orta

345 4983 524 5032 erant.
571 4976 824 5033 Tertium
869 4976 1136 5047 denique,
1171 4976 1500 5047 gravissima
1529 4978 1694 5045 ratio,
1729 4978 1773 5031 si
1801 4984 2045 5048 pruden-

343 5065 484 5120 tiam
515 5066 800 5120 carnalem
824 5070 1059 5135 spectes,
1101 5065 1196 5119 sed
1228 5065 1440 5119 nullius
1465 5067 1754 5137 ponderis,
1786 5066 1833 5120 si
1872 5067 2045 5120 solius

342 5154 597 5207 veritatis
652 5153 936 5207 rationem
993 5146 1221 5219 habeas,
1275 5154 1568 5221 nimirum,
1613 5155 1767 5224 quod
1800 5154 2044 5209 admissa

343 5240 673 5311 Hieronymi
693 5241 986 5311 opinione,
1018 5241 1087 5295 de
1117 5241 1267 5294 vitiis
1300 5241 1576 5295 versionis
1609 5242 1732 5295 LXX
1765 5240 2045 5310 interpre-

342 5333 465 5382 tum
507 5335 562 5382 et
619 5329 949 5383 necessitate
997 5329 1362 5399 confugiendi
1394 5329 1461 5382 ad
1513 5329 1853 5382 Hebraicum
1897 5330 2045 5382 codi-

342 5432 485 5482 cem,
522 5422 708 5470 actum
738 5423 858 5471 erat
887 5417 955 5471 de
989 5416 1164 5479 libris,
1199 5416 1382 5486 deque
1410 5415 1827 5469 existimatione
1867 5415 2045 5469 innu-

343 5505 706 5560 merabilium
751 5505 1215 5560 concionatorum
1247 5509 1301 5558 et
1330 5503 1710 5573 interpretum
1737 5503 2044 5574 Scriptum

2167 3035 2420 3106 tiplicare
2447 3051 2566 3090 non
2599 3036 2748 3102 licet,
2778 3041 2842 3090 ut
2870 3036 3006 3091 hinc
3045 3037 3148 3091 ﬁat
3177 3054 3310 3091 arca
3366 3039 3534 3108 longa
3575 3040 3805 3107 nongenta

2166 3123 2456 3193 cubita,et
2497 3124 2609 3178 lata
2651 3129 2880 3178 centum
2923 3125 3369 3196 quinquaginta,
3403 3143 3535 3180 nam
3564 3127 3658 3180 hoc
3697 3127 3804 3177 esset

2164 3212 2334 3281 plane
2375 3213 2726 3267 contrarium
2750 3213 3070 3284 Scriptura).
3105 3214 3259 3277 Quin
3289 3219 3345 3268 et
3386 3215 3493 3284 ipsi
3547 3212 3802 3284 Augustino

2164 3316 2397 3370 prorsus
2431 3301 2764 3356 adversatur
2809 3301 2909 3373 qui
2941 3301 3021 3356 ita
3067 3302 3382 3373 Scriptura:
3426 3303 3588 3358 verba
3631 3303 3800 3356 intelle-

2165 3388 2264 3454 xit,
2298 3389 2460 3459 quasi
2500 3391 2636 3444 Gen.
2693 3407 2818 3461 cap.
2873 3407 2946 3457 v1,
2983 3395 3068 3458 l5,
3129 3393 3394 3446 tradatur
3435 3407 3676 3446 mensura
3717 3403 3801 3441 non

2164 3477 2529 3548 solius‘arcm,
2563 3479 2658 3533 sed
2694 3479 3053 3549 singularum
3094 3481 3618 3534 contabulationum
3644 3478 3801 3548 quibus

2163 3566 2473 3628 constabat,
2501 3566 2579 3621 ita
2601 3573 2664 3620 ut
2686 3566 2929 3637 singulae
2961 3574 3149 3621 essent
3174 3569 3308 3623 latas
3331 3568 3714 3640 quinquaginta
3737 3580 3802 3617 cu-

2161 3655 2302 3718 bita.
2327 3656 2513 3724 longae
2545 3672 2679 3709 vero
2707 3661 2960 3710 trecenta
2987 3676 3002 3723 ;
3061 3656 3201 3710 adeo
3222 3664 3292 3710 ut
3339 3674 3469 3712 arca
3519 3661 3651 3712 esset
3673 3654 3801 3724 triplo

2163 3745 2345 3813 major
2376 3759 2549 3813 quam
2604 3745 2775 3814 vulgo
2823 3745 3175 3799 credebatur.
3229 3747 3595 3816 Perspicuum
3637 3745 3721 3798 hoc
3743 3744 3802 3794 est

2160 3849 2219 3885 ex
2278 3831 2584 3903 Augustini
2623 3833 2827 3886 verbis.
2872 3834 3079 3886 Verum
3112 3838 3192 3900 ut,
3230 3840 3382 3889 recte
3414 3835 3643 3888 calculos
3667 3833 3797 3892 ineat,

2161 3920 2486 3974 deﬁnienda
2515 3937 2745 3991 quoque
2772 3920 2881 3974 fuit
2919 3921 3159 3974 altitudo
3193 3922 3548 3993 singularum
3577 3919 3799 3975 contabu-

2160 4006 2462 4073 lationum,
2514 4007 2744 4077 qualem
2784 4023 2911 4061 eam
2953 4023 3097 4061 arcae
3143 4007 3348 4062 tribuit
3397 4009 3680 4078 Scriptura,
3721 4004 3797 4056 hoc

2160 4100 2264 4155 est.
2318 4094 2555 4164 triginta
2597 4094 2916 4148 cubitorum
2951 4112 2963 4162 ;
2995 4100 3093 4149 aut
3121 4095 3168 4148 si
3200 4097 3613 4167 longitudinem
3644 4099 3690 4147 et
3713 4091 3797 4145 lati-

2159 4181 2421 4235 tudinem
2447 4186 2672 4236 tantum
2715 4187 2907 4236 auctas
2949 4184 3109 4252 velis,
3165 4185 3495 4254 negandum
3527 4185 3626 4238 erit
3650 4179 3795 4238 tresin

2161 4287 2288 4324 arca
2316 4270 2488 4324 fuisse
2513 4271 3022 4339 contabulationes,
3069 4277 3265 4326 contra
3317 4274 3525 4328 diserta
3553 4271 3795 4341 Scriptura:

2155 4359 2346 4427 verba,
2398 4360 2596 4413 (lenes.
2654 4376 2777 4430 cap.
2839 4377 2912 4427 vr,
2973 4363 3056 4426 16,
3112 4347 3374 4421 ωτὶῖέτῆῗέπ
3442 4363 3588 4420 Du‘e‘
3640 4367 3790 4418 eum

2159 4464 2170 4504 ἒ
2241 4449 2449 4511 ΠῈὙΠ,
2527 4456 2796 4517 nativam,
2879 4455 3078 4519 διόροφαι
3168 4459 3250 4504 καὶ

2155 4543 2328 4604 αὐτὴν,
2367 4537 2635 4605 deorsum,
2673 4539 2948 4590 camacula
2983 4542 3033 4590 et
3075 4540 3303 4606 tristega
3347 4542 3515 4605 facies
3553 4541 3605 4591 in
3630 4553 3696 4589 ea.
3730 4530 3791 4584 Sic

2156 4625 2368 4679 habent
2400 4626 2668 4680 Hebraeus
2688 4625 2880 4691 codex,
2930 4625 3360 4697 authenticique
3393 4627 3623 4682 Orientis
3649 4629 3695 4678 et
3718 4623 3789 4676 Oc-

2155 4713 2392 4767 cidentis
2452 4713 2813 4783 interpretes.
2873 4712 3076 4782 Igitur,
3122 4712 3169 4766 si
3215 4730 3523 4784 sequamur
3550 4712 3789 4767 lectionem

2157 4801 2677 4868 Benedictinorum,
2719 4800 3224 4872 existimemusque
3271 4803 3344 4856 ab
3388 4803 3680 4873 Augustino
3728 4811 3790 4848 ar-

2154 4905 2298 4955 cam,
2333 4889 2595 4943 altiorem
2624 4905 2742 4942 non
2775 4889 3014 4943 describi
3042 4905 3212 4960 quam
3242 4892 3417 4963 vulgo
3448 4892 3687 4948 creditur,
3716 4886 3791 4938 hoc

2154 4981 2238 5031 est
2265 4976 2501 5048 triginta
2531 4977 2874 5044 cubitorum,
2907 4978 3003 5032 sed
3040 4982 3264 5033 tantum
3314 4981 3578 5034 latiorem
3613 4982 3662 5032 et
3696 4975 3787 5027 lon-

2154 5066 2420 5134 giorem;
2480 5065 2870 5120 adversabitur
2928 5066 3109 5120 verbis
3161 5068 3475 5121 manifestis
3520 5065 3786 5134 Scriptura.

2154 5153 2210 5208 Si
2239 5170 2370 5207 vero
2415 5169 2724 5224 sequamur
2766 5153 2988 5224 priores
3041 5152 3346 5221 editiones,
3402 5156 3459 5208 in
3505 5172 3566 5208 eo
3611 5155 3782 5204 tantum

2153 5242 2468 5310 peccaverit
2486 5241 2641 5311 quod
2673 5241 2741 5294 de
2790 5244 2907 5294 tota
2941 5257 3066 5294 arca
3101 5241 3315 5294 dictum
3344 5243 3413 5295 de
3461 5240 3673 5311 singulis
3695 5235 3785 5304 ejus

2155 5329 2714 5384 contabulationibus
2761 5328 3121 5382 intellexerit.
3183 5332 3530 5384 Alterutrum
3572 5327 3784 5396 eligatur,

2154 5418 2446 5472 fatendum
2489 5417 2597 5471 erit
2638 5416 3008 5471 allucinatum
3064 5419 3481 5488 Augustinum;
3515 5417 3599 5470 sed
3639 5411 3783 5479 potius

2155 5505 2430 5576 sequendi
2483 5503 2702 5559 codices
2762 5519 2896 5559 mss.
2941 5504 3251 5560 Voluissem
3302 5505 3613 5575 diligentius
3632 5500 3781 5567 inspe-

3332 4461 3436 4521 τριὸ
3443 4475 3559 4522 pos-71
3634 4455 3793 4511 nomen;
