  <div class='ocr_page' id='page_1' title='image "/cluster/home/n/w/nwhite01/storage/ocr_20150623/47/hvd.32044096580683/250.png"; bbox 0 0 3920 6180; ppageno 0'>
   <div class='ocr_carea' id='block_1_1' title="bbox 88 260 176 312">
    <p class='ocr_par' dir='ltr' id='par_1_1' title="bbox 88 260 176 312">
     <span class='ocr_line' id='line_1_1' title="bbox 88 260 176 312; baseline -0.023 0"><span class='ocrx_word' id='word_1_1' title='bbox 88 260 176 312; x_wconf 73' lang='grc'>489</span> 
     </span>
    </p>
   </div>
   <div class='ocr_carea' id='block_1_2' title="bbox 846 218 2745 314">
    <p class='ocr_par' dir='ltr' id='par_1_2' title="bbox 846 218 2745 314">
     <span class='ocr_line' id='line_1_2' title="bbox 846 218 2745 314; baseline 0.005 -10"><span class='ocrx_word' id='word_1_2' title='bbox 846 252 1207 308; x_wconf 83' lang='lat' dir='ltr'><strong><em>VARIORUM</em></strong></span> <span class='ocrx_word' id='word_1_3' title='bbox 1251 254 1851 312; x_wconf 83' lang='lat' dir='ltr'><strong><em>EXERCITATIONES</em></strong></span> <span class='ocrx_word' id='word_1_4' title='bbox 1890 257 1955 311; x_wconf 87' lang='lat' dir='ltr'><strong><em>IN</em></strong></span> <span class='ocrx_word' id='word_1_5' title='bbox 1996 259 2032 312; x_wconf 92' lang='lat' dir='ltr'><strong><em>S</em></strong></span> <span class='ocrx_word' id='word_1_6' title='bbox 2094 258 2457 314; x_wconf 82' lang='lat' dir='ltr'><strong><em>AUGUSTINI</em></strong></span> <span class='ocrx_word' id='word_1_7' title='bbox 2497 259 2745 313; x_wconf 80' lang='lat' dir='ltr'><strong><em>OPERA.</em></strong></span> 
     </span>
    </p>
   </div>
   <div class='ocr_carea' id='block_1_3' title="bbox 3437 264 3541 317">
    <p class='ocr_par' dir='ltr' id='par_1_3' title="bbox 3437 264 3541 317">
     <span class='ocr_line' id='line_1_3' title="bbox 3437 264 3541 317; baseline 0 -1"><span class='ocrx_word' id='word_1_8' title='bbox 3437 264 3541 317; x_wconf 76' lang='grc'><strong><em>490</em></strong></span> 
     </span>
    </p>
   </div>
   <div class='ocr_carea' id='block_1_4' title="bbox 85 372 3539 452">
    <p class='ocr_par' dir='ltr' id='par_1_4' title="bbox 85 372 3539 452">
     <span class='ocr_line' id='line_1_4' title="bbox 85 372 3539 452; baseline 0.001 -20"><span class='ocrx_word' id='word_1_9' title='bbox 85 376 278 442; x_wconf 85' lang='lat' dir='ltr'><strong><em>ctos,in</em></strong></span> <span class='ocrx_word' id='word_1_10' title='bbox 321 372 680 444; x_wconf 78' lang='lat' dir='ltr'><strong><em>sequentibus</em></strong></span> <span class='ocrx_word' id='word_1_11' title='bbox 731 374 831 428; x_wconf 91' lang='lat' dir='ltr'><strong><em>ubi</em></strong></span> <span class='ocrx_word' id='word_1_12' title='bbox 885 374 1131 429; x_wconf 86' lang='lat' dir='ltr'><strong><em>occurrit</em></strong></span> <span class='ocrx_word' id='word_1_13' title='bbox 1157 391 1269 431; x_wconf 89' lang='lat' dir='ltr'><strong><em>vox</em></strong></span> <span class='ocrx_word' id='word_1_14' title='bbox 1319 380 1514 448; x_wconf 88' lang='lat' dir='ltr'><strong><em>epiros,</em></strong></span> <span class='ocrx_word' id='word_1_15' title='bbox 1562 394 1733 449; x_wconf 87' lang='lat' dir='ltr'><strong><em>quam</em></strong></span> <span class='ocrx_word' id='word_1_16' title='bbox 1775 381 1817 433; x_wconf 85' lang='lat' dir='ltr'><strong>A</strong></span> <span class='ocrx_word' id='word_1_17' title='bbox 1844 381 2196 445; x_wconf 58' lang='lat' dir='ltr'><strong><em>inferioribus</em></strong></span> <span class='ocrx_word' id='word_1_18' title='bbox 2245 382 2494 449; x_wconf 74' lang='lat' dir='ltr'><strong><em>simplex.</em></strong></span> <span class='ocrx_word' id='word_1_19' title='bbox 2528 382 2668 437; x_wconf 87' lang='lat' dir='ltr'><strong><em>Nam</em></strong></span> <span class='ocrx_word' id='word_1_20' title='bbox 2720 381 2825 435; x_wconf 89' lang='lat' dir='ltr'><strong><em>duo</em></strong></span> <span class='ocrx_word' id='word_1_21' title='bbox 2880 388 3035 436; x_wconf 89' lang='lat' dir='ltr'><strong><em>erant</em></strong></span> <span class='ocrx_word' id='word_1_22' title='bbox 3064 385 3270 452; x_wconf 80' lang='lat' dir='ltr'><strong><em>capita,</em></strong></span> <span class='ocrx_word' id='word_1_23' title='bbox 3315 383 3419 437; x_wconf 88' lang='lat' dir='ltr'><strong><em>duo</em></strong></span> <span class='ocrx_word' id='word_1_24' title='bbox 3444 400 3539 452; x_wconf 88' lang='lat' dir='ltr'><strong><em>pe-</em></strong></span> 
     </span>
    </p>
   </div>
   <div class='ocr_carea' id='block_1_5' title="bbox 86 459 1738 536">
    <p class='ocr_par' dir='ltr' id='par_1_5' title="bbox 86 459 1738 536">
     <span class='ocr_line' id='line_1_5' title="bbox 86 459 1738 536; baseline 0.001 -16"><span class='ocrx_word' id='word_1_25' title='bbox 86 463 441 535; x_wconf 83' lang='lat' dir='ltr'><strong><em>reﬁngendam</em></strong></span> <span class='ocrx_word' id='word_1_26' title='bbox 472 462 531 515; x_wconf 91' lang='lat' dir='ltr'><strong><em>in</em></strong></span> <span class='ocrx_word' id='word_1_27' title='bbox 556 459 825 524; x_wconf 74' lang='grc' dir='ltr'><strong><em>ἐπιούρους,</em></strong></span> <span class='ocrx_word' id='word_1_28' title='bbox 858 468 957 517; x_wconf 89' lang='lat' dir='ltr'><strong><em>aut</em></strong></span> <span class='ocrx_word' id='word_1_29' title='bbox 1000 466 1235 532; x_wconf 90' lang='lat' dir='ltr'><strong><em>epiuros,</em></strong></span> <span class='ocrx_word' id='word_1_30' title='bbox 1269 465 1586 536; x_wconf 83' lang='lat' dir='ltr'><strong><em>suspicatus</em></strong></span> <span class='ocrx_word' id='word_1_31' title='bbox 1618 472 1738 521; x_wconf 90' lang='lat' dir='ltr'><strong><em>erat</em></strong></span> 
     </span>
    </p>
   </div>
   <div class='ocr_carea' id='block_1_6' title="bbox 90 549 1735 623">
    <p class='ocr_par' dir='ltr' id='par_1_6' title="bbox 90 549 1735 623">
     <span class='ocr_line' id='line_1_6' title="bbox 90 549 1735 623; baseline 0 -15"><span class='ocrx_word' id='word_1_32' title='bbox 90 556 326 623; x_wconf 56' lang='lat' dir='ltr'><strong><em>(1ququ</em></strong></span> <span class='ocrx_word' id='word_1_33' title='bbox 354 554 481 620; x_wconf 88' lang='lat' dir='ltr'><strong><em>post</em></strong></span> <span class='ocrx_word' id='word_1_34' title='bbox 511 549 834 604; x_wconf 83' lang='lat' dir='ltr'><strong><em>Meursium.</em></strong></span> <span class='ocrx_word' id='word_1_35' title='bbox 878 550 1016 605; x_wconf 90' lang='lat' dir='ltr'><strong><em>Vide</em></strong></span> <span class='ocrx_word' id='word_1_36' title='bbox 1055 552 1447 607; x_wconf 88' lang='lat' dir='ltr'><strong><em>Benedictinos</em></strong></span> <span class='ocrx_word' id='word_1_37' title='bbox 1496 554 1557 608; x_wconf 92' lang='lat' dir='ltr'><strong><em>in</em></strong></span> <span class='ocrx_word' id='word_1_38' title='bbox 1587 556 1735 608; x_wconf 85' lang='lat' dir='ltr'><strong><em>calce</em></strong></span> 
     </span>
    </p>
   </div>
   <div class='ocr_carea' id='block_1_7' title="bbox 90 638 372 693">
    <p class='ocr_par' dir='ltr' id='par_1_7' title="bbox 90 638 372 693">
     <span class='ocr_line' id='line_1_7' title="bbox 90 638 372 693; baseline -0.011 0"><span class='ocrx_word' id='word_1_39' title='bbox 90 638 372 693; x_wconf 75' lang='lat' dir='ltr'><strong><em>voluminis.</em></strong></span> 
     </span>
    </p>
   </div>
   <div class='ocr_carea' id='block_1_8' title="bbox 145 726 1736 796">
    <p class='ocr_par' dir='ltr' id='par_1_8' title="bbox 145 726 1736 796">
     <span class='ocr_line' id='line_1_8' title="bbox 145 726 1736 796; baseline 0.004 -16"><span class='ocrx_word' id='word_1_40' title='bbox 145 728 285 780; x_wconf 57' lang='grc' dir='ltr'><strong><em>[λωιιο</em></strong></span> <span class='ocrx_word' id='word_1_41' title='bbox 320 742 423 779; x_wconf 78' lang='lat' dir='ltr'><strong><em>xvi.</em></strong></span> <span class='ocrx_word' id='word_1_42' title='bbox 482 726 613 796; x_wconf 87' lang='lat' dir='ltr'><strong><em>Cap.</em></strong></span> <span class='ocrx_word' id='word_1_43' title='bbox 675 730 728 782; x_wconf 87' lang='lat'><strong><em>3.</em></strong></span> <span class='ocrx_word' id='word_1_44' title='bbox 779 727 931 793; x_wconf 85' lang='lat' dir='ltr'><strong><em>Quod</em></strong></span> <span class='ocrx_word' id='word_1_45' title='bbox 959 743 1081 782; x_wconf 89' lang='lat' dir='ltr'><strong><em>vero</em></strong></span> <span class='ocrx_word' id='word_1_46' title='bbox 1111 728 1314 783; x_wconf 88' lang='lat' dir='ltr'><strong><em>dictum</em></strong></span> <span class='ocrx_word' id='word_1_47' title='bbox 1364 736 1443 785; x_wconf 89' lang='lat' dir='ltr'><strong><em>est</em></strong></span> <span class='ocrx_word' id='word_1_48' title='bbox 1492 732 1558 785; x_wconf 89' lang='lat' dir='ltr'><strong><em>de</em></strong></span> <span class='ocrx_word' id='word_1_49' title='bbox 1591 737 1736 786; x_wconf 87' lang='lat' dir='ltr'><strong><em>terra</em></strong></span> 
     </span>
    </p>
   </div>
   <div class='ocr_carea' id='block_1_9' title="bbox 78 815 1735 888">
    <p class='ocr_par' dir='ltr' id='par_1_9' title="bbox 78 815 1735 888">
     <span class='ocr_line' id='line_1_9' title="bbox 78 815 1735 888; baseline 0.004 -20"><span class='ocrx_word' id='word_1_50' title='bbox 78 817 175 880; x_wconf 85' lang='lat' dir='ltr'><strong><em>illa,</em></strong></span> <span class='ocrx_word' id='word_1_51' title='bbox 196 815 248 867; x_wconf 88' lang='lat' dir='ltr'><strong><em>id</em></strong></span> <span class='ocrx_word' id='word_1_52' title='bbox 272 819 363 881; x_wconf 91' lang='lat' dir='ltr'><strong><em>est,</em></strong></span> <span class='ocrx_word' id='word_1_53' title='bbox 397 815 461 867; x_wconf 87' lang='lat' dir='ltr'><strong><em>de</em></strong></span> <span class='ocrx_word' id='word_1_54' title='bbox 482 818 626 868; x_wconf 86' lang='lat' dir='ltr'><strong><em>terra</em></strong></span> <span class='ocrx_word' id='word_1_55' title='bbox 650 816 914 881; x_wconf 88' lang='lat' dir='ltr'><strong><em>Sennaar,</em></strong></span> <span class='ocrx_word' id='word_1_56' title='bbox 948 832 1066 885; x_wconf 69' lang='lat' dir='ltr'><strong><em>quae</em></strong></span> <span class='ocrx_word' id='word_1_57' title='bbox 1078 819 1387 886; x_wconf 75' lang='lat' dir='ltr'><strong><em>pertinebat</em></strong></span> <span class='ocrx_word' id='word_1_58' title='bbox 1415 820 1489 873; x_wconf 90' lang='lat' dir='ltr'><strong><em>ad</em></strong></span> <span class='ocrx_word' id='word_1_59' title='bbox 1510 835 1735 888; x_wconf 89' lang='lat' dir='ltr'><strong><em>regnum</em></strong></span> 
     </span>
    </p>
   </div>
   <div class='ocr_carea' id='block_1_10' title="bbox 80 903 1737 974">
    <p class='ocr_par' dir='ltr' id='par_1_10' title="bbox 80 903 1737 974">
     <span class='ocr_line' id='line_1_10' title="bbox 80 903 1737 974; baseline 0.004 -18"><span class='ocrx_word' id='word_1_60' title='bbox 80 903 346 968; x_wconf 74' lang='lat' dir='ltr'><strong><em>.Yembroth,</em></strong></span> <span class='ocrx_word' id='word_1_61' title='bbox 378 905 551 957; x_wconf 64' lang='lat' dir='ltr'><strong><em>emisse</em></strong></span> <span class='ocrx_word' id='word_1_62' title='bbox 578 904 755 957; x_wconf 82' lang='lat' dir='ltr'><strong><em>Assur</em></strong></span> <span class='ocrx_word' id='word_1_63' title='bbox 785 908 834 957; x_wconf 88' lang='lat' dir='ltr'><strong><em>et</em></strong></span> <span class='ocrx_word' id='word_1_64' title='bbox 881 904 1175 973; x_wconf 68' lang='lat' dir='ltr'><strong><em>aediﬁcasse</em></strong></span> <span class='ocrx_word' id='word_1_65' title='bbox 1229 908 1460 961; x_wconf 87' lang='lat' dir='ltr'><strong><em>Niniven</em></strong></span> <span class='ocrx_word' id='word_1_66' title='bbox 1497 912 1547 961; x_wconf 89' lang='lat' dir='ltr'><strong><em>et</em></strong></span> <span class='ocrx_word' id='word_1_67' title='bbox 1572 910 1737 974; x_wconf 87' lang='lat' dir='ltr'><strong><em>alias,</em></strong></span> 
     </span>
    </p>
   </div>
   <div class='ocr_carea' id='block_1_11' title="bbox 82 994 1738 1064">
    <p class='ocr_par' dir='ltr' id='par_1_11' title="bbox 82 994 1738 1064">
     <span class='ocr_line' id='line_1_11' title="bbox 82 994 1738 1064; baseline 0.004 -20"><span class='ocrx_word' id='word_1_68' title='bbox 82 1007 193 1060; x_wconf 88' lang='lat' dir='ltr'><strong><em>quas</em></strong></span> <span class='ocrx_word' id='word_1_69' title='bbox 212 994 494 1059; x_wconf 68' lang='lat' dir='ltr'><strong><em>contemnit,</em></strong></span> <span class='ocrx_word' id='word_1_70' title='bbox 533 994 778 1046; x_wconf 83' lang='lat' dir='ltr'><strong><em>civitates</em></strong></span> <span class='ocrx_word' id='word_1_71' title='bbox 819 994 970 1060; x_wconf 90' lang='lat' dir='ltr'><strong><em>longe</em></strong></span> <span class='ocrx_word' id='word_1_72' title='bbox 994 999 1180 1062; x_wconf 88' lang='lat' dir='ltr'><strong><em>postea</em></strong></span> <span class='ocrx_word' id='word_1_73' title='bbox 1222 996 1432 1058; x_wconf 78' lang='lat' dir='ltr'><strong><em>factum</em></strong></span> <span class='ocrx_word' id='word_1_74' title='bbox 1462 1001 1559 1064; x_wconf 87' lang='lat' dir='ltr'><strong><em>est,</em></strong></span> <span class='ocrx_word' id='word_1_75' title='bbox 1594 997 1738 1064; x_wconf 88' lang='lat' dir='ltr'><strong><em>quod</em></strong></span> 
     </span>
    </p>
   </div>
   <div class='ocr_carea' id='block_1_12' title="bbox 79 1081 1738 1151">
    <p class='ocr_par' dir='ltr' id='par_1_12' title="bbox 79 1081 1738 1151">
     <span class='ocr_line' id='line_1_12' title="bbox 79 1081 1738 1151; baseline 0.002 -18"><span class='ocrx_word' id='word_1_76' title='bbox 79 1096 131 1133; x_wconf 75' lang='lat' dir='ltr'><strong><em>ea:</em></strong></span> <span class='ocrx_word' id='word_1_77' title='bbox 156 1081 242 1133; x_wconf 88' lang='lat' dir='ltr'><strong><em>hac</em></strong></span> <span class='ocrx_word' id='word_1_78' title='bbox 261 1081 531 1135; x_wconf 82' lang='lat' dir='ltr'><strong><em>occasione</em></strong></span> <span class='ocrx_word' id='word_1_79' title='bbox 566 1082 913 1148; x_wconf 65' lang='lat' dir='ltr'><strong><em>perstrinxit,</em></strong></span> <span class='ocrx_word' id='word_1_80' title='bbox 953 1085 1178 1151; x_wconf 78' lang='lat' dir='ltr'><strong><em>propter</em></strong></span> <span class='ocrx_word' id='word_1_81' title='bbox 1220 1083 1558 1137; x_wconf 76' lang='lat' dir='ltr'><strong><em>nobilitatem</em></strong></span> <span class='ocrx_word' id='word_1_82' title='bbox 1583 1087 1738 1150; x_wconf 87' lang='lat' dir='ltr'><strong><em>regni</em></strong></span> 
     </span>
    </p>
   </div>
   <div class='ocr_carea' id='block_1_13' title="bbox 78 1167 1733 1239">
    <p class='ocr_par' dir='ltr' id='par_1_13' title="bbox 78 1167 1733 1239">
     <span class='ocr_line' id='line_1_13' title="bbox 78 1167 1733 1239; baseline 0.002 -17"><span class='ocrx_word' id='word_1_83' title='bbox 78 1171 411 1236; x_wconf 77' lang='lat' dir='ltr'><strong><em>Assyriorum,</em></strong></span> <span class='ocrx_word' id='word_1_84' title='bbox 446 1167 579 1239; x_wconf 83' lang='lat' dir='ltr'><strong><em>etc.]</em></strong></span> <span class='ocrx_word' id='word_1_85' title='bbox 614 1169 750 1222; x_wconf 83' lang='lat' dir='ltr'><strong><em>Vide</em></strong></span> <span class='ocrx_word' id='word_1_86' title='bbox 776 1186 903 1239; x_wconf 70' lang='lat' dir='ltr'><strong><em>qua:</em></strong></span> <span class='ocrx_word' id='word_1_87' title='bbox 935 1170 1040 1223; x_wconf 89' lang='lat' dir='ltr'><strong><em>hac</em></strong></span> <span class='ocrx_word' id='word_1_88' title='bbox 1068 1170 1138 1223; x_wconf 90' lang='lat' dir='ltr'><strong><em>de</em></strong></span> <span class='ocrx_word' id='word_1_89' title='bbox 1168 1187 1229 1224; x_wconf 91' lang='lat' dir='ltr'><strong><em>re</em></strong></span> <span class='ocrx_word' id='word_1_90' title='bbox 1251 1171 1540 1225; x_wconf 84' lang='lat' dir='ltr'><strong><em>adnotavit</em></strong></span> <span class='ocrx_word' id='word_1_91' title='bbox 1562 1173 1733 1227; x_wconf 80' lang='lat' dir='ltr'><strong><em>Joan-</em></strong></span> 
     </span>
    </p>
   </div>
   <div class='ocr_carea' id='block_1_14' title="bbox 78 1256 1727 1327">
    <p class='ocr_par' dir='ltr' id='par_1_14' title="bbox 78 1256 1727 1327">
     <span class='ocr_line' id='line_1_14' title="bbox 78 1256 1727 1327; baseline 0.003 -18"><span class='ocrx_word' id='word_1_92' title='bbox 78 1273 157 1309; x_wconf 86' lang='lat' dir='ltr'><strong><em>nes</em></strong></span> <span class='ocrx_word' id='word_1_93' title='bbox 181 1256 412 1311; x_wconf 83' lang='lat' dir='ltr'><strong><em>Clericus</em></strong></span> <span class='ocrx_word' id='word_1_94' title='bbox 445 1256 509 1311; x_wconf 92' lang='lat' dir='ltr'><strong><em>in</em></strong></span> <span class='ocrx_word' id='word_1_95' title='bbox 556 1256 909 1327; x_wconf 87' lang='lat' dir='ltr'><strong><em>Philologico</em></strong></span> <span class='ocrx_word' id='word_1_96' title='bbox 956 1258 1339 1312; x_wconf 89' lang='lat' dir='ltr'><strong><em>Commentar.</em></strong></span> <span class='ocrx_word' id='word_1_97' title='bbox 1394 1259 1460 1313; x_wconf 86' lang='lat' dir='ltr'><strong><em>ad</em></strong></span> <span class='ocrx_word' id='word_1_98' title='bbox 1519 1260 1727 1315; x_wconf 88' lang='lat' dir='ltr'><strong><em>Genes.</em></strong></span> 
     </span>
    </p>
   </div>
   <div class='ocr_carea' id='block_1_15' title="bbox 76 1339 1739 1413">
    <p class='ocr_par' dir='ltr' id='par_1_15' title="bbox 76 1339 1739 1413">
     <span class='ocr_line' id='line_1_15' title="bbox 76 1339 1739 1413; baseline 0.003 -21"><span class='ocrx_word' id='word_1_99' title='bbox 76 1358 118 1401; x_wconf 65' lang='grc' dir='ltr'>ι,</span> <span class='ocrx_word' id='word_1_100' title='bbox 144 1344 218 1405; x_wconf 79' lang='grc' dir='ltr'><strong><em>Η,</em></strong></span> <span class='ocrx_word' id='word_1_101' title='bbox 248 1340 362 1394; x_wconf 90' lang='lat' dir='ltr'><strong><em>sine</em></strong></span> <span class='ocrx_word' id='word_1_102' title='bbox 388 1340 597 1410; x_wconf 86' lang='lat' dir='ltr'><strong><em>quibus</em></strong></span> <span class='ocrx_word' id='word_1_103' title='bbox 626 1339 718 1394; x_wconf 83' lang='lat' dir='ltr'><strong><em>vix</em></strong></span> <span class='ocrx_word' id='word_1_104' title='bbox 749 1339 995 1411; x_wconf 83' lang='lat' dir='ltr'><strong><em>intelligi</em></strong></span> <span class='ocrx_word' id='word_1_105' title='bbox 1048 1346 1220 1411; x_wconf 83' lang='lat' dir='ltr'><strong><em>queat</em></strong></span> <span class='ocrx_word' id='word_1_106' title='bbox 1248 1342 1403 1413; x_wconf 92' lang='lat' dir='ltr'><strong><em>quod</em></strong></span> <span class='ocrx_word' id='word_1_107' title='bbox 1433 1341 1525 1396; x_wconf 90' lang='lat' dir='ltr'><strong><em>hic</em></strong></span> <span class='ocrx_word' id='word_1_108' title='bbox 1566 1343 1739 1397; x_wconf 87' lang='lat' dir='ltr'><strong><em>habet</em></strong></span> 
     </span>
    </p>
   </div>
   <div class='ocr_carea' id='block_1_16' title="bbox 78 1429 411 1497">
    <p class='ocr_par' dir='ltr' id='par_1_16' title="bbox 78 1429 411 1497">
     <span class='ocr_line' id='line_1_16' title="bbox 78 1429 411 1497; baseline 0.006 -16"><span class='ocrx_word' id='word_1_109' title='bbox 78 1429 411 1497; x_wconf 80' lang='lat' dir='ltr'><strong><em>Augustinus.</em></strong></span> 
     </span>
    </p>
   </div>
   <div class='ocr_carea' id='block_1_17' title="bbox 134 1516 1739 1587">
    <p class='ocr_par' dir='ltr' id='par_1_17' title="bbox 134 1516 1739 1587">
     <span class='ocr_line' id='line_1_17' title="bbox 134 1516 1739 1587; baseline 0 -16"><span class='ocrx_word' id='word_1_110' title='bbox 134 1517 278 1582; x_wconf 88' lang='lat' dir='ltr'><strong><em>lbid.,</em></strong></span> <span class='ocrx_word' id='word_1_111' title='bbox 323 1516 349 1587; x_wconf 85' lang='lat'><strong>§</strong></span> <span class='ocrx_word' id='word_1_112' title='bbox 396 1520 445 1570; x_wconf 77' lang='lat'><strong><em>2.</em></strong></span> <span class='ocrx_word' id='word_1_113' title='bbox 504 1518 591 1572; x_wconf 92' lang='lat' dir='ltr'><strong><em>Sic</em></strong></span> <span class='ocrx_word' id='word_1_114' title='bbox 636 1518 777 1571; x_wconf 87' lang='lat' dir='ltr'><strong><em>enim</em></strong></span> <span class='ocrx_word' id='word_1_115' title='bbox 824 1518 1063 1585; x_wconf 86' lang='lat' dir='ltr'><strong><em>legitur:</em></strong></span> <span class='ocrx_word' id='word_1_116' title='bbox 1128 1518 1192 1571; x_wconf 89' lang='lat' dir='ltr'><strong><em>Et</em></strong></span> <span class='ocrx_word' id='word_1_117' title='bbox 1247 1518 1379 1573; x_wconf 90' lang='lat' dir='ltr'><strong><em>Sem</em></strong></span> <span class='ocrx_word' id='word_1_118' title='bbox 1432 1523 1601 1572; x_wconf 87' lang='lat' dir='ltr'><strong><em>natus</em></strong></span> <span class='ocrx_word' id='word_1_119' title='bbox 1655 1523 1739 1572; x_wconf 86' lang='lat' dir='ltr'><strong><em>est</em></strong></span> 
     </span>
    </p>
   </div>
   <div class='ocr_carea' id='block_1_18' title="bbox 1844 469 3543 536">
    <p class='ocr_par' dir='ltr' id='par_1_18' title="bbox 1844 469 3543 536">
     <span class='ocr_line' id='line_1_18' title="bbox 1844 469 3543 536; baseline 0.001 -15"><span class='ocrx_word' id='word_1_120' title='bbox 1844 472 2012 533; x_wconf 82' lang='lat' dir='ltr'><strong><em>ctora,</em></strong></span> <span class='ocrx_word' id='word_1_121' title='bbox 2053 473 2234 521; x_wconf 82' lang='lat' dir='ltr'><strong><em>venter</em></strong></span> <span class='ocrx_word' id='word_1_122' title='bbox 2254 472 2432 521; x_wconf 77' lang='lat' dir='ltr'><strong><em>autem</em></strong></span> <span class='ocrx_word' id='word_1_123' title='bbox 2461 483 2599 521; x_wconf 87' lang='lat' dir='ltr'><strong><em>unus</em></strong></span> <span class='ocrx_word' id='word_1_124' title='bbox 2645 472 2694 521; x_wconf 88' lang='lat' dir='ltr'><strong><em>et</em></strong></span> <span class='ocrx_word' id='word_1_125' title='bbox 2727 469 2890 536; x_wconf 79' lang='lat' dir='ltr'><strong><em>pedes</em></strong></span> <span class='ocrx_word' id='word_1_126' title='bbox 2944 470 3068 535; x_wconf 89' lang='lat' dir='ltr'><strong><em>duo,</em></strong></span> <span class='ocrx_word' id='word_1_127' title='bbox 3120 472 3259 523; x_wconf 80' lang='lat' dir='ltr'>sicut</span> <span class='ocrx_word' id='word_1_128' title='bbox 3312 472 3410 523; x_wconf 87' lang='lat' dir='ltr'><strong><em>uni</em></strong></span> <span class='ocrx_word' id='word_1_129' title='bbox 3457 471 3543 523; x_wconf 86' lang='lat' dir='ltr'><strong><em>ho-</em></strong></span> 
     </span>
    </p>
   </div>
   <div class='ocr_carea' id='block_1_19' title="bbox 1843 555 3545 621">
    <p class='ocr_par' dir='ltr' id='par_1_19' title="bbox 1843 555 3545 621">
     <span class='ocr_line' id='line_1_19' title="bbox 1843 555 3545 621; baseline 0.001 -13"><span class='ocrx_word' id='word_1_130' title='bbox 1843 557 2017 620; x_wconf 90' lang='lat' dir='ltr'><strong><em>mini;</em></strong></span> <span class='ocrx_word' id='word_1_131' title='bbox 2047 560 2095 608; x_wconf 89' lang='lat' dir='ltr'><strong><em>et</em></strong></span> <span class='ocrx_word' id='word_1_132' title='bbox 2137 561 2246 609; x_wconf 88' lang='lat' dir='ltr'><strong><em>tam</em></strong></span> <span class='ocrx_word' id='word_1_133' title='bbox 2290 555 2387 607; x_wconf 89' lang='lat' dir='ltr'><strong><em>diu</em></strong></span> <span class='ocrx_word' id='word_1_134' title='bbox 2433 557 2596 621; x_wconf 66' lang='lat' dir='ltr'><strong><em>vixit,</em></strong></span> <span class='ocrx_word' id='word_1_135' title='bbox 2628 560 2686 608; x_wconf 88' lang='lat' dir='ltr'><strong><em>ut</em></strong></span> <span class='ocrx_word' id='word_1_136' title='bbox 2739 557 2931 609; x_wconf 87' lang='lat' dir='ltr'><strong><em>multos</em></strong></span> <span class='ocrx_word' id='word_1_137' title='bbox 2991 557 3065 610; x_wconf 91' lang='lat' dir='ltr'><strong><em>ud</em></strong></span> <span class='ocrx_word' id='word_1_138' title='bbox 3107 574 3224 610; x_wconf 88' lang='lat' dir='ltr'><strong><em>cum</em></strong></span> <span class='ocrx_word' id='word_1_139' title='bbox 3252 557 3545 611; x_wconf 82' lang='lat' dir='ltr'><strong><em>videndum</em></strong></span> 
     </span>
    </p>
   </div>
   <div class='ocr_carea' id='block_1_20' title="bbox 1842 642 3543 713">
    <p class='ocr_par' dir='ltr' id='par_1_20' title="bbox 1842 642 3543 713">
     <span class='ocr_line' id='line_1_20' title="bbox 1842 642 3543 713; baseline 0 -17"><span class='ocrx_word' id='word_1_140' title='bbox 1842 645 1996 709; x_wconf 86' lang='lat' dir='ltr'><strong><em>fama</em></strong></span> <span class='ocrx_word' id='word_1_141' title='bbox 2027 642 2403 711; x_wconf 83' lang='lat' dir='ltr'><strong><em>contraheret.]</em></strong></span> <span class='ocrx_word' id='word_1_142' title='bbox 2438 644 2589 696; x_wconf 88' lang='lat' dir='ltr'><strong><em>Hanc</em></strong></span> <span class='ocrx_word' id='word_1_143' title='bbox 2636 643 2933 698; x_wconf 82' lang='lat' dir='ltr'>historiam</span> <span class='ocrx_word' id='word_1_144' title='bbox 2994 645 3236 698; x_wconf 85' lang='lat' dir='ltr'><strong><em>debebat</em></strong></span> <span class='ocrx_word' id='word_1_145' title='bbox 3260 642 3543 713; x_wconf 84' lang='lat' dir='ltr'><strong><em>Augusti-</em></strong></span> 
     </span>
    </p>
   </div>
   <div class='ocr_carea' id='block_1_21' title="bbox 1845 731 3546 802">
    <p class='ocr_par' dir='ltr' id='par_1_21' title="bbox 1845 731 3546 802">
     <span class='ocr_line' id='line_1_21' title="bbox 1845 731 3546 802; baseline -0.001 -17"><span class='ocrx_word' id='word_1_146' title='bbox 1845 747 1952 785; x_wconf 89' lang='lat' dir='ltr'>nus</span> <span class='ocrx_word' id='word_1_147' title='bbox 1984 732 2355 801; x_wconf 84' lang='lat' dir='ltr'><strong><em>Hieronymo,</em></strong></span> <span class='ocrx_word' id='word_1_148' title='bbox 2380 731 2477 801; x_wconf 90' lang='lat' dir='ltr'><strong><em>qui</em></strong></span> <span class='ocrx_word' id='word_1_149' title='bbox 2514 731 2572 783; x_wconf 91' lang='lat' dir='ltr'>in</span> <span class='ocrx_word' id='word_1_150' title='bbox 2602 731 2843 800; x_wconf 89' lang='lat' dir='ltr'><strong><em>epistola</em></strong></span> <span class='ocrx_word' id='word_1_151' title='bbox 2877 733 2951 785; x_wconf 90' lang='lat' dir='ltr'><strong><em>ad</em></strong></span> <span class='ocrx_word' id='word_1_152' title='bbox 2975 733 3213 785; x_wconf 79' lang='lat' dir='ltr'><strong><em>Vitalem</em></strong></span> <span class='ocrx_word' id='word_1_153' title='bbox 3244 733 3546 802; x_wconf 87' lang='lat' dir='ltr'><strong><em>presbyte-</em></strong></span> 
     </span>
    </p>
   </div>
   <div class='ocr_carea' id='block_1_22' title="bbox 1845 818 3546 888">
    <p class='ocr_par' dir='ltr' id='par_1_22' title="bbox 1845 818 3546 888">
     <span class='ocr_line' id='line_1_22' title="bbox 1845 818 3546 888; baseline -0.001 -15"><span class='ocrx_word' id='word_1_154' title='bbox 1845 836 1992 887; x_wconf 85' lang='lat' dir='ltr'><strong><em>rum,</em></strong></span> <span class='ocrx_word' id='word_1_155' title='bbox 2048 821 2125 873; x_wconf 91' lang='lat' dir='ltr'>sic</span> <span class='ocrx_word' id='word_1_156' title='bbox 2181 818 2482 888; x_wconf 83' lang='lat' dir='ltr'>loquitur:</span> <span class='ocrx_word' id='word_1_157' title='bbox 2544 820 2682 875; x_wconf 88' lang='lat' dir='ltr'><strong><em>Num</em></strong></span> <span class='ocrx_word' id='word_1_158' title='bbox 2722 821 2853 886; x_wconf 88' lang='lat' dir='ltr'><strong><em>quia</em></strong></span> <span class='ocrx_word' id='word_1_159' title='bbox 2904 824 3091 873; x_wconf 83' lang='lat' dir='ltr'><strong><em>nostra</em></strong></span> <span class='ocrx_word' id='word_1_160' title='bbox 3138 825 3294 873; x_wconf 71' lang='lat' dir='ltr'><strong><em>zetate</em></strong></span> <span class='ocrx_word' id='word_1_161' title='bbox 3342 819 3546 887; x_wconf 62' lang='lat' dir='ltr'><strong><em>duplex</em></strong></span> 
     </span>
    </p>
   </div>
   <div class='ocr_carea' id='block_1_23' title="bbox 1850 908 3544 976">
    <p class='ocr_par' dir='ltr' id='par_1_23' title="bbox 1850 908 3544 976">
     <span class='ocr_line' id='line_1_23' title="bbox 1850 908 3544 976; baseline -0.001 -15"><span class='ocrx_word' id='word_1_162' title='bbox 1850 908 2047 976; x_wconf 75' lang='lat' dir='ltr'><strong><em>Lyddae</em></strong></span> <span class='ocrx_word' id='word_1_163' title='bbox 2074 911 2235 962; x_wconf 87' lang='lat' dir='ltr'><strong><em>natus</em></strong></span> <span class='ocrx_word' id='word_1_164' title='bbox 2274 911 2350 961; x_wconf 85' lang='lat' dir='ltr'><strong><em>est</em></strong></span> <span class='ocrx_word' id='word_1_165' title='bbox 2396 909 2566 969; x_wconf 91' lang='lat' dir='ltr'><strong><em>homo,</em></strong></span> <span class='ocrx_word' id='word_1_166' title='bbox 2603 912 2830 960; x_wconf 85' lang='lat' dir='ltr'><strong><em>duorum</em></strong></span> <span class='ocrx_word' id='word_1_167' title='bbox 2871 909 3129 975; x_wconf 86' lang='lat' dir='ltr'><strong><em>cupitum,</em></strong></span> <span class='ocrx_word' id='word_1_168' title='bbox 3166 912 3401 975; x_wconf 84' lang='lat' dir='ltr'><strong><em>quatuor</em></strong></span> <span class='ocrx_word' id='word_1_169' title='bbox 3428 922 3544 960; x_wconf 87' lang='lat' dir='ltr'><strong><em>ma-</em></strong></span> 
     </span>
    </p>
   </div>
   <div class='ocr_carea' id='block_1_24' title="bbox 1842 994 3545 1062">
    <p class='ocr_par' dir='ltr' id='par_1_24' title="bbox 1842 994 3545 1062">
     <span class='ocr_line' id='line_1_24' title="bbox 1842 994 3545 1062; baseline -0.001 -12"><span class='ocrx_word' id='word_1_170' title='bbox 1842 1013 2028 1058; x_wconf 88' lang='lat' dir='ltr'><strong><em>nuum,</em></strong></span> <span class='ocrx_word' id='word_1_171' title='bbox 2080 1012 2184 1050; x_wconf 89' lang='lat' dir='ltr'><strong><em>uno</em></strong></span> <span class='ocrx_word' id='word_1_172' title='bbox 2228 1000 2411 1049; x_wconf 82' lang='lat' dir='ltr'><strong><em>ventre</em></strong></span> <span class='ocrx_word' id='word_1_173' title='bbox 2434 1000 2486 1050; x_wconf 88' lang='lat' dir='ltr'><strong><em>et</em></strong></span> <span class='ocrx_word' id='word_1_174' title='bbox 2529 994 2734 1049; x_wconf 89' lang='lat' dir='ltr'><strong><em>duobus</em></strong></span> <span class='ocrx_word' id='word_1_175' title='bbox 2781 995 3029 1062; x_wconf 84' lang='lat' dir='ltr'><strong><em>pedibus,</em></strong></span> <span class='ocrx_word' id='word_1_176' title='bbox 3091 1010 3265 1049; x_wconf 85' lang='lat' dir='ltr'><strong><em>omnes</em></strong></span> <span class='ocrx_word' id='word_1_177' title='bbox 3309 996 3545 1049; x_wconf 87' lang='lat' dir='ltr'><strong><em>homines</em></strong></span> 
     </span>
    </p>
   </div>
   <div class='ocr_carea' id='block_1_25' title="bbox 1844 1085 2530 1139">
    <p class='ocr_par' dir='ltr' id='par_1_25' title="bbox 1844 1085 2530 1139">
     <span class='ocr_line' id='line_1_25' title="bbox 1844 1085 2530 1139; baseline -0.003 -1"><span class='ocrx_word' id='word_1_178' title='bbox 1844 1089 1921 1139; x_wconf 87' lang='lat' dir='ltr'><strong><em>ita</em></strong></span> <span class='ocrx_word' id='word_1_179' title='bbox 1953 1088 2107 1139; x_wconf 87' lang='lat' dir='ltr'><strong><em>nasci</em></strong></span> <span class='ocrx_word' id='word_1_180' title='bbox 2148 1099 2354 1138; x_wconf 87' lang='lat' dir='ltr'><strong><em>necesse</em></strong></span> <span class='ocrx_word' id='word_1_181' title='bbox 2400 1085 2530 1137; x_wconf 83' lang='lat' dir='ltr'><strong><em>est?</em></strong></span> 
     </span>
    </p>
   </div>
   <div class='ocr_carea' id='block_1_26' title="bbox 1915 1171 3541 1243">
    <p class='ocr_par' dir='ltr' id='par_1_26' title="bbox 1915 1171 3541 1243">
     <span class='ocr_line' id='line_1_26' title="bbox 1915 1171 3541 1243; baseline -0.002 -15"><span class='ocrx_word' id='word_1_182' title='bbox 1915 1174 2049 1243; x_wconf 86' lang='lat' dir='ltr'><strong><em>Cap.</em></strong></span> <span class='ocrx_word' id='word_1_183' title='bbox 2101 1176 2151 1227; x_wconf 89' lang='lat'><strong>9.</strong></span> <span class='ocrx_word' id='word_1_184' title='bbox 2187 1174 2263 1226; x_wconf 93' lang='lat' dir='ltr'><strong><em>De</em></strong></span> <span class='ocrx_word' id='word_1_185' title='bbox 2295 1171 2700 1240; x_wconf 85' lang='lat' dir='ltr'><strong><em>antipodibus:</em></strong></span> <span class='ocrx_word' id='word_1_186' title='bbox 2745 1173 2926 1239; x_wconf 84' lang='lat' dir='ltr'><strong><em>Neque</em></strong></span> <span class='ocrx_word' id='word_1_187' title='bbox 2970 1172 3064 1224; x_wconf 87' lang='lat' dir='ltr'><strong><em>hoc</em></strong></span> <span class='ocrx_word' id='word_1_188' title='bbox 3110 1172 3225 1224; x_wconf 83' lang='lat' dir='ltr'><strong><em>ulla</em></strong></span> <span class='ocrx_word' id='word_1_189' title='bbox 3282 1171 3541 1225; x_wconf 87' lang='lat' dir='ltr'><strong><em>historica</em></strong></span> 
     </span>
    </p>
   </div>
   <div class='ocr_carea' id='block_1_27' title="bbox 1844 1246 3547 1329">
    <p class='ocr_par' dir='ltr' id='par_1_27' title="bbox 1844 1246 3547 1329">
     <span class='ocr_line' id='line_1_27' title="bbox 1844 1246 3547 1329; baseline -0.003 -13"><span class='ocrx_word' id='word_1_190' title='bbox 1844 1264 2141 1329; x_wconf 86' lang='lat' dir='ltr'><strong><em>cognitione</em></strong></span> <span class='ocrx_word' id='word_1_191' title='bbox 2160 1261 2412 1314; x_wconf 82' lang='lat' dir='ltr'><strong><em>didicisse</em></strong></span> <span class='ocrx_word' id='word_1_192' title='bbox 2439 1276 2493 1314; x_wconf 91' lang='lat' dir='ltr'><strong><em>se</em></strong></span> <span class='ocrx_word' id='word_1_193' title='bbox 2523 1262 2824 1327; x_wconf 74' lang='lat' dir='ltr'><strong><em>afﬁrmant,</em></strong></span> <span class='ocrx_word' id='word_1_194' title='bbox 2864 1259 2957 1313; x_wconf 88' lang='lat' dir='ltr'><strong><em>sed</em></strong></span> <span class='ocrx_word' id='word_1_195' title='bbox 2987 1261 3148 1328; x_wconf 89' lang='lat' dir='ltr'><strong><em>quasi</em></strong></span> <span class='ocrx_word' id='word_1_196' title='bbox 3170 1246 3547 1312; x_wconf 83' lang='lat' dir='ltr'><strong><em>ratiocinando</em></strong></span> 
     </span>
    </p>
   </div>
   <div class='ocr_carea' id='block_1_28' title="bbox 1845 1348 3549 1418">
    <p class='ocr_par' dir='ltr' id='par_1_28' title="bbox 1845 1348 3549 1418">
     <span class='ocr_line' id='line_1_28' title="bbox 1845 1348 3549 1418; baseline -0.003 -14"><span class='ocrx_word' id='word_1_197' title='bbox 1845 1351 2165 1418; x_wconf 84' lang='lat' dir='ltr'><strong><em>conjectant,</em></strong></span> <span class='ocrx_word' id='word_1_198' title='bbox 2201 1365 2257 1403; x_wconf 84' lang='lat' dir='ltr'><strong><em>eo</em></strong></span> <span class='ocrx_word' id='word_1_199' title='bbox 2297 1349 2441 1417; x_wconf 88' lang='lat' dir='ltr'><strong><em>quod</em></strong></span> <span class='ocrx_word' id='word_1_200' title='bbox 2492 1351 2643 1401; x_wconf 87' lang='lat' dir='ltr'><strong><em>intra</em></strong></span> <span class='ocrx_word' id='word_1_201' title='bbox 2690 1364 2925 1401; x_wconf 70' lang='lat' dir='ltr'><strong><em>convea&#39;a</em></strong></span> <span class='ocrx_word' id='word_1_202' title='bbox 2969 1348 3085 1401; x_wconf 67' lang='lat' dir='ltr'><strong><em>caeli</em></strong></span> <span class='ocrx_word' id='word_1_203' title='bbox 3114 1352 3260 1400; x_wconf 88' lang='lat' dir='ltr'><strong><em>terra</em></strong></span> <span class='ocrx_word' id='word_1_204' title='bbox 3287 1360 3549 1414; x_wconf 88' lang='lat' dir='ltr'><strong><em>suspensa</em></strong></span> 
     </span>
    </p>
   </div>
   <div class='ocr_carea' id='block_1_29' title="bbox 1844 1434 3548 1505">
    <p class='ocr_par' dir='ltr' id='par_1_29' title="bbox 1844 1434 3548 1505">
     <span class='ocr_line' id='line_1_29' title="bbox 1844 1434 3548 1505; baseline -0.003 -13"><span class='ocrx_word' id='word_1_205' title='bbox 1844 1441 1936 1503; x_wconf 89' lang='lat' dir='ltr'><strong><em>sit,</em></strong></span> <span class='ocrx_word' id='word_1_206' title='bbox 1998 1437 2341 1505; x_wconf 79' lang='lat' dir='ltr'><strong><em>eamdemque</em></strong></span> <span class='ocrx_word' id='word_1_207' title='bbox 2371 1438 2541 1490; x_wconf 88' lang='lat' dir='ltr'><strong><em>locum</em></strong></span> <span class='ocrx_word' id='word_1_208' title='bbox 2583 1434 2815 1489; x_wconf 88' lang='lat' dir='ltr'><strong><em>mundus</em></strong></span> <span class='ocrx_word' id='word_1_209' title='bbox 2866 1436 3059 1489; x_wconf 80' lang='lat' dir='ltr'><strong><em>habeat</em></strong></span> <span class='ocrx_word' id='word_1_210' title='bbox 3116 1439 3165 1488; x_wconf 90' lang='lat' dir='ltr'><strong><em>et</em></strong></span> <span class='ocrx_word' id='word_1_211' title='bbox 3195 1434 3445 1504; x_wconf 83' lang='lat' dir='ltr'><strong><em>inﬁmum</em></strong></span> <span class='ocrx_word' id='word_1_212' title='bbox 3497 1437 3548 1487; x_wconf 88' lang='lat' dir='ltr'><strong><em>et</em></strong></span> 
     </span>
    </p>
   </div>
   <div class='ocr_carea' id='block_1_30' title="bbox 1845 1522 3549 1590">
    <p class='ocr_par' dir='ltr' id='par_1_30' title="bbox 1845 1522 3549 1590">
     <span class='ocr_line' id='line_1_30' title="bbox 1845 1522 3549 1590; baseline -0.004 -12"><span class='ocrx_word' id='word_1_213' title='bbox 1845 1525 2116 1590; x_wconf 87' lang='lat' dir='ltr'><strong><em>medium;</em></strong></span> <span class='ocrx_word' id='word_1_214' title='bbox 2160 1528 2210 1576; x_wconf 89' lang='lat' dir='ltr'><strong><em>et</em></strong></span> <span class='ocrx_word' id='word_1_215' title='bbox 2262 1538 2327 1575; x_wconf 78' lang='lat' dir='ltr'><strong><em>ea:</em></strong></span> <span class='ocrx_word' id='word_1_216' title='bbox 2380 1523 2472 1575; x_wconf 85' lang='lat' dir='ltr'><strong><em>hoc</em></strong></span> <span class='ocrx_word' id='word_1_217' title='bbox 2519 1523 2815 1589; x_wconf 86' lang='lat' dir='ltr'><strong><em>opinantur</em></strong></span> <span class='ocrx_word' id='word_1_218' title='bbox 2869 1522 3096 1574; x_wconf 86' lang='lat' dir='ltr'><strong><em>alterum</em></strong></span> <span class='ocrx_word' id='word_1_219' title='bbox 3136 1526 3290 1574; x_wconf 65' lang='lat' dir='ltr'><strong><em>terra?</em></strong></span> <span class='ocrx_word' id='word_1_220' title='bbox 3314 1525 3549 1590; x_wconf 87' lang='lat' dir='ltr'><strong><em>partem,</em></strong></span> 
     </span>
    </p>
   </div>
   <div class='ocr_carea' id='block_1_31' title="bbox 78 1605 3549 1711">
    <p class='ocr_par' dir='ltr' id='par_1_31' title="bbox 78 1605 3549 1711">
     <span class='ocr_line' id='line_1_31' title="bbox 78 1605 3549 1711; baseline 0.001 -54"><span class='ocrx_word' id='word_1_221' title='bbox 78 1605 218 1658; x_wconf 86' lang='lat' dir='ltr'><strong><em>etiam</em></strong></span> <span class='ocrx_word' id='word_1_222' title='bbox 245 1605 350 1674; x_wconf 86' lang='lat' dir='ltr'><strong><em>ipsi</em></strong></span> <span class='ocrx_word' id='word_1_223' title='bbox 376 1605 528 1674; x_wconf 87' lang='lat' dir='ltr'><strong><em>patri</em></strong></span> <span class='ocrx_word' id='word_1_224' title='bbox 559 1605 817 1660; x_wconf 91' lang='lat' dir='ltr'><strong><em>omnium</em></strong></span> <span class='ocrx_word' id='word_1_225' title='bbox 836 1605 1086 1659; x_wconf 86' lang='lat' dir='ltr'><strong><em>ﬁliorum</em></strong></span> <span class='ocrx_word' id='word_1_226' title='bbox 1117 1605 1321 1671; x_wconf 90' lang='lat' dir='ltr'><strong><em>Heber,</em></strong></span> <span class='ocrx_word' id='word_1_227' title='bbox 1344 1606 1503 1659; x_wconf 85' lang='lat' dir='ltr'><strong><em>fratri</em></strong></span> <span class='ocrx_word' id='word_1_228' title='bbox 1532 1607 1738 1676; x_wconf 82' lang='lat' dir='ltr'><strong><em>Japhet</em></strong></span> <span class='ocrx_word' id='word_1_229' title='bbox 1775 1657 1818 1711; x_wconf 79' lang='grc' dir='ltr'><strong>Β</strong></span> <span class='ocrx_word' id='word_1_230' title='bbox 1852 1629 1969 1681; x_wconf 74' lang='lat' dir='ltr'><strong><em>quae</em></strong></span> <span class='ocrx_word' id='word_1_231' title='bbox 1998 1615 2153 1678; x_wconf 82' lang='lat' dir='ltr'><strong><em>infra</em></strong></span> <span class='ocrx_word' id='word_1_232' title='bbox 2189 1616 2284 1677; x_wconf 89' lang='lat' dir='ltr'><strong><em>est,</em></strong></span> <span class='ocrx_word' id='word_1_233' title='bbox 2330 1609 2662 1663; x_wconf 86' lang='lat' dir='ltr'><strong><em>habitatione</em></strong></span> <span class='ocrx_word' id='word_1_234' title='bbox 2700 1610 2972 1662; x_wconf 87' lang='lat' dir='ltr'><strong><em>hominum</em></strong></span> <span class='ocrx_word' id='word_1_235' title='bbox 3010 1624 3191 1662; x_wconf 88' lang='lat' dir='ltr'><strong><em>carere</em></strong></span> <span class='ocrx_word' id='word_1_236' title='bbox 3220 1624 3324 1661; x_wconf 89' lang='lat' dir='ltr'><strong><em>non</em></strong></span> <span class='ocrx_word' id='word_1_237' title='bbox 3353 1609 3549 1676; x_wconf 70' lang='lat' dir='ltr'><strong><em>posse]</em></strong></span> 
     </span>
    </p>
   </div>
   <div class='ocr_carea' id='block_1_32' title="bbox 79 1692 1739 1762">
    <p class='ocr_par' dir='ltr' id='par_1_32' title="bbox 79 1692 1739 1762">
     <span class='ocr_line' id='line_1_32' title="bbox 79 1692 1739 1762; baseline 0.001 -17"><span class='ocrx_word' id='word_1_238' title='bbox 79 1692 264 1762; x_wconf 83' lang='lat' dir='ltr'><strong><em>majori.</em></strong></span> <span class='ocrx_word' id='word_1_239' title='bbox 305 1693 444 1748; x_wconf 86' lang='lat' dir='ltr'><strong><em>Ordo</em></strong></span> <span class='ocrx_word' id='word_1_240' title='bbox 499 1693 783 1747; x_wconf 85' lang='lat' dir='ltr'><strong><em>verborum</em></strong></span> <span class='ocrx_word' id='word_1_241' title='bbox 813 1698 924 1748; x_wconf 88' lang='lat' dir='ltr'><strong><em>est:</em></strong></span> <span class='ocrx_word' id='word_1_242' title='bbox 977 1697 1049 1748; x_wconf 85' lang='lat' dir='ltr'><strong><em>Et</em></strong></span> <span class='ocrx_word' id='word_1_243' title='bbox 1093 1695 1215 1749; x_wconf 89' lang='lat' dir='ltr'><strong><em>Sem</em></strong></span> <span class='ocrx_word' id='word_1_244' title='bbox 1250 1700 1412 1748; x_wconf 89' lang='lat' dir='ltr'><strong><em>natus</em></strong></span> <span class='ocrx_word' id='word_1_245' title='bbox 1460 1699 1537 1749; x_wconf 89' lang='lat' dir='ltr'><strong><em>est</em></strong></span> <span class='ocrx_word' id='word_1_246' title='bbox 1570 1695 1739 1749; x_wconf 85' lang='lat' dir='ltr'><strong><em>Heber</em></strong></span> 
     </span>
    </p>
   </div>
   <div class='ocr_carea' id='block_1_33' title="bbox 80 1782 1741 1853">
    <p class='ocr_par' dir='ltr' id='par_1_33' title="bbox 80 1782 1741 1853">
     <span class='ocr_line' id='line_1_33' title="bbox 80 1782 1741 1853; baseline 0.002 -20"><span class='ocrx_word' id='word_1_247' title='bbox 80 1784 209 1833; x_wconf 73' lang='lat' dir='ltr'><strong><em>etiam</em></strong></span> <span class='ocrx_word' id='word_1_248' title='bbox 237 1784 356 1850; x_wconf 88' lang='lat' dir='ltr'><strong><em>ipsi,</em></strong></span> <span class='ocrx_word' id='word_1_249' title='bbox 384 1782 445 1835; x_wconf 89' lang='lat' dir='ltr'><strong><em>id</em></strong></span> <span class='ocrx_word' id='word_1_250' title='bbox 470 1786 570 1847; x_wconf 87' lang='lat' dir='ltr'><strong><em>est,</em></strong></span> <span class='ocrx_word' id='word_1_251' title='bbox 603 1784 714 1850; x_wconf 84' lang='lat' dir='ltr'><strong><em>ipsi</em></strong></span> <span class='ocrx_word' id='word_1_252' title='bbox 762 1784 886 1837; x_wconf 89' lang='lat' dir='ltr'><strong><em>Sem</em></strong></span> <span class='ocrx_word' id='word_1_253' title='bbox 921 1788 1083 1837; x_wconf 88' lang='lat' dir='ltr'><strong><em>natus</em></strong></span> <span class='ocrx_word' id='word_1_254' title='bbox 1138 1788 1216 1837; x_wconf 89' lang='lat' dir='ltr'><strong><em>est</em></strong></span> <span class='ocrx_word' id='word_1_255' title='bbox 1253 1784 1442 1851; x_wconf 81' lang='lat' dir='ltr'><strong><em>Heber,</em></strong></span> <span class='ocrx_word' id='word_1_256' title='bbox 1495 1787 1591 1853; x_wconf 89' lang='lat' dir='ltr'><strong><em>qui</em></strong></span> <span class='ocrx_word' id='word_1_257' title='bbox 1621 1786 1741 1840; x_wconf 87' lang='lat' dir='ltr'><strong><em>Sem</em></strong></span> 
     </span>
    </p>
   </div>
   <div class='ocr_carea' id='block_1_34' title="bbox 76 1871 1739 1943">
    <p class='ocr_par' dir='ltr' id='par_1_34' title="bbox 76 1871 1739 1943">
     <span class='ocr_line' id='line_1_34' title="bbox 76 1871 1739 1943; baseline 0.003 -22"><span class='ocrx_word' id='word_1_258' title='bbox 76 1874 204 1936; x_wconf 80' lang='lat' dir='ltr'><strong><em>pater</em></strong></span> <span class='ocrx_word' id='word_1_259' title='bbox 228 1874 300 1923; x_wconf 85' lang='lat' dir='ltr'><strong><em>est</em></strong></span> <span class='ocrx_word' id='word_1_260' title='bbox 341 1873 583 1924; x_wconf 87' lang='lat' dir='ltr'><strong><em>omnium</em></strong></span> <span class='ocrx_word' id='word_1_261' title='bbox 626 1872 862 1939; x_wconf 83' lang='lat' dir='ltr'><strong><em>ﬁliorum</em></strong></span> <span class='ocrx_word' id='word_1_262' title='bbox 895 1872 1156 1942; x_wconf 74' lang='lat' dir='ltr'><strong><em>suorum]</em></strong></span> <span class='ocrx_word' id='word_1_263' title='bbox 1183 1871 1428 1926; x_wconf 87' lang='lat' dir='ltr'><strong><em>Nomina</em></strong></span> <span class='ocrx_word' id='word_1_264' title='bbox 1456 1874 1577 1925; x_wconf 67' lang='lat' dir='ltr'><strong><em>hinc</em></strong></span> <span class='ocrx_word' id='word_1_265' title='bbox 1608 1890 1739 1943; x_wconf 85' lang='lat' dir='ltr'><strong><em>pro-</em></strong></span> 
     </span>
    </p>
   </div>
   <div class='ocr_carea' id='block_1_35' title="bbox 78 1956 1736 2025">
    <p class='ocr_par' dir='ltr' id='par_1_35' title="bbox 78 1956 1736 2025">
     <span class='ocr_line' id='line_1_35' title="bbox 78 1956 1736 2025; baseline 0.002 -17"><span class='ocrx_word' id='word_1_266' title='bbox 78 1956 178 2024; x_wconf 84' lang='lat' dir='ltr'><strong><em>pria</em></strong></span> <span class='ocrx_word' id='word_1_267' title='bbox 202 1956 427 2012; x_wconf 88' lang='lat' dir='ltr'><strong><em>minime</em></strong></span> <span class='ocrx_word' id='word_1_268' title='bbox 459 1957 764 2024; x_wconf 90' lang='lat' dir='ltr'><strong><em>declinata,</em></strong></span> <span class='ocrx_word' id='word_1_269' title='bbox 795 1974 952 2012; x_wconf 91' lang='lat' dir='ltr'><strong><em>more</em></strong></span> <span class='ocrx_word' id='word_1_270' title='bbox 986 1962 1176 2016; x_wconf 65' lang='lat' dir='ltr'><strong><em>Graeco</em></strong></span> <span class='ocrx_word' id='word_1_271' title='bbox 1243 1964 1343 2012; x_wconf 90' lang='lat' dir='ltr'><strong><em>aut</em></strong></span> <span class='ocrx_word' id='word_1_272' title='bbox 1375 1959 1595 2025; x_wconf 88' lang='lat' dir='ltr'><strong><em>Latino,</em></strong></span> <span class='ocrx_word' id='word_1_273' title='bbox 1628 1960 1736 2013; x_wconf 89' lang='lat' dir='ltr'>im-</span> 
     </span>
    </p>
   </div>
   <div class='ocr_carea' id='block_1_36' title="bbox 79 2044 1743 2118">
    <p class='ocr_par' dir='ltr' id='par_1_36' title="bbox 79 2044 1743 2118">
     <span class='ocr_line' id='line_1_36' title="bbox 79 2044 1743 2118; baseline 0.003 -22"><span class='ocrx_word' id='word_1_274' title='bbox 79 2044 374 2113; x_wconf 80' lang='lat' dir='ltr'><strong><em>pediverunt</em></strong></span> <span class='ocrx_word' id='word_1_275' title='bbox 410 2045 635 2099; x_wconf 88' lang='lat' dir='ltr'><strong><em>bonum</em></strong></span> <span class='ocrx_word' id='word_1_276' title='bbox 662 2046 1065 2116; x_wconf 83' lang='lat' dir='ltr'>Augustinum.</span> <span class='ocrx_word' id='word_1_277' title='bbox 1093 2048 1289 2117; x_wconf 88' lang='lat' dir='ltr'><strong><em>Itaque</em></strong></span> <span class='ocrx_word' id='word_1_278' title='bbox 1320 2047 1487 2118; x_wconf 87' lang='lat' dir='ltr'><strong><em>plane</em></strong></span> <span class='ocrx_word' id='word_1_279' title='bbox 1519 2048 1743 2101; x_wconf 87' lang='lat' dir='ltr'><strong><em>aberra-</em></strong></span> 
     </span>
    </p>
   </div>
   <div class='ocr_carea' id='block_1_37' title="bbox 78 2133 1743 2204">
    <p class='ocr_par' dir='ltr' id='par_1_37' title="bbox 78 2133 1743 2204">
     <span class='ocr_line' id='line_1_37' title="bbox 78 2133 1743 2204; baseline 0.004 -21"><span class='ocrx_word' id='word_1_280' title='bbox 78 2133 137 2184; x_wconf 77' lang='lat' dir='ltr'><strong><em>vit</em></strong></span> <span class='ocrx_word' id='word_1_281' title='bbox 162 2149 189 2185; x_wconf 87' lang='lat' dir='ltr'><strong><em>a</em></strong></span> <span class='ocrx_word' id='word_1_282' title='bbox 214 2150 369 2186; x_wconf 89' lang='lat' dir='ltr'><strong><em>sensu</em></strong></span> <span class='ocrx_word' id='word_1_283' title='bbox 402 2134 535 2199; x_wconf 91' lang='lat' dir='ltr'><strong><em>loci,</em></strong></span> <span class='ocrx_word' id='word_1_284' title='bbox 572 2134 672 2204; x_wconf 90' lang='lat' dir='ltr'>qui</span> <span class='ocrx_word' id='word_1_285' title='bbox 711 2135 1017 2188; x_wconf 84' lang='lat' dir='ltr'><strong><em>vertendus</em></strong></span> <span class='ocrx_word' id='word_1_286' title='bbox 1048 2140 1131 2188; x_wconf 89' lang='lat' dir='ltr'><strong><em>est</em></strong></span> <span class='ocrx_word' id='word_1_287' title='bbox 1161 2153 1177 2188; x_wconf 92' lang='lat'><em>:</em></span> <span class='ocrx_word' id='word_1_288' title='bbox 1211 2136 1369 2190; x_wconf 82' lang='lat' dir='ltr'><strong><em>Semo</em></strong></span> <span class='ocrx_word' id='word_1_289' title='bbox 1419 2137 1582 2189; x_wconf 90' lang='lat' dir='ltr'><strong><em>etiam</em></strong></span> <span class='ocrx_word' id='word_1_290' title='bbox 1608 2140 1743 2189; x_wconf 89' lang='lat' dir='ltr'><strong><em>nata</em></strong></span> 
     </span>
    </p>
   </div>
   <div class='ocr_carea' id='block_1_38' title="bbox 78 2213 1742 2281">
    <p class='ocr_par' dir='ltr' id='par_1_38' title="bbox 78 2213 1742 2281">
     <span class='ocr_line' id='line_1_38' title="bbox 78 2213 1742 2281; baseline 0.002 -18"><span class='ocrx_word' id='word_1_291' title='bbox 78 2215 138 2263; x_wconf 71' lang='lat' dir='ltr'><strong><em>est</em></strong></span> <span class='ocrx_word' id='word_1_292' title='bbox 158 2215 334 2280; x_wconf 86' lang='lat' dir='ltr'><strong><em>proles,</em></strong></span> <span class='ocrx_word' id='word_1_293' title='bbox 368 2216 474 2267; x_wconf 90' lang='lat' dir='ltr'><strong><em>imo</em></strong></span> <span class='ocrx_word' id='word_1_294' title='bbox 496 2216 744 2267; x_wconf 89' lang='lat' dir='ltr'><strong><em>omnium</em></strong></span> <span class='ocrx_word' id='word_1_295' title='bbox 769 2216 866 2281; x_wconf 87' lang='lat' dir='ltr'><strong><em>qui</em></strong></span> <span class='ocrx_word' id='word_1_296' title='bbox 908 2219 1059 2267; x_wconf 89' lang='lat' dir='ltr'><strong><em>trans</em></strong></span> <span class='ocrx_word' id='word_1_297' title='bbox 1100 2215 1325 2281; x_wconf 81' lang='lat' dir='ltr'><strong><em>fluvium</em></strong></span> <span class='ocrx_word' id='word_1_298' title='bbox 1355 2213 1575 2280; x_wconf 85' lang='lat' dir='ltr'><strong><em>degunt,</em></strong></span> <span class='ocrx_word' id='word_1_299' title='bbox 1623 2229 1742 2267; x_wconf 90' lang='lat' dir='ltr'><strong><em>cum</em></strong></span> 
     </span>
    </p>
   </div>
   <div class='ocr_carea' id='block_1_39' title="bbox 77 2300 1742 2371">
    <p class='ocr_par' dir='ltr' id='par_1_39' title="bbox 77 2300 1742 2371">
     <span class='ocr_line' id='line_1_39' title="bbox 77 2300 1742 2371; baseline 0.001 -20"><span class='ocrx_word' id='word_1_300' title='bbox 77 2300 221 2361; x_wconf 83' lang='lat' dir='ltr'><strong><em>fratre</em></strong></span> <span class='ocrx_word' id='word_1_301' title='bbox 241 2303 458 2369; x_wconf 81' lang='lat' dir='ltr'><strong><em>Japheto</em></strong></span> <span class='ocrx_word' id='word_1_302' title='bbox 489 2306 630 2355; x_wconf 89' lang='lat' dir='ltr'><strong><em>natu</em></strong></span> <span class='ocrx_word' id='word_1_303' title='bbox 658 2302 880 2371; x_wconf 87' lang='lat' dir='ltr'><strong><em>majore,</em></strong></span> <span class='ocrx_word' id='word_1_304' title='bbox 922 2306 1079 2369; x_wconf 87' lang='lat' dir='ltr'><strong><em>pater</em></strong></span> <span class='ocrx_word' id='word_1_305' title='bbox 1120 2304 1247 2368; x_wconf 82' lang='lat' dir='ltr'><strong><em>fuit,</em></strong></span> <span class='ocrx_word' id='word_1_306' title='bbox 1282 2300 1420 2354; x_wconf 84' lang='lat' dir='ltr'><strong><em>Vide</em></strong></span> <span class='ocrx_word' id='word_1_307' title='bbox 1450 2315 1742 2354; x_wconf 89' lang='lat' dir='ltr'><strong><em>memora-</em></strong></span> 
     </span>
    </p>
   </div>
   <div class='ocr_carea' id='block_1_40' title="bbox 80 2390 1329 2459">
    <p class='ocr_par' dir='ltr' id='par_1_40' title="bbox 80 2390 1329 2459">
     <span class='ocr_line' id='line_1_40' title="bbox 80 2390 1329 2459; baseline 0.003 -21"><span class='ocrx_word' id='word_1_308' title='bbox 80 2393 174 2440; x_wconf 86' lang='lat' dir='ltr'><strong><em>tum</em></strong></span> <span class='ocrx_word' id='word_1_309' title='bbox 203 2392 357 2442; x_wconf 85' lang='lat' dir='ltr'><strong><em>antea</em></strong></span> <span class='ocrx_word' id='word_1_310' title='bbox 384 2390 769 2459; x_wconf 83' lang='lat' dir='ltr'><strong><em>interpretem</em></strong></span> <span class='ocrx_word' id='word_1_311' title='bbox 803 2390 871 2443; x_wconf 88' lang='lat' dir='ltr'><strong><em>ad</em></strong></span> <span class='ocrx_word' id='word_1_312' title='bbox 902 2392 1109 2443; x_wconf 91' lang='lat' dir='ltr'><strong><em>Genes.</em></strong></span> <span class='ocrx_word' id='word_1_313' title='bbox 1153 2406 1208 2448; x_wconf 69' lang='grc' dir='ltr'><strong><em>Χ,</em></strong></span> <span class='ocrx_word' id='word_1_314' title='bbox 1241 2392 1329 2442; x_wconf 79' lang='lat' dir='ltr'><strong><em>2i.</em></strong></span> 
     </span>
    </p>
   </div>
   <div class='ocr_carea' id='block_1_41' title="bbox 132 2478 1736 2547">
    <p class='ocr_par' dir='ltr' id='par_1_41' title="bbox 132 2478 1736 2547">
     <span class='ocr_line' id='line_1_41' title="bbox 132 2478 1736 2547; baseline -0.002 -15"><span class='ocrx_word' id='word_1_315' title='bbox 132 2478 245 2547; x_wconf 90' lang='lat' dir='ltr'><strong><em>Cap.</em></strong></span> <span class='ocrx_word' id='word_1_316' title='bbox 274 2481 320 2531; x_wconf 80' lang='grc'><strong><em>5.</em></strong></span> <span class='ocrx_word' id='word_1_317' title='bbox 356 2480 416 2534; x_wconf 87' lang='lat' dir='ltr'><strong><em>Si</em></strong></span> <span class='ocrx_word' id='word_1_318' title='bbox 444 2480 591 2532; x_wconf 88' lang='lat' dir='ltr'><strong><em>enim</em></strong></span> <span class='ocrx_word' id='word_1_319' title='bbox 615 2479 736 2547; x_wconf 88' lang='lat' dir='ltr'><strong><em>jam</em></strong></span> <span class='ocrx_word' id='word_1_320' title='bbox 782 2478 1129 2532; x_wconf 79' lang='lat' dir='ltr'><strong><em>descenderat</em></strong></span> <span class='ocrx_word' id='word_1_321' title='bbox 1159 2479 1355 2543; x_wconf 89' lang='lat' dir='ltr'><strong><em>(Deus,</em></strong></span> <span class='ocrx_word' id='word_1_322' title='bbox 1388 2478 1527 2532; x_wconf 91' lang='lat' dir='ltr'><strong><em>Gen.</em></strong></span> <span class='ocrx_word' id='word_1_323' title='bbox 1564 2494 1639 2544; x_wconf 74' lang='lat' dir='ltr'><strong><em>x1,</em></strong></span> <span class='ocrx_word' id='word_1_324' title='bbox 1664 2478 1736 2543; x_wconf 84' lang='lat'><strong><em>7),</em></strong></span> 
     </span>
    </p>
   </div>
   <div class='ocr_carea' id='block_1_42' title="bbox 82 2564 1743 2628">
    <p class='ocr_par' dir='ltr' id='par_1_42' title="bbox 82 2564 1743 2628">
     <span class='ocr_line' id='line_1_42' title="bbox 82 2564 1743 2628; baseline 0.001 -13"><span class='ocrx_word' id='word_1_325' title='bbox 82 2564 185 2628; x_wconf 79' lang='lat' dir='ltr'><strong><em>quid</em></strong></span> <span class='ocrx_word' id='word_1_326' title='bbox 208 2566 306 2619; x_wconf 84' lang='lat' dir='ltr'><strong><em>sibi</em></strong></span> <span class='ocrx_word' id='word_1_327' title='bbox 332 2568 447 2620; x_wconf 87' lang='lat' dir='ltr'><strong><em>vult</em></strong></span> <span class='ocrx_word' id='word_1_328' title='bbox 480 2583 494 2619; x_wconf 90' lang='lat'><strong>:</strong></span> <span class='ocrx_word' id='word_1_329' title='bbox 529 2566 730 2620; x_wconf 80' lang='lat' dir='ltr'><strong><em>Venite</em></strong></span> <span class='ocrx_word' id='word_1_330' title='bbox 780 2571 837 2620; x_wconf 89' lang='lat' dir='ltr'><strong><em>et</em></strong></span> <span class='ocrx_word' id='word_1_331' title='bbox 874 2565 1285 2619; x_wconf 87' lang='lat' dir='ltr'><strong><em>descendentes</em></strong></span> <span class='ocrx_word' id='word_1_332' title='bbox 1328 2565 1743 2618; x_wconf 88' lang='lat' dir='ltr'><strong><em>confundamus</em></strong></span> 
     </span>
    </p>
   </div>
   <div class='ocr_carea' id='block_1_43' title="bbox 82 2650 1738 2724">
    <p class='ocr_par' dir='ltr' id='par_1_43' title="bbox 82 2650 1738 2724">
     <span class='ocr_line' id='line_1_43' title="bbox 82 2650 1738 2724; baseline 0.002 -22"><span class='ocrx_word' id='word_1_333' title='bbox 82 2650 142 2704; x_wconf 87' lang='lat' dir='ltr'><strong><em>ibi</em></strong></span> <span class='ocrx_word' id='word_1_334' title='bbox 163 2652 393 2724; x_wconf 88' lang='lat' dir='ltr'>linguam</span> <span class='ocrx_word' id='word_1_335' title='bbox 421 2671 629 2708; x_wconf 88' lang='lat' dir='ltr'><strong><em>eorum</em></strong></span> <span class='ocrx_word' id='word_1_336' title='bbox 664 2673 678 2721; x_wconf 91' lang='lat'><strong>;</strong></span> <span class='ocrx_word' id='word_1_337' title='bbox 712 2654 856 2723; x_wconf 86' lang='lat' dir='ltr'><strong><em>quod</em></strong></span> <span class='ocrx_word' id='word_1_338' title='bbox 911 2655 1238 2720; x_wconf 86' lang='lat' dir='ltr'><strong><em>intelligitur</em></strong></span> <span class='ocrx_word' id='word_1_339' title='bbox 1268 2655 1474 2719; x_wconf 87' lang='lat' dir='ltr'><strong><em>angelis</em></strong></span> <span class='ocrx_word' id='word_1_340' title='bbox 1515 2654 1738 2718; x_wconf 86' lang='lat' dir='ltr'><strong><em>dictum,</em></strong></span> 
     </span>
    </p>
   </div>
   <div class='ocr_carea' id='block_1_44' title="bbox 80 2741 1743 2811">
    <p class='ocr_par' dir='ltr' id='par_1_44' title="bbox 80 2741 1743 2811">
     <span class='ocr_line' id='line_1_44' title="bbox 80 2741 1743 2811; baseline 0.002 -21"><span class='ocrx_word' id='word_1_341' title='bbox 80 2741 165 2792; x_wconf 81' lang='lat' dir='ltr'><strong><em>nisi</em></strong></span> <span class='ocrx_word' id='word_1_342' title='bbox 180 2744 296 2809; x_wconf 84' lang='lat' dir='ltr'><strong><em>quia</em></strong></span> <span class='ocrx_word' id='word_1_343' title='bbox 320 2759 417 2811; x_wconf 87' lang='lat' dir='ltr'><strong><em>per</em></strong></span> <span class='ocrx_word' id='word_1_344' title='bbox 444 2744 665 2809; x_wconf 86' lang='lat' dir='ltr'><strong><em>angelos</em></strong></span> <span class='ocrx_word' id='word_1_345' title='bbox 708 2742 1075 2810; x_wconf 87' lang='lat' dir='ltr'><strong><em>descendebat,</em></strong></span> <span class='ocrx_word' id='word_1_346' title='bbox 1132 2744 1229 2811; x_wconf 87' lang='lat' dir='ltr'><strong><em>qui</em></strong></span> <span class='ocrx_word' id='word_1_347' title='bbox 1281 2742 1486 2807; x_wconf 86' lang='lat' dir='ltr'><strong><em>angelis</em></strong></span> <span class='ocrx_word' id='word_1_348' title='bbox 1533 2741 1743 2795; x_wconf 88' lang='lat' dir='ltr'><strong><em>descen-</em></strong></span> 
     </span>
    </p>
   </div>
   <div class='ocr_carea' id='block_1_45' title="bbox 81 2834 1744 2908">
    <p class='ocr_par' dir='ltr' id='par_1_45' title="bbox 81 2834 1744 2908">
     <span class='ocr_line' id='line_1_45' title="bbox 81 2834 1744 2908; baseline 0 -21"><span class='ocrx_word' id='word_1_349' title='bbox 81 2834 287 2891; x_wconf 80' lang='lat' dir='ltr'><strong><em>dentibus</em></strong></span> <span class='ocrx_word' id='word_1_350' title='bbox 315 2843 430 2892; x_wconf 85' lang='lat' dir='ltr'><strong><em>erat</em></strong></span> <span class='ocrx_word' id='word_1_351' title='bbox 462 2840 511 2908; x_wconf 83' lang='lat'><strong><em>?]</em></strong></span> <span class='ocrx_word' id='word_1_352' title='bbox 568 2838 721 2891; x_wconf 87' lang='lat' dir='ltr'><strong><em>Hanc</em></strong></span> <span class='ocrx_word' id='word_1_353' title='bbox 756 2837 1290 2906; x_wconf 84' lang='lat' dir='ltr'><strong><em>interpretationem</em></strong></span> <span class='ocrx_word' id='word_1_354' title='bbox 1326 2841 1550 2890; x_wconf 88' lang='lat' dir='ltr'><strong><em>secutus</em></strong></span> <span class='ocrx_word' id='word_1_355' title='bbox 1576 2841 1660 2889; x_wconf 90' lang='lat' dir='ltr'><strong><em>est</em></strong></span> <span class='ocrx_word' id='word_1_356' title='bbox 1687 2839 1744 2888; x_wconf 89' lang='lat' dir='ltr'><strong><em>et</em></strong></span> 
     </span>
    </p>
   </div>
   <div class='ocr_carea' id='block_1_46' title="bbox 80 2922 1343 2995">
    <p class='ocr_par' dir='ltr' id='par_1_46' title="bbox 80 2922 1343 2995">
     <span class='ocr_line' id='line_1_46' title="bbox 80 2922 1343 2995; baseline 0.002 -21"><span class='ocrx_word' id='word_1_357' title='bbox 80 2922 336 2980; x_wconf 83' lang='lat' dir='ltr'><strong><em>illustravit</em></strong></span> <span class='ocrx_word' id='word_1_358' title='bbox 361 2926 513 2980; x_wconf 89' lang='lat' dir='ltr'><strong><em>idem</em></strong></span> <span class='ocrx_word' id='word_1_359' title='bbox 549 2926 829 2995; x_wconf 87' lang='lat' dir='ltr'><strong><em>interpres</em></strong></span> <span class='ocrx_word' id='word_1_360' title='bbox 861 2926 931 2979; x_wconf 90' lang='lat' dir='ltr'><strong><em>ad</em></strong></span> <span class='ocrx_word' id='word_1_361' title='bbox 961 2927 1159 2979; x_wconf 91' lang='lat' dir='ltr'><strong><em>Genes.</em></strong></span> <span class='ocrx_word' id='word_1_362' title='bbox 1182 2942 1258 2990; x_wconf 83' lang='lat' dir='ltr'><strong><em>x1,</em></strong></span> <span class='ocrx_word' id='word_1_363' title='bbox 1291 2929 1343 2978; x_wconf 84' lang='lat'><strong><em>7.</em></strong></span> 
     </span>
    </p>
   </div>
   <div class='ocr_carea' id='block_1_47' title="bbox 135 3012 1737 3083">
    <p class='ocr_par' dir='ltr' id='par_1_47' title="bbox 135 3012 1737 3083">
     <span class='ocr_line' id='line_1_47' title="bbox 135 3012 1737 3083; baseline 0.001 -20"><span class='ocrx_word' id='word_1_364' title='bbox 135 3012 279 3079; x_wconf 89' lang='lat' dir='ltr'><strong><em>lbid.,</em></strong></span> <span class='ocrx_word' id='word_1_365' title='bbox 312 3013 337 3081; x_wconf 63' lang='grc' dir='ltr'>ἓ</span> <span class='ocrx_word' id='word_1_366' title='bbox 363 3018 414 3068; x_wconf 72' lang='grc'><strong><em>2.</em></strong></span> <span class='ocrx_word' id='word_1_367' title='bbox 450 3014 601 3068; x_wconf 82' lang='lat' dir='ltr'><strong><em>Illud</em></strong></span> <span class='ocrx_word' id='word_1_368' title='bbox 620 3030 749 3067; x_wconf 90' lang='lat' dir='ltr'><strong><em>sane</em></strong></span> <span class='ocrx_word' id='word_1_369' title='bbox 770 3014 914 3083; x_wconf 87' lang='lat' dir='ltr'><strong><em>quod</em></strong></span> <span class='ocrx_word' id='word_1_370' title='bbox 940 3014 1143 3067; x_wconf 86' lang='lat' dir='ltr'><strong><em>dictum</em></strong></span> <span class='ocrx_word' id='word_1_371' title='bbox 1168 3018 1279 3066; x_wconf 86' lang='lat' dir='ltr'><strong><em>est:</em></strong></span> <span class='ocrx_word' id='word_1_372' title='bbox 1330 3017 1384 3065; x_wconf 90' lang='lat' dir='ltr'><strong><em>et</em></strong></span> <span class='ocrx_word' id='word_1_373' title='bbox 1444 3028 1561 3065; x_wconf 91' lang='lat' dir='ltr'><strong><em>non</em></strong></span> <span class='ocrx_word' id='word_1_374' title='bbox 1595 3012 1737 3065; x_wconf 86' lang='lat' dir='ltr'><strong><em>deﬁ-</em></strong></span> 
     </span>
    </p>
   </div>
   <div class='ocr_carea' id='block_1_48' title="bbox 80 3098 1735 3172">
    <p class='ocr_par' dir='ltr' id='par_1_48' title="bbox 80 3098 1735 3172">
     <span class='ocr_line' id='line_1_48' title="bbox 80 3098 1735 3172; baseline 0 -21"><span class='ocrx_word' id='word_1_375' title='bbox 80 3098 200 3153; x_wconf 85' lang='lat' dir='ltr'><strong><em>cient</em></strong></span> <span class='ocrx_word' id='word_1_376' title='bbox 225 3118 287 3155; x_wconf 77' lang='lat' dir='ltr'><strong><em>ex</em></strong></span> <span class='ocrx_word' id='word_1_377' title='bbox 334 3103 445 3156; x_wconf 88' lang='lat' dir='ltr'>illis</span> <span class='ocrx_word' id='word_1_378' title='bbox 494 3102 690 3155; x_wconf 82' lang='lat' dir='ltr'><strong><em>omnia</em></strong></span> <span class='ocrx_word' id='word_1_379' title='bbox 720 3118 850 3172; x_wconf 68' lang='lat' dir='ltr'><strong><em>quas</em></strong></span> <span class='ocrx_word' id='word_1_380' title='bbox 881 3101 1070 3155; x_wconf 86' lang='lat' dir='ltr'><strong><em>conati</em></strong></span> <span class='ocrx_word' id='word_1_381' title='bbox 1117 3100 1332 3155; x_wconf 81' lang='lat' dir='ltr'><strong><em>fuerint</em></strong></span> <span class='ocrx_word' id='word_1_382' title='bbox 1361 3100 1545 3153; x_wconf 86' lang='lat' dir='ltr'><strong><em>facere</em></strong></span> <span class='ocrx_word' id='word_1_383' title='bbox 1576 3100 1735 3168; x_wconf 87' lang='lat' dir='ltr'><strong><em>(Gen.</em></strong></span> 
     </span>
    </p>
   </div>
   <div class='ocr_carea' id='block_1_49' title="bbox 85 3187 1743 3257">
    <p class='ocr_par' dir='ltr' id='par_1_49' title="bbox 85 3187 1743 3257">
     <span class='ocr_line' id='line_1_49' title="bbox 85 3187 1743 3257; baseline 0.001 -20"><span class='ocrx_word' id='word_1_384' title='bbox 85 3201 141 3251; x_wconf 78' lang='lat' dir='ltr'><strong><em>xi,</em></strong></span> <span class='ocrx_word' id='word_1_385' title='bbox 166 3188 228 3255; x_wconf 83' lang='lat'><strong><em>6),</em></strong></span> <span class='ocrx_word' id='word_1_386' title='bbox 263 3205 363 3243; x_wconf 90' lang='lat' dir='ltr'><strong><em>non</em></strong></span> <span class='ocrx_word' id='word_1_387' title='bbox 392 3190 604 3243; x_wconf 85' lang='lat' dir='ltr'><strong><em>dictum</em></strong></span> <span class='ocrx_word' id='word_1_388' title='bbox 646 3194 726 3243; x_wconf 90' lang='lat' dir='ltr'><strong><em>est</em></strong></span> <span class='ocrx_word' id='word_1_389' title='bbox 783 3187 1172 3257; x_wconf 80' lang='lat' dir='ltr'><strong><em>conﬁrmando,</em></strong></span> <span class='ocrx_word' id='word_1_390' title='bbox 1220 3188 1312 3240; x_wconf 89' lang='lat' dir='ltr'><strong><em>sed</em></strong></span> <span class='ocrx_word' id='word_1_391' title='bbox 1356 3197 1617 3254; x_wconf 87' lang='lat' dir='ltr'><strong><em>tanquam</em></strong></span> <span class='ocrx_word' id='word_1_392' title='bbox 1659 3188 1743 3238; x_wconf 87' lang='lat' dir='ltr'><strong><em>in-</em></strong></span> 
     </span>
    </p>
   </div>
   <div class='ocr_carea' id='block_1_50' title="bbox 85 3273 1741 3344">
    <p class='ocr_par' dir='ltr' id='par_1_50' title="bbox 85 3273 1741 3344">
     <span class='ocr_line' id='line_1_50' title="bbox 85 3273 1741 3344; baseline 0.001 -19"><span class='ocrx_word' id='word_1_393' title='bbox 85 3278 385 3344; x_wconf 79' lang='lat' dir='ltr'><strong><em>terrogando,</em></strong></span> <span class='ocrx_word' id='word_1_394' title='bbox 417 3280 563 3332; x_wconf 85' lang='lat' dir='ltr'><strong><em>sicut</em></strong></span> <span class='ocrx_word' id='word_1_395' title='bbox 602 3278 730 3331; x_wconf 88' lang='lat' dir='ltr'><strong><em>solet</em></strong></span> <span class='ocrx_word' id='word_1_396' title='bbox 781 3293 815 3330; x_wconf 90' lang='lat' dir='ltr'><strong><em>a</em></strong></span> <span class='ocrx_word' id='word_1_397' title='bbox 869 3276 1316 3329; x_wconf 80' lang='lat' dir='ltr'><strong><em>comminantibus</em></strong></span> <span class='ocrx_word' id='word_1_398' title='bbox 1341 3274 1495 3343; x_wconf 88' lang='lat' dir='ltr'><strong><em>dici.]</em></strong></span> <span class='ocrx_word' id='word_1_399' title='bbox 1537 3276 1627 3327; x_wconf 86' lang='lat' dir='ltr'><strong><em>Est</em></strong></span> <span class='ocrx_word' id='word_1_400' title='bbox 1656 3273 1741 3325; x_wconf 92' lang='lat' dir='ltr'><strong><em>lo-</em></strong></span> 
     </span>
    </p>
   </div>
   <div class='ocr_carea' id='block_1_51' title="bbox 85 3360 1744 3435">
    <p class='ocr_par' dir='ltr' id='par_1_51' title="bbox 85 3360 1744 3435">
     <span class='ocr_line' id='line_1_51' title="bbox 85 3360 1744 3435; baseline 0.001 -23"><span class='ocrx_word' id='word_1_401' title='bbox 85 3363 208 3416; x_wconf 83' lang='lat' dir='ltr'><strong><em>cutio</em></strong></span> <span class='ocrx_word' id='word_1_402' title='bbox 228 3365 489 3435; x_wconf 87' lang='lat' dir='ltr'><strong><em>elliptica,</em></strong></span> <span class='ocrx_word' id='word_1_403' title='bbox 529 3382 641 3435; x_wconf 88' lang='lat' dir='ltr'><strong><em>qua</em></strong></span> <span class='ocrx_word' id='word_1_404' title='bbox 674 3364 958 3434; x_wconf 83' lang='lat' dir='ltr'><strong><em>signiﬁcat</em></strong></span> <span class='ocrx_word' id='word_1_405' title='bbox 1016 3365 1160 3416; x_wconf 89' lang='lat' dir='ltr'><strong><em>Deus</em></strong></span> <span class='ocrx_word' id='word_1_406' title='bbox 1206 3364 1464 3416; x_wconf 88' lang='lat' dir='ltr'>futurum</span> <span class='ocrx_word' id='word_1_407' title='bbox 1525 3361 1605 3427; x_wconf 89' lang='lat' dir='ltr'><strong><em>id,</em></strong></span> <span class='ocrx_word' id='word_1_408' title='bbox 1633 3360 1744 3413; x_wconf 90' lang='lat' dir='ltr'>nisi</span> 
     </span>
    </p>
   </div>
   <div class='ocr_carea' id='block_1_52' title="bbox 87 3450 1633 3522">
    <p class='ocr_par' dir='ltr' id='par_1_52' title="bbox 87 3450 1633 3522">
     <span class='ocr_line' id='line_1_52' title="bbox 87 3450 1633 3522; baseline 0.001 -21"><span class='ocrx_word' id='word_1_409' title='bbox 87 3450 182 3519; x_wconf 86' lang='lat' dir='ltr'><strong><em>ipse</em></strong></span> <span class='ocrx_word' id='word_1_410' title='bbox 200 3452 585 3507; x_wconf 87' lang='lat' dir='ltr'><strong><em>intercederet.</em></strong></span> <span class='ocrx_word' id='word_1_411' title='bbox 616 3453 751 3506; x_wconf 86' lang='lat' dir='ltr'><strong><em>Vide</em></strong></span> <span class='ocrx_word' id='word_1_412' title='bbox 790 3452 1133 3522; x_wconf 85' lang='lat' dir='ltr'><strong><em>interpretes</em></strong></span> <span class='ocrx_word' id='word_1_413' title='bbox 1165 3452 1234 3505; x_wconf 88' lang='lat' dir='ltr'><strong><em>ad</em></strong></span> <span class='ocrx_word' id='word_1_414' title='bbox 1261 3466 1392 3503; x_wconf 90' lang='lat' dir='ltr'><strong><em>eum</em></strong></span> <span class='ocrx_word' id='word_1_415' title='bbox 1423 3450 1633 3503; x_wconf 85' lang='lat' dir='ltr'><strong><em>locum.</em></strong></span> 
     </span>
    </p>
   </div>
   <div class='ocr_carea' id='block_1_53' title="bbox 141 3540 1744 3610">
    <p class='ocr_par' dir='ltr' id='par_1_53' title="bbox 141 3540 1744 3610">
     <span class='ocr_line' id='line_1_53' title="bbox 141 3540 1744 3610; baseline -0.002 -17"><span class='ocrx_word' id='word_1_416' title='bbox 141 3541 256 3610; x_wconf 86' lang='lat' dir='ltr'><strong><em>Cap.</em></strong></span> <span class='ocrx_word' id='word_1_417' title='bbox 288 3546 398 3610; x_wconf 81' lang='lat'><strong><em>8,§</em></strong></span> <span class='ocrx_word' id='word_1_418' title='bbox 440 3548 492 3596; x_wconf 16' lang='lat' dir='ltr'><strong><em>Vl.</em></strong></span> <span class='ocrx_word' id='word_1_419' title='bbox 546 3543 821 3607; x_wconf 56' lang='lat' dir='ltr'><strong><em>Quaeritur</em></strong></span> <span class='ocrx_word' id='word_1_420' title='bbox 866 3543 1049 3607; x_wconf 90' lang='lat' dir='ltr'><strong><em>etiam,</em></strong></span> <span class='ocrx_word' id='word_1_421' title='bbox 1108 3546 1288 3594; x_wconf 89' lang='lat' dir='ltr'><strong><em>utrum</em></strong></span> <span class='ocrx_word' id='word_1_422' title='bbox 1318 3556 1385 3593; x_wconf 74' lang='lat' dir='ltr'><strong><em>ea:</em></strong></span> <span class='ocrx_word' id='word_1_423' title='bbox 1434 3541 1564 3607; x_wconf 86' lang='lat' dir='ltr'><strong><em>ﬁliis</em></strong></span> <span class='ocrx_word' id='word_1_424' title='bbox 1615 3540 1744 3603; x_wconf 79' lang='lat' dir='ltr'><strong><em>Noe,</em></strong></span> 
     </span>
    </p>
   </div>
   <div class='ocr_carea' id='block_1_54' title="bbox 88 3628 1745 3697">
    <p class='ocr_par' dir='ltr' id='par_1_54' title="bbox 88 3628 1745 3697">
     <span class='ocr_line' id='line_1_54' title="bbox 88 3628 1745 3697; baseline 0 -18"><span class='ocrx_word' id='word_1_425' title='bbox 88 3629 150 3680; x_wconf 70' lang='lat' dir='ltr'><strong><em>vel</em></strong></span> <span class='ocrx_word' id='word_1_426' title='bbox 185 3632 349 3697; x_wconf 87' lang='lat' dir='ltr'><strong><em>potius</em></strong></span> <span class='ocrx_word' id='word_1_427' title='bbox 378 3647 445 3685; x_wconf 80' lang='lat' dir='ltr'><strong><em>ea:</em></strong></span> <span class='ocrx_word' id='word_1_428' title='bbox 470 3632 565 3685; x_wconf 87' lang='lat' dir='ltr'><strong><em>illo</em></strong></span> <span class='ocrx_word' id='word_1_429' title='bbox 606 3646 709 3684; x_wconf 88' lang='lat' dir='ltr'><strong><em>uno</em></strong></span> <span class='ocrx_word' id='word_1_430' title='bbox 748 3631 975 3694; x_wconf 87' lang='lat' dir='ltr'><strong><em>homine,</em></strong></span> <span class='ocrx_word' id='word_1_431' title='bbox 1006 3630 1150 3683; x_wconf 87' lang='lat' dir='ltr'><strong><em>unde</em></strong></span> <span class='ocrx_word' id='word_1_432' title='bbox 1181 3632 1343 3682; x_wconf 88' lang='lat' dir='ltr'><strong><em>etiam</em></strong></span> <span class='ocrx_word' id='word_1_433' title='bbox 1390 3630 1501 3695; x_wconf 88' lang='lat' dir='ltr'><strong><em>ipsi</em></strong></span> <span class='ocrx_word' id='word_1_434' title='bbox 1527 3628 1745 3680; x_wconf 67' lang='lat' dir='ltr'><strong><em>exstite-</em></strong></span> 
     </span>
    </p>
   </div>
   <div class='ocr_carea' id='block_1_55' title="bbox 88 3718 1751 3787">
    <p class='ocr_par' dir='ltr' id='par_1_55' title="bbox 88 3718 1751 3787">
     <span class='ocr_line' id='line_1_55' title="bbox 88 3718 1751 3787; baseline -0.001 -18"><span class='ocrx_word' id='word_1_435' title='bbox 88 3721 205 3777; x_wconf 82' lang='lat' dir='ltr'><strong><em>runt,</em></strong></span> <span class='ocrx_word' id='word_1_436' title='bbox 233 3724 542 3787; x_wconf 84' lang='lat' dir='ltr'><strong><em>prOpaguta</em></strong></span> <span class='ocrx_word' id='word_1_437' title='bbox 570 3734 679 3772; x_wconf 87' lang='lat' dir='ltr'><strong><em>esse</em></strong></span> <span class='ocrx_word' id='word_1_438' title='bbox 706 3719 1028 3773; x_wconf 87' lang='lat' dir='ltr'><strong><em>credendum</em></strong></span> <span class='ocrx_word' id='word_1_439' title='bbox 1047 3722 1120 3772; x_wconf 89' lang='lat' dir='ltr'><strong><em>sit</em></strong></span> <span class='ocrx_word' id='word_1_440' title='bbox 1146 3718 1393 3785; x_wconf 57' lang='lat' dir='ltr'><strong><em>quadam</em></strong></span> <span class='ocrx_word' id='word_1_441' title='bbox 1412 3721 1751 3769; x_wconf 87' lang='lat' dir='ltr'><strong><em>monstruosa</em></strong></span> 
     </span>
    </p>
   </div>
   <div class='ocr_carea' id='block_1_56' title="bbox 91 3803 1750 3875">
    <p class='ocr_par' dir='ltr' id='par_1_56' title="bbox 91 3803 1750 3875">
     <span class='ocr_line' id='line_1_56' title="bbox 91 3803 1750 3875; baseline 0.001 -21"><span class='ocrx_word' id='word_1_442' title='bbox 91 3803 325 3860; x_wconf 86' lang='lat' dir='ltr'><strong><em>hominum</em></strong></span> <span class='ocrx_word' id='word_1_443' title='bbox 361 3824 563 3874; x_wconf 87' lang='lat' dir='ltr'><strong><em>genera</em></strong></span> <span class='ocrx_word' id='word_1_444' title='bbox 618 3823 736 3875; x_wconf 76' lang='lat' dir='ltr'><strong><em>quae</em></strong></span> <span class='ocrx_word' id='word_1_445' title='bbox 788 3812 1029 3875; x_wconf 87' lang='lat' dir='ltr'><strong><em>gentium</em></strong></span> <span class='ocrx_word' id='word_1_446' title='bbox 1073 3812 1268 3860; x_wconf 88' lang='lat' dir='ltr'><strong><em>narrat</em></strong></span> <span class='ocrx_word' id='word_1_447' title='bbox 1306 3806 1579 3867; x_wconf 84' lang='lat' dir='ltr'><strong><em>historia;</em></strong></span> <span class='ocrx_word' id='word_1_448' title='bbox 1611 3806 1750 3857; x_wconf 86' lang='lat' dir='ltr'><strong><em>sicut</em></strong></span> 
     </span>
    </p>
   </div>
   <div class='ocr_carea' id='block_1_57' title="bbox 88 3893 1753 3964">
    <p class='ocr_par' dir='ltr' id='par_1_57' title="bbox 88 3893 1753 3964">
     <span class='ocr_line' id='line_1_57' title="bbox 88 3893 1753 3964; baseline -0.001 -21"><span class='ocrx_word' id='word_1_449' title='bbox 88 3893 397 3956; x_wconf 67' lang='lat' dir='ltr'><strong><em>perhibentur</em></strong></span> <span class='ocrx_word' id='word_1_450' title='bbox 418 3895 647 3964; x_wconf 87' lang='lat' dir='ltr'><strong><em>quidam</em></strong></span> <span class='ocrx_word' id='word_1_451' title='bbox 668 3911 834 3948; x_wconf 89' lang='lat' dir='ltr'><strong><em>unum</em></strong></span> <span class='ocrx_word' id='word_1_452' title='bbox 860 3896 1052 3948; x_wconf 88' lang='lat' dir='ltr'><strong><em>habere</em></strong></span> <span class='ocrx_word' id='word_1_453' title='bbox 1080 3895 1289 3948; x_wconf 89' lang='lat' dir='ltr'><strong><em>oculum</em></strong></span> <span class='ocrx_word' id='word_1_454' title='bbox 1326 3896 1383 3947; x_wconf 90' lang='lat' dir='ltr'><strong><em>in</em></strong></span> <span class='ocrx_word' id='word_1_455' title='bbox 1432 3895 1610 3958; x_wconf 84' lang='lat' dir='ltr'><strong><em>fronte</em></strong></span> <span class='ocrx_word' id='word_1_456' title='bbox 1639 3906 1753 3943; x_wconf 88' lang='lat' dir='ltr'><strong><em>me—</em></strong></span> 
     </span>
    </p>
   </div>
   <div class='ocr_carea' id='block_1_58' title="bbox 91 3978 1750 4053">
    <p class='ocr_par' dir='ltr' id='par_1_58' title="bbox 91 3978 1750 4053">
     <span class='ocr_line' id='line_1_58' title="bbox 91 3978 1750 4053; baseline 0.001 -23"><span class='ocrx_word' id='word_1_457' title='bbox 91 3978 186 4047; x_wconf 85' lang='lat' dir='ltr'><strong><em>dia,</em></strong></span> <span class='ocrx_word' id='word_1_458' title='bbox 206 3981 330 4053; x_wconf 85' lang='lat' dir='ltr'><strong><em>etc.]</em></strong></span> <span class='ocrx_word' id='word_1_459' title='bbox 369 3985 500 4037; x_wconf 66' lang='lat' dir='ltr'><strong><em>Haec</em></strong></span> <span class='ocrx_word' id='word_1_460' title='bbox 533 3983 724 4037; x_wconf 90' lang='lat' dir='ltr'><strong><em>omnia</em></strong></span> <span class='ocrx_word' id='word_1_461' title='bbox 753 3984 943 4053; x_wconf 86' lang='lat' dir='ltr'><strong><em>legere</em></strong></span> <span class='ocrx_word' id='word_1_462' title='bbox 976 3983 1108 4036; x_wconf 91' lang='lat' dir='ltr'><strong><em>licet</em></strong></span> <span class='ocrx_word' id='word_1_463' title='bbox 1143 3982 1293 4051; x_wconf 88' lang='lat' dir='ltr'><strong><em>apud</em></strong></span> <span class='ocrx_word' id='word_1_464' title='bbox 1327 3981 1574 4034; x_wconf 90' lang='lat' dir='ltr'>Plinium</span> <span class='ocrx_word' id='word_1_465' title='bbox 1610 3978 1750 4032; x_wconf 85' lang='lat' dir='ltr'><strong><em>Hist.</em></strong></span> 
     </span>
    </p>
   </div>
   <div class='ocr_carea' id='block_1_59' title="bbox 90 4064 1756 4140">
    <p class='ocr_par' dir='ltr' id='par_1_59' title="bbox 90 4064 1756 4140">
     <span class='ocr_line' id='line_1_59' title="bbox 90 4064 1756 4140; baseline -0.001 -22"><span class='ocrx_word' id='word_1_466' title='bbox 90 4066 191 4121; x_wconf 71' lang='lat' dir='ltr'><strong><em>Nat.</em></strong></span> <span class='ocrx_word' id='word_1_467' title='bbox 219 4069 292 4124; x_wconf 92' lang='lat' dir='ltr'><strong><em>lib</em></strong></span> <span class='ocrx_word' id='word_1_468' title='bbox 346 4088 403 4137; x_wconf 82' lang='grc' dir='ltr'><strong><em>ιι,</em></strong></span> <span class='ocrx_word' id='word_1_469' title='bbox 446 4087 572 4139; x_wconf 88' lang='lat' dir='ltr'><strong><em>cap.</em></strong></span> <span class='ocrx_word' id='word_1_470' title='bbox 608 4073 660 4135; x_wconf 91' lang='lat'><strong><em>8,</em></strong></span> <span class='ocrx_word' id='word_1_471' title='bbox 711 4087 825 4140; x_wconf 93' lang='lat' dir='ltr'>quo</span> <span class='ocrx_word' id='word_1_472' title='bbox 872 4068 1186 4138; x_wconf 85' lang='lat' dir='ltr'><strong><em>respexisse</em></strong></span> <span class='ocrx_word' id='word_1_473' title='bbox 1233 4067 1457 4121; x_wconf 91' lang='lat' dir='ltr'><strong><em>videtur</em></strong></span> <span class='ocrx_word' id='word_1_474' title='bbox 1488 4064 1756 4133; x_wconf 82' lang='lat' dir='ltr'><strong><em>Augusti-</em></strong></span> 
     </span>
    </p>
   </div>
   <div class='ocr_carea' id='block_1_60' title="bbox 92 4153 1751 4228">
    <p class='ocr_par' dir='ltr' id='par_1_60' title="bbox 92 4153 1751 4228">
     <span class='ocr_line' id='line_1_60' title="bbox 92 4153 1751 4228; baseline -0.001 -23"><span class='ocrx_word' id='word_1_475' title='bbox 92 4169 193 4209; x_wconf 88' lang='lat' dir='ltr'><strong><em>nus.</em></strong></span> <span class='ocrx_word' id='word_1_476' title='bbox 222 4158 386 4228; x_wconf 85' lang='lat' dir='ltr'><strong><em>Jungi</em></strong></span> <span class='ocrx_word' id='word_1_477' title='bbox 413 4175 546 4212; x_wconf 88' lang='lat' dir='ltr'><strong><em>cum</em></strong></span> <span class='ocrx_word' id='word_1_478' title='bbox 582 4158 766 4211; x_wconf 87' lang='lat' dir='ltr'><strong><em>Plinio</em></strong></span> <span class='ocrx_word' id='word_1_479' title='bbox 806 4161 991 4227; x_wconf 87' lang='lat' dir='ltr'><strong><em>potest</em></strong></span> <span class='ocrx_word' id='word_1_480' title='bbox 1040 4154 1392 4226; x_wconf 88' lang='lat' dir='ltr'><strong><em>Pomponius</em></strong></span> <span class='ocrx_word' id='word_1_481' title='bbox 1416 4155 1555 4207; x_wconf 89' lang='lat' dir='ltr'><strong><em>Mela</em></strong></span> <span class='ocrx_word' id='word_1_482' title='bbox 1582 4153 1676 4205; x_wconf 88' lang='lat' dir='ltr'><strong><em>lib.</em></strong></span> <span class='ocrx_word' id='word_1_483' title='bbox 1715 4168 1751 4217; x_wconf 84' lang='lat'><strong><em>1,</em></strong></span> 
     </span>
    </p>
   </div>
   <div class='ocr_carea' id='block_1_61' title="bbox 1852 1696 3552 1762">
    <p class='ocr_par' dir='ltr' id='par_1_61' title="bbox 1852 1696 3552 1762">
     <span class='ocr_line' id='line_1_61' title="bbox 1852 1696 3552 1762; baseline -0.005 -6"><span class='ocrx_word' id='word_1_484' title='bbox 1852 1703 2020 1757; x_wconf 80' lang='lat' dir='ltr'><strong><em>Recte</em></strong></span> <span class='ocrx_word' id='word_1_485' title='bbox 2049 1698 2449 1753; x_wconf 87' lang='lat' dir='ltr'><strong><em>animadvertit</em></strong></span> <span class='ocrx_word' id='word_1_486' title='bbox 2484 1699 2646 1751; x_wconf 91' lang='lat' dir='ltr'><strong><em>Joan.</em></strong></span> <span class='ocrx_word' id='word_1_487' title='bbox 2682 1697 2824 1750; x_wconf 88' lang='lat' dir='ltr'><strong><em>Lud.</em></strong></span> <span class='ocrx_word' id='word_1_488' title='bbox 2866 1696 3046 1762; x_wconf 87' lang='lat' dir='ltr'><strong><em>Vives,</em></strong></span> <span class='ocrx_word' id='word_1_489' title='bbox 3090 1713 3204 1749; x_wconf 93' lang='lat' dir='ltr'><strong><em>non</em></strong></span> <span class='ocrx_word' id='word_1_490' title='bbox 3234 1697 3406 1749; x_wconf 88' lang='lat' dir='ltr'><strong><em>fuisse</em></strong></span> <span class='ocrx_word' id='word_1_491' title='bbox 3438 1712 3552 1748; x_wconf 88' lang='lat' dir='ltr'><strong><em>me-</em></strong></span> 
     </span>
    </p>
   </div>
   <div class='ocr_carea' id='block_1_62' title="bbox 1850 1783 3549 1857">
    <p class='ocr_par' dir='ltr' id='par_1_62' title="bbox 1850 1783 3549 1857">
     <span class='ocr_line' id='line_1_62' title="bbox 1850 1783 3549 1857; baseline -0.004 -15"><span class='ocrx_word' id='word_1_492' title='bbox 1850 1789 1926 1842; x_wconf 92' lang='lat' dir='ltr'><strong><em>ris</em></strong></span> <span class='ocrx_word' id='word_1_493' title='bbox 1979 1786 2320 1857; x_wconf 87' lang='lat' dir='ltr'><strong><em>conjecturis</em></strong></span> <span class='ocrx_word' id='word_1_494' title='bbox 2373 1790 2571 1838; x_wconf 90' lang='lat' dir='ltr'><strong><em>notum</em></strong></span> <span class='ocrx_word' id='word_1_495' title='bbox 2624 1785 2871 1838; x_wconf 86' lang='lat' dir='ltr'><strong><em>australe</em></strong></span> <span class='ocrx_word' id='word_1_496' title='bbox 2918 1783 3409 1853; x_wconf 66' lang='lat' dir='ltr'><strong><em>hemisphaerium,</em></strong></span> <span class='ocrx_word' id='word_1_497' title='bbox 3453 1784 3549 1836; x_wconf 88' lang='lat' dir='ltr'><strong><em>sed</em></strong></span> 
     </span>
    </p>
   </div>
   <div class='ocr_carea' id='block_1_63' title="bbox 1849 1872 3547 1946">
    <p class='ocr_par' dir='ltr' id='par_1_63' title="bbox 1849 1872 3547 1946">
     <span class='ocr_line' id='line_1_63' title="bbox 1849 1872 3547 1946; baseline -0.004 -15"><span class='ocrx_word' id='word_1_498' title='bbox 1849 1875 2308 1946; x_wconf 82' lang='lat' dir='ltr'><strong><em>navigationibus</em></strong></span> <span class='ocrx_word' id='word_1_499' title='bbox 2358 1873 2742 1943; x_wconf 72' lang='lat' dir='ltr'><strong><em>protectorum</em></strong></span> <span class='ocrx_word' id='word_1_500' title='bbox 2785 1888 2890 1941; x_wconf 88' lang='lat' dir='ltr'><strong><em>per</em></strong></span> <span class='ocrx_word' id='word_1_501' title='bbox 2938 1872 3148 1925; x_wconf 85' lang='lat' dir='ltr'><strong><em>fretum</em></strong></span> <span class='ocrx_word' id='word_1_502' title='bbox 3210 1872 3547 1925; x_wconf 86' lang='lat' dir='ltr'><strong><em>Herculeum</em></strong></span> 
     </span>
    </p>
   </div>
   <div class='ocr_carea' id='block_1_64' title="bbox 1850 1959 3545 2032">
    <p class='ocr_par' dir='ltr' id='par_1_64' title="bbox 1850 1959 3545 2032">
     <span class='ocr_line' id='line_1_64' title="bbox 1850 1959 3545 2032; baseline -0.004 -14"><span class='ocrx_word' id='word_1_503' title='bbox 1850 1970 1905 2018; x_wconf 92' lang='lat' dir='ltr'><strong><em>et</em></strong></span> <span class='ocrx_word' id='word_1_504' title='bbox 1934 1979 2293 2017; x_wconf 86' lang='lat' dir='ltr'><strong><em>reversorum</em></strong></span> <span class='ocrx_word' id='word_1_505' title='bbox 2324 1978 2427 2032; x_wconf 88' lang='lat' dir='ltr'><strong><em>per</em></strong></span> <span class='ocrx_word' id='word_1_506' title='bbox 2453 1977 2608 2015; x_wconf 89' lang='lat' dir='ltr'><strong><em>mare</em></strong></span> <span class='ocrx_word' id='word_1_507' title='bbox 2651 1961 2977 2027; x_wconf 84' lang='lat' dir='ltr'><strong><em>Arabicum,</em></strong></span> <span class='ocrx_word' id='word_1_508' title='bbox 3011 1959 3161 2029; x_wconf 90' lang='lat' dir='ltr'><strong><em>quod</em></strong></span> <span class='ocrx_word' id='word_1_509' title='bbox 3190 1959 3309 2029; x_wconf 89' lang='lat' dir='ltr'><strong><em>jam</em></strong></span> <span class='ocrx_word' id='word_1_510' title='bbox 3343 1976 3375 2012; x_wconf 88' lang='lat' dir='ltr'><strong><em>a</em></strong></span> <span class='ocrx_word' id='word_1_511' title='bbox 3404 1963 3545 2012; x_wconf 87' lang='lat' dir='ltr'><strong><em>tem-</em></strong></span> 
     </span>
    </p>
   </div>
   <div class='ocr_carea' id='block_1_65' title="bbox 1848 2045 3545 2122">
    <p class='ocr_par' dir='ltr' id='par_1_65' title="bbox 1848 2045 3545 2122">
     <span class='ocr_line' id='line_1_65' title="bbox 1848 2045 3545 2122; baseline -0.005 -17"><span class='ocrx_word' id='word_1_512' title='bbox 1848 2051 2087 2122; x_wconf 88' lang='lat' dir='ltr'><strong><em>poribus</em></strong></span> <span class='ocrx_word' id='word_1_513' title='bbox 2135 2049 2402 2103; x_wconf 85' lang='lat' dir='ltr'><strong><em>Herodoti</em></strong></span> <span class='ocrx_word' id='word_1_514' title='bbox 2448 2052 2651 2101; x_wconf 87' lang='lat' dir='ltr'><strong><em>notum</em></strong></span> <span class='ocrx_word' id='word_1_515' title='bbox 2698 2050 2839 2112; x_wconf 88' lang='lat' dir='ltr'><strong><em>erat,</em></strong></span> <span class='ocrx_word' id='word_1_516' title='bbox 2897 2052 2962 2099; x_wconf 90' lang='lat' dir='ltr'><strong><em>ut</em></strong></span> <span class='ocrx_word' id='word_1_517' title='bbox 3019 2046 3200 2115; x_wconf 91' lang='lat' dir='ltr'><strong><em>liquet</em></strong></span> <span class='ocrx_word' id='word_1_518' title='bbox 3229 2061 3296 2098; x_wconf 84' lang='lat' dir='ltr'><strong><em>ex</em></strong></span> <span class='ocrx_word' id='word_1_519' title='bbox 3338 2045 3433 2098; x_wconf 92' lang='lat' dir='ltr'><strong><em>lib.</em></strong></span> <span class='ocrx_word' id='word_1_520' title='bbox 3474 2062 3545 2111; x_wconf 82' lang='grc' dir='ltr'><strong><em>ιν,</em></strong></span> 
     </span>
    </p>
   </div>
   <div class='ocr_carea' id='block_1_66' title="bbox 1849 2132 3549 2209">
    <p class='ocr_par' dir='ltr' id='par_1_66' title="bbox 1849 2132 3549 2209">
     <span class='ocr_line' id='line_1_66' title="bbox 1849 2132 3549 2209; baseline -0.005 -16"><span class='ocrx_word' id='word_1_521' title='bbox 1849 2156 1970 2209; x_wconf 89' lang='lat' dir='ltr'><strong><em>cap.</em></strong></span> <span class='ocrx_word' id='word_1_522' title='bbox 2014 2141 2102 2193; x_wconf 77' lang='grc'><strong><em>42.</em></strong></span> <span class='ocrx_word' id='word_1_523' title='bbox 2138 2138 2272 2191; x_wconf 86' lang='lat' dir='ltr'><strong><em>Vide</em></strong></span> <span class='ocrx_word' id='word_1_524' title='bbox 2304 2141 2361 2190; x_wconf 89' lang='lat' dir='ltr'><strong><em>et</em></strong></span> <span class='ocrx_word' id='word_1_525' title='bbox 2393 2135 2642 2190; x_wconf 84' lang='lat' dir='ltr'><strong><em>Plinium</em></strong></span> <span class='ocrx_word' id='word_1_526' title='bbox 2676 2134 2817 2198; x_wconf 85' lang='lat' dir='ltr'><strong><em>Hist,</em></strong></span> <span class='ocrx_word' id='word_1_527' title='bbox 2851 2135 2977 2187; x_wconf 88' lang='lat' dir='ltr'><strong><em>Nat.</em></strong></span> <span class='ocrx_word' id='word_1_528' title='bbox 3012 2134 3111 2186; x_wconf 91' lang='lat' dir='ltr'><strong><em>lib.</em></strong></span> <span class='ocrx_word' id='word_1_529' title='bbox 3138 2149 3196 2199; x_wconf 78' lang='grc' dir='ltr'><strong><em>ιι,</em></strong></span> <span class='ocrx_word' id='word_1_530' title='bbox 3231 2137 3287 2186; x_wconf 89' lang='lat' dir='ltr'><strong><em>et</em></strong></span> <span class='ocrx_word' id='word_1_531' title='bbox 3315 2132 3388 2185; x_wconf 90' lang='lat' dir='ltr'><strong><em>ad</em></strong></span> <span class='ocrx_word' id='word_1_532' title='bbox 3418 2147 3549 2185; x_wconf 91' lang='lat' dir='ltr'><strong><em>eum</em></strong></span> 
     </span>
    </p>
   </div>
   <div class='ocr_carea' id='block_1_67' title="bbox 1850 2220 3551 2297">
    <p class='ocr_par' dir='ltr' id='par_1_67' title="bbox 1850 2220 3551 2297">
     <span class='ocr_line' id='line_1_67' title="bbox 1850 2220 3551 2297; baseline -0.005 -16"><span class='ocrx_word' id='word_1_533' title='bbox 1850 2227 2207 2297; x_wconf 89' lang='lat' dir='ltr'><strong><em>interpretes.</em></strong></span> <span class='ocrx_word' id='word_1_534' title='bbox 2262 2226 2543 2279; x_wconf 67' lang='lat' dir='ltr'><strong><em>Praeterea</em></strong></span> <span class='ocrx_word' id='word_1_535' title='bbox 2598 2223 2719 2292; x_wconf 89' lang='lat' dir='ltr'><strong><em>ipse</em></strong></span> <span class='ocrx_word' id='word_1_536' title='bbox 2769 2221 3122 2291; x_wconf 85' lang='lat' dir='ltr'>Augustinus</span> <span class='ocrx_word' id='word_1_537' title='bbox 3153 2220 3282 2274; x_wconf 91' lang='lat' dir='ltr'><strong><em>ideo</em></strong></span> <span class='ocrx_word' id='word_1_538' title='bbox 3326 2223 3551 2273; x_wconf 85' lang='lat' dir='ltr'><strong><em>tantum</em></strong></span> 
     </span>
    </p>
   </div>
   <div class='ocr_carea' id='block_1_68' title="bbox 1849 2308 3549 2384">
    <p class='ocr_par' dir='ltr' id='par_1_68' title="bbox 1849 2308 3549 2384">
     <span class='ocr_line' id='line_1_68' title="bbox 1849 2308 3549 2384; baseline -0.006 -14"><span class='ocrx_word' id='word_1_539' title='bbox 1849 2316 2098 2384; x_wconf 86' lang='lat' dir='ltr'><strong><em>negabat</em></strong></span> <span class='ocrx_word' id='word_1_540' title='bbox 2128 2330 2247 2368; x_wconf 90' lang='lat' dir='ltr'><strong><em>esse</em></strong></span> <span class='ocrx_word' id='word_1_541' title='bbox 2293 2312 2615 2382; x_wconf 85' lang='lat' dir='ltr'><strong><em>antipodes,</em></strong></span> <span class='ocrx_word' id='word_1_542' title='bbox 2663 2310 2817 2381; x_wconf 93' lang='lat' dir='ltr'><strong><em>quod</em></strong></span> <span class='ocrx_word' id='word_1_543' title='bbox 2858 2326 2961 2378; x_wconf 90' lang='lat' dir='ltr'><strong><em>per</em></strong></span> <span class='ocrx_word' id='word_1_544' title='bbox 3014 2325 3215 2362; x_wconf 88' lang='lat' dir='ltr'><strong><em>zonam</em></strong></span> <span class='ocrx_word' id='word_1_545' title='bbox 3273 2308 3549 2362; x_wconf 85' lang='lat' dir='ltr'><strong><em>torridam</em></strong></span> 
     </span>
    </p>
   </div>
   <div class='ocr_carea' id='block_1_69' title="bbox 1851 2396 3551 2466">
    <p class='ocr_par' dir='ltr' id='par_1_69' title="bbox 1851 2396 3551 2466">
     <span class='ocr_line' id='line_1_69' title="bbox 1851 2396 3551 2466; baseline -0.005 -10"><span class='ocrx_word' id='word_1_546' title='bbox 1851 2403 1974 2457; x_wconf 86' lang='lat' dir='ltr'><strong><em>dari</em></strong></span> <span class='ocrx_word' id='word_1_547' title='bbox 2006 2402 2308 2455; x_wconf 88' lang='lat' dir='ltr'><strong><em>transitum</em></strong></span> <span class='ocrx_word' id='word_1_548' title='bbox 2359 2398 2537 2453; x_wconf 87' lang='lat' dir='ltr'><strong><em>nostri</em></strong></span> <span class='ocrx_word' id='word_1_549' title='bbox 2581 2396 2991 2466; x_wconf 69' lang='lat' dir='ltr'><strong><em>hemisphzerii,</em></strong></span> <span class='ocrx_word' id='word_1_550' title='bbox 3044 2397 3152 2449; x_wconf 86' lang='lat' dir='ltr'><strong><em>hoc</em></strong></span> <span class='ocrx_word' id='word_1_551' title='bbox 3205 2401 3291 2449; x_wconf 88' lang='lat' dir='ltr'><strong><em>est</em></strong></span> <span class='ocrx_word' id='word_1_552' title='bbox 3320 2400 3551 2465; x_wconf 86' lang='lat' dir='ltr'><strong><em>septen—</em></strong></span> 
     </span>
    </p>
   </div>
   <div class='ocr_carea' id='block_1_70' title="bbox 1850 2484 3550 2554">
    <p class='ocr_par' dir='ltr' id='par_1_70' title="bbox 1850 2484 3550 2554">
     <span class='ocr_line' id='line_1_70' title="bbox 1850 2484 3550 2554; baseline -0.005 -10"><span class='ocrx_word' id='word_1_553' title='bbox 1850 2489 2127 2554; x_wconf 88' lang='lat' dir='ltr'><strong><em>trionalis,</em></strong></span> <span class='ocrx_word' id='word_1_554' title='bbox 2158 2487 2490 2541; x_wconf 89' lang='lat' dir='ltr'><strong><em>hominibus</em></strong></span> <span class='ocrx_word' id='word_1_555' title='bbox 2519 2502 2629 2539; x_wconf 93' lang='lat' dir='ltr'><strong><em>non</em></strong></span> <span class='ocrx_word' id='word_1_556' title='bbox 2662 2485 2968 2554; x_wconf 88' lang='lat' dir='ltr'><strong><em>putaretin</em></strong></span> <span class='ocrx_word' id='word_1_557' title='bbox 3013 2485 3319 2537; x_wconf 86' lang='lat' dir='ltr'><strong><em>australem</em></strong></span> <span class='ocrx_word' id='word_1_558' title='bbox 3349 2500 3362 2547; x_wconf 93' lang='lat'><strong>;</strong></span> <span class='ocrx_word' id='word_1_559' title='bbox 3397 2484 3550 2553; x_wconf 93' lang='lat' dir='ltr'><strong><em>quod</em></strong></span> 
     </span>
    </p>
   </div>
   <div class='ocr_carea' id='block_1_71' title="bbox 1850 2571 3551 2645">
    <p class='ocr_par' dir='ltr' id='par_1_71' title="bbox 1850 2571 3551 2645">
     <span class='ocr_line' id='line_1_71' title="bbox 1850 2571 3551 2645; baseline -0.006 -12"><span class='ocrx_word' id='word_1_560' title='bbox 1850 2585 2044 2633; x_wconf 88' lang='lat' dir='ltr'><strong><em>tamen</em></strong></span> <span class='ocrx_word' id='word_1_561' title='bbox 2076 2579 2278 2630; x_wconf 83' lang='lat' dir='ltr'><strong><em>falsum</em></strong></span> <span class='ocrx_word' id='word_1_562' title='bbox 2301 2577 2420 2645; x_wconf 90' lang='lat' dir='ltr'><strong><em>jam</em></strong></span> <span class='ocrx_word' id='word_1_563' title='bbox 2453 2574 2871 2643; x_wconf 87' lang='lat' dir='ltr'><strong><em>deprehensum</em></strong></span> <span class='ocrx_word' id='word_1_564' title='bbox 2899 2573 3084 2625; x_wconf 87' lang='lat' dir='ltr'><strong><em>fuerat</em></strong></span> <span class='ocrx_word' id='word_1_565' title='bbox 3112 2588 3145 2624; x_wconf 90' lang='lat' dir='ltr'><strong><em>a</em></strong></span> <span class='ocrx_word' id='word_1_566' title='bbox 3187 2571 3551 2640; x_wconf 89' lang='lat' dir='ltr'><strong><em>superiorum</em></strong></span> 
     </span>
    </p>
   </div>
   <div class='ocr_carea' id='block_1_72' title="bbox 1851 2658 3554 2735">
    <p class='ocr_par' dir='ltr' id='par_1_72' title="bbox 1851 2658 3554 2735">
     <span class='ocr_line' id='line_1_72' title="bbox 1851 2658 3554 2735; baseline -0.006 -14"><span class='ocrx_word' id='word_1_567' title='bbox 1851 2669 2188 2721; x_wconf 61' lang='lat' dir='ltr'><strong><em>saeculorum</em></strong></span> <span class='ocrx_word' id='word_1_568' title='bbox 2231 2662 2594 2735; x_wconf 87' lang='lat' dir='ltr'><strong><em>geographis,</em></strong></span> <span class='ocrx_word' id='word_1_569' title='bbox 2630 2662 2728 2731; x_wconf 91' lang='lat' dir='ltr'><strong><em>qui</em></strong></span> <span class='ocrx_word' id='word_1_570' title='bbox 2776 2661 3035 2730; x_wconf 89' lang='lat' dir='ltr'><strong><em>gentium</em></strong></span> <span class='ocrx_word' id='word_1_571' title='bbox 3070 2666 3225 2713; x_wconf 87' lang='lat' dir='ltr'><strong><em>trans</em></strong></span> <span class='ocrx_word' id='word_1_572' title='bbox 3272 2658 3554 2727; x_wconf 91' lang='lat' dir='ltr'><strong><em>tropicum</em></strong></span> 
     </span>
    </p>
   </div>
   <div class='ocr_carea' id='block_1_73' title="bbox 1854 2744 3551 2824">
    <p class='ocr_par' dir='ltr' id='par_1_73' title="bbox 1854 2744 3551 2824">
     <span class='ocr_line' id='line_1_73' title="bbox 1854 2744 3551 2824; baseline -0.008 -14"><span class='ocrx_word' id='word_1_573' title='bbox 1854 2756 2051 2811; x_wconf 89' lang='lat' dir='ltr'><strong><em>Cancri</em></strong></span> <span class='ocrx_word' id='word_1_574' title='bbox 2078 2760 2135 2807; x_wconf 90' lang='lat' dir='ltr'><strong><em>et</em></strong></span> <span class='ocrx_word' id='word_1_575' title='bbox 2166 2754 2354 2824; x_wconf 89' lang='lat' dir='ltr'><strong><em>ipsum</em></strong></span> <span class='ocrx_word' id='word_1_576' title='bbox 2396 2754 2748 2820; x_wconf 67' lang='lat' dir='ltr'><strong><em>aaquatorem</em></strong></span> <span class='ocrx_word' id='word_1_577' title='bbox 2806 2748 3042 2801; x_wconf 89' lang='lat' dir='ltr'><strong><em>sitarum</em></strong></span> <span class='ocrx_word' id='word_1_578' title='bbox 3082 2745 3433 2799; x_wconf 89' lang='lat' dir='ltr'><strong><em>mentionem</em></strong></span> <span class='ocrx_word' id='word_1_579' title='bbox 3471 2744 3551 2796; x_wconf 84' lang='lat' dir='ltr'><strong><em>fe-</em></strong></span> 
     </span>
    </p>
   </div>
   <div class='ocr_carea' id='block_1_74' title="bbox 1851 2833 3555 2906">
    <p class='ocr_par' dir='ltr' id='par_1_74' title="bbox 1851 2833 3555 2906">
     <span class='ocr_line' id='line_1_74' title="bbox 1851 2833 3555 2906; baseline -0.008 -8"><span class='ocrx_word' id='word_1_580' title='bbox 1851 2848 2064 2898; x_wconf 87' lang='lat' dir='ltr'><strong><em>cerant.</em></strong></span> <span class='ocrx_word' id='word_1_581' title='bbox 2089 2843 2210 2906; x_wconf 90' lang='lat' dir='ltr'><strong><em>Quo</em></strong></span> <span class='ocrx_word' id='word_1_582' title='bbox 2241 2839 2505 2902; x_wconf 87' lang='lat' dir='ltr'><strong><em>admisso,</em></strong></span> <span class='ocrx_word' id='word_1_583' title='bbox 2529 2837 2689 2890; x_wconf 90' lang='lat' dir='ltr'><strong><em>nulla</em></strong></span> <span class='ocrx_word' id='word_1_584' title='bbox 2712 2836 2858 2889; x_wconf 85' lang='lat' dir='ltr'><strong><em>ratio</em></strong></span> <span class='ocrx_word' id='word_1_585' title='bbox 2901 2839 3020 2888; x_wconf 89' lang='lat' dir='ltr'><strong><em>erat</em></strong></span> <span class='ocrx_word' id='word_1_586' title='bbox 3046 2833 3294 2904; x_wconf 87' lang='lat' dir='ltr'><strong><em>negandi</em></strong></span> <span class='ocrx_word' id='word_1_587' title='bbox 3319 2833 3390 2886; x_wconf 90' lang='lat' dir='ltr'><strong><em>ad</em></strong></span> <span class='ocrx_word' id='word_1_588' title='bbox 3438 2848 3555 2885; x_wconf 91' lang='lat' dir='ltr'><strong><em>me-</em></strong></span> 
     </span>
    </p>
   </div>
   <div class='ocr_carea' id='block_1_75' title="bbox 1779 2920 3557 2996">
    <p class='ocr_par' dir='ltr' id='par_1_75' title="bbox 1779 2920 3557 2996">
     <span class='ocr_line' id='line_1_75' title="bbox 1779 2920 3557 2996; baseline -0.008 -9"><span class='ocrx_word' id='word_1_589' title='bbox 1779 2933 1819 2989; x_wconf 96' lang='lat' dir='ltr'><strong><em>C</em></strong></span> <span class='ocrx_word' id='word_1_590' title='bbox 1848 2932 2055 2987; x_wconf 90' lang='lat' dir='ltr'><strong><em>ridiem</em></strong></span> <span class='ocrx_word' id='word_1_591' title='bbox 2092 2929 2328 2982; x_wconf 88' lang='lat' dir='ltr'><strong><em>ulterius</em></strong></span> <span class='ocrx_word' id='word_1_592' title='bbox 2357 2925 2624 2996; x_wconf 86' lang='lat' dir='ltr'><strong><em>progredi</em></strong></span> <span class='ocrx_word' id='word_1_593' title='bbox 2655 2923 2918 2977; x_wconf 89' lang='lat' dir='ltr'><strong><em>homines</em></strong></span> <span class='ocrx_word' id='word_1_594' title='bbox 2948 2938 3063 2975; x_wconf 91' lang='lat' dir='ltr'><strong><em>non</em></strong></span> <span class='ocrx_word' id='word_1_595' title='bbox 3089 2920 3342 2991; x_wconf 89' lang='lat' dir='ltr'><strong><em>potuisse</em></strong></span> <span class='ocrx_word' id='word_1_596' title='bbox 3381 2940 3396 2987; x_wconf 85' lang='lat'><strong>;</strong></span> <span class='ocrx_word' id='word_1_597' title='bbox 3428 2936 3557 2973; x_wconf 90' lang='lat' dir='ltr'><strong><em>cum</em></strong></span> 
     </span>
    </p>
   </div>
   <div class='ocr_carea' id='block_1_76' title="bbox 1859 3009 3556 3092">
    <p class='ocr_par' dir='ltr' id='par_1_76' title="bbox 1859 3009 3556 3092">
     <span class='ocr_line' id='line_1_76' title="bbox 1859 3009 3556 3092; baseline -0.008 -18"><span class='ocrx_word' id='word_1_598' title='bbox 1859 3020 2094 3092; x_wconf 90' lang='lat' dir='ltr'><strong><em>quidem</em></strong></span> <span class='ocrx_word' id='word_1_599' title='bbox 2131 3022 2278 3071; x_wconf 87' lang='lat' dir='ltr'><strong><em>esset</em></strong></span> <span class='ocrx_word' id='word_1_600' title='bbox 2315 3014 2682 3068; x_wconf 87' lang='lat' dir='ltr'><strong><em>notissimum</em></strong></span> <span class='ocrx_word' id='word_1_601' title='bbox 2731 3009 3099 3065; x_wconf 67' lang='lat' dir='ltr'><strong><em>astronomiae</em></strong></span> <span class='ocrx_word' id='word_1_602' title='bbox 3155 3026 3272 3063; x_wconf 92' lang='lat' dir='ltr'><strong><em>non</em></strong></span> <span class='ocrx_word' id='word_1_603' title='bbox 3320 3024 3556 3079; x_wconf 85' lang='lat' dir='ltr'><strong><em>prorsus</em></strong></span> 
     </span>
    </p>
   </div>
   <div class='ocr_carea' id='block_1_77' title="bbox 1849 3099 3552 3178">
    <p class='ocr_par' dir='ltr' id='par_1_77' title="bbox 1849 3099 3552 3178">
     <span class='ocr_line' id='line_1_77' title="bbox 1849 3099 3552 3178; baseline -0.009 -15"><span class='ocrx_word' id='word_1_604' title='bbox 1849 3106 2153 3178; x_wconf 85' lang='lat' dir='ltr'><strong><em>imperitis,</em></strong></span> <span class='ocrx_word' id='word_1_605' title='bbox 2210 3105 2279 3159; x_wconf 89' lang='lat' dir='ltr'><strong><em>ad</em></strong></span> <span class='ocrx_word' id='word_1_606' title='bbox 2334 3107 2603 3156; x_wconf 87' lang='lat' dir='ltr'><strong><em>Austrum</em></strong></span> <span class='ocrx_word' id='word_1_607' title='bbox 2646 3100 3019 3171; x_wconf 86' lang='lat' dir='ltr'><strong><em>pergentibus</em></strong></span> <span class='ocrx_word' id='word_1_608' title='bbox 3054 3099 3290 3151; x_wconf 86' lang='lat' dir='ltr'><strong><em>alteram</em></strong></span> <span class='ocrx_word' id='word_1_609' title='bbox 3332 3103 3552 3166; x_wconf 88' lang='lat' dir='ltr'><strong><em>tempe-</em></strong></span> 
     </span>
    </p>
   </div>
   <div class='ocr_carea' id='block_1_78' title="bbox 1853 3185 3557 3258">
    <p class='ocr_par' dir='ltr' id='par_1_78' title="bbox 1853 3185 3557 3258">
     <span class='ocr_line' id='line_1_78' title="bbox 1853 3185 3557 3258; baseline -0.008 -6"><span class='ocrx_word' id='word_1_610' title='bbox 1853 3204 2036 3253; x_wconf 89' lang='lat' dir='ltr'><strong><em>ratam</em></strong></span> <span class='ocrx_word' id='word_1_611' title='bbox 2069 3210 2273 3248; x_wconf 89' lang='lat' dir='ltr'><strong><em>zonam</em></strong></span> <span class='ocrx_word' id='word_1_612' title='bbox 2305 3206 2601 3245; x_wconf 86' lang='lat' dir='ltr'><strong><em>occurrere</em></strong></span> <span class='ocrx_word' id='word_1_613' title='bbox 2632 3195 2914 3258; x_wconf 88' lang='lat' dir='ltr'><strong><em>oportere.</em></strong></span> <span class='ocrx_word' id='word_1_614' title='bbox 2948 3187 3149 3240; x_wconf 84' lang='lat' dir='ltr'><strong><em>Mirum</em></strong></span> <span class='ocrx_word' id='word_1_615' title='bbox 3189 3185 3442 3255; x_wconf 86' lang='lat' dir='ltr'><strong><em>profecto</em></strong></span> <span class='ocrx_word' id='word_1_616' title='bbox 3473 3190 3557 3239; x_wconf 88' lang='lat' dir='ltr'><strong><em>est</em></strong></span> 
     </span>
    </p>
   </div>
   <div class='ocr_carea' id='block_1_79' title="bbox 1865 3273 3553 3349">
    <p class='ocr_par' dir='ltr' id='par_1_79' title="bbox 1865 3273 3553 3349">
     <span class='ocr_line' id='line_1_79' title="bbox 1865 3273 3553 3349; baseline -0.009 -8"><span class='ocrx_word' id='word_1_617' title='bbox 1865 3286 2152 3349; x_wconf 89' lang='lat' dir='ltr'><strong><em>homines,</em></strong></span> <span class='ocrx_word' id='word_1_618' title='bbox 2179 3280 2415 3335; x_wconf 89' lang='lat' dir='ltr'><strong><em>minime</em></strong></span> <span class='ocrx_word' id='word_1_619' title='bbox 2454 3278 2710 3348; x_wconf 88' lang='lat' dir='ltr'><strong><em>alioquin</em></strong></span> <span class='ocrx_word' id='word_1_620' title='bbox 2749 3277 3005 3343; x_wconf 88' lang='lat' dir='ltr'><strong><em>hebetes,</em></strong></span> <span class='ocrx_word' id='word_1_621' title='bbox 3048 3276 3151 3328; x_wconf 89' lang='lat' dir='ltr'><strong><em>hoc</em></strong></span> <span class='ocrx_word' id='word_1_622' title='bbox 3180 3290 3291 3327; x_wconf 91' lang='lat' dir='ltr'><strong><em>non</em></strong></span> <span class='ocrx_word' id='word_1_623' title='bbox 3350 3273 3553 3326; x_wconf 87' lang='lat' dir='ltr'><strong><em>vidisse</em></strong></span> 
     </span>
    </p>
   </div>
   <div class='ocr_carea' id='block_1_80' title="bbox 1853 3361 3554 3441">
    <p class='ocr_par' dir='ltr' id='par_1_80' title="bbox 1853 3361 3554 3441">
     <span class='ocr_line' id='line_1_80' title="bbox 1853 3361 3554 3441; baseline -0.01 -12"><span class='ocrx_word' id='word_1_624' title='bbox 1853 3375 1963 3430; x_wconf 90' lang='lat' dir='ltr'><strong><em>Sed</em></strong></span> <span class='ocrx_word' id='word_1_625' title='bbox 1985 3371 2339 3441; x_wconf 83' lang='lat' dir='ltr'><strong><em>Augustinus</em></strong></span> <span class='ocrx_word' id='word_1_626' title='bbox 2362 3368 2526 3421; x_wconf 90' lang='lat' dir='ltr'><strong><em>nobis</em></strong></span> <span class='ocrx_word' id='word_1_627' title='bbox 2546 3367 2640 3419; x_wconf 91' lang='lat' dir='ltr'><strong><em>hic</em></strong></span> <span class='ocrx_word' id='word_1_628' title='bbox 2667 3364 3064 3418; x_wconf 85' lang='lat' dir='ltr'><strong><em>auctoritatem</em></strong></span> <span class='ocrx_word' id='word_1_629' title='bbox 3095 3361 3402 3431; x_wconf 66' lang='lat' dir='ltr'><strong><em>Scriptura:</em></strong></span> <span class='ocrx_word' id='word_1_630' title='bbox 3446 3361 3554 3414; x_wconf 87' lang='lat' dir='ltr'><strong><em>ob-</em></strong></span> 
     </span>
    </p>
   </div>
   <div class='ocr_carea' id='block_1_81' title="bbox 1848 3453 3556 3533">
    <p class='ocr_par' dir='ltr' id='par_1_81' title="bbox 1848 3453 3556 3533">
     <span class='ocr_line' id='line_1_81' title="bbox 1848 3453 3556 3533; baseline -0.009 -16"><span class='ocrx_word' id='word_1_631' title='bbox 1848 3463 2008 3533; x_wconf 89' lang='lat' dir='ltr'><strong><em>jicit:</em></strong></span> <span class='ocrx_word' id='word_1_632' title='bbox 2048 3461 2329 3527; x_wconf 85' lang='lat' dir='ltr'><strong><em>Quoniam,</em></strong></span> <span class='ocrx_word' id='word_1_633' title='bbox 2362 3457 2572 3526; x_wconf 89' lang='lat' dir='ltr'><strong><em>inquit,</em></strong></span> <span class='ocrx_word' id='word_1_634' title='bbox 2604 3456 2752 3508; x_wconf 90' lang='lat' dir='ltr'><strong><em>nullo</em></strong></span> <span class='ocrx_word' id='word_1_635' title='bbox 2772 3453 2926 3507; x_wconf 88' lang='lat' dir='ltr'><strong><em>modo</em></strong></span> <span class='ocrx_word' id='word_1_636' title='bbox 2944 3454 3235 3520; x_wconf 86' lang='lat' dir='ltr'><strong><em>Scriptura</em></strong></span> <span class='ocrx_word' id='word_1_637' title='bbox 3256 3453 3363 3503; x_wconf 83' lang='lat' dir='ltr'><strong><em>ista</em></strong></span> <span class='ocrx_word' id='word_1_638' title='bbox 3401 3466 3556 3502; x_wconf 81' lang='lat' dir='ltr'><strong><em>men-</em></strong></span> 
     </span>
    </p>
   </div>
   <div class='ocr_carea' id='block_1_82' title="bbox 1854 3539 3554 3619">
    <p class='ocr_par' dir='ltr' id='par_1_82' title="bbox 1854 3539 3554 3619">
     <span class='ocr_line' id='line_1_82' title="bbox 1854 3539 3554 3619; baseline -0.009 -14"><span class='ocrx_word' id='word_1_639' title='bbox 1854 3554 2011 3619; x_wconf 85' lang='lat' dir='ltr'><strong><em>titur,</em></strong></span> <span class='ocrx_word' id='word_1_640' title='bbox 2038 3565 2155 3618; x_wconf 73' lang='lat' dir='ltr'><strong><em>quae</em></strong></span> <span class='ocrx_word' id='word_1_641' title='bbox 2183 3548 2431 3601; x_wconf 86' lang='lat' dir='ltr'><strong><em>narratis</em></strong></span> <span class='ocrx_word' id='word_1_642' title='bbox 2468 3544 2759 3612; x_wconf 63' lang='lat' dir='ltr'><strong><em>praeteritis</em></strong></span> <span class='ocrx_word' id='word_1_643' title='bbox 2779 3544 2916 3607; x_wconf 82' lang='lat' dir='ltr'><strong><em>facit</em></strong></span> <span class='ocrx_word' id='word_1_644' title='bbox 2947 3540 3129 3610; x_wconf 80' lang='lat' dir='ltr'><strong><em>ﬁdem,</em></strong></span> <span class='ocrx_word' id='word_1_645' title='bbox 3163 3555 3218 3592; x_wconf 90' lang='lat' dir='ltr'><strong><em>eo</em></strong></span> <span class='ocrx_word' id='word_1_646' title='bbox 3250 3539 3393 3606; x_wconf 85' lang='lat' dir='ltr'><strong><em>quod</em></strong></span> <span class='ocrx_word' id='word_1_647' title='bbox 3437 3539 3554 3605; x_wconf 84' lang='lat' dir='ltr'><strong><em>ejus</em></strong></span> 
     </span>
    </p>
   </div>
   <div class='ocr_carea' id='block_1_83' title="bbox 1853 3626 3559 3709">
    <p class='ocr_par' dir='ltr' id='par_1_83' title="bbox 1853 3626 3559 3709">
     <span class='ocr_line' id='line_1_83' title="bbox 1853 3626 3559 3709; baseline -0.01 -16"><span class='ocrx_word' id='word_1_648' title='bbox 1853 3639 2121 3709; x_wconf 69' lang='lat' dir='ltr'><strong><em>praedicta</em></strong></span> <span class='ocrx_word' id='word_1_649' title='bbox 2153 3636 2486 3703; x_wconf 86' lang='lat' dir='ltr'><strong><em>complentur</em></strong></span> <span class='ocrx_word' id='word_1_650' title='bbox 2515 3647 2529 3700; x_wconf 85' lang='lat'>;</span> <span class='ocrx_word' id='word_1_651' title='bbox 2577 3633 2845 3697; x_wconf 87' lang='lat' dir='ltr'><strong><em>nimisque</em></strong></span> <span class='ocrx_word' id='word_1_652' title='bbox 2874 3628 3172 3681; x_wconf 87' lang='lat' dir='ltr'><strong><em>absurdum</em></strong></span> <span class='ocrx_word' id='word_1_653' title='bbox 3203 3632 3280 3680; x_wconf 87' lang='lat' dir='ltr'><strong><em>est</em></strong></span> <span class='ocrx_word' id='word_1_654' title='bbox 3310 3631 3370 3679; x_wconf 88' lang='lat' dir='ltr'><strong><em>ut</em></strong></span> <span class='ocrx_word' id='word_1_655' title='bbox 3400 3626 3559 3679; x_wconf 87' lang='lat' dir='ltr'><strong><em>dica-</em></strong></span> 
     </span>
    </p>
   </div>
   <div class='ocr_carea' id='block_1_84' title="bbox 1860 3715 3557 3792">
    <p class='ocr_par' dir='ltr' id='par_1_84' title="bbox 1860 3715 3557 3792">
     <span class='ocr_line' id='line_1_84' title="bbox 1860 3715 3557 3792; baseline -0.009 -12"><span class='ocrx_word' id='word_1_656' title='bbox 1860 3734 1948 3780; x_wconf 88' lang='lat' dir='ltr'><strong><em>tur</em></strong></span> <span class='ocrx_word' id='word_1_657' title='bbox 1974 3727 2186 3792; x_wconf 89' lang='lat' dir='ltr'><strong><em>aliquos</em></strong></span> <span class='ocrx_word' id='word_1_658' title='bbox 2219 3722 2456 3774; x_wconf 88' lang='lat' dir='ltr'><strong><em>homines</em></strong></span> <span class='ocrx_word' id='word_1_659' title='bbox 2486 3734 2552 3771; x_wconf 68' lang='lat' dir='ltr'><strong><em>ccc</em></strong></span> <span class='ocrx_word' id='word_1_660' title='bbox 2578 3718 2675 3769; x_wconf 89' lang='lat' dir='ltr'><strong><em>hac</em></strong></span> <span class='ocrx_word' id='word_1_661' title='bbox 2708 3719 2763 3768; x_wconf 90' lang='lat' dir='ltr'><strong><em>in</em></strong></span> <span class='ocrx_word' id='word_1_662' title='bbox 2794 3716 2947 3769; x_wconf 90' lang='lat' dir='ltr'><strong><em>illam</em></strong></span> <span class='ocrx_word' id='word_1_663' title='bbox 2967 3719 3202 3782; x_wconf 89' lang='lat' dir='ltr'><strong><em>partem,</em></strong></span> <span class='ocrx_word' id='word_1_664' title='bbox 3233 3715 3430 3767; x_wconf 87' lang='lat' dir='ltr'><strong><em>Oceani</em></strong></span> <span class='ocrx_word' id='word_1_665' title='bbox 3452 3715 3557 3765; x_wconf 89' lang='lat' dir='ltr'><strong><em>im-</em></strong></span> 
     </span>
    </p>
   </div>
   <div class='ocr_carea' id='block_1_85' title="bbox 1859 3802 3563 3876">
    <p class='ocr_par' dir='ltr' id='par_1_85' title="bbox 1859 3802 3563 3876">
     <span class='ocr_line' id='line_1_85' title="bbox 1859 3802 3563 3876; baseline -0.009 -10"><span class='ocrx_word' id='word_1_666' title='bbox 1859 3814 2143 3866; x_wconf 89' lang='lat' dir='ltr'><strong><em>mensitate</em></strong></span> <span class='ocrx_word' id='word_1_667' title='bbox 2203 3809 2453 3876; x_wconf 83' lang='lat' dir='ltr'><strong><em>trajecta,</em></strong></span> <span class='ocrx_word' id='word_1_668' title='bbox 2486 3807 2749 3872; x_wconf 84' lang='lat' dir='ltr'><strong><em>navigare</em></strong></span> <span class='ocrx_word' id='word_1_669' title='bbox 2779 3819 2841 3857; x_wconf 90' lang='lat' dir='ltr'><strong><em>ac</em></strong></span> <span class='ocrx_word' id='word_1_670' title='bbox 2890 3804 3170 3871; x_wconf 84' lang='lat' dir='ltr'><strong><em>pervenire</em></strong></span> <span class='ocrx_word' id='word_1_671' title='bbox 3208 3802 3467 3868; x_wconf 84' lang='lat' dir='ltr'><strong><em>potuisse,</em></strong></span> <span class='ocrx_word' id='word_1_672' title='bbox 3502 3804 3563 3852; x_wconf 88' lang='lat' dir='ltr'><strong><em>ut</em></strong></span> 
     </span>
    </p>
   </div>
   <div class='ocr_carea' id='block_1_86' title="bbox 1860 3888 3560 3963">
    <p class='ocr_par' dir='ltr' id='par_1_86' title="bbox 1860 3888 3560 3963">
     <span class='ocr_line' id='line_1_86' title="bbox 1860 3888 3560 3963; baseline -0.01 -9"><span class='ocrx_word' id='word_1_673' title='bbox 1860 3902 2023 3953; x_wconf 88' lang='lat' dir='ltr'><strong><em>etiam</em></strong></span> <span class='ocrx_word' id='word_1_674' title='bbox 2050 3899 2181 3963; x_wconf 88' lang='lat' dir='ltr'><strong><em>illic,</em></strong></span> <span class='ocrx_word' id='word_1_675' title='bbox 2206 3912 2273 3948; x_wconf 72' lang='lat' dir='ltr'><strong><em>ea:</em></strong></span> <span class='ocrx_word' id='word_1_676' title='bbox 2301 3909 2406 3947; x_wconf 89' lang='lat' dir='ltr'><strong><em>uno</em></strong></span> <span class='ocrx_word' id='word_1_677' title='bbox 2431 3894 2523 3945; x_wconf 90' lang='lat' dir='ltr'><strong><em>illo</em></strong></span> <span class='ocrx_word' id='word_1_678' title='bbox 2544 3894 2723 3959; x_wconf 88' lang='lat' dir='ltr'><strong><em>primo</em></strong></span> <span class='ocrx_word' id='word_1_679' title='bbox 2750 3891 2959 3943; x_wconf 90' lang='lat' dir='ltr'><strong><em>homine</em></strong></span> <span class='ocrx_word' id='word_1_680' title='bbox 2987 3904 3155 3956; x_wconf 89' lang='lat' dir='ltr'><strong><em>genus</em></strong></span> <span class='ocrx_word' id='word_1_681' title='bbox 3182 3888 3560 3940; x_wconf 85' lang='lat' dir='ltr'><strong><em>institueretur</em></strong></span> 
     </span>
    </p>
   </div>
   <div class='ocr_carea' id='block_1_87' title="bbox 1864 3973 3557 4041">
    <p class='ocr_par' dir='ltr' id='par_1_87' title="bbox 1864 3973 3557 4041">
     <span class='ocr_line' id='line_1_87' title="bbox 1864 3973 3557 4041; baseline -0.009 0"><span class='ocrx_word' id='word_1_682' title='bbox 1864 3990 2174 4041; x_wconf 85' lang='lat' dir='ltr'><strong><em>humanum.</em></strong></span> <span class='ocrx_word' id='word_1_683' title='bbox 2208 3983 2314 4037; x_wconf 90' lang='lat' dir='ltr'><strong><em>Sed</em></strong></span> <span class='ocrx_word' id='word_1_684' title='bbox 2342 3980 2515 4033; x_wconf 90' lang='lat' dir='ltr'><strong><em>nimis</em></strong></span> <span class='ocrx_word' id='word_1_685' title='bbox 2543 3979 2856 4032; x_wconf 90' lang='lat' dir='ltr'><strong><em>absurdum</em></strong></span> <span class='ocrx_word' id='word_1_686' title='bbox 2887 3981 2970 4029; x_wconf 90' lang='lat' dir='ltr'><strong><em>est</em></strong></span> <span class='ocrx_word' id='word_1_687' title='bbox 2991 3976 3081 4029; x_wconf 88' lang='lat' dir='ltr'><strong><em>hic</em></strong></span> <span class='ocrx_word' id='word_1_688' title='bbox 3110 3973 3557 4027; x_wconf 89' lang='lat' dir='ltr'><strong><em>immensitatem</em></strong></span> 
     </span>
    </p>
   </div>
   <div class='ocr_carea' id='block_1_88' title="bbox 1864 4060 3559 4137">
    <p class='ocr_par' dir='ltr' id='par_1_88' title="bbox 1864 4060 3559 4137">
     <span class='ocr_line' id='line_1_88' title="bbox 1864 4060 3559 4137; baseline -0.009 -8"><span class='ocrx_word' id='word_1_689' title='bbox 1864 4074 2071 4130; x_wconf 87' lang='lat' dir='ltr'><strong><em>Oceani</em></strong></span> <span class='ocrx_word' id='word_1_690' title='bbox 2100 4084 2549 4125; x_wconf 86' lang='lat' dir='ltr'><strong><em>commemorare</em></strong></span> <span class='ocrx_word' id='word_1_691' title='bbox 2575 4083 2587 4132; x_wconf 91' lang='lat'><strong>;</strong></span> <span class='ocrx_word' id='word_1_692' title='bbox 2634 4066 2908 4137; x_wconf 91' lang='lat' dir='ltr'><strong><em>primum,</em></strong></span> <span class='ocrx_word' id='word_1_693' title='bbox 2958 4064 3095 4133; x_wconf 89' lang='lat' dir='ltr'><strong><em>quia</em></strong></span> <span class='ocrx_word' id='word_1_694' title='bbox 3135 4063 3203 4116; x_wconf 90' lang='lat' dir='ltr'><strong><em>de</em></strong></span> <span class='ocrx_word' id='word_1_695' title='bbox 3233 4079 3298 4115; x_wconf 88' lang='lat' dir='ltr'><strong><em>ea</em></strong></span> <span class='ocrx_word' id='word_1_696' title='bbox 3320 4060 3559 4114; x_wconf 89' lang='lat' dir='ltr'><strong><em>minime</em></strong></span> 
     </span>
    </p>
   </div>
   <div class='ocr_carea' id='block_1_89' title="bbox 1862 4149 3554 4228">
    <p class='ocr_par' dir='ltr' id='par_1_89' title="bbox 1862 4149 3554 4228">
     <span class='ocr_line' id='line_1_89' title="bbox 1862 4149 3554 4228; baseline -0.009 -11"><span class='ocrx_word' id='word_1_697' title='bbox 1862 4161 2176 4224; x_wconf 89' lang='lat' dir='ltr'><strong><em>constabat,</em></strong></span> <span class='ocrx_word' id='word_1_698' title='bbox 2208 4159 2543 4228; x_wconf 86' lang='lat' dir='ltr'><strong><em>poteratque</em></strong></span> <span class='ocrx_word' id='word_1_699' title='bbox 2573 4154 2697 4207; x_wconf 86' lang='lat' dir='ltr'><strong><em>lieri</em></strong></span> <span class='ocrx_word' id='word_1_700' title='bbox 2728 4157 2790 4206; x_wconf 92' lang='lat' dir='ltr'><strong><em>ut</em></strong></span> <span class='ocrx_word' id='word_1_701' title='bbox 2828 4153 3057 4205; x_wconf 67' lang='lat' dir='ltr'><strong><em>Punicas</em></strong></span> <span class='ocrx_word' id='word_1_702' title='bbox 3087 4166 3257 4203; x_wconf 87' lang='lat' dir='ltr'><strong><em>naves</em></strong></span> <span class='ocrx_word' id='word_1_703' title='bbox 3290 4149 3554 4201; x_wconf 85' lang='lat' dir='ltr'><strong><em>secundis</em></strong></span> 
     </span>
    </p>
   </div>
   <div class='ocr_carea' id='block_1_90' title="bbox 90 4235 3559 4317">
    <p class='ocr_par' dir='ltr' id='par_1_90' title="bbox 90 4235 3559 4317">
     <span class='ocr_line' id='line_1_90' title="bbox 90 4235 3559 4317; baseline -0.007 -7"><span class='ocrx_word' id='word_1_704' title='bbox 90 4257 190 4310; x_wconf 46' lang='lat' dir='ltr'><strong><em>C3D.</em></strong></span> <span class='ocrx_word' id='word_1_705' title='bbox 214 4247 243 4298; x_wconf 78' lang='grc'><strong>4</strong></span> <span class='ocrx_word' id='word_1_706' title='bbox 273 4250 326 4299; x_wconf 64' lang='grc' dir='ltr'><strong><em>εἴ</em></strong></span> <span class='ocrx_word' id='word_1_707' title='bbox 354 4262 535 4317; x_wconf 77' lang='lat' dir='ltr'><strong><em>seqq.,</em></strong></span> <span class='ocrx_word' id='word_1_708' title='bbox 574 4246 672 4299; x_wconf 78' lang='lat' dir='ltr'><strong><em>Ubi</em></strong></span> <span class='ocrx_word' id='word_1_709' title='bbox 702 4244 910 4299; x_wconf 75' lang='lat' dir='ltr'><strong><em>Similia</em></strong></span> <span class='ocrx_word' id='word_1_710' title='bbox 950 4243 1268 4310; x_wconf 72' lang='lat' dir='ltr'><strong><em>mendaCia,</em></strong></span> <span class='ocrx_word' id='word_1_711' title='bbox 1322 4242 1416 4295; x_wconf 75' lang='lat' dir='ltr'><strong><em>sed</em></strong></span> <span class='ocrx_word' id='word_1_712' title='bbox 1449 4239 1757 4310; x_wconf 75' lang='grc' dir='ltr'><strong><em>ρυάθηῐίυδ</em></strong></span> <span class='ocrx_word' id='word_1_713' title='bbox 1794 4248 1838 4301; x_wconf 90' lang='grc' dir='ltr'><strong><em>Ι)</em></strong></span> <span class='ocrx_word' id='word_1_714' title='bbox 1870 4246 2047 4301; x_wconf 85' lang='lat' dir='ltr'><strong><em>ventis</em></strong></span> <span class='ocrx_word' id='word_1_715' title='bbox 2078 4262 2144 4298; x_wconf 91' lang='lat' dir='ltr'><strong><em>eo</em></strong></span> <span class='ocrx_word' id='word_1_716' title='bbox 2176 4244 2378 4297; x_wconf 83' lang='lat' dir='ltr'><strong><em>delatae</em></strong></span> <span class='ocrx_word' id='word_1_717' title='bbox 2410 4246 2597 4295; x_wconf 88' lang='lat' dir='ltr'><strong><em>essent</em></strong></span> <span class='ocrx_word' id='word_1_718' title='bbox 2629 4256 2743 4310; x_wconf 89' lang='lat' dir='ltr'><strong><em>quo</em></strong></span> <span class='ocrx_word' id='word_1_719' title='bbox 2776 4240 2859 4291; x_wconf 89' lang='lat' dir='ltr'><strong><em>ire</em></strong></span> <span class='ocrx_word' id='word_1_720' title='bbox 2903 4237 3138 4291; x_wconf 92' lang='lat' dir='ltr'><strong><em>nollent.</em></strong></span> <span class='ocrx_word' id='word_1_721' title='bbox 3172 4239 3249 4288; x_wconf 85' lang='lat' dir='ltr'><strong><em>Ac</em></strong></span> <span class='ocrx_word' id='word_1_722' title='bbox 3280 4251 3413 4288; x_wconf 87' lang='lat' dir='ltr'><strong><em>sane</em></strong></span> <span class='ocrx_word' id='word_1_723' title='bbox 3437 4235 3559 4304; x_wconf 90' lang='lat' dir='ltr'><strong><em>jam</em></strong></span> 
     </span>
    </p>
   </div>
   <div class='ocr_carea' id='block_1_91' title="bbox 95 4328 1760 4404">
    <p class='ocr_par' dir='ltr' id='par_1_91' title="bbox 95 4328 1760 4404">
     <span class='ocr_line' id='line_1_91' title="bbox 95 4328 1760 4404; baseline 0 -23"><span class='ocrx_word' id='word_1_724' title='bbox 95 4340 391 4389; x_wconf 86' lang='lat' dir='ltr'><strong><em>narrantur.</em></strong></span> <span class='ocrx_word' id='word_1_725' title='bbox 445 4335 539 4388; x_wconf 89' lang='lat' dir='ltr'><strong><em>Sic</em></strong></span> <span class='ocrx_word' id='word_1_726' title='bbox 586 4350 720 4387; x_wconf 90' lang='lat' dir='ltr'><strong><em>vero</em></strong></span> <span class='ocrx_word' id='word_1_727' title='bbox 769 4333 1213 4404; x_wconf 90' lang='lat' dir='ltr'><strong><em>disputationem</em></strong></span> <span class='ocrx_word' id='word_1_728' title='bbox 1257 4346 1418 4384; x_wconf 88' lang='lat' dir='ltr'><strong><em>suam</em></strong></span> <span class='ocrx_word' id='word_1_729' title='bbox 1484 4330 1553 4383; x_wconf 87' lang='lat' dir='ltr'><strong><em>de</em></strong></span> <span class='ocrx_word' id='word_1_730' title='bbox 1606 4328 1760 4381; x_wconf 80' lang='lat' dir='ltr'><strong><em>hisce</em></strong></span> 
     </span>
    </p>
   </div>
   <div class='ocr_carea' id='block_1_92' title="bbox 92 4420 1760 4491">
    <p class='ocr_par' dir='ltr' id='par_1_92' title="bbox 92 4420 1760 4491">
     <span class='ocr_line' id='line_1_92' title="bbox 92 4420 1760 4491; baseline 0 -21"><span class='ocrx_word' id='word_1_731' title='bbox 92 4422 370 4476; x_wconf 89' lang='lat' dir='ltr'><strong><em>mendaciis</em></strong></span> <span class='ocrx_word' id='word_1_732' title='bbox 399 4423 614 4477; x_wconf 89' lang='lat' dir='ltr'><strong><em>claudit</em></strong></span> <span class='ocrx_word' id='word_1_733' title='bbox 645 4439 657 4475; x_wconf 86' lang='lat'>:</span> <span class='ocrx_word' id='word_1_734' title='bbox 718 4422 1061 4491; x_wconf 83' lang='lat' dir='ltr'><strong><em>Quapropter</em></strong></span> <span class='ocrx_word' id='word_1_735' title='bbox 1089 4426 1149 4474; x_wconf 91' lang='lat' dir='ltr'><strong><em>ut</em></strong></span> <span class='ocrx_word' id='word_1_736' title='bbox 1198 4423 1359 4474; x_wconf 88' lang='lat' dir='ltr'><strong><em>istam</em></strong></span> <span class='ocrx_word' id='word_1_737' title='bbox 1416 4420 1760 4487; x_wconf 74' lang='lat' dir='ltr'><strong><em>quaestionem</em></strong></span> 
     </span>
    </p>
   </div>
   <div class='ocr_carea' id='block_1_93' title="bbox 93 4504 1760 4579">
    <p class='ocr_par' dir='ltr' id='par_1_93' title="bbox 93 4504 1760 4579">
     <span class='ocr_line' id='line_1_93' title="bbox 93 4504 1760 4579; baseline -0.002 -18"><span class='ocrx_word' id='word_1_738' title='bbox 93 4507 381 4571; x_wconf 79' lang='lat' dir='ltr'><strong><em>pedetentim</em></strong></span> <span class='ocrx_word' id='word_1_739' title='bbox 411 4516 669 4579; x_wconf 87' lang='lat' dir='ltr'><strong><em>cauteque</em></strong></span> <span class='ocrx_word' id='word_1_740' title='bbox 699 4510 1042 4573; x_wconf 87' lang='lat' dir='ltr'><strong><em>concludam;</em></strong></span> <span class='ocrx_word' id='word_1_741' title='bbox 1072 4512 1167 4561; x_wconf 91' lang='lat' dir='ltr'><strong><em>aut</em></strong></span> <span class='ocrx_word' id='word_1_742' title='bbox 1193 4508 1313 4575; x_wconf 90' lang='lat' dir='ltr'><strong><em>illa,</em></strong></span> <span class='ocrx_word' id='word_1_743' title='bbox 1362 4522 1479 4574; x_wconf 66' lang='lat' dir='ltr'><strong><em>quae</em></strong></span> <span class='ocrx_word' id='word_1_744' title='bbox 1501 4506 1658 4572; x_wconf 89' lang='lat' dir='ltr'><strong><em>talia,</em></strong></span> <span class='ocrx_word' id='word_1_745' title='bbox 1694 4504 1760 4557; x_wconf 90' lang='lat' dir='ltr'><strong><em>de</em></strong></span> 
     </span>
    </p>
   </div>
   <div class='ocr_carea' id='block_1_94' title="bbox 96 4596 1755 4668">
    <p class='ocr_par' dir='ltr' id='par_1_94' title="bbox 96 4596 1755 4668">
     <span class='ocr_line' id='line_1_94' title="bbox 96 4596 1755 4668; baseline -0.001 -21"><span class='ocrx_word' id='word_1_746' title='bbox 96 4596 389 4658; x_wconf 81' lang='lat' dir='ltr'><strong><em>quibusdam</em></strong></span> <span class='ocrx_word' id='word_1_747' title='bbox 432 4598 681 4668; x_wconf 86' lang='lat' dir='ltr'><strong><em>gentibus</em></strong></span> <span class='ocrx_word' id='word_1_748' title='bbox 713 4597 931 4652; x_wconf 84' lang='lat' dir='ltr'><strong><em>omnino</em></strong></span> <span class='ocrx_word' id='word_1_749' title='bbox 962 4598 1116 4650; x_wconf 89' lang='lat' dir='ltr'><strong><em>nulla</em></strong></span> <span class='ocrx_word' id='word_1_750' title='bbox 1167 4600 1334 4660; x_wconf 84' lang='lat' dir='ltr'><strong><em>sunt;</em></strong></span> <span class='ocrx_word' id='word_1_751' title='bbox 1387 4598 1484 4647; x_wconf 88' lang='lat' dir='ltr'><strong><em>aut</em></strong></span> <span class='ocrx_word' id='word_1_752' title='bbox 1519 4596 1569 4647; x_wconf 91' lang='lat' dir='ltr'><strong><em>si</em></strong></span> <span class='ocrx_word' id='word_1_753' title='bbox 1610 4596 1755 4659; x_wconf 90' lang='lat' dir='ltr'><strong><em>sunt,</em></strong></span> 
     </span>
    </p>
   </div>
   <div class='ocr_carea' id='block_1_95' title="bbox 98 4681 1757 4753">
    <p class='ocr_par' dir='ltr' id='par_1_95' title="bbox 98 4681 1757 4753">
     <span class='ocr_line' id='line_1_95' title="bbox 98 4681 1757 4753; baseline -0.001 -18"><span class='ocrx_word' id='word_1_754' title='bbox 98 4681 302 4741; x_wconf 84' lang='lat' dir='ltr'><strong><em>homines</em></strong></span> <span class='ocrx_word' id='word_1_755' title='bbox 333 4702 438 4742; x_wconf 82' lang='lat' dir='ltr'><strong><em>non</em></strong></span> <span class='ocrx_word' id='word_1_756' title='bbox 463 4691 589 4741; x_wconf 89' lang='lat' dir='ltr'><strong><em>sunt</em></strong></span> <span class='ocrx_word' id='word_1_757' title='bbox 622 4704 636 4753; x_wconf 91' lang='lat'><strong>;</strong></span> <span class='ocrx_word' id='word_1_758' title='bbox 673 4690 769 4740; x_wconf 90' lang='lat' dir='ltr'><strong><em>aut</em></strong></span> <span class='ocrx_word' id='word_1_759' title='bbox 793 4702 860 4739; x_wconf 76' lang='lat' dir='ltr'><strong><em>ea:</em></strong></span> <span class='ocrx_word' id='word_1_760' title='bbox 890 4685 1072 4739; x_wconf 86' lang='lat' dir='ltr'><strong><em>Adam</em></strong></span> <span class='ocrx_word' id='word_1_761' title='bbox 1100 4688 1244 4750; x_wconf 88' lang='lat' dir='ltr'><strong><em>sunt,</em></strong></span> <span class='ocrx_word' id='word_1_762' title='bbox 1278 4683 1580 4737; x_wconf 87' lang='lat' dir='ltr'><strong><em>sihomines</em></strong></span> <span class='ocrx_word' id='word_1_763' title='bbox 1609 4685 1757 4735; x_wconf 87' lang='lat' dir='ltr'><strong><em>sunt.</em></strong></span> 
     </span>
    </p>
   </div>
   <div class='ocr_carea' id='block_1_96' title="bbox 96 4768 1760 4845">
    <p class='ocr_par' dir='ltr' id='par_1_96' title="bbox 96 4768 1760 4845">
     <span class='ocr_line' id='line_1_96' title="bbox 96 4768 1760 4845; baseline -0.001 -23"><span class='ocrx_word' id='word_1_764' title='bbox 96 4768 278 4826; x_wconf 84' lang='lat' dir='ltr'><strong><em>Verum</em></strong></span> <span class='ocrx_word' id='word_1_765' title='bbox 322 4780 630 4845; x_wconf 86' lang='lat' dir='ltr'><strong><em>antequam</em></strong></span> <span class='ocrx_word' id='word_1_766' title='bbox 684 4773 1059 4845; x_wconf 75' lang='lat' dir='ltr'><strong><em>quaestionem</em></strong></span> <span class='ocrx_word' id='word_1_767' title='bbox 1108 4772 1290 4842; x_wconf 90' lang='lat' dir='ltr'><strong><em>ipsam</em></strong></span> <span class='ocrx_word' id='word_1_768' title='bbox 1344 4769 1760 4840; x_wconf 89' lang='lat' dir='ltr'><strong><em>ingrederetur,</em></strong></span> 
     </span>
    </p>
   </div>
   <div class='ocr_carea' id='block_1_97' title="bbox 98 4858 1763 4933">
    <p class='ocr_par' dir='ltr' id='par_1_97' title="bbox 98 4858 1763 4933">
     <span class='ocr_line' id='line_1_97' title="bbox 98 4858 1763 4933; baseline -0.001 -22"><span class='ocrx_word' id='word_1_769' title='bbox 98 4858 249 4913; x_wconf 86' lang='lat' dir='ltr'><strong><em>trium</em></strong></span> <span class='ocrx_word' id='word_1_770' title='bbox 284 4863 491 4917; x_wconf 89' lang='lat' dir='ltr'><strong><em>horum</em></strong></span> <span class='ocrx_word' id='word_1_771' title='bbox 520 4863 775 4933; x_wconf 88' lang='lat' dir='ltr'><strong><em>primum</em></strong></span> <span class='ocrx_word' id='word_1_772' title='bbox 815 4862 1118 4917; x_wconf 90' lang='lat' dir='ltr'><strong><em>dicendum</em></strong></span> <span class='ocrx_word' id='word_1_773' title='bbox 1148 4860 1291 4925; x_wconf 87' lang='lat' dir='ltr'><strong><em>fuit;</em></strong></span> <span class='ocrx_word' id='word_1_774' title='bbox 1323 4858 1622 4924; x_wconf 89' lang='lat' dir='ltr'><strong><em>nimirum,</em></strong></span> <span class='ocrx_word' id='word_1_775' title='bbox 1656 4874 1763 4911; x_wconf 91' lang='lat' dir='ltr'><strong><em>ne—</em></strong></span> 
     </span>
    </p>
   </div>
   <div class='ocr_carea' id='block_1_98' title="bbox 99 4948 1765 5018">
    <p class='ocr_par' dir='ltr' id='par_1_98' title="bbox 99 4948 1765 5018">
     <span class='ocr_line' id='line_1_98' title="bbox 99 4948 1765 5018; baseline 0.001 -20"><span class='ocrx_word' id='word_1_776' title='bbox 99 4960 228 5001; x_wconf 79' lang='lat' dir='ltr'><strong><em>cessa</em></strong></span> <span class='ocrx_word' id='word_1_777' title='bbox 264 4966 379 5004; x_wconf 92' lang='lat' dir='ltr'><strong><em>non</em></strong></span> <span class='ocrx_word' id='word_1_778' title='bbox 409 4967 529 5005; x_wconf 90' lang='lat' dir='ltr'><strong><em>esse</em></strong></span> <span class='ocrx_word' id='word_1_779' title='bbox 560 4968 758 5005; x_wconf 89' lang='lat' dir='ltr'><strong><em>earum</em></strong></span> <span class='ocrx_word' id='word_1_780' title='bbox 800 4966 993 5005; x_wconf 88' lang='lat' dir='ltr'><strong><em>rerum</em></strong></span> <span class='ocrx_word' id='word_1_781' title='bbox 1042 4948 1319 5002; x_wconf 88' lang='lat' dir='ltr'><strong><em>rationem</em></strong></span> <span class='ocrx_word' id='word_1_782' title='bbox 1354 4962 1610 5018; x_wconf 67' lang='lat' dir='ltr'><strong><em>quaerere</em></strong></span> <span class='ocrx_word' id='word_1_783' title='bbox 1636 4962 1765 5015; x_wconf 58' lang='lat'>(111%</span> 
     </span>
    </p>
   </div>
   <div class='ocr_carea' id='block_1_99' title="bbox 101 5032 1764 5110">
    <p class='ocr_par' dir='ltr' id='par_1_99' title="bbox 101 5032 1764 5110">
     <span class='ocr_line' id='line_1_99' title="bbox 101 5032 1764 5110; baseline 0.001 -26"><span class='ocrx_word' id='word_1_784' title='bbox 101 5032 224 5089; x_wconf 85' lang='lat' dir='ltr'><strong><em>forte</em></strong></span> <span class='ocrx_word' id='word_1_785' title='bbox 242 5053 523 5110; x_wconf 90' lang='lat' dir='ltr'><strong><em>nusquam</em></strong></span> <span class='ocrx_word' id='word_1_786' title='bbox 553 5044 721 5106; x_wconf 87' lang='lat' dir='ltr'><strong><em>sunt;</em></strong></span> <span class='ocrx_word' id='word_1_787' title='bbox 754 5053 880 5091; x_wconf 91' lang='lat' dir='ltr'><strong><em>eam</em></strong></span> <span class='ocrx_word' id='word_1_788' title='bbox 904 5041 991 5090; x_wconf 86' lang='lat' dir='ltr'><strong><em>sat</em></strong></span> <span class='ocrx_word' id='word_1_789' title='bbox 1040 5037 1151 5089; x_wconf 91' lang='lat' dir='ltr'><strong><em>cito</em></strong></span> <span class='ocrx_word' id='word_1_790' title='bbox 1184 5035 1488 5105; x_wconf 74' lang='lat' dir='ltr'><strong><em>quaesitum</em></strong></span> <span class='ocrx_word' id='word_1_791' title='bbox 1520 5033 1612 5099; x_wconf 89' lang='lat' dir='ltr'><strong><em>iri,</em></strong></span> <span class='ocrx_word' id='word_1_792' title='bbox 1636 5048 1764 5086; x_wconf 91' lang='lat' dir='ltr'><strong><em>cum</em></strong></span> 
     </span>
    </p>
   </div>
   <div class='ocr_carea' id='block_1_100' title="bbox 101 5120 1761 5193">
    <p class='ocr_par' dir='ltr' id='par_1_100' title="bbox 101 5120 1761 5193">
     <span class='ocr_line' id='line_1_100' title="bbox 101 5120 1761 5193; baseline 0.001 -22"><span class='ocrx_word' id='word_1_793' title='bbox 101 5120 155 5173; x_wconf 87' lang='lat' dir='ltr'><strong><em>de</em></strong></span> <span class='ocrx_word' id='word_1_794' title='bbox 180 5125 340 5179; x_wconf 90' lang='lat' dir='ltr'><strong><em>rebus</em></strong></span> <span class='ocrx_word' id='word_1_795' title='bbox 368 5132 666 5181; x_wconf 88' lang='lat' dir='ltr'><strong><em>constaret.</em></strong></span> <span class='ocrx_word' id='word_1_796' title='bbox 728 5126 817 5180; x_wconf 90' lang='lat' dir='ltr'><strong><em>Sic</em></strong></span> <span class='ocrx_word' id='word_1_797' title='bbox 856 5131 913 5179; x_wconf 93' lang='lat' dir='ltr'><strong><em>et</em></strong></span> <span class='ocrx_word' id='word_1_798' title='bbox 964 5126 1159 5178; x_wconf 70' lang='lat' dir='ltr'><strong><em>multa:</em></strong></span> <span class='ocrx_word' id='word_1_799' title='bbox 1190 5122 1570 5193; x_wconf 78' lang='lat' dir='ltr'><strong><em>Symposiacoe</em></strong></span> <span class='ocrx_word' id='word_1_800' title='bbox 1601 5137 1761 5191; x_wconf 67' lang='lat' dir='ltr'><strong><em>quaa-</em></strong></span> 
     </span>
    </p>
   </div>
   <div class='ocr_carea' id='block_1_101' title="bbox 104 5208 1768 5283">
    <p class='ocr_par' dir='ltr' id='par_1_101' title="bbox 104 5208 1768 5283">
     <span class='ocr_line' id='line_1_101' title="bbox 104 5208 1768 5283; baseline 0.001 -25"><span class='ocrx_word' id='word_1_801' title='bbox 104 5208 285 5266; x_wconf 87' lang='lat' dir='ltr'><strong><em>stiones</em></strong></span> <span class='ocrx_word' id='word_1_802' title='bbox 322 5214 610 5268; x_wconf 86' lang='lat' dir='ltr'><strong><em>Plutarchi</em></strong></span> <span class='ocrx_word' id='word_1_803' title='bbox 665 5213 819 5267; x_wconf 90' lang='lat' dir='ltr'><strong><em>eludi</em></strong></span> <span class='ocrx_word' id='word_1_804' title='bbox 877 5212 1229 5283; x_wconf 89' lang='lat' dir='ltr'><strong><em>potuissent;</em></strong></span> <span class='ocrx_word' id='word_1_805' title='bbox 1265 5209 1400 5280; x_wconf 91' lang='lat' dir='ltr'><strong><em>quia</em></strong></span> <span class='ocrx_word' id='word_1_806' title='bbox 1457 5213 1768 5278; x_wconf 73' lang='lat' dir='ltr'><strong><em>antequnm</em></strong></span> 
     </span>
    </p>
   </div>
   <div class='ocr_carea' id='block_1_102' title="bbox 107 5296 1766 5374">
    <p class='ocr_par' dir='ltr' id='par_1_102' title="bbox 107 5296 1766 5374">
     <span class='ocr_line' id='line_1_102' title="bbox 107 5296 1766 5374; baseline -0.002 -22"><span class='ocrx_word' id='word_1_807' title='bbox 107 5296 171 5349; x_wconf 86' lang='lat' dir='ltr'><strong><em>rei</em></strong></span> <span class='ocrx_word' id='word_1_808' title='bbox 190 5300 463 5355; x_wconf 85' lang='lat' dir='ltr'><strong><em>rationem</em></strong></span> <span class='ocrx_word' id='word_1_809' title='bbox 486 5317 894 5374; x_wconf 76' lang='lat' dir='ltr'><strong><em>quaereremus,</em></strong></span> <span class='ocrx_word' id='word_1_810' title='bbox 928 5300 997 5355; x_wconf 90' lang='lat' dir='ltr'><strong><em>de</em></strong></span> <span class='ocrx_word' id='word_1_811' title='bbox 1029 5316 1088 5353; x_wconf 91' lang='lat' dir='ltr'><strong><em>re</em></strong></span> <span class='ocrx_word' id='word_1_812' title='bbox 1117 5298 1241 5369; x_wconf 90' lang='lat' dir='ltr'><strong><em>ipsa</em></strong></span> <span class='ocrx_word' id='word_1_813' title='bbox 1291 5300 1544 5351; x_wconf 88' lang='lat' dir='ltr'><strong><em>constare</em></strong></span> <span class='ocrx_word' id='word_1_814' title='bbox 1596 5311 1766 5366; x_wconf 87' lang='lat' dir='ltr'><strong><em>opor-</em></strong></span> 
     </span>
    </p>
   </div>
   <div class='ocr_carea' id='block_1_103' title="bbox 107 5386 190 5439">
    <p class='ocr_par' dir='ltr' id='par_1_103' title="bbox 107 5386 190 5439">
     <span class='ocr_line' id='line_1_103' title="bbox 107 5386 190 5439; baseline 0.072 -6"><span class='ocrx_word' id='word_1_815' title='bbox 107 5386 190 5439; x_wconf 86' lang='lat' dir='ltr'><strong><em>tet.</em></strong></span> 
     </span>
    </p>
   </div>
   <div class='ocr_carea' id='block_1_104' title="bbox 163 5473 1765 5545">
    <p class='ocr_par' dir='ltr' id='par_1_104' title="bbox 163 5473 1765 5545">
     <span class='ocr_line' id='line_1_104' title="bbox 163 5473 1765 5545; baseline -0.001 -19"><span class='ocrx_word' id='word_1_816' title='bbox 163 5474 316 5543; x_wconf 86' lang='lat' dir='ltr'><strong><em>lbid.,</em></strong></span> <span class='ocrx_word' id='word_1_817' title='bbox 342 5478 440 5545; x_wconf 72' lang='lat'><strong><em>§2.</em></strong></span> <span class='ocrx_word' id='word_1_818' title='bbox 467 5480 610 5533; x_wconf 83' lang='lat' dir='ltr'><strong><em>Ante</em></strong></span> <span class='ocrx_word' id='word_1_819' title='bbox 639 5492 808 5533; x_wconf 87' lang='lat' dir='ltr'><strong><em>annos</em></strong></span> <span class='ocrx_word' id='word_1_820' title='bbox 837 5478 1064 5545; x_wconf 87' lang='lat' dir='ltr'><strong><em>aliquot,</em></strong></span> <span class='ocrx_word' id='word_1_821' title='bbox 1114 5478 1300 5529; x_wconf 88' lang='lat' dir='ltr'><strong><em>nostra</em></strong></span> <span class='ocrx_word' id='word_1_822' title='bbox 1332 5478 1470 5528; x_wconf 84' lang='lat' dir='ltr'><strong><em>certe</em></strong></span> <span class='ocrx_word' id='word_1_823' title='bbox 1488 5473 1765 5539; x_wconf 85' lang='lat' dir='ltr'><strong><em>memoria,</em></strong></span> 
     </span>
    </p>
   </div>
   <div class='ocr_carea' id='block_1_105' title="bbox 110 5559 1775 5635">
    <p class='ocr_par' dir='ltr' id='par_1_105' title="bbox 110 5559 1775 5635">
     <span class='ocr_line' id='line_1_105' title="bbox 110 5559 1775 5635; baseline 0.002 -23"><span class='ocrx_word' id='word_1_824' title='bbox 110 5559 155 5612; x_wconf 88' lang='lat' dir='ltr'><strong><em>in</em></strong></span> <span class='ocrx_word' id='word_1_825' title='bbox 176 5560 376 5619; x_wconf 88' lang='lat' dir='ltr'><strong><em>Oriente</em></strong></span> <span class='ocrx_word' id='word_1_826' title='bbox 391 5564 591 5635; x_wconf 71' lang='lat' dir='ltr'><strong><em>duplex</em></strong></span> <span class='ocrx_word' id='word_1_827' title='bbox 620 5566 772 5621; x_wconf 85' lang='lat' dir='ltr'><strong><em>homo</em></strong></span> <span class='ocrx_word' id='word_1_828' title='bbox 799 5569 961 5620; x_wconf 85' lang='lat' dir='ltr'><strong><em>natus</em></strong></span> <span class='ocrx_word' id='word_1_829' title='bbox 992 5568 1069 5620; x_wconf 78' lang='lat' dir='ltr'><strong><em>est</em></strong></span> <span class='ocrx_word' id='word_1_830' title='bbox 1106 5561 1476 5633; x_wconf 86' lang='lat' dir='ltr'><strong><em>superioribus</em></strong></span> <span class='ocrx_word' id='word_1_831' title='bbox 1502 5560 1775 5624; x_wconf 87' lang='lat' dir='ltr'><strong><em>membris,</em></strong></span> 
     </span>
    </p>
   </div>
   <div class='ocr_carea' id='block_1_106' title="bbox 440 5636 1011 5705">
    <p class='ocr_par' dir='ltr' id='par_1_106' title="bbox 440 5636 1011 5705">
     <span class='ocr_line' id='line_1_106' title="bbox 440 5636 1011 5705; baseline -0.005 -2"><span class='ocrx_word' id='word_1_832' title='bbox 440 5636 710 5705; x_wconf 74' lang='grc' dir='ltr'><strong><em>ΡΑτιιοι..</em></strong></span> <span class='ocrx_word' id='word_1_833' title='bbox 762 5636 1011 5705; x_wconf 84' lang='lat' dir='ltr'><strong><em>XLVII.</em></strong></span> 
     </span>
    </p>
   </div>
   <div class='ocr_carea' id='block_1_107' title="bbox 1869 4323 3563 4399">
    <p class='ocr_par' dir='ltr' id='par_1_107' title="bbox 1869 4323 3563 4399">
     <span class='ocr_line' id='line_1_107' title="bbox 1869 4323 3563 4399; baseline -0.008 -10"><span class='ocrx_word' id='word_1_834' title='bbox 1869 4336 2028 4389; x_wconf 86' lang='lat' dir='ltr'><strong><em>nobis</em></strong></span> <span class='ocrx_word' id='word_1_835' title='bbox 2040 4337 2280 4398; x_wconf 89' lang='lat' dir='ltr'><strong><em>constat,</em></strong></span> <span class='ocrx_word' id='word_1_836' title='bbox 2306 4330 2351 4383; x_wconf 89' lang='lat' dir='ltr'>si</span> <span class='ocrx_word' id='word_1_837' title='bbox 2369 4346 2497 4399; x_wconf 65' lang='lat' dir='ltr'><strong><em>quae</em></strong></span> <span class='ocrx_word' id='word_1_838' title='bbox 2518 4329 2677 4382; x_wconf 89' lang='lat' dir='ltr'><strong><em>navis</em></strong></span> <span class='ocrx_word' id='word_1_839' title='bbox 2697 4325 3054 4397; x_wconf 90' lang='lat' dir='ltr'><strong><em>trigesimum</em></strong></span> <span class='ocrx_word' id='word_1_840' title='bbox 3077 4323 3320 4395; x_wconf 89' lang='lat' dir='ltr'><strong><em>gradum</em></strong></span> <span class='ocrx_word' id='word_1_841' title='bbox 3338 4328 3563 4393; x_wconf 88' lang='lat' dir='ltr'><strong><em>septen-</em></strong></span> 
     </span>
    </p>
   </div>
   <div class='ocr_carea' id='block_1_108' title="bbox 1868 4412 3567 4488">
    <p class='ocr_par' dir='ltr' id='par_1_108' title="bbox 1868 4412 3567 4488">
     <span class='ocr_line' id='line_1_108' title="bbox 1868 4412 3567 4488; baseline -0.009 -9"><span class='ocrx_word' id='word_1_842' title='bbox 1868 4424 2128 4479; x_wconf 88' lang='lat' dir='ltr'><strong><em>trionalis</em></strong></span> <span class='ocrx_word' id='word_1_843' title='bbox 2169 4419 2489 4476; x_wconf 88' lang='lat' dir='ltr'><strong><em>latitudinis</em></strong></span> <span class='ocrx_word' id='word_1_844' title='bbox 2533 4415 2882 4488; x_wconf 89' lang='lat' dir='ltr'><strong><em>superaverit</em></strong></span> <span class='ocrx_word' id='word_1_845' title='bbox 2931 4414 3000 4467; x_wconf 88' lang='lat' dir='ltr'><strong><em>ad</em></strong></span> <span class='ocrx_word' id='word_1_846' title='bbox 3038 4415 3309 4467; x_wconf 83' lang='lat' dir='ltr'><strong><em>Austrum</em></strong></span> <span class='ocrx_word' id='word_1_847' title='bbox 3337 4413 3461 4465; x_wconf 86' lang='lat' dir='ltr'><strong><em>vela</em></strong></span> <span class='ocrx_word' id='word_1_848' title='bbox 3486 4412 3567 4465; x_wconf 87' lang='lat' dir='ltr'><strong><em>fa-</em></strong></span> 
     </span>
    </p>
   </div>
   <div class='ocr_carea' id='block_1_109' title="bbox 1869 4502 3571 4575">
    <p class='ocr_par' dir='ltr' id='par_1_109' title="bbox 1869 4502 3571 4575">
     <span class='ocr_line' id='line_1_109' title="bbox 1869 4502 3571 4575; baseline -0.008 -9"><span class='ocrx_word' id='word_1_849' title='bbox 1869 4514 2042 4575; x_wconf 88' lang='lat' dir='ltr'><strong><em>ciens,</em></strong></span> <span class='ocrx_word' id='word_1_850' title='bbox 2077 4511 2170 4564; x_wconf 86' lang='lat' dir='ltr'><strong><em>vix</em></strong></span> <span class='ocrx_word' id='word_1_851' title='bbox 2187 4525 2313 4564; x_wconf 89' lang='lat' dir='ltr'><strong><em>eam</em></strong></span> <span class='ocrx_word' id='word_1_852' title='bbox 2341 4508 2623 4562; x_wconf 85' lang='lat' dir='ltr'><strong><em>abstinere</em></strong></span> <span class='ocrx_word' id='word_1_853' title='bbox 2642 4522 2808 4575; x_wconf 91' lang='lat' dir='ltr'><strong><em>posse</em></strong></span> <span class='ocrx_word' id='word_1_854' title='bbox 2828 4504 2967 4573; x_wconf 89' lang='lat' dir='ltr'><strong><em>quin</em></strong></span> <span class='ocrx_word' id='word_1_855' title='bbox 2991 4503 3051 4555; x_wconf 92' lang='lat' dir='ltr'><strong><em>in</em></strong></span> <span class='ocrx_word' id='word_1_856' title='bbox 3082 4502 3386 4555; x_wconf 83' lang='lat' dir='ltr'><strong><em>australem</em></strong></span> <span class='ocrx_word' id='word_1_857' title='bbox 3404 4503 3571 4554; x_wconf 83' lang='lat' dir='ltr'><strong><em>Ame-</em></strong></span> 
     </span>
    </p>
   </div>
   <div class='ocr_carea' id='block_1_110' title="bbox 1868 4588 3561 4663">
    <p class='ocr_par' dir='ltr' id='par_1_110' title="bbox 1868 4588 3561 4663">
     <span class='ocr_line' id='line_1_110' title="bbox 1868 4588 3561 4663; baseline -0.008 -8"><span class='ocrx_word' id='word_1_858' title='bbox 1868 4603 2043 4655; x_wconf 90' lang='lat' dir='ltr'><strong><em>ricam</em></strong></span> <span class='ocrx_word' id='word_1_859' title='bbox 2071 4604 2222 4653; x_wconf 89' lang='lat' dir='ltr'><strong><em>recto</em></strong></span> <span class='ocrx_word' id='word_1_860' title='bbox 2252 4614 2423 4652; x_wconf 89' lang='lat' dir='ltr'><strong><em>cursu</em></strong></span> <span class='ocrx_word' id='word_1_861' title='bbox 2446 4597 2681 4660; x_wconf 89' lang='lat' dir='ltr'><strong><em>feratur,</em></strong></span> <span class='ocrx_word' id='word_1_862' title='bbox 2714 4610 2841 4663; x_wconf 74' lang='lat' dir='ltr'><strong><em>quae</em></strong></span> <span class='ocrx_word' id='word_1_863' title='bbox 2869 4593 2946 4645; x_wconf 90' lang='lat' dir='ltr'><strong><em>sic</em></strong></span> <span class='ocrx_word' id='word_1_864' title='bbox 2992 4591 3155 4645; x_wconf 86' lang='lat' dir='ltr'><strong><em>facile</em></strong></span> <span class='ocrx_word' id='word_1_865' title='bbox 3193 4594 3406 4644; x_wconf 88' lang='lat' dir='ltr'><strong><em>retecta</em></strong></span> <span class='ocrx_word' id='word_1_866' title='bbox 3434 4588 3561 4643; x_wconf 80' lang='lat' dir='ltr'><strong><em>fuit.</em></strong></span> 
     </span>
    </p>
   </div>
   <div class='ocr_carea' id='block_1_111' title="bbox 1871 4676 3566 4755">
    <p class='ocr_par' dir='ltr' id='par_1_111' title="bbox 1871 4676 3566 4755">
     <span class='ocr_line' id='line_1_111' title="bbox 1871 4676 3566 4755; baseline -0.01 -12"><span class='ocrx_word' id='word_1_867' title='bbox 1871 4692 2001 4743; x_wconf 82' lang='lat' dir='ltr'><strong><em>Haec</em></strong></span> <span class='ocrx_word' id='word_1_868' title='bbox 2022 4704 2151 4742; x_wconf 91' lang='lat' dir='ltr'>cum</span> <span class='ocrx_word' id='word_1_869' title='bbox 2185 4702 2304 4741; x_wconf 90' lang='lat' dir='ltr'><strong><em>esse</em></strong></span> <span class='ocrx_word' id='word_1_870' title='bbox 2328 4687 2578 4755; x_wconf 89' lang='lat' dir='ltr'><strong><em>possent,</em></strong></span> <span class='ocrx_word' id='word_1_871' title='bbox 2613 4698 2718 4735; x_wconf 87' lang='lat' dir='ltr'><strong><em>nec</em></strong></span> <span class='ocrx_word' id='word_1_872' title='bbox 2758 4681 2827 4734; x_wconf 89' lang='lat' dir='ltr'><strong><em>iis</em></strong></span> <span class='ocrx_word' id='word_1_873' title='bbox 2885 4679 3166 4733; x_wconf 86' lang='lat' dir='ltr'><strong><em>contraria</em></strong></span> <span class='ocrx_word' id='word_1_874' title='bbox 3197 4678 3313 4732; x_wconf 89' lang='lat' dir='ltr'><strong><em>ulla</em></strong></span> <span class='ocrx_word' id='word_1_875' title='bbox 3345 4676 3566 4745; x_wconf 74' lang='lat' dir='ltr'><strong><em>experi-</em></strong></span> 
     </span>
    </p>
   </div>
   <div class='ocr_carea' id='block_1_112' title="bbox 1870 4763 3575 4844">
    <p class='ocr_par' dir='ltr' id='par_1_112' title="bbox 1870 4763 3575 4844">
     <span class='ocr_line' id='line_1_112' title="bbox 1870 4763 3575 4844; baseline -0.01 -13"><span class='ocrx_word' id='word_1_876' title='bbox 1870 4782 2065 4832; x_wconf 87' lang='lat' dir='ltr'><strong><em>menta</em></strong></span> <span class='ocrx_word' id='word_1_877' title='bbox 2109 4775 2512 4844; x_wconf 87' lang='lat' dir='ltr'><strong><em>objicerentur,</em></strong></span> <span class='ocrx_word' id='word_1_878' title='bbox 2569 4786 2686 4823; x_wconf 92' lang='lat' dir='ltr'><strong><em>non</em></strong></span> <span class='ocrx_word' id='word_1_879' title='bbox 2732 4769 3051 4822; x_wconf 78' lang='lat' dir='ltr'><strong><em>debuerunt</em></strong></span> <span class='ocrx_word' id='word_1_880' title='bbox 3103 4765 3266 4835; x_wconf 89' lang='lat' dir='ltr'><strong><em>quasi</em></strong></span> <span class='ocrx_word' id='word_1_881' title='bbox 3325 4763 3575 4817; x_wconf 89' lang='lat' dir='ltr'><strong><em>absurda</em></strong></span> 
     </span>
    </p>
   </div>
   <div class='ocr_carea' id='block_1_113' title="bbox 1872 4852 3573 4936">
    <p class='ocr_par' dir='ltr' id='par_1_113' title="bbox 1872 4852 3573 4936">
     <span class='ocr_line' id='line_1_113' title="bbox 1872 4852 3573 4936; baseline -0.01 -17"><span class='ocrx_word' id='word_1_882' title='bbox 1872 4865 2052 4936; x_wconf 82' lang='lat' dir='ltr'><strong><em>rejici.</em></strong></span> <span class='ocrx_word' id='word_1_883' title='bbox 2077 4862 2293 4917; x_wconf 92' lang='lat' dir='ltr'><strong><em>Deinde</em></strong></span> <span class='ocrx_word' id='word_1_884' title='bbox 2322 4859 2557 4913; x_wconf 89' lang='lat' dir='ltr'><strong><em>minime</em></strong></span> <span class='ocrx_word' id='word_1_885' title='bbox 2581 4873 2726 4926; x_wconf 90' lang='lat' dir='ltr'><strong><em>opus</em></strong></span> <span class='ocrx_word' id='word_1_886' title='bbox 2756 4855 2863 4909; x_wconf 85' lang='lat' dir='ltr'><strong><em>fuit</em></strong></span> <span class='ocrx_word' id='word_1_887' title='bbox 2884 4855 3142 4924; x_wconf 89' lang='lat' dir='ltr'><strong><em>trajicere</em></strong></span> <span class='ocrx_word' id='word_1_888' title='bbox 3166 4853 3470 4911; x_wconf 88' lang='lat' dir='ltr'><strong><em>Oceanum,</em></strong></span> <span class='ocrx_word' id='word_1_889' title='bbox 3508 4852 3573 4902; x_wconf 90' lang='lat' dir='ltr'><strong><em>ut</em></strong></span> 
     </span>
    </p>
   </div>
   <div class='ocr_carea' id='block_1_114' title="bbox 1873 4937 3569 5014">
    <p class='ocr_par' dir='ltr' id='par_1_114' title="bbox 1873 4937 3569 5014">
     <span class='ocr_line' id='line_1_114' title="bbox 1873 4937 3569 5014; baseline -0.011 -7"><span class='ocrx_word' id='word_1_890' title='bbox 1873 4955 1933 5007; x_wconf 90' lang='lat' dir='ltr'><strong><em>in</em></strong></span> <span class='ocrx_word' id='word_1_891' title='bbox 1962 4951 2370 5007; x_wconf 87' lang='lat' dir='ltr'><strong><em>antichthonum</em></strong></span> <span class='ocrx_word' id='word_1_892' title='bbox 2421 4942 2891 5014; x_wconf 67' lang='lat' dir='ltr'><strong><em>hemisphmrium</em></strong></span> <span class='ocrx_word' id='word_1_893' title='bbox 2921 4943 3121 5002; x_wconf 90' lang='lat' dir='ltr'><strong><em>iretur,</em></strong></span> <span class='ocrx_word' id='word_1_894' title='bbox 3161 4956 3295 4993; x_wconf 90' lang='lat' dir='ltr'><strong><em>nam</em></strong></span> <span class='ocrx_word' id='word_1_895' title='bbox 3327 4937 3569 5007; x_wconf 80' lang='lat' dir='ltr'><strong><em>pedibus</em></strong></span> 
     </span>
    </p>
   </div>
   <div class='ocr_carea' id='block_1_115' title="bbox 1876 5029 3571 5111">
    <p class='ocr_par' dir='ltr' id='par_1_115' title="bbox 1876 5029 3571 5111">
     <span class='ocr_line' id='line_1_115' title="bbox 1876 5029 3571 5111; baseline -0.01 -16"><span class='ocrx_word' id='word_1_896' title='bbox 1876 5059 1942 5096; x_wconf 89' lang='lat' dir='ltr'><strong><em>eo</em></strong></span> <span class='ocrx_word' id='word_1_897' title='bbox 1970 5037 2265 5111; x_wconf 86' lang='lat' dir='ltr'><strong><em>pervenire</em></strong></span> <span class='ocrx_word' id='word_1_898' title='bbox 2295 5038 2609 5106; x_wconf 88' lang='lat' dir='ltr'><strong><em>potuerunt</em></strong></span> <span class='ocrx_word' id='word_1_899' title='bbox 2662 5031 2801 5096; x_wconf 89' lang='lat' dir='ltr'><strong><em>Afri,</em></strong></span> <span class='ocrx_word' id='word_1_900' title='bbox 2835 5035 2892 5084; x_wconf 87' lang='lat' dir='ltr'><strong><em>et</em></strong></span> <span class='ocrx_word' id='word_1_901' title='bbox 2922 5044 3120 5083; x_wconf 87' lang='lat' dir='ltr'><strong><em>revera</em></strong></span> <span class='ocrx_word' id='word_1_902' title='bbox 3165 5029 3571 5097; x_wconf 86' lang='lat' dir='ltr'><strong><em>pervenerunt.</em></strong></span> 
     </span>
    </p>
   </div>
   <div class='ocr_carea' id='block_1_116' title="bbox 1877 5111 3578 5195">
    <p class='ocr_par' dir='ltr' id='par_1_116' title="bbox 1877 5111 3578 5195">
     <span class='ocr_line' id='line_1_116' title="bbox 1877 5111 3578 5195; baseline -0.009 -12"><span class='ocrx_word' id='word_1_903' title='bbox 1877 5129 2022 5194; x_wconf 87' lang='lat' dir='ltr'>Quin</span> <span class='ocrx_word' id='word_1_904' title='bbox 2051 5132 2106 5180; x_wconf 88' lang='lat' dir='ltr'><strong><em>et</em></strong></span> <span class='ocrx_word' id='word_1_905' title='bbox 2142 5125 2384 5195; x_wconf 78' lang='lat' dir='ltr'><strong><em>legendo</em></strong></span> <span class='ocrx_word' id='word_1_906' title='bbox 2441 5121 2643 5176; x_wconf 63' lang='lat' dir='ltr'><strong><em>Africa:</em></strong></span> <span class='ocrx_word' id='word_1_907' title='bbox 2685 5135 2843 5173; x_wconf 89' lang='lat' dir='ltr'><strong><em>oram</em></strong></span> <span class='ocrx_word' id='word_1_908' title='bbox 2895 5133 2961 5171; x_wconf 90' lang='lat' dir='ltr'><strong><em>eo</em></strong></span> <span class='ocrx_word' id='word_1_909' title='bbox 3018 5114 3256 5169; x_wconf 88' lang='lat' dir='ltr'><strong><em>navibus</em></strong></span> <span class='ocrx_word' id='word_1_910' title='bbox 3286 5113 3368 5166; x_wconf 91' lang='lat' dir='ltr'><strong><em>ire</em></strong></span> <span class='ocrx_word' id='word_1_911' title='bbox 3414 5111 3578 5167; x_wconf 86' lang='lat' dir='ltr'><strong><em>licuit</em></strong></span> 
     </span>
    </p>
   </div>
   <div class='ocr_carea' id='block_1_117' title="bbox 1879 5200 3575 5274">
    <p class='ocr_par' dir='ltr' id='par_1_117' title="bbox 1879 5200 3575 5274">
     <span class='ocr_line' id='line_1_117' title="bbox 1879 5200 3575 5274; baseline -0.011 -3"><span class='ocrx_word' id='word_1_912' title='bbox 1879 5220 2077 5271; x_wconf 89' lang='lat' dir='ltr'><strong><em>Hanno</em></strong></span> <span class='ocrx_word' id='word_1_913' title='bbox 2110 5216 2314 5268; x_wconf 71' lang='lat' dir='ltr'><strong><em>Pmnus</em></strong></span> <span class='ocrx_word' id='word_1_914' title='bbox 2367 5212 2694 5265; x_wconf 87' lang='lat' dir='ltr'><strong><em>narraverat</em></strong></span> <span class='ocrx_word' id='word_1_915' title='bbox 2742 5224 2799 5260; x_wconf 90' lang='lat' dir='ltr'><strong><em>se</em></strong></span> <span class='ocrx_word' id='word_1_916' title='bbox 2851 5222 2967 5259; x_wconf 90' lang='lat' dir='ltr'><strong><em>non</em></strong></span> <span class='ocrx_word' id='word_1_917' title='bbox 3022 5203 3275 5274; x_wconf 89' lang='lat' dir='ltr'><strong><em>potuisse</em></strong></span> <span class='ocrx_word' id='word_1_918' title='bbox 3306 5200 3575 5271; x_wconf 88' lang='lat' dir='ltr'><strong><em>navigare</em></strong></span> 
     </span>
    </p>
   </div>
   <div class='ocr_carea' id='block_1_118' title="bbox 1879 5288 3574 5370">
    <p class='ocr_par' dir='ltr' id='par_1_118' title="bbox 1879 5288 3574 5370">
     <span class='ocr_line' id='line_1_118' title="bbox 1879 5288 3574 5370; baseline -0.009 -12"><span class='ocrx_word' id='word_1_919' title='bbox 1879 5305 2029 5358; x_wconf 84' lang='lat' dir='ltr'><strong><em>ultra</em></strong></span> <span class='ocrx_word' id='word_1_920' title='bbox 2048 5300 2386 5370; x_wconf 88' lang='lat' dir='ltr'><strong><em>Hesperium</em></strong></span> <span class='ocrx_word' id='word_1_921' title='bbox 2412 5294 2900 5368; x_wconf 90' lang='lat' dir='ltr'><strong><em>promontorium,</em></strong></span> <span class='ocrx_word' id='word_1_922' title='bbox 2935 5291 3084 5362; x_wconf 92' lang='lat' dir='ltr'><strong><em>quod</em></strong></span> <span class='ocrx_word' id='word_1_923' title='bbox 3114 5294 3198 5343; x_wconf 89' lang='lat' dir='ltr'><strong><em>est</em></strong></span> <span class='ocrx_word' id='word_1_924' title='bbox 3228 5290 3377 5344; x_wconf 90' lang='lat' dir='ltr'><strong><em>idem</em></strong></span> <span class='ocrx_word' id='word_1_925' title='bbox 3410 5288 3574 5353; x_wconf 89' lang='lat' dir='ltr'><strong><em>illud,</em></strong></span> 
     </span>
    </p>
   </div>
   <div class='ocr_carea' id='block_1_119' title="bbox 1881 5378 3580 5462">
    <p class='ocr_par' dir='ltr' id='par_1_119' title="bbox 1881 5378 3580 5462">
     <span class='ocr_line' id='line_1_119' title="bbox 1881 5378 3580 5462; baseline -0.011 -16"><span class='ocrx_word' id='word_1_926' title='bbox 1881 5392 2036 5462; x_wconf 89' lang='lat' dir='ltr'><strong><em>quod</em></strong></span> <span class='ocrx_word' id='word_1_927' title='bbox 2069 5389 2261 5445; x_wconf 85' lang='lat' dir='ltr'><strong><em>Viride</em></strong></span> <span class='ocrx_word' id='word_1_928' title='bbox 2290 5404 2442 5441; x_wconf 90' lang='lat' dir='ltr'><strong><em>nunc</em></strong></span> <span class='ocrx_word' id='word_1_929' title='bbox 2466 5390 2719 5447; x_wconf 90' lang='lat' dir='ltr'><strong><em>vocatur,</em></strong></span> <span class='ocrx_word' id='word_1_930' title='bbox 2753 5398 2869 5435; x_wconf 88' lang='lat' dir='ltr'><strong><em>non</em></strong></span> <span class='ocrx_word' id='word_1_931' title='bbox 2893 5378 3195 5449; x_wconf 86' lang='lat' dir='ltr'><strong><em>navigandi</em></strong></span> <span class='ocrx_word' id='word_1_932' title='bbox 3225 5378 3580 5446; x_wconf 83' lang='lat' dir='ltr'><strong><em>difﬁcultate,</em></strong></span> 
     </span>
    </p>
   </div>
   <div class='ocr_carea' id='block_1_120' title="bbox 1887 5461 3585 5547">
    <p class='ocr_par' dir='ltr' id='par_1_120' title="bbox 1887 5461 3585 5547">
     <span class='ocr_line' id='line_1_120' title="bbox 1887 5461 3585 5547; baseline -0.011 -13"><span class='ocrx_word' id='word_1_933' title='bbox 1887 5461 1985 5547; x_wconf 71' lang='lat' dir='ltr'><strong><em>sed</em></strong></span> <span class='ocrx_word' id='word_1_934' title='bbox 2014 5482 2237 5533; x_wconf 87' lang='lat' dir='ltr'><strong><em>tantum</em></strong></span> <span class='ocrx_word' id='word_1_935' title='bbox 2256 5491 2499 5529; x_wconf 73' lang='lat' dir='ltr'><strong><em>annonas</em></strong></span> <span class='ocrx_word' id='word_1_936' title='bbox 2528 5470 2769 5543; x_wconf 86' lang='lat' dir='ltr'><strong><em>penuria</em></strong></span> <span class='ocrx_word' id='word_1_937' title='bbox 2798 5486 2809 5523; x_wconf 90' lang='lat'><strong>:</strong></span> <span class='ocrx_word' id='word_1_938' title='bbox 2838 5467 2904 5516; x_wconf 78' lang='grc' dir='ltr'><strong><em>Οὐ</em></strong></span> <span class='ocrx_word' id='word_1_939' title='bbox 2935 5470 3027 5530; x_wconf 75' lang='grc' dir='ltr'><strong><em>γὰρ</em></strong></span> <span class='ocrx_word' id='word_1_940' title='bbox 3060 5467 3145 5523; x_wconf 82' lang='grc' dir='ltr'>ἔτι.</span> <span class='ocrx_word' id='word_1_941' title='bbox 3170 5466 3375 5537; x_wconf 87' lang='lat' dir='ltr'><strong><em>inquit,</em></strong></span> <span class='ocrx_word' id='word_1_942' title='bbox 3414 5461 3585 5511; x_wconf 77' lang='grc' dir='ltr'><strong><em>ἐπλεύ-</em></strong></span> 
     </span>
    </p>
   </div>
   <div class='ocr_carea' id='block_1_121' title="bbox 1892 5553 3344 5629">
    <p class='ocr_par' dir='ltr' id='par_1_121' title="bbox 1892 5553 3344 5629">
     <span class='ocr_line' id='line_1_121' title="bbox 1892 5553 3344 5629; baseline -0.008 -15"><span class='ocrx_word' id='word_1_943' title='bbox 1892 5582 2045 5629; x_wconf 72' lang='grc' dir='ltr'><strong><em>σαμεν</em></strong></span> <span class='ocrx_word' id='word_1_944' title='bbox 2097 5564 2418 5628; x_wconf 80' lang='grc' dir='ltr'><strong><em>προσωτέρω,</em></strong></span> <span class='ocrx_word' id='word_1_945' title='bbox 2466 5562 2562 5606; x_wconf 85' lang='grc' dir='ltr'><strong><em>τῶν</em></strong></span> <span class='ocrx_word' id='word_1_946' title='bbox 2604 5559 2747 5605; x_wconf 85' lang='grc' dir='ltr'><strong><em>σίτῶν</em></strong></span> <span class='ocrx_word' id='word_1_947' title='bbox 2788 5555 2916 5618; x_wconf 70' lang='grc' dir='ltr'>ἡμᾶς</span> <span class='ocrx_word' id='word_1_948' title='bbox 2965 5553 3284 5629; x_wconf 54' lang='grc' dir='ltr'><strong><em>ἐπιλιπόντ-ων</em></strong></span> <span class='ocrx_word' id='word_1_949' title='bbox 3333 5570 3344 5602; x_wconf 94' lang='lat'>:</span> 
     </span>
    </p>
   </div>
   <div class='ocr_carea' id='block_1_122' title="bbox 3404 5553 3585 5622">
    <p class='ocr_par' dir='ltr' id='par_1_122' title="bbox 3404 5553 3585 5622">
     <span class='ocr_line' id='line_1_122' title="bbox 3404 5553 3585 5622; baseline 0.011 -15"><span class='ocrx_word' id='word_1_950' title='bbox 3404 5553 3585 5622; x_wconf 88' lang='lat' dir='ltr'><strong><em>Neque</em></strong></span> 
     </span>
    </p>
   </div>
   <div class='ocr_carea' id='block_1_123' title="bbox 3153 5623 3231 5681">
    <p class='ocr_par' dir='ltr' id='par_1_123' title="bbox 3153 5623 3231 5681">
     <span class='ocr_line' id='line_1_123' title="bbox 3153 5623 3231 5681; baseline -0.013 0"><span class='ocrx_word' id='word_1_951' title='bbox 3153 5623 3231 5681; x_wconf 79' lang='grc'><strong><em>16</em></strong></span> 
     </span>
    </p>
   </div>
  </div>
